3988 6354
251 321 387 379 1537

1342 322 1409 378 ΙΝ
1447 320 1774 381 PSALMUM
1811 320 2025 382 CXVIII
2062 322 2447 382 EXPOSITIO.

3404 335 3545 391 1558

246 442 407 511 igitur
435 455 497 496 se
526 453 655 496 esse
677 450 702 476 ⁸
730 453 1064 511 cognoscens
1109 439 1403 512 Pr0pheta,
1457 441 1592 512 petit
1619 441 1850 512 gratiam
1878 449 1934 508 Α
1955 441 2250 511 auditione,
2293 461 2470 517 neque
2519 445 2726 502 auditio
2751 446 2870 502 sine
2915 445 3058 504 facto
3088 455 3264 518 petest
3308 463 3431 506 esse
3451 464 3538 506 sa-

245 533 478 604 Spiritus
496 532 697 588 sancti.
729 533 944 587 Etenim
967 531 1298 588 intellectum
1321 531 1440 588 dari
1469 547 1500 587 a
1517 533 1766 600 Domino,
1790 543 1846 589 et

245 627 387 682 inter
411 641 641 680 munera
664 626 963 696 gratiarum
982 625 1156 695 primo
1168 626 1424 681 constitui
1452 626 1591 692 loco,
1622 627 1675 681 in
1703 627 1848 698 Apo-

243 720 438 776 stolica
470 720 711 774 lectione
739 719 977 774 didicisti
1003 736 1016 783 ;
1047 719 1170 789 quia
1211 719 1501 790 unicuique
1530 723 1692 775 datur
1734 735 1847 775 ma-

243 811 520 868 nifestatio
547 812 776 882 spiritus
802 811 882 866 ad‘
898 811 1182 866 utilitatem
1213 810 1278 875 (Il
1304 811 1444 866 Tim.
1479 829 1539 879 rt,
1575 812 1661 884 7);
1691 821 1748 867 et
1791 813 1844 866 in

246 903 511 975 propheta
540 903 718 972 primo
738 903 858 958 loco
878 901 1160 971 sapientiae
1179 912 1232 958 et
1261 903 1569 958 intellectus
1587 904 1848 974 spiritalis

245 999 413 1066 gratia
448 998 755 1067 postulatur
781 997 952 1069 (Esai.
997 997 1173 1070 xt,2).
1221 997 1429 1053 Petitur
1474 1013 1603 1069 ergo
1630 999 1728 1054 Dei
1750 999 1847 1053 do-

246 1109 396 1148 num.
446 1093 657 1149 Deinde
695 1095 820 1151 vide
845 1095 1091 1152 ordinem
1120 1114 1132 1149 :
1171 1095 1256 1150 Da
1288 1097 1436 1163 nti/ti,
1472 1097 1665 1168 inquit,
1694 1099 1849 1154 intel-

247 1189 469 1252 lectum;
498 1196 556 1241 ut
585 1188 784 1242 discant
811 1190 1056 1243 mandata
1082 1197 1191 1246 tua.
1225 1190 1538 1246 Intellectus
1566 1189 1848 1260 praemitti-

248 1290 353 1344 tur,
387 1279 697 1335 utscieutia
723 1291 998 1351 sequatur.
1049 1281 1182 1336 Nam
1215 1281 1320 1336 nisi
1349 1282 1470 1352 quis
1492 1281 1844 1347 intellexerit,

246 1373 440 1427 doctus
468 1387 593 1427 esse
623 1388 732 1426 non
763 1375 984 1444 poterit.
1020 1374 1330 1429 Doctrinam
1353 1375 1512 1443 igitur
1541 1374 1847 1429 intellectus

243 1464 398 1530 facit,
445 1481 556 1521 non
605 1467 888 1521 memoria.
919 1465 1064 1520 Nihil
1087 1468 1231 1522 enim
1283 1467 1505 1534 prodest
1549 1466 1713 1521 multa
1763 1467 1843 1521 le-

239 1559 409 1630 gisse,
448 1558 552 1612 nisi
579 1557 848 1629 intelligas
872 1559 986 1628 ipse
1015 1575 1134 1630 quae
1163 1559 1379 1630 legeris.
1404 1558 1472 1613 Et
1499 1559 1550 1612 in
1583 1559 1847 1628 Apostolo

240 1661 370 1721 post
400 1650 893 1708 manifestationem
937 1651 1191 1722 Spiritus,
1247 1666 1554 1707 sermonem
1601 1650 1844 1706 scientia:

240 1743 422 1813 legisti
448 1750 636 1812 postea
675 1743 1065 1808 substitutum;
1118 1750 1177 1798 ut
1200 1743 1340 1798 scias
1371 1743 1705 1798 intellectum
1733 1758 1847 1795 mc-

1951 536 2148 605 pientis
2177 553 2192 594 :
2218 537 2315 594 sed
2353 537 2444 608 qui
2479 538 2631 593 audit
2659 547 2713 593 et
2747 536 2895 592 facit.
2939 538 3238 594 Audiamus
3268 539 3450 610 igitur,
3481 552 3543 596 ut

1949 629 2358 699 intelligamus:
2390 629 2648 687 faciamus
2677 639 2736 685 ut
2765 629 3097 688 intellexisse
3142 643 3242 687 nos
3284 631 3427 703 quod
3457 647 3547 688 au-
3595 660 3601 670 ι

1949 719 2205 787 divimus,
2239 724 2675 794 comprobemus.

2021 815 2113 870 22.
2153 817 2336 890 (Vers.
2390 818 2505 890 74.)
2561 818 2819 891 Sequitur
2846 835 3040 877 versus
3094 821 3366 878 secundus
3399 839 3412 875 :
3445 821 3547 889 Qui

1951 909 2128 963 timent
2157 919 2223 974 te,
2269 910 2510 966 videbunt
2538 929 2640 978 me,
2668 921 2717 966 et
2759 913 3113 980 laetabuntur;
3151 916 3273 986 quia
3307 914 3360 968 in
3391 914 3541 970 verba

1950 1012 2038 1056 tua
2083 1004 2466 1072 supersperavi.
2532 1003 2786 1059 Fortasse
2837 1004 3108 1075 aliquibus
3159 1005 3409 1062 videatur
3439 1006 3542 1061 hoc

1949 1107 2075 1148 esse
2121 1095 2476 1160 contrarium,
2521 1096 2646 1166 quia
2687 1096 2871 1165 justus
2906 1097 3082 1152 dicit:
3117 1097 3219 1162 Qui
3267 1099 3444 1153 timent
3473 1109 3538 1163 te,

1949 1185 2192 1240 videbunt
2211 1202 2311 1253 me,
2339 1195 2385 1240 et
2413 1186 2766 1255 (tetabuntur;
2795 1190 2978 1246 multis
3023 1191 3166 1245 enim
3197 1191 3376 1260 justus
3421 1207 3544 1263 gra-

1949 1278 2030 1333 vis
2051 1289 2156 1346 est,
2179 1293 2304 1334 cum
2341 1279 2575 1335 videtur.
2611 1280 2852 1351 Denique
2889 1281 2942 1336 in
2967 1280 3269 1352 Evangelio
3299 1282 3545 1352 plerique

1950 1371 2236 1425 Dominum
2281 1371 2466 1427 Jesum
2496 1373 2683 1428 videre
2715 1388 2821 1428 non
2869 1381 3123 1443 poterant
3160 1391 3173 1428 :
3206 1373 3350 1429 sicut
3377 1373 3547 1430 Gera-

1949 1464 2065 1520 seni
2093 1465 2356 1535 rogabant
2388 1481 2543 1532 eum,
2597 1474 2654 1521 ιιι
2682 1466 2859 1522 abiret
2893 1466 2961 1522 de
2998 1467 3312 1538 regionibus
3353 1482 3543 1523 eorum

1950 1556 2102 1626 (Luc.
2132 1573 2247 1624 vtn,
2305 1558 2395 1629 57)
2425 1576 2439 1613 :
2473 1569 2527 1614 et
2579 1557 2672 1613 alii
2725 1559 2775 1614 ei
2832 1561 3115 1615 transitum
3164 1560 3541 1630 denegabant,

1955 1661 1976 1687 ο
2003 1649 2217 1718 quando
2249 1657 2427 1705 tamen
2477 1665 2573 1721 per
2622 1666 2717 1706 eos
2741 1651 2980 1707 transire
3033 1651 3254 1707 uolebat
3286 1651 3440 1722 (Luc.
3468 1669 3544 1720 tx,

1951 1739 2021 1796 5:2
2049 1750 2095 1795 et
2126 1740 2240 1814 55).
2276 1742 2427 1797 Unde
2459 1754 2590 1812 puto
2620 1742 2763 1814 quod
2794 1743 2932 1798 sicut
2959 1742 3070 1798 illic
3095 1743 3336 1799 Judaicm
3364 1743 3541 1799 forma

241 1838 438 1892 moria:
461 1835 1109 1907 praeferendum,etillum
1126 1853 1287 1908 posse
1304 1836 1504 1893 habere
1534 1836 1836 1902 scientiam,
1868 1841 1917 1901 Β
1944 1831 2238 1902 impietatis
2263 1833 2591 1904 exprimitur
2627 1852 2642 1890 :
2672 1834 2744 1889 ita
2776 1833 2863 1889 hic
2889 1833 3150 1890 Ecclesiae
3188 1835 3359 1904 gratia
3381 1849 3542 1890 reve-

239 1931 334 1986 cui
357 1942 486 1985 ante
514 1931 823 1986 intellectus
863 1930 1126 1985 all‘ulserit
1153 1929 1340 2002 (lCor.
1373 1945 1478 1994 xu,
1514 1929 1613 2000 7).

315 2024 408 2079 20.
452 2024 620 2080 Simul
651 2024 1006 2079 humilitatem
1030 2024 1338 2079 considera.
1389 2023 1444 2079 Si
1473 2023 1736 2092 Propheta
1766 2021 1848 2076 in-

244 2117 529 2174 tellectum
570 2116 687 2172 dari
716 2117 819 2173 sibi
852 2118 1104 2187 postulat,
1138 2117 1257 2187 quis
1304 2126 1410 2170 tam
1439 2130 1721 2186 arrogans,
1754 2115 1847 2184 qui

241 2208 570 2278 proﬁteatur
589 2207 644 2262 in
666 2223 759 2262 sua
784 2217 1050 2279 potestate
1067 2222 1188 2264 esse
1210 2209 1652 2278 intelligentiam?
1677 2207 1845 2264 intel-

243 2302 453 2356 lectum
481 2301 634 2371 petit,
665 2311 723 2356 ut
751 2303 867 2372 ipse
886 2316 946 2356 se
973 2303 1204 2368 noverit,
1229 2309 1283 2355 et
1311 2311 1518 2356 natura:
1539 2317 1652 2355 suae
1678 2300 1849 2371 possit

243 2396 397 2448 scire
451 2394 718 2449 rationem
755 2412 770 2448 :
801 2406 853 2447 at
882 2394 954 2448 illi
987 2394 1078 2464 qui
1125 2393 1190 2449 de
1215 2409 1399 2448 rerttm
1448 2403 1636 2448 natura
1663 2393 1847 2463 (Περιι-

247 2496 390 2550 tant,
417 2485 540 2542 cmli
569 2494 882 2541 scrutantur
905 2487 1087 2556 plagas
1111 2527 1125 2550 ,
1151 2487 1238 2555 qui
1271 2499 1328 2540 se
1359 2485 1507 2555 ipsos
1551 2486 1694 2540 scire
1739 2500 1844 2540 non

244 2587 500 2650 possunt,
547 2588 738 2647 putant
778 2577 1188 2647 intelligentiam
1224 2577 1341 2632 sine
1371 2577 1465 2631 Dei
1515 2575 1659 2630 dono
1685 2590 1848 2646 posse

244 2669 498 2726 concedi.
518 2667 674 2725 Unde
689 2679 745 2725 et
757 2685 859 2724 nos
887 2670 1248 2725 humilitatem
1262 2669 1524 2724 debemus
1536 2682 1846 2734 assumere;

247 2779 325 2818 ne
355 2762 705 2829 extollamur,
751 2765 796 2817 si
843 2761 982 2817 forte
1012 2777 1174 2818 unam
1199 2762 1435 2832 aliquam
1461 2761 1529 2816 de
1555 2760 1849 2832 Scripturis

246 2854 563 2925 parabolam
590 2855 1008 2924 cognoverimus
1038 2873 1051 2907 :
1081 2855 1314 2926 autquia
1359 2853 1626 2909 interdum
1657 2868 1849 2908 secun-

246 2949 379 3002 dum
392 2949 622 3003 litteram
644 2948 802 3018 plana
820 2948 1066 3018 legimus;
1090 2947 1136 3002 si
1151 2947 1289 3003 forte
1304 2947 1600 3003 secundum
1615 2947 1846 3001 litteram

249 3039 464 3110 aliquid
515 3039 972 3106 intellexerimus,
1021 3041 1284 3096 doctrinm
1323 3041 1480 3096 nobis
1509 3054 1850 3094 assumamus

248 3133 556 3187 scientiam.
620 3132 889 3203 Propheta
915 3133 1005 3188 ille
1031 3134 1122 3204 qui
1163 3134 1370 3202 accepit
1405 3133 1665 3204 Spiritum
1721 3146 1849 3190 san-

1952 1924 2113 1981 letur.
2141 1925 2438 1994 Propltctat
2461 1927 2605 1982 cnim
2639 1937 2809 1983 totum
2835 1927 3026 1984 orbem
3052 1927 3374 1998 replendum
3422 1941 3544 1983 esse

1950 2017 2144 2072 timore
2175 2019 2357 2074 divino
2381 2035 2394 2084 ;
2428 2028 2483 2074 et
2510 2019 2636 2076 ideo
2664 2021 2818 2090 quasi
2847 2021 3102 2077 timentes
3129 2020 3298 2076 Deum
3321 2031 3542 2076 sancto-

1950 2127 2067 2166 rum
2095 2110 2225 2166 dicit
2244 2112 2555 2182 cognitione
2584 2113 2752 2167 lzetari
2778 2129 2792 2178 ;
2827 2113 2917 2183 qui
2967 2113 3112 2168 enirn
3142 2112 3290 2168 videt
3309 2112 3541 2182 justum,

1949 2203 2218 2274 etgaudet
2244 2245 2259 2268 ,
2282 2205 2444 2257 etiam
2476 2205 2591 2273 ipse
2616 2205 2733 2258 vult
2758 2217 2882 2260 esse
2905 2204 3103 2274 justus.
3135 2203 3427 2258 Pulchrum
3461 2213 3545 2258 est

1948 2297 2093 2350 enim
2124 2305 2181 2350 ut
2217 2297 2267 2350 in
2291 2297 2414 2352 aliis
2460 2297 2779 2363 delectetur,
2814 2297 2957 2368 quod
2992 2298 3103 2352 vult
3138 2298 3191 2354 in
3217 2312 3279 2353 se
3301 2312 3543 2361 servare,

1949 2388 1975 2426 ἀ
2005 2391 2050 2446 si
2070 2391 2385 2460 sumpserit.
2441 2389 2697 2446 Estenim
2745 2391 2964 2445 insitum
2991 2390 3180 2455 bonis;
3226 2399 3284 2446 ut
3310 2400 3542 2453 castum,

1949 2485 2224 2555 pudicum,
2258 2485 2578 2555 prudentem
2609 2485 2826 2555 sapiens
2855 2483 3051 2539 all‘ectu
3085 2484 3174 2554 pio
3203 2483 3412 2554 diligat,
3438 2482 3542 2536 mi-

1949 2577 2185 2633 sericors
2222 2578 2538 2641 liberalem;
2589 2587 2641 2632 et
2695 2576 2917 2630 virtutes
2957 2591 3083 2630 suas
3137 2575 3191 2629 in
3231 2575 3356 2629 aliis
3376 2585 3542 2629 amet.

1952 2669 2228 2740 Plerisque
2254 2671 2398 2724 enim
2421 2669 2553 2739 justi
2579 2679 2833 2738 aspectus
2858 2667 3158 2721 admonitio
3183 2665 3542 2722 correctionis

1951 2773 2074 2832 est,
2118 2762 2540 2835 periectioribus
2562 2777 2690 2817 vero
2718 2761 2902 2816 laetitia
2926 2771 3031 2816 est.
3054 2760 3224 2829 Quam
3255 2759 3538 2829 pulchrum

1950 2871 2101 2927 ergo,
2137 2864 2194 2910 ut
2222 2855 2458 2911 videaris
2487 2865 2543 2910 et
2573 2855 2794 2925 prosis?
2823 2855 3032 2909 Bonum
3060 2869 3189 2924 ergo
3216 2853 3300 2908 vir
3337 2853 3538 2923 justus.

2022 2946 2111 3004 25.
2157 2945 2450 3017 Propterea
2496 2945 2732 3016 denique
2775 2946 2974 3001 Paulus
3022 2946 3302 3016 apostolus
3347 2959 3540 3000 ascen-

1951 3040 2031 3096 dit
2055 3040 2508 3113 Hierosolymam,
2540 3051 2598 3095 ut
2639 3041 2818 3111 justos
2854 3040 3064 3096 videret
3094 3058 3107 3094 :
3138 3047 3193 3096 ct
3233 3056 3354 3095 cum
3383 3039 3546 3095 Petro

1952 3137 2153 3192 mansit
2181 3136 2371 3192 diebus
2415 3136 2764 3207 quindecim;
2799 3144 2856 3190 ut
2884 3150 2948 3190 ex
2980 3135 3097 3204 ejus
3128 3133 3329 3204 aliquid
3382 3134 3548 3188 coha-

247 3232 425 3291 ctum,
451 3233 736 3294 postquam
777 3233 970 3280 unctus
995 3225 1158 3280 estin
1211 3240 1460 3296 regnum,
1518 3233 1711 3279 unctus
1763 3229 1918 3290 estC
1952 3232 2216 3287 bitatione
2260 3231 2549 3301 proliceret
2595 3229 2794 3302 (Gatat.
2829 3247 2866 3296 ι,
2914 3231 3030 3302 18).
3090 3230 3379 3300 Propterea
3429 3229 3546 3297 ipse

251 3315 309 3369 in
365 3314 723 3386 Prophetatn,
781 3317 1136 3371 centesimum
1187 3324 1238 3371 et
1271 3327 1521 3371 octavum
1577 3315 1845 3370 decimum

253 3409 521 3480 psalmum
565 3411 838 3475 scribens,
885 3410 1218 3465 intellectum
1248 3409 1348 3465 sibi
1389 3409 1506 3464 dari
1563 3409 1758 3480 poscit,
1792 3419 1850 3465 ut

251 3502 510 3559 mandata
542 3503 637 3559 Dei
669 3504 932 3572 intelligat
968 3521 980 3558 :
1008 3512 1064 3558 et
1090 3504 1191 3558 scit
1231 3502 1334 3558 nisi
1360 3517 1391 3556 a
1422 3502 1651 3558 Domino
1696 3517 1850 3558 acce-

252 3597 396 3668 perit
424 3597 675 3667 gratiam,
702 3596 1005 3667 intelligere
1033 3598 1150 3666 ejus
1171 3609 1232 3651 se
1258 3594 1505 3650 mandata
1535 3611 1643 3650 non
1666 3610 1847 3666 posse.

253 3692 313 3746 In
345 3690 643 3760 Evangelio
682 3705 897 3761 quoque
945 3689 1086 3759 lego,
1111 3689 1238 3759 quia
1262 3687 1598 3758 proponebat
1623 3688 1852 3758 parabo-

251 3788 339 3843 las
389 3787 650 3841 Dominus
698 3784 892 3849 Jesus,
941 3794 996 3838 et
1037 3783 1270 3853 apostoli
1330 3797 1435 3837 non
1481 3783 1850 3854 intelligebant

252 3878 493 3950 (Matth.
525 3894 645 3944 xm,
678 3877 794 3950 56).
826 3876 1065 3948 Denique
1088 3875 1526 3948 explanationem
1558 3876 1850 3948 prOpositze

253 3970 531 4042 parabolae
563 3969 925 4042 postulabant.

331 4063 422 4122 2i.
467 4064 585 4133 ipse
615 4063 879 4119 Dominus
918 4062 1077 4119 .Iesus
1102 4079 1226 4118 cum
1249 4064 1474 4129 diceret,
1521 4073 1577 4118 ut
1599 4062 1775 4134 legisti
1798 4063 1850 4119 in

257 4157 401 4212 libro
474 4155 762 4226 Evangelii
814 4155 1112 4210 secundum
1179 4156 1488 4211 Mattharum
1543 4156 1848 4226 scriptum:

255 4245 406 4301 Beati
422 4263 674 4317 pauperes
685 4247 868 4318 spiritu
893 4245 1107 4317 (Matth.
1130 4261 1181 4312 ν,
1204 4245 1292 4319 5);
1321 4247 1539 4316 subjecit
1559 4247 1612 4302 in
1629 4245 1656 4284 δ
1675 4259 1854 4314 poste-

255 4341 496 4396 rioribus
521 4360 536 4396 :
566 4340 749 4394 Omnis
775 4341 863 4408 qui
890 4340 1116 4394 audierit
1145 4357 1257 4395 mea
1284 4341 1434 4395 verba
1477 4346 1604 4404 IttPC,
1651 4351 1698 4396 et
1719 4341 1854 4411 {ece-

253 4435 330 4489 rit
352 4449 434 4498 ea,
469 4434 654 4488 similis
677 4433 774 4488 erit
813 4433 921 4487 viro
942 4433 1165 4505 sapienti
1217 4432 1433 4504 (Matth.
1463 4449 1554 4499 vtt,
1585 4432 1700 4504 24).
1736 4433 1853 4489 Non

253 4541 392 4594 ergo
422 4525 510 4596 qui
550 4524 704 4580 audit
747 4524 1148 4592 tantummodo,
1198 4525 1392 4579 similis
1439 4527 1583 4580 erit:
1618 4525 1714 4581 sed
1762 4527 1852 4596 qui

1950 3324 2148 3379 Paulus
2192 3332 2247 3379 et
2286 3322 2586 3389 Barnabas,
2637 3337 2757 3377 cum
2811 3321 3242 3392 Hierosolymam
3292 3319 3543 3390 ingrede-

1950 3425 2172 3481 rentur,
2214 3415 2500 3486 magnifice
2560 3415 2972 3486 escipiebantur
3019 3415 3087 3470 ab
3143 3413 3418 3480 Ecclesia,
3476 3413 3546 3468 ab

1950 3509 2232 3580 apostolis,
2283 3517 2338 3563 et
2370 3507 2673 3578 majoribus
2703 3517 2830 3563 natu
2866 3507 3002 3580 (Act.
3037 3523 3125 3571 xv,
3156 3506 3234 3578 ὁ).
3284 3504 3420 3561 Cum
3450 3520 3547 3559 au-

1951 3610 2058 3657 tem
2112 3601 2263 3656 abire
2289 3600 2487 3656 vellent
2508 3641 2524 3667 ,
2556 3616 2622 3654 ne
2673 3599 3022 3656 discederent
3065 3599 3394 3669 rogabantur
3423 3615 3435 3649 :
3468 3605 3543 3660 ct,

1953 3702 2009 3747 ut
2037 3700 2225 3763 postea
2251 3692 2320 3747 de
2347 3691 2515 3746 Paulo
2543 3692 2800 3763 legimus,
2835 3707 2958 3747 cum
3011 3690 3268 3762 lacrytnis
3308 3689 3545 3744 deduce-

1953 3786 2151 3842 bantur
2172 3785 2310 3860 (Act.
2341 3801 2433 3850 xx,
2467 3785 2585 3856 58).
2617 3785 2750 3840 Nam
2785 3785 2829 3840 si
2857 3793 2941 3840 est
2965 3793 3114 3839 tanta
3144 3782 3225 3838 vis
3255 3785 3545 3838 innatnra-

1952 3879 2114 3943 libus,
2146 3887 2203 3934 ut
2226 3878 2426 3933 animal
2457 3878 2627 3932 visum
2662 3878 2832 3947 prosit
2860 3877 3126 3940 ietericis;
3160 3877 3232 3929 ita
3262 3884 3320 3929 ut
3347 3877 3543 3928 mortui

1951 3988 2164 4043 quoque
2193 3984 2218 4008 ι’
2251 3986 2419 4027 cornu
2447 3971 2565 4041 ejus
2607 3969 2900 4025 animantis
2931 3967 3195 4039 prodesse
3240 3967 3473 4027 dicatur,
3500 3967 3544 4020 si

1955 4063 2116 4119 fuerit
2146 4062 2575 4118 demonstratum
2607 4061 2708 4128 iis,
2750 4060 2842 4132 qui
2895 4057 3204 4131 hujttsntodi
3260 4057 3547 4114 inciderint

1952 4157 2260 4227 passionem
2296 4173 2311 4208 :
2345 4154 2596 4210 dubitare
2619 4169 2908 4224 possumus
2938 4152 3078 4224 quod
3103 4153 3233 4222 justi
3283 4161 3548 4208 sanctas-

1955 4251 2180 4321 pectus?
2210 4250 2351 4321 Ergo
2377 4250 2485 4306 vile
2534 4249 2731 4304 animal
2779 4248 3150 4304 irrationabile
3194 4258 3396 4304 tantam
3447 4249 3550 4304 viro

1955 4354 2120 4399 tntcm
2165 4344 2362 4410 habet,
2394 4353 2452 4400 ut
2491 4359 2690 4400 sanare
2735 4344 2906 4413 possit
2947 4343 3222 4398 hominem
3269 4351 3550 4398 momento

1955 4437 2182 4507 exiguo,
2236 4452 2344 4508 quo
2399 4436 2654 4491 videtur:
2685 4435 3076 4504 homojustns,
3109 4435 3153 4488 si
3204 4444 3383 4489 tamen
3426 4448 3546 4488 cum

1959 4530 2064 4586 lide
2093 4530 2162 4585 ab
2182 4545 2248 4585 eo
2274 4528 2588 4598 aspicietur,
2614 4529 2702 4598 qui
2759 4528 3046 4581 utilitatem
3079 4525 3147 4580 ab
3175 4540 3242 4580 eo
3271 4523 3548 4594 percipere

253 4617 387 4676 facit
428 4633 549 4684 quae
575 4617 834 4674 audierit.
865 4617 1076 4691 1094
1121 4617 1262 4690 Ergo
1292 4633 1465 4689 neque
1507 4619 1703 4676 factum
1735 4621 1852 4676 sine
1881 4613 1930 4674 D
1957 4621 2260 4686 desiderat,
2308 4620 2440 4676 nihil
2483 4617 2728 4676 confert?
2760 4619 2838 4672 An
2864 4633 2971 4673 non
3000 4617 3084 4671 vel
3120 4615 3220 4684 ipsi
3270 4614 3548 4671 oculorum

334 4855 359 4883 ⁸
389 4847 466 4902 lta
496 4845 620 4901 cod.
655 4843 841 4913 scripti
868 4842 1146 4898 tredecim.
1178 4841 1282 4897 Alii
1303 4850 1484 4897 autem
1509 4853 1671 4914 atque
1697 4843 1856 4910 edit.,

254 4919 518 4991 cegttoscit
547 4915 799 4985 propheta
823 4931 912 4985 per
938 4915 1154 4985 gratiam
1186 4913 1418 4991 _p_i_ri_ttts
1443 4913 1628 4967 sancti.
1654 4914 1856 4991 Eorum

254 4983 441 5045 au’tem
463 4983 584 5059 quin
609 4983 911 5059 sequuntur
942 4983 983 5038 'a
1016 4999 1147 5059 voce
1186 4983 1434 5059 didicisti,
1467 5000 1635 5059 usque
1663 4987 1729 5059 ad
1777 4989 1859 5042 itt-

259 5055 495 5115 teltectus
537 5057 893 5126 prtemittitur,
941 5057 1187 5111 ordinem
1217 5055 1350 5110 edit.
1375 5055 1646 5112 Romisic
1675 5057 1854 5112 inver«

258 5132 324 5185 tit
352 5148 366 5184 :
401 5129 667 5199 Prop/tela
715 5143 831 5181 vero
858 5127 1026 5198 primo
1057 5127 1167 5180 loco
1212 5127 1498 5199 sapientiae,
1551 5127 1672 5181 inde
1697 5129 1849 5183 intel'

255 5203 420 5256 lectus
449 5198 643 5254 donum
694 5200 828 5252 inter
869 5213 1081 5251 munera
1127 5198 1410 5268 gratiarum
1454 5200 1737 5252 constituit.
1787 5200 1854 5254 Et

254 5273 383 5342 quia
429 5274 705 5342 unicuique
731 5270 906 5342 datur
931 5269 1277 5342 manifestatio
1314 5269 1526 5342 spiritus
1553 5270 1622 5321 ad
1641 5271 1852 5342 (utilita-

257 5337 406 5409 iam;
433 5344 552 5397 ideo
576 5340 674 5395 Dei
703 5340 898 5394 donum
924 5341 1050 5408 petit
1101 5337 1363 5410 Propheta
1387 5355 1406 5392 :
1439 5339 1521 5393 Da
1552 5340 1682 5394 mihi
1707 5341 1858 5395 intel-

256 5415 474 5475 lectum.
498 5425 555 5467 ut
582 5413 782 5466 discant
810 5410 1055 5464 mandata
1087 5409 1216 5465 tua.
1255 5409 1384 5466 Vide
1421 5412 1676 5479 ordinem,
1706 5412 1858 5466 intel-

257 5485 423 5540 lectus
455 5484 804 5552 praemittitur,
835 5491 940 5536 etc.

333 5554 364 5595 δ
407 5551 538 5611 veci
571 5553 966 5624 posterioribus,
993 5552 1269 5624 subjungit
1287 5551 1420 5624 edit.
1442 5551 1624 5620 Rom,
1648 5553 1737 5622 qui
1761 5570 1852 5608 au-

255 5639 362 5683 tem
377 5627 590 5698 fecerit,
611 5636 660 5678 et
685 5623 945 5698 docuerit,
975 5641 1190 5698 magnus
1202 5623 1481 5698 secabitur
1495 5625 1548 5678 in
1570 5640 1726 5696 regno
1755 5641 1854 5680 cte-

253 5695 456 5755 Ιονὼη.
487 5697 555 5752 El
581 5697 636 5750 in
660 5697 771 5766 alio
795 5695 938 5759 loco,
971 5695 1146 5750 Omnis
1172 5699 1257 5766 qui
1285 5695 1537 5766 audierit,
1566 5695 1672 5751 etc.

259 5773 276 5840 ἦ
336 5779 362 5808 ι
401 5765 696 5840 Ita'cuucti
751 5775 885 5821 mss.
946 5777 1011 5820 ac
1057 5765 1389 5840 vet.'edit.;
1416 5765 1598 5840 :_Rom.
1646 5777 1846 5835 autem,

255 5835 477 5908 quando
498 5846 691 5893 tantum
708 5847 918 5910 pergas
949 5839 1164 5894 transire
1183 5838 1395 5894 volebat.
1416 5835 1610 5897 Planus
1633 5853 1842 5906 sensus,

1967 4846 2070 4902 nisi
2097 4854 2243 4902 esset
2263 4846 2410 4901 omni
2440 4845 2543 4900 alio
2566 4843 2816 4914 praesidio
2837 4841 3145 4898 destitutus.

2038 4916 2064 4953 ά
2105 4917 2252 4972 Edit.
2288 4917 2470 4984 Rom.,
2503 4917 2546 4970 si
2568 4911 2754 4984 possit.
2803 4915 2936 4969 Aliae
2959 4928 3080 4968 cum
3111 4927 3241 4968 mss.
3272 4911 3544 4980 omnibus,

1964 4989 2008 5042 si
2033 4990 2330 5059 sumpserit.
2363 4988 2590 5044 Videtur
2619 4997 2798 5059 autem
2842 4986 2909 5059 is
2931 4999 3150 5059 sensus
3174 4998 3328 5059 esse,
3362 4985 3546 5059 _Vll‘lll_ll

1959 5054 2162 5128 justuu‘i
2193 5076 2260 5116 eo
2290 5060 2431 5114 bono
2456 5057 2715 5114 delectari
2737 5058 2790 5112 in
2822 5057 2964 5120 aliis,
3012 5055 3155 5125 quod
3183 5056 3297 5124 ipse
3326 5054 3549 5124 elegerit

1961 5147 2024 5186 ac
2051 5131 2353 5200 susceperit
2372 5133 2423 5184 in
2447 5145 2505 5184 se
2526 5128 2974 5183 conservandum.

2035 5214 2058 5239 ο
2094 5193 2293 5256 Eadem
2322 5202 2453 5256 edit.
2491 5200 2668 5266 Rom,
2699 5216 2884 5270 corpus
2913 5199 3026 5268 ejus
3042 5197 3340 5270 anitttautis.
3375 5193 3545 5270 Nimi-

1960 5287 2078 5327 rum
2108 5274 2231 5342 quia
2278 5288 2399 5327 cutn
2432 5272 2570 5328 Plin.
2619 5271 2712 5325 lib.
2764 5268 2872 5324 ,ἐπι
2935 5269 3070 5324 llist.
3128 5268 3418 5342 N‘at.,cap‘.
3456 5268 3544 5332 ll,

1963 5337 2189 5399 aviculte
2216 5345 2470 5398 virtutem
2495 5343 2744 5398 medendi
2789 5342 3011 5396 icterico
3044 5339 3233 5394 morbo
3262 5337 3540 5402 attribuat,

1963 5430 2067 5470 non
2098 5415 2381 5470 videbatur
2403 5429 2502 5469 vox
2527 5431 2684 5469 cornu
2709 5413 3002 5483 legitimum
3031 5425 3249 5483 sensum
3264 5408 3539 5483 exhibere.

1961 5485 2067 5541 Sed
2090 5501 2211 5541 eum
2240 5487 2428 5542 eadem
2477 5501 2584 5541 vox
2632 5479 2944 5539 eonsianter
2975 5484 3182 5552 legatur
3212 5482 3262 5534 in
3295 5479 3546 5552 omnibus

1958 5567 2014 5613 et
2043 5572 2172 5612 mss.
2203 5567 2258 5612 et
2282 5568 2393 5611 ant.
2422 5557 2578 5619 edit.,
2610 5555 2894 5610 dicendum
2943 5549 3082 5607 hunc
3110 5553 3285 5607 locum
3312 5551 3451 5608 forte
3475 5549 3542 5605 de

1957 5628 2307 5700 quadrupede
2354 5631 2605 5698 quopiam
2652 5627 2870 5700 animali
2930 5623 3335 5700 intelligendum
3381 5637 3538 5687 esse;

1959 5694 2204 5771 nisiqnis
2251 5694 2401 5756 malit
2443 5694 2538 5769 per
2579 5713 2747 5756 cornu
2799 5697 3044 5770 ejusdem
3083 5694 3197 5752 avis
3249 5709 3454 5768 ungues
3479 5709 3542 5748 ac

1956 5783 2191 5830 rostrum
2227 5771 2536 5843 signiﬁcari.
