3988 6298
460 230 598 294 1559

1767 233 2010 296 ΒΑΝΟΤΙ
2052 234 2374 305 LIBROS)!

3604 237 3748 296 I310

460 356 595 422 radii
626 354 880 422 virtutem
929 354 1215 426 quamdam
1241 353 1488 414 videntur
1532 353 1815 417 infundere
1837 354 1926 427 iis,
1955 356 2044 429 qui
2075 358 2129 428 Α
2153 355 2303 412 illum
2330 355 2397 412 ad
2429 355 2583 426 cujus
2610 354 3024 422 similitudinem
3075 355 3249 420 factus
3277 365 3382 420 est,
3411 355 3746 422 bOIIOI‘CmUS

460 446 693 512 ﬁdeliter
722 461 846 512 eum
876 445 1060 510 videre
1086 445 1434 510 desiderant?

527 536 621 598 24.
659 536 764 602 Sed
792 536 1244 612 quemadmodum
1288 541 1466 610 justus
1503 537 1863 606 laztilieatcor
1892 542 2050 598 luno-

457 630 719 692 eentium,
753 643 872 683 cum
904 628 1118 684 videtur
1151 648 1163 682 :
1192 628 1263 685 ita
1304 629 1537 700 improbi
1567 632 1839 701 iustorum
1866 633 2054 703 cogni-

457 724 607 780 tione
639 730 999 792 torquentur;
1043 722 1168 792 quia
1196 723 1281 790 vel
1309 724 1488 784 tacitis
1524 735 1834 791 sanctorum
1888 725 2054 796 mori-

457 815 559 870 bus
604 823 923 886 arguuntur.
994 813 1236 887 Torquet
1293 817 1515 874 castitas
1563 817 2050 890 incontinentiam,

455 891 734 966 avaritiam
765 905 1094 974 liberalitas,
1124 907 1458 978 impietatem
1487 907 1642 966 ﬁdes.
1685 909 1762 970 De
1792 910 1895 967 hoc
1921 926 2054 984 quo-

458 1013 564 1069 que
586 997 754 1068 parile
780 997 900 1064 vilis
929 999 1225 1062 animantis
1251 1016 1529 1062 sumamus
1558 1002 1883 1074 exemplum.
1918 1002 2050 1060 Nam

453 1091 596 1152 sicut
625 1093 890 1162 prodesse
912 1090 1150 1147 diximus
1194 1103 1400 1148 mutum
1438 1093 1647 1171 ιωδ
1671 1096 1897 1164 animal,
1929 1110 2053 1164 cum

455 1185 710 1244 videtur:
743 1185 815 1241 ita
863 1183 1059 1239 obesse
1086 1184 1416 1255 percipimus
1464 1185 1671 1256 lupum,
1722 1186 1769 1242 si
1814 1187 2053 1259 aliquem

458 1275 692 1336 videndo
719 1275 1089 1348 praevenerit;
1122 1290 1307 1330 vocem
1339 1277 1484 1334 enim
1509 1275 1757 1338 feruntur
1779 1279 2051 1348 amittere,

459 1384 597 1441 quos
631 1369 781 1441 prius
813 1369 971 1440 lupus
1002 1368 1221 1424 viderit.
1247 1369 1539 1428 Basiliscus
1561 1386 1796 1449 quoque,
1820 1372 1927 1434 hoc
1945 1384 2051 1446 est,

459 1462 654 1518 noxius
675 1476 926 1531 serpens,
951 1462 994 1518 si
1020 1461 1400 1534 quodcumque
1423 1465 1572 1532 prior
1600 1465 1794 1520 viderit
1813 1467 2016 1530 animal
2033 1509 2049 1538 ,

458 1555 629 1610 fertur
657 1555 904 1610 occidere
936 1573 948 1609 :
978 1564 1033 1610 et
1061 1556 1327 1626 allegatur
1365 1559 1550 1618 statim
1583 1560 1801 1628 necari,
1833 1562 1926 1632 qui
1947 1577 2050 1632 po-

459 1648 615 1704 tuerit
645 1663 676 1702 a
712 1657 967 1719 serpente
998 1648 1307 1718 hujusmodi
1338 1651 1646 1724 prazvideri.
1688 1653 1809 1724 Ipse
1836 1670 2054 1726 quoque

459 1754 684 1810 serpens
724 1740 860 1802 mori
904 1739 1134 1812 dicitur,
1169 1741 1214 1796 si
1264 1740 1428 1798 fuerit
1457 1743 1692 1804 hominis
1740 1755 2054 1817 praeventus

460 1840 702 1902 aspectu.
728 1832 871 1909 Ergo
898 1833 944 1890 si
975 1841 1122 1888 tanta
1143 1832 1338 1906 virtus,
1364 1835 1449 1890 vel
1473 1836 1528 1891 in
1557 1838 1728 1893 oculis
1761 1841 2046 1910 serpentis,

461 1925 546 1990 vel
581 1925 636 1982 in
665 1925 838 1986 oculis
860 1931 944 1982 est
963 1923 1236 1992 hominis;
1273 1935 1331 1982 ut
1373 1927 1596 1985 si'alter
1641 1930 1873 1987 alterum
1904 1933 2057 2003 prior

459 2013 696 2083 viderit,
743 2017 918 2090 possit
966 2016 1218 2073 occidere
1258 2033 1411 2076 :non
1459 2029 1542 2078 est
1574 2020 1746 2078 virtus
1797 2023 1850 2078 in
1883 2025 2058 2081 oculis

457 2107 611 2178 justi,
636 2106 728 2180 qui
763 2109 1004 2178 repletus
1031 2109 1250 2166 virtutis
1271 2118 1353 2166 est
1373 2113 1574 2182 gratia;
1603 2127 1724 2168 cum
1750 2116 2058 2185 praesertim

461 2211 667 2260 tantum
696 2212 948 2274 operetur
982 2203 1140 2272 ﬁdes,
1173 2205 1398 2272 utetilla
1417 2221 1536 2277 quae
1559 2206 1824 2266 ﬁmbriam
1846 2208 2058 2264 Domini

461 2294 658 2366 tetigit,
701 2304 985 2352 sanaretur
1015 2295 1235 2365 (Matth.
1265 2313 1343 2365 rx,
1367 2296 1482 2369 22),
1514 2307 1569 2355 et
1595 2300 1686 2356 ille
1717 2302 1803 2356 cui
1831 2302 2062 2366 intendit

465 2374 728 2446 Dominus
754 2389 912 2454 .lesus
933 2432 950 2460 ,
974 2391 1157 2448 statim
1187 2406 1254 2446 ex
1301 2392 1418 2462 ejus
1458 2393 1631 2451 oculis
1656 2394 1885 2466 gratiam
1913 2399 2062 2454 sani-

458 2483 589 2540 tatis
621 2483 863 2548 hauriret
889 2482 1044 2556 (Luc.
1077 2499 1153 2554 tx,
1186 2483 1256 2540 '58
1281 2495 1326 2538 et
1358 2483 1492 2555 45)?

533 2577 622 2644 25.
656 2577 764 2634 Sed
796 2577 887 2650 qui
923 2577 1314 2648 videtjustum,
1345 2577 1507 2633 debet
1524 2578 1666 2635 scire
1687 2579 1819 2651 quid
1843 2581 2058 2638 videat:

466 2690 572 2730 non
603 2673 758 2728 illum
783 2673 930 2729 videt
960 2673 1012 2730 io
1044 2687 1299 2744 corpore,
1332 2688 1436 2728 non
1474 2674 1526 2730 in
1574 2676 1924 2744 vestimento,
1953 2693 2061 2740 non

463 2764 514 2834 in
561 2765 913 2835 patrimonio,
947 2780 1053 2834 non
1088 2765 1140 2819 in
1163 2765 1349 2830 vultu;
1380 2766 1478 2822 sed
1519 2769 1666 2826 intus
1718 2767 1895 2838 videt;
1930 2787 2061 2838 non,

463 2857 682 2928 inquam
704 2897 717 2920 ,
751 2855 901 2916 illum
931 2855 1103 2922 videt,
1133 2855 1238 2910 nisi
1268 2857 1387 2927 ejus
1442 2859 1637 2916 viderit
1666 2870 1926 2930 mentem,
1960 2864 2063 2924 nisi

463 2945 583 3017 ejus
611 2961 921 3003 sermonem
971 2947 1286 3016 intenderit,
1337 2949 1436 3006 nisi
1469 2965 1664 3016 sensus
1701 2953 1849 3014 illius
1875 2964 2066 3024 potuc-

465 3040 537 3100 rit
581 3039 1079 3112 comprehendere,
1124 3041 1446 3112 sapientiam
1477 3043 1545 3100 de
1576 3052 1808 3102 tractatu
1837 3047 1954 3116 ejus
1979 3063 2067 3104 as-

463 3149 701 3198 sumere.
730 3134 884 3196 Tunc
915 3134 1081 3206 igitur
1101 3135 1395 3205 ltetabitur,
1416 3151 1538 3194 cum
1568 3139 1667 3202 ista
1700 3143 2063 3214 perspexerit,

462 3245 585 3290 eum
618 3231 718 3286 ista
746 3229 1084 3302 cognoverit.
1151 3229 1224 3286 lta
1257 3245 1387 3302 ergo
1417 3241 1472 3287 et
1519 3247 1620 3300 nos
1647 3234 1822 3292 sicubi
1849 3236 2058 3292 audivi-
2089 3257 2134 3320 ρ

467 3339 584 3390 mus
623 3324 852 3392 justum.
909 3322 1229 3379 festinemus
1282 3322 1500 3390 videre,
1547 3325 1689 3380 sicut
1730 3326 1821 3382 illa
1868 3329 2063 3390 mulier

463 3431 586 3488 qua:
616 3416 824 3485 audivit
853 3416 908 3471 in
930 3415 1094 3472 domo
1123 3414 1375 3488 pharismi
1399 3416 1741 3480 discumbere
1774 3418 2058 3482 Dominum

462 3509 669 3578 .lesnm,
688 3517 743 3574 et
766 3509 1003 3579 ingressa
1018 3517 1122 3574 est,
1138 3516 1191 3562 et
1207 3507 1324 3584 ejus
1341 3507 1506 3578 pedes
1531 3509 1767 3580 perfudit
1787 3524 2062 3583 unguento

465 3601 620 3674 (Luc.
655 3617 749 3668 vtt,
782 3602 849 3670 57
876 3611 921 3656 et
952 3600 1066 3671 58).
1092 3601 1241 3658 Illius
1273 3602 1572 3660 imitatores
1599 3606 1800 3672 simus;
1825 3623 2060 3680 namque

465 3694 762 3751 Ecclesiam
797 3693 848 3752 in
882 3693 971 3754 illa
1030 3694 1256 3755 muliere
1279 3695 1559 3766 figuratam
1589 3711 1711 3754 esse
1741 3699 1861 3767 quis
1903 3699 2060 3762 dubi.

465 3789 582 3845 tet?
636 3788 820 3858 Sicubi
875 3803 1006 3859 ergo
1035 3788 1213 3857 justus
1251 3788 1466 3856 sedeat,
1511 3789 1684 3847 sicubi
1737 3793 2058 3861 aecumhat,

464 3879 784 3944 festinemus
839 3879 1024 3935 videre
1067 3895 1216 3942 eum.
1269 3879 1573 3938 Pretiosum
1626 3890 1709 3938 est
1754 3883 1939 3944 videre
1980 3887 2064 3940 vi-

463 3988 582 4032 rum
619 3971 866 4042 jusmm;
898 3979 956 4040 ut
1002 3971 1188 4030 videas
1241 3986 1363 4027 eum
1410 3972 1715 4034 secundum
1767 3975 2059 4046 imaginem

465 4064 579 4120 Dei.
629 4063 786 4133 Quod
815 4063 946 4118 foris
985 4073 1103 4132 est,
1146 4064 1280 4124 nihil
1314 4065 1537 4140 prodest
1569 4084 1580 4120 :
1610 4067 1756 4140 quod
1787 4068 1933 4126 intus
1955 4079 2059 4138 est,

462 4166 640 4210 sanat.
673 4154 816 4216 Sane
843 4164 897 4210 et
925 4155 978 4209 in
1009 4170 1076 4209 eo
1104 4157 1195 4225 qui
1227 4155 1362 4212 foris
1383 4165 1468 4212 est
1498 4158 1647 4218 illum
1667 4161 1756 4230 qui
1780 4161 1928 4218 intus
1955 4172 2060 4232 est,

464 4250 780 4321 frequenter
832 4247 1166 4318 aSpieimus;
1197 4257 1254 4303 ut
1297 4249 1343 4303 si
1399 4248 1695 4310 viderimus
1743 4267 2059 4326 pauperem,

537 4404 561 4432 α
601 4394 733 4467 Mss.
754 4407 968 4460 novem,
997 4391 1251 4467 Quienim
1275 4390 1857 4467 honorat...imaginem
1893 4397 2054 4452 hono-

466 4467 616 4522 rarit.
632 4465 738 4520 Alii
755 4474 1029 4519 eteuncta:
1054 4462 1207 4528 edin,
1239 4462 1807 4520 coronat...coronavit.
1830 4467 2051 4532 Melius;

2155 449 2208 508 in
2245 465 2502 520 paupere,
2534 449 2603 512 de
2625 463 2737 520 quo
2764 449 2877 504 ait:
2908 446 3139 514 Dedisti:
3167 450 3290 503 mihi
3308 451 3744 508 manducare.....

2153 543 2275 611 quia
2301 540 2442 612 quod
2481 541 2575 600 uni
2615 556 2792 604 eorum
2843 540 3075 606 dedistis,
3119 539 3246 596 mihi
3275 540 3485 596 dedistis
3526 539 3744 613 (Matth,

2155 626 2290 700 xxv;
2320 635 2389 690 55
2412 643 2458 696 et
2485 632 2600 704 40).
2626 643 2651 670 ⁸
2681 633 2784 702 Qui
2820 634 2966 694 enim
2999 645 3233 690 coronat
3257 633 3544 703 imaginem
3578 633 3754 705 impe-

2155 728 2374 792 ratoris,
2401 729 2588 798 utique
2611 728 2759 794 illum
2791 727 3050 794 honorat,
3072 727 3230 796 cujus
3254 726 3544 797 imaginem
3586 741 3752 782 coro-

2156 820 2302 874 navit
2337 836 2350 874 :
2379 827 2434 874 et
2463 819 2553 889 qui
2573 828 2808 882 statuam
2839 821 3233 890 contempserit
3262 819 3630 888 imperatoris,
3648 820 3753 874 itu-

2156 913 2392 981 peratori
2417 912 2602 982 utique
2621 912 2778 983 cujus
2825 921 3060 978 statuam
3090 913 3519 984 consputaverit,
3548 911 3752 970 fecisse

2156 1001 2660 1078 videturinjuriam.
2687 1002 2934 1060 Gentiles
2969 1004 3173 1075 lignum
3205 1003 3468 1069 adorant,
3497 1004 3622 1073 quia
3655 1003 3753 1064 Dei

2155 1095 2445 1172 imaginem
2481 1103 2671 1164 putant
2689 1113 2702 1150 :
2719 1095 2815 1151 sed
2840 1096 3126 1156 invisibilis
3150 1095 3454 1167 Dciimago,
3475 1111 3582 1152 non
3611 1098 3668 1152 in
3686 1112 3756 1154 eo

2155 1187 2395 1260 estquod
2421 1186 2636 1242 videtur
2668 1206 2682 1246 ;
2715 1188 2810 1250 sed
2835 1187 2888 1244 in
2920 1203 2985 1244 eo
3006 1189 3188 1260 utique
3203 1191 3347 1266 quod
3372 1205 3480 1246 non
3513 1189 3751 1246 videtur.

2228 1279 2319 1335 26.
2356 1278 2519 1338 Vides
2563 1295 2693 1352 ergo
2712 1281 2839 1348 quia
2861 1281 3005 1338 inter
3036 1283 3232 1338 multas
3263 1280 3464 1338 Christi
3487 1282 3759 1354 imagines

2156 1371 2536 1432 ambulamus?
2585 1369 2889 1436 Caveamus
2941 1388 3008 1428 ne
3069 1388 3327 1432 coronam
3381 1375 3602 1446 imagini
3658 1376 3756 1436 de-

2157 1463 2380 1530 trahere
2407 1462 2695 1520 videamur
2716 1504 2732 1533 ,
2763 1479 2924 1534 quam
2975 1463 3268 1536 unicuique
3295 1463 3545 1520 Christus
3575 1466 3761 1538 impo-

2155 1557 2284 1612 suit.
2335 1554 2638 1614 Caveamus
2691 1572 2759 1616 ne
2785 1557 2989 1628 aliquid
3038 1558 3394 1616 detrahamus
3437 1560 3506 1616 iis
3555 1560 3759 1631 quibus

2156 1648 2422 1704 debemus
2449 1648 2773 1720 adjungere.
2803 1648 2910 1706 Sed
2942 1649 3085 1719 quod
3116 1649 3271 1722 pejus
3297 1659 3403 1717 est,
3434 1665 3542 1712 non
3573 1651 3757 1710 solum

2157 1754 2264 1795 non
2293 1740 2642 1802 honestamus
2673 1755 2942 1812 pauperes
2966 1758 2981 1807 ;
3009 1741 3104 1798 sed
3123 1744 3283 1798 etiam
3307 1743 3756 1812 dehonestamus,

2159 1834 2522 1899 destruimus,
2580 1835 2958 1905 persequimur
2989 1852 3003 1890 :
3038 1845 3092 1890 et
3135 1835 3443 1907 ignoramus
3483 1837 3628 1910 quod
3657 1836 3761 1894 bas

2162 1929 2256 1984 Dei
2282 1928 2499 1998 imagini
2528 1943 2884 2000 congeramus
2911 1928 3161 2000 injurias,
3197 1931 3410 2005 1096
3438 1945 3560 1986 cum
3585 1929 3762 1987 factos

2159 2020 2225 2074 ad
2252 2021 2538 2091 imaginem
2571 2021 2666 2076 Dei
2692 2031 2945 2096 putamus
2973 2036 3096 2078 esse
3125 2022 3423 2078 laedendos.
3477 2023 3580 2089 Qui
3609 2025 3759 2079 enim

2159 2113 2352 2172 irridet
2393 2129 2718 2190 pauperem,
2764 2115 3062 2174 exacerbat
3104 2131 3228 2180 eum
3267 2115 3362 2188 qui
3402 2115 3529 2188 fecit
3575 2116 3759 2174 illum.

2159 2207 2264 2262 Sed
2290 2206 2463 2270 aderit
2488 2208 2578 2262 ille
2609 2209 2698 2278 qui
2721 2206 2864 2262 dicat
2894 2225 2907 2260 :
2937 2206 3169 2273 Esurivi,
3187 2218 3235 2268 et
3261 2225 3363 2262 non
3391 2210 3607 2270 dedistis
3628 2212 3762 2268 mihi

2162 2298 2475 2360 manducare
2504 2300 2704 2370 :sitipi,
2732 2308 2780 2354 et
2807 2316 2907 2354 non
2935 2299 3150 2356 dedistis
3173 2300 3297 2353 mihi
3326 2300 3592 2358 bibere...
3622 2318 3764 2371 reget

2162 2408 2392 2448 eram....
2451 2401 2496 2446 et
2550 2409 2651 2454 nou
2683 2393 2930 2448 visitastis
2953 2408 3036 2448 me
3059 2391 3276 2464 (Matth.
3313 2409 3448 2458 xxv,
3475 2392 3546 2446 42
3561 2403 3612 2447 et
3640 2396 3760 2462 45).

2166 2484 2456 2556 thuanto
2480 2485 2582 2539 ista
2611 2484 2813 2539 leviora
2860 2494 3006 2554 sunt,
3040 2501 3200 2558 quam
3225 2486 3270 2542 si
3303 2485 3448 2544 dicat
3481 2504 3493 2538 :
3529 2487 3763 2556 lojurias

2163 2575 2294 2635 mihi
2319 2574 2547 2641 fecistis,
2571 2575 2817 2632 nudastis
2849 2592 2957 2646 me,
2989 2577 3318 2638 verberastis
3347 2579 3466 2634 me?
3515 2579 3692 2652 Quem
3717 2579 3764 2634 si

2165 2671 2286 2743 quis
2330 2671 2748 2743 iuterrogaverit
2780 2669 3046 2738 :Quando
3088 2670 3182 2727 tibi
3235 2671 3460 2741 injurias
3506 2670 3764 2742 fecimus,

2165 2761 2380 2832 quando
2415 2761 2790 2832 spoliavimus,
2833 2761 3051 2833 quando
3103 2763 3269 2818 etiam
3312 2763 3766 2824 verberavimus?

2167 2853 2319 2908 Dicet
2356 2871 2368 2906 :
2406 2853 2671 2920 Quamdiu
2703 2854 2797 2908 uni
2823 2854 3010 2907 horum
3033 2854 3362 2914 minimarum
3392 2855 3609 2926 fecistis,
3634 2856 3770 2914 milii

2166 2944 2358 3014 fecistis
2388 2943 2578 3016 (Ibid.,
2611 2943 2728 3016 45).
2758 2943 3052 3014 Propterea
3094 2958 3384 3010 caveamus
3419 2943 3762 3014 diligentius,

2166 3053 2235 3094 nc
2263 3038 2352 3092 cui
2404 3037 2486 3092 vel
2532 3037 2756 3094 minimo
2778 3035 3163 3093 contumeliam
3193 3036 3528 3108 irrogemus;
3555 3052 3624 3092 ne
3656 3036 3764 3107 ipsi

2168 3132 2400 3188 Domino
2414 3131 2466 3186 in
2483 3131 2590 3190 illis
2609 3130 2844 3187 minimis
2863 3129 3245 3188 e0ntumeliosi
3266 3129 3436 3186 fuisse
3449 3129 3761 3186 videamur.

2237 3226 2329 3282 27.
2371 3227 2483 3292 Qua
2516 3226 2726 3282 ratione
2753 3233 2934 3282 autem
2965 3223 3162 3280 dixerit
3192 3239 3205 3276 :
3242 3224 3340 3288 Qui
3377 3223 3551 3276 timent
3580 3233 3648 3288 te,
3682 3225 3765 3276 υἱ-

2167 3317 2351 3372 debunt
2372 3336 2451 3383 me
2473 3328 2521 3372 et
2548 3317 2881 3382 lwtabuutur,
2939 3317 3054 3387 ipse
3085 3316 3339 3386 exposuit
3362 3314 3548 3371 dicens
3575 3332 3590 3372 :
3623 3316 3768 3382 Quia

2168 3413 2220 3470 in
2253 3411 2399 3478 verba
2430 3420 2518 3468 tua
2557 3409 2914 3480 supersperavi
2944 3423 2962 3461 :
2991 3409 3092 3462 hoc
3121 3417 3202 3462 est
3233 3407 3416 3464 dicere
3445 3425 3458 3461 :
3490 3408 3640 3463 lutus
3671 3425 3768 3468 me

2167 3506 2445 3566 viderunt,
2475 3506 2620 3565 intus
2651 3517 2737 3568 me
2760 3503 3073 3572 tetigerunt,
3102 3501 3249 3564 intus.
3279 3516 3366 3566 me
3385 3513 3764 3572 aSpexcrnnt;

2167 3600 2257 3664 ubi
2280 3614 2428 3668 spem
2462 3595 2730 3668 assumpsi
2758 3595 2825 3651 de
2855 3595 2962 3652 tuis
2995 3593 3195 3660 verbis,
3218 3595 3306 3650 ubi
3331 3603 3420 3649 tua
3443 3595 3606 3658 verba
3637 3612 3768 3664 per-

2165 3691 2304 3766 cepi.
2377 3689 2527 3748 Beati
2565 3671 2698 3758 ergo
2745 3687 2836 3758 qui
2877 3686 3060 3742 vident
3096 3691 3325 3755 justum,
3368 3696 3420 3746 et
3465 3685 3764 3755 laetantur;

2163 3786 2284 3856 quia
2314 3792 2534 3852 sperant
2580 3782 2634 3838 in
2665 3781 2761 3836 Dei
2784 3781 2968 3836 verba.
3021 3779 3195 3847 Quam
3224 3780 3399 3842 multi
3426 3790 3606 3836 autem
3631 3793 3768 3844 sunt

2164 3879 2254 3949 qui
2286 3878 2514 3933 oderunt
2549 3876 2748 3947 justos,
2803 3874 2896 3944 qui
2954 3883 3366 3944 perscrutautur
3418 3873 3512 3940 Dei
3563 3876 3763 3946 verba,

2165 3973 2253 4046 qui
2281 3972 2409 4042 justi
2438 3979 2562 4026 sunt
2593 3987 2606 4024 :
2635 3975 2834 4026 etcum
2861 3967 3068 4039 aliquos
3089 3965 3283 4028 doctos
3323 3965 3554 4028 audiunt
3581 3969 3765 4042 impii,

2165 4081 2260 4122 eos
2285 4074 2505 4136 propter
2527 4062 2828 4118 doctrinam
2863 4060 3032 4118 vitare
3062 4069 3415 4124 consuerunt.

2235 4159 2329 4215 28.
2369 4154 2688 4227 (Vers.75.)
2731 4153 2985 4223 Sequitur
3028 4167 3216 4210 versus
3263 4152 3454 4208 tertius
3485 4169 3497 4204 :
3529 4152 3766 4223 Agnori,

2165 4253 2404 4317 Domine,
2439 4251 2680 4322 quoniam
2697 4249 2845 4321 justa
2867 4247 3073 4319 judicia
3124 4256 3211 4302 tua
3241 4261 3259 4299 :
3285 4255 3329 4309 et
3357 4246 3409 4300 in
3432 4244 3640 4299 veritate
3670 4256 3768 4302 tua

2160 4397 2448 4452 adorarent
2474 4390 2852 4448 existimantes
2897 4388 2949 4442 in
2996 4389 3101 4443 illis
3131 4388 3420 4458 imaginem
3474 4391 3567 4446 Dei
3620 4396 3769 4448 resi—

2161 4468 2316 4531 dere,
2343 4466 2433 4536 qui
2463 4478 2585 4536 cum
2616 4463 2688 4516 sit
2718 4462 3071 4536 incorporeus
3116 4460 3381 4514 materiali
3409 4461 3589 4532 eftigie
3617 4469 3770 4520 assi-

464 4513 2057 4606 satis;{tensitate-sidat“;1agas};gestagestaisa;
2087 4513 2138 4574 Ι)
2163 4513 2374 4594 invidit"
2397 4535 2709 4606 neutiquam
2743 4513 2942 4606 potest.
2977 4531 3325 4606 uiuentem
3367 4513 3637 4606 contﬁaria
3675 4553 3771 4601 fa-

467 4619 525 4662 nt
555 4610 808 4663 observat
833 4607 947 4661 Jos.
983 4607 1307 4660 Laurentius
1331 4605 1540 4678 Polym.
1570 4606 1666 4660 lib.
1693 4624 1742 4669 ν,
1775 4624 1894 4678 pag.
1927 4605 2051 4665 59L

466 4679 649 4749 Neque
702 4692 834 4732 vero
866 4679 1059 4732 mirum
1114 4677 1380 4744 ejusmodi
1412 4677 1672 4749 honorem
1715 4677 1876 4734 etiam
1906 4683 2054 4736 chri-

463 4748 761 4805 stia’norum
794 4749 1090 4821 principum
1114 4748 1784 4821 statuisredditntnesse;
1815 4752 2059 4821 quando-

463 4821 680 4892 quidem
699 4827 910 4874 constat
934 4819 1150 4892 easdem
1176 4819 1364 4892 cumin
1395 4819 1586 4892 oppida
1609 4819 1999 4886 inferebantur,
2025 4838 2054 4878 a

464 4888 780 4963 magistratu
809 4905 874 4963 ac
895 4891 1107 4963 populis
1133 4905 1258 4963 curn
1309 4888 1486 4963 thure,
1525 4892 1699 4946 cereis
1744 4901 1905 4962 atque
1925 4894 2057 4959 ado-

463 4961 676 5020 rati'one
732 4961 906 5031 excipi
968 4962 1173 5026 solitas.
1237 4961 1342 5016 Sed
1395 4976 1517 5017 eum
1578 4963 1780 5028 cultum
1839 4964 2053 5020 tandem

463 5031 997 5106 proltibttitg'l‘lteoda
1033 5032 1159 5086 .luu.
1182 5031 1425 5106 de._tit_.
1451 5032 1507 5106 4,
1541 5033 1643 5104 leg.
1671 5033 1858 5106 unica;
1885 5051 2046 5106 quam

461 5102 687 5171 consule
715 5104 856 5164 sicut
879 5111 934 5157 et
960 5105 1171 5157 Comm.
1215 5102 1463 5158 Gotltofr.
1497 5105 1548 5157 in
1589 5102 1855 5159 eamdem.
1898 5105 2053 5160 Libet

415 5187 641 5232 .autetn
709 5175 810 5228 huc
879 5173 1115 5240 adjicere
1173 5189 1291 5243 qure
1359 5173 1591 5230 Hilarius
1661 5174 1819 5229 Pout.
1889 5175 2047 5232 Rom.

462 5250 624 5316 epist.
656 5244 906 5318 secunda:
947 5243 1215 5318 Nic._syn.
1244 5245 1459 5318 inserta
1491 5245 1670 5318 refert
1691 5262 1751 5306 ex
1784 5247 1844 5318 D.
1875 5248 2019 5318 Chry
2039 5278 2052 5288 -

465 5314 622 5383 sost.;
644 5316 928 5378 suntenim
952 5314 1222 5370 simillima
1243 5315 1307 5368 iis
1321 5329 1440 5384 qua:
1461 5315 1529 5368 ab
1555 5314 1841 5378 Ambrosio
1870 5314 2055 5372 nostro

465 5387 554 5443 hic
575 5388 878 5442 traduntur.
899 5388 986 5442 Ait
1007 5388 1164 5454 igitur
1183 5405 1196 5439 :
1214 5391 1318 5442 Οὐκ
1340 5383 1482 5452 sidat;
1508 5384 1584 5443 ὅτι
1611 5383 1753 5450 ὅστις
1773 5393 1863 5449 τὴν
1889 5391 2058 5450 εἰκόνα

465 5466 557 5528 τὴν
599 5462 662 5537 Eat
693 5459 842 5537 ξήλου
875 5461 961 5537 atati.
982 5462 1275 5537 χρωμᾴῖῳγ
1301 5460 1536 5537 λοιδρρεῖ2
1564 5461 1665 5537 aiax
1688 5462 1756 5537 ᾡς
1777 5459 2064 5537 πρὸξ-ἄψυ-

467 5553 567 5603 χον
589 5532 846 5601 τολμήσας
879 5530 1126 5605 apisci-au,
1149 5533 1278 5605 me
1301 5530 1534 5605 κατᾶτοῦ
1561 5530 1835 5603 βασιλέωςζ
1867 5530 2065 5596 Obser-

471 5599 602 5662 vam
652 5599 813 5672 porro
861 5599 1082 5670 dignum
1120 5615 1203 5657 est
1255 5599 1599 5659 Ambrosium
1659 5611 1779 5672 post
1832 5611 2064 5672 quatuor

475 5692 667 5732 versus
690 5680 741 5734 in
763 5692 830 5735 eo
849 5678 1209 5734 idololatriam
1228 5677 1568 5733 ethnicorum
1583 5675 1931 5745 constituere,
1958 5688 2063 5745 non

470 5748 614 5834 quod
657 5748 799 5831 idola
850 5749 990 5806 Deos
1019 5761 1142 5832 esse
1175 5746 1483 5834 crederem,
1533 5743 1822 5828 sedquod
1873 5743 2063 5828 eadem

2167 4610 2316 4664 tione
2357 4602 2708 4676 consequitur
2731 4619 2854 4657 eum
2885 4602 3083 4656 Christi
3115 4602 3352 4665 Domini,
3401 4603 3460 4658 Β.
3497 4604 3767 4676 Virginis,

2168 4691 2505 4749 martyrum,
2555 4675 2907 4749 aliorumque
2934 4684 3256 4749 sanctorum
3315 4688 3497 4749 sacras
3540 4677 3760 4749 icones,

2166 4743 2514 4818 honoresque
2574 4745 2730 4818 ipsis
2765 4743 3039 4799 exhibitos
3105 4744 3325 4800 minime
3392 4743 3763 4818 improbasse;

2163 4822 2327 4878 Certe
2353 4815 2528 4880 omnis
2559 4815 2802 4873 doctrina
2831 4830 2902 4870 νη
2933 4829 3314 4885 cnttmmcutn.
3359 4829 3518 4885 supra
3549 4817 3767 4877 laudati

2166 4894 2218 4948 in
2251 4908 2318 4948 eo
2340 4891 2491 4962 quasi
2515 4887 2739 4944 cardine
2775 4888 3020 4941 vertitur.
3075 4884 3529 4962 Eteni_m_pasSim
3561 4895 3767 4962 asserit

2169 4965 2262 5020 Dei
2300 4954 2514 5033 quidem
2549 4968 2816 5033 naturain,
2863 4966 2921 5010 ut
2945 4966 3068 5033 pote
3117 4954 3440 5033 spiritalem,
3475 4958 3626 5033 pingi
3646 4977 3767 5018 non

2197 5025 2329 5090 osse'
2363 5051 2376 5088 :
2407 5049 2510 5098 qna
2550 5031 2601 5084 in
2651 5043 2710 5083 re
2739 5029 2812 5082 illi
2844 5025 3129 5095 prte'iverat
3171 5026 3332 5094 Greg.
3369 5025 3410 5098 ll
3438 5070 3452 5091 ,
3477 5025 3659 5098 epit,
3694 5035 3769 5090 ad

2209 5119 2398 5160 eonem
2425 5097 2672 5162 Isaurltnt
2693 5099 2937 5156 scribens
2961 5107 3128 5171 sese?)
3159 5100 3308 5171 φύσιν
3336 5097 3587 5158 ἀδύνατον
3615 5102 3766 5162 ἕστο-

2196 5186 2320 5249 ἧσαρ
2339 5179 2422 5249 aceti
2449 5177 2802 5249 ζωγραφῆσαι.
2854 5171 2940 5249 [ΜΞ⁵
2958 5168 3317 5249 Christi-verti
3363 5181 3415 5224 et
3442 5182 3768 5249 sanctorum

2165 5240 2492 5320 imaginibus
2524 5240 2682 5320 plane
2708 5241 3044 5320 contrarium
3062 5240 3345 5310 colligunt,
3377 5253 3536 5311 atque
3564 5243 3767 5320 decer-

2165 5311 2301 5383 nuni
2356 5311 2535 5376 iidem'
2571 5316 2778 5369 Patres.
2842 5311 2981 5384 Quin
3031 5313 3198 5366 immo
3261 5326 3381 5364 cum
3434 5313 3766 5384 angelorum

2161 5381 2374 5459 quoque
2428 5386 2776 5459 imaginibus“
2819 5381 3215 5459 sull'ragentur,
3247 5397 3334 5459 (ea
3412 5381 3768 5459 petissitnttm

2165 5453 2379 5520 stitit—tne
2427 5453 2593 5531 quod,
2633 5460 2700 5520 ὡς
2743 5453 3002 5531 drepente:
3063 5455 3449 5527 ἐνεφανίσθησαν
3494 5473 3508 5508 :
3549 5458 3757 5531 codem

2165 5540 2486 5600 argumento
2515 5529 2780 5594 evincitur
2809 5527 3054 5600 illicitum
3107 5540 3211 5582 non
3248 5527 3770 5600 esse,__sym_bolieas

2168 5595 2468 5656 divinarum
2504 5613 2854 5670 personarum
2897 5595 3155 5670 imagines
3190 5596 3292 5654 sub
3317 5595 3519 5670 quibus
3541 5595 3678 5666 ipsa:
3705 5616 3771 5660 se

2175 5667 2552 5730 manifeSIaSSe
2599 5673 2652 5726 in
2695 5671 2990 5741 Scripturis
3018 5669 3302 5741 leguntur,
3360 5667 3562 5740 populo
3594 5685 3773 5741 vene-

2174 5742 2372 5822 rendus
2416 5757 2744 5839 proponere.
2795 5737 2901 5802 Sed
2942 5739 3129 5822 isthzec
3164 5737 3231 5806 ad
3287 5737 3767 5822 controvertistag,
