3988 6334
311 287 436 348 1'5“

1410 288 1473 344 IN
1512 287 1835 356 PSALMUM
1874 288 2086 356 CXVIII
2123 287 2505 354 EXPOSITIO.

3470 293 3612 359 158ίὲ

309 403 599 468 Ιικιηὶιίιιειὶ
623 418 726 460 me.
754 403 858 472 Qui
883 410 1060 474 potest
1086 401 1394 472 intelligere
1423 418 1543 472 quae
1566 414 1690 469 sunt
1711 402 1912 468 divina:
1940 404 1988 478 Α
2019 403 2133 476 ipsa
2161 402 2464 470 humilitate
2490 401 2684 466 delicta
2713 409 2900 470 nostra
2929 417 3240 476 purgamus.
3285 403 3612 475 Humiliath

312 497 706 574 providentiae,
759 498 932 558 utitur
961 510 1026 557 eo
1053 510 1306 562 sermone
1349 511 1457 567 quo
1483 510 1611 559 usus
1667 504 1752 559 est
1791 510 1916 568 pro-

314 575 472 666 pheta
512 599 740 646 sanctus
767 588 960 654 David;
990 589 1115 670 quia
1167 589 1349 650 omnia
1380 588 1589 662 judicio
1617 587 1716 644 Dei
1749 587 1911 658 ﬁunt,

315 692 372 738 ut
398 697 604 754 aegrum
650 697 853 754 corpus
891 681 1088 752 aliquis
1113 681 1331 750 habeat,
1377 692 1434 737 ut
1477 683 1716 749 salubre,
1744 691 1802 740 ut
1827 682 1914 740 di-

313 792 432 848 ves,
456 787 515 836 ut
543 792 752 848 pauper
774 777 881 844 sit,
915 783 972 832 ut
1010 777 1277 834 moriatur
1301 775 1534 847 juvenis,
1584 776 1668 832 vel
1714 791 1911 832 senex.

312 869 369 929 Si
390 869 513 940 quis
535 866 784 930 intendat
806 867 1104 938 Scripturis
1126 866 1344 932 divinis,
1381 867 1634 938 intelligit
1658 868 1772 923 htec
1795 867 1913 926 ﬁeri

309 960 516 1032 judicio
561 960 692 1026 Dei;
725 959 862 1014 nihil
896 959 1039 1016 enim
1097 968 1182 1014 est
1227 967 1428 1034 praeter
1472 958 1568 1014 Dei
1605 958 1910 1016 scientiam.

314 1051 638 1123 Exemplum
669 1050 1004 1122 querimus?
1051 1049 1170 1106 Non
1195 1062 1276 1106 est
1305 1050 1712 1117 absconditum;
1744 1051 1914 1122 siqui—

313 1144 435 1208 dem
479 1144 586 1199 Job
634 1158 926 1214 numquam
980 1143 1253 1208 amisisset
1299 1143 1550 1214 proprias
1601 1142 1906 1218 facultates,

309 1239 413 1294 nisi
436 1247 585 1299 esset
617 1237 848 1304 traditus
883 1236 1208 1301 adversariae
1257 1236 1528 1307 potestati.
1583 1235 1742 1294 Dedit
1765 1234 1909 1301 enim

309 1330 582 1386 Dominus
623 1329 840 1389 diabolo
869 1336 1194 1402 potestatem
1243 1327 1296 1386 in
1353 1327 1636 1384 facultates
1662 1327 1816 1400 ejus,
1853 1335 1914 1384 ut

310 1430 618 1486 tentaretur
658 1421 871 1492 qualem
895 1463 910 1487 ,
953 1421 1153 1476 amisso
1186 1419 1534 1491 patrimonio,
1567 1419 1794 1484 haberet
1832 1419 1913 1480 af-

309 1515 515 1578 lectum
542 1513 688 1584 (Job.
738 1531 776 1583 ι,
808 1512 900 1586 12)
932 1513 1120 1575 :dedit
1165 1513 1217 1568 in
1252 1513 1411 1584 ﬁlios,
1461 1512 1611 1570 dedit
1636 1513 1687 1576 in
1712 1528 1910 1582 corpus

309 1607 429 1678 ejus
469 1606 615 1679 (Job.
673 1623 734 1676 tt,
762 1606 859 1682 6);
889 1616 950 1664 ut
989 1607 1310 1678 probaretur
1361 1624 1488 1666 num
1530 1609 1908 1672 defunctorum

307 1700 500 1756 dolore
531 1699 849 1778 liberorum,
874 1711 968 1762 aut
996 1700 1240 1758 cruciatu
1270 1701 1514 1774 corporis
1549 1716 1577 1756 a
1604 1703 1908 1759 constantia

2020 512 2154 564 sunt,
2191 496 2398 569 inquit,
2441 506 2489 556 et.
2525 496 2724 562 salvum
2753 512 2836 558 nte
2879 497 2999 570 fecit
3040 495 3214 568 (Paul.
3265 513 3411 568 ortv,
3444 497 3522 568 l3).
3554 498 3611 568 in

2019 589 2251 652 veritate
2291 604 2420 660 ergo
2452 588 2767 658 humiliatus
2815 597 2920 658 est,
2965 589 3057 662 qui
3089 588 3401 658 humiliatus
3425 598 3509 658 est
3543 588 3613 658 ad

2019 682 2245 742 salutem
2273 700 2285 738 :
2313 696 2414 738 nec
2445 696 2580 740 vane
2612 682 2839 753 pertulit
2881 683 3213 756 passionem.
3238 683 3330 753 qui
3377 684 3609 753 salutem

2017 777 2263 832 veritatis
2293 783 2512 838 secutus
2533 784 2636 836 est.

2088 870 2178 928 5L
2221 870 2393 928 Distat
2421 869 2582 940 igitur
2605 869 2746 926 inter
2775 883 3108 941 cognoscere
3141 880 3197 930 et
3221 871 3432 942 timere,
3459 882 3518 930 ut
3545 888 3611 940 eo

2017 972 2376 1030 revertamur.
2407 962 2648 1033 Denique
2677 962 2957 1033 Evangelii
2982 963 3144 1028 lectio
3169 964 3367 1032 docere
3391 983 3490 1030 ttos
3511 967 3609 1032 de-

2015 1055 2127 1116 bet.
2168 1056 2256 1122 Ait
2285 1054 2431 1123 enim
2478 1055 2738 1123 Dominus
2780 1056 2844 1116 ad
2883 1070 2977 1112 eos
3007 1058 3099 1128 qui
3146 1057 3442 1126 credebant
3467 1058 3517 1122 ei
3543 1074 3606 1115 ex

2015 1148 2216 1216 ludatis
2242 1166 2256 1204 :
2281 1147 2343 1214 Si
2366 1148 2658 1214 manseritis
2685 1148 2740 1204 in
2763 1150 2913 1213 verba
2941 1165 3075 1213 meo,
3105 1188 3119 1204 .
3153 1189 3169 1205 .
3206 1191 3220 1205 .
3253 1188 3269 1206 .
3300 1152 3611 1223 cognoscetis

2014 1244 2298 1311 ueritatem,
2333 1253 2381 1308 et
2406 1244 2596 1306 ueritas
2626 1242 2857 1300 liberabit
2885 1259 2972 1300 vos
3003 1242 3183 1314 (Joan.
3207 1259 3321 1309 vtu,
3339 1245 3400 1302 51
3423 1252 3472 1298 et
3493 1243 3607 1317 52).

2013 1337 2069 1393 Si
2113 1336 2456 1402 manseritis,
2491 1336 2685 1406 inquit,
2713 1336 3077 1407 cegnoscetis.
3110 1336 3276 1401 Vides
3302 1335 3426 1408 quia
3452 1353 3559 1400 non
3584 1352 3615 1392 a

2015 1427 2280 1499 principio
2308 1427 2482 1496 potuit
2508 1440 2842 1497 cognoscere
2862 1426 3192 1498 quicumque
3223 1427 3389 1490 Deum
3415 1428 3609 1491 timens

2013 1520 2238 1583 verbum
2266 1518 2384 1589 ejus
2404 1517 2630 1576 audivit.
2660 1517 2776 1576 Non
2805 1517 2980 1583 solum
3011 1527 3190 1584 autem
3215 1532 3322 1586 non
3353 1518 3494 1586 idem
3526 1526 3611 1588 est

2015 1616 2178 1678 timor
2203 1624 2258 1670 et
2281 1613 2548 1684 cognitio;
2573 1626 2765 1676 verum
2792 1612 2953 1676 etiam
2981 1626 3087 1668 non
3113 1611 3253 1675 idem
3280 1621 3365 1668 est
3391 1612 3525 1670 ﬁdes
3553 1620 3608 1674 et

2014 1706 2272 1776 cognitio.
2302 1704 2580 1775 Siquidem
2631 1703 2792 1774 etiam
2839 1703 3135 1777 Apostolus
3164 1703 3350 1760 docuit
3390 1703 3606 1768 diversa

309 1793 510 1852 mentis
535 1792 812 1864 animique
833 1792 1187 1860 descisceret.
1222 1793 1482 1850 Dominus
1500 1794 1718 1866 quidem
1743 1796 1908 1850 neve-
1938 1793 1985 1856 B
2013 1812 2134 1856 esse
2165 1811 2390 1865 munera
2422 1797 2739 1868 gratiarum.
2772 1795 2875 1864 Alii
2905 1795 3059 1865 enim,
3093 1795 3288 1867 inquit,
3315 1811 3404 1864 per
3436 1795 3609 1866 Spiri-

306 1897 391 1940 rat
420 1885 650 1952 fortem;
693 1885 788 1940 sed
817 1887 869 1942 in
911 1885 1004 1940 illo
1031 1885 1231 1950 docere
1273 1895 1435 1960 atque
1465 1887 1778 1946 examinare
1806 1901 1904 1953 nos

307 1977 515 2044 voluit,
550 1985 732 2042 utrum
761 1976 1060 2042 imitatures
1090 1977 1208 2046 ejus
1236 1991 1360 2040 esse
1387 1991 1689 2048 possemus.
1743 1977 1906 2039 Deni-

304 2085 413 2146 que
434 2079 487 2130 et
525 2069 802 2134 Abraham
855 2069 1108 2137 tentavit,
1135 2069 1349 2141 quando
1377 2070 1547 2130 ﬁlium
1589 2070 1735 2134 senis
1788 2072 1907 2126 uni-

304 2176 429 2226 cum
473 2162 578 2223 sibi
611 2162 770 2232 petiit
812 2162 1078 2228 immolari
1134 2159 1303 2234 (Gen.
1359 2179 1500 2231 xxn,
1544 2161 1640 2234 2).
1688 2163 1906 2220 Sciebat

306 2257 491 2336 utique
515 2267 755 2323 mentem
785 2257 1019 2321 Abrahte
1052 2275 1066 2311 :
1098 2257 1194 2316 sed
1215 2258 1393 2314 sciens
1419 2265 1590 2314 tentet
1622 2258 1902 2326 Dominus,

304 2351 445 2408 sicut
485 2348 667 2421 legisti
722 2349 776 2414 in
807 2348 1136 2422 Evangelio,
1187 2349 1308 2422 quia
1362 2365 1484 2404 cum
1518 2350 1903 2420 interrogasset

304 2443 569 2511 Dominus
606 2441 766 2506 .lesus
794 2440 1110 2512 discipulus,
1136 2451 1268 2512 quot
1305 2455 1469 2512 panes
1501 2441 1797 2513 haberent;
1850 2449 1906 2510 ct

305 2535 386 2604 illi
427 2533 877 2608 respondissent,
933 2537 1058 2607 quia
1104 2533 1344 2608 quinque
1383 2545 1594 2593 tantum
1643 2535 1904 2604 haberent

305 2641 496 2699 panes,
513 2627 632 2700 ipse
651 2628 727 2690 ait
744 2645 756 2684 :
774 2625 952 2696 alQuid
976 2625 1235 2690 faciemus
1260 2628 1400 2684 inter
1418 2635 1595 2684 tantos
1615 2625 1901 2692 homines?

305 2720 412 2775 hoc
458 2731 642 2777 autem
675 2721 890 2776 dicebat
933 2731 1147 2788 tentans
1172 2737 1299 2787 eos;
1340 2721 1546 2776 sciebat
1596 2721 1740 2780 enim
1771 2721 1900 2792 quid

303 2812 549 2876 facturus
600 2822 749 2878 esset
800 2812 1082 2886 (Joan.vr,
1119 2812 1223 2868 Set
1253 2811 1328 2883 6).
1355 2811 1457 2880 Qui
1509 2811 1716 2888 109']
1772 2825 1902 2881 ergo

298 2908 477 2976 justus
525 2915 643 2982 est,
676 2907 925 2972 examine
971 2907 1198 2982 justitite
1246 2921 1360 2962 suae
1413 2905 1587 2962 erodit
1631 2905 1754 2976 quia
1806 2905 1901 2962 Dei

296 2999 448 3072 justa
487 3000 692 3072 judicia
743 3008 872 3064 sunt
909 3017 922 3054 :
954 3000 1042 3062 vel
1091 2999 1392 3064 secundum
1442 2998 1727 3068 Grteeum,
1775 3000 1899 3069 quia

307 3093 404 3160 Dei
423 3094 628 3170 judicia.
655 3103 783 3158 sunt
808 3096 921 3166 ipsa
946 3094 1172 3165 iustitia.

2009 1900 2116 1956 tum
2147 1889 2301 1954 datur
2329 1905 2494 1956 sermo
2525 1888 2791 1960 sapientia:
2811 1929 2826 1954 ,
2857 1887 2948 1956 alii
2975 1903 3140 1950 sermo
3166 1887 3394 1954 scientia:
3421 1904 3606 1958 secun-

2008 1985 2130 2051 dum
2172 1984 2407 2046 eumdem
2457 1981 2744 2056 Spiritum,
2776 1981 2866 2051 alii
2914 1981 3044 2050 fides
3088 1982 3142 2040 in
3185 1983 3361 2046 eodem
3406 1981 3609 2053 Spiritu

2009 2075 2051 2148 (i
2075 2074 2194 2132 Cor.
2221 2091 2316 2146 xu,
2341 2074 2373 2130 8
2401 2084 2447 2140 ct
2479 2075 2559 2146 9).
2590 2074 2647 2139 Si
2673 2087 2805 2145 ergo
2825 2072 2912 2146 alii
2942 2073 3076 2130 ﬁdes
3102 2073 3281 2142 datur,
3308 2074 3400 2140 alii
3421 2075 3606 2146 cogni-

2008 2167 2119 2233 tio;
2151 2169 2303 2226 vides
2343 2167 2468 2242 quia
2508 2167 2597 2236 ubi
2651 2166 2805 2236 ﬁdes,
2842 2183 2947 2224 non
2976 2167 3160 2232 statim
3207 2167 3484 2238 cognitio;
3515 2167 3604 2240 ubi

2005 2271 2186 2317 autem
2217 2261 2479 2335 cognitio,
2508 2269 2564 2333 et
2593 2260 2727 2321 ﬁdes
2752 2270 2836 2326 est
2862 2269 2918 2326 et
2946 2260 3258 2337 prudentia,
3297 2275 3400 2328 nec
3429 2261 3497 2335 ab
3538 2276 3604 2330 eo

2005 2366 2296 2423 possumus
2325 2352 2657 2428 diligentiam
2685 2366 2960 2429 separare,

2078 2445 2169 2508 52.
2214 2429 2432 2514 Habuit.
2461 2461 2589 2522 ergo
2619 2444 2986 2518 cognitionem
3035 2452 3257 2512 sanctus
3295 2443 3460 2502 David
3484 2487 3498 2512 ,
3529 2453 3606 2506 ut-

2007 2551 2132 2612 pote
2159 2541 2422 2615 propheta
2451 2537 2749 2614 perfectus;
2787 2536 3221 2612 quandoquidem
3256 2537 3331 2595 ita
3363 2536 3602 2607 perfecte

2005 2635 2280 2708 cognovit,
2312 2644 2367 2700 ut
2397 2633 2776 2696 humiliaretur
2804 2633 2855 2688 in
2886 2631 2997 2700 ipsa
3034 2629 3281 2686 veritate.
3314 2628 3441 2685 Sive
3471 2644 3601 2701 ergo

2004 2729 2061 2785 in
2090 2726 2333 2792 adversis
2363 2726 2590 2796 positus,
2621 2723 2842 2794 agnovit
2887 2720 3220 2794 probationis
3247 2719 3501 2794 gratiam,
3536 2736 3598 2778 ea

2004 2835 2125 2891 qua:
2147 2819 2423 2888 laboriosa
2447 2828 2501 2874 et
2540 2817 2767 2874 adversa
2809 2825 2937 2882 sunt
2963 2857 2978 2883 ,
3006 2813 3356 2880 sustinenda:
3391 2814 3598 2884 justum

2004 2920 2182 2966 autem
2201 2925 2322 2966 esse
2347 2909 2440 2964 Dei
2457 2909 2747 2979 judicium;
2775 2915 2829 2962 et
2851 2908 2971 2962 ideo
2992 2906 3129 2964 bene
3151 2915 3422 2970 certantes
3443 2921 3602 2972 num-

2002 3019 2162 3076 quam
2194 3001 2396 3067 deseri,
2422 3002 2503 3056 vel
2529 3000 2783 3071 relinqui,
2813 3009 2868 3054 et
2897 3011 3154 3058 coronam
3186 2998 3272 3066 his
3303 3005 3423 3075 post
3450 2996 3602 3052 labo-

2005 3110 2092 3152 res
2121 3110 2283 3170 posse
2303 3093 2500 3150 dcferri
2539 3112 2551 3149 :
2582 3095 2696 3150 sive
2724 3093 2777 3154 in
2808 3091 3064 3150 secundis
3089 3100 3142 3146 et
3185 3091 3462 3170 prosperis
3504 3106 3601 3167 po—

377 3188 468 3250 29.
511 3187 622 3245 Sed
654 3188 762 3244 hoc
788 3200 844 3248 ut
867 3197 1208 3261 agnosceret,
1245 3187 1369 3256 fecit
1407 3188 1685 3258 praemissa
1712 3201 1902 3258 preca-
1926 3178 1971 3240 C
2005 3189 2164 3256 situs,
2197 3187 2450 3258 cognovit
2481 3186 2643 3248 etiam
2687 3189 2716 3238 b.
2744 3184 2960 3241 divitias
2995 3198 3210 3262 regum,
3248 3183 3601 3258 diversasque

301 3283 414 3347 tio;
436 3281 698 3354 quoniam
722 3283 1058 3348 intellectum
1087 3281 1190 3348 sibi
1219 3280 1334 3344 dari
1359 3281 1626 3351 poposcit,
1658 3291 1716 3336 ut
1750 3293 1904 3336 man-

302 3373 428 3439 data
472 3375 566 3434 Dei
618 3373 878 3438 disceret.
919 3376 1152 3445 Accepta
1199 3384 1281 3430 est
1335 3387 1466 3443 ergo
1504 3373 1818 3440 intellectus
1849 3380 1904 3432 et

301 3467 634 3536 cognitionis
659 3466 870 3538 gratia,
900 3465 1116 3538 agnovit
1166 3465 1311 3536 justa
1356 3479 1479 3520 esse
1522 3465 1616 3529 Dei
1655 3464 1895 3536 judicia:

298 3572 603 3627 agnoscere
623 3567 806 3622 autem
845 3556 1068 3628 perfecti
1091 3565 1195 3614 est.
1225 3555 1464 3627 Denique
1506 3555 1647 3620 aliud
1679 3564 1760 3610 est
1785 3570 1902 3610 cre-

300 3650 457 3716 dere,
487 3648 635 3706 aliud
666 3662 983 3719 agnoscere.
1018 3647 1178 3716 Fides
1200 3647 1461 3719 timentis,
1487 3647 1689 3718 agnitio
1712 3655 1795 3704 est
1815 3661 1900 3702 sa-

300 3743 524 3813 pientis.
587 3741 689 3809 Qui
743 3740 887 3796 enim
945 3741 1138 3806 timet,
1186 3741 1451 3795 rationem
1499 3754 1604 3793 non
1660 3740 1894 3809 quierit:

300 3835 526 3906 sapiens
553 3845 735 3900 autem
763 3844 817 3890 et
849 3833 1178 3906 agnitionem
1207 3848 1394 3895 eorum
1423 3833 1729 3905 investigat,
1750 3848 1898 3902 qua:-

298 3939 538 4000 cumque
560 3924 845 4000 percipere
867 3923 1162 3991 desiderat.
1192 3922 1427 3991 Credidi,
1464 3924 1660 3994 inquit,
1693 3932 1900 3995 propter

298 4017 439 4090 quod
465 4017 672 4080 locutus
700 4032 815 4080 sum
842 4015 1014 4088 (Prol.
1048 4032 1173 4083 cxv,
1199 4016 1252 4087 1)
1280 4035 1293 4072 :
1324 4017 1575 4088 cognovit
1600 4024 1782 4072 autem
1817 4016 1900 4085 ille

302 4107 555 4180 telligens
585 4107 731 4179 quod
760 4108 972 4174 locutus
993 4116 1097 4172 est.

378 4199 466 4255 50.
510 4199 568 4254 In
597 4214 706 4270 quo
741 4214 872 4274 ergo
903 4198 1048 4278 justa
1075 4198 1276 4272 judicia
1308 4199 1402 4268 Dei
1436 4198 1604 4264 sunt?
1633 4198 1768 4266 Quia
1804 4212 1899 4276 per

303 4292 539 4370 labores,
578 4303 633 4349 et
667 4293 1065 4362 tribulationes,
1116 4303 1171 4354 et
1221 4292 1546 4364 amictiones
1575 4294 1642 4360 ad
1676 4292 1899 4350 caeleste

299 4385 584 4454 priemium
618 4385 955 4456 pervenitur.
991 4384 1142 4441 Sicut
1181 4385 1325 4452 enim
1358 4385 1695 4452 certantibus
1723 4384 1899 4454 athle-

298 4475 376 4532 tis
429 4491 633 4533 corona
694 4475 938 4532 deiertur
975 4478 1125 4552 justo
1162 4477 1366 4549 judicio
1425 4477 1703 4546 hominum
1759 4495 1772 4544 :_
1820 4477 1892 4546 ita

2007 3296 2316 3350 successus,
2351 3280 2665 3346 tentationis
2686 3293 2846 3356 causa
2890 3280 3069 3336 solere
3113 3287 3436 3356 suppetere;
3475 3287 3531 3332 ut
3558 3277 3602 3343 is

2003 3373 2093 3448 qui
2139 3371 2220 3436 his
2261 3372 2452 3440 utitur,
2503 3386 2684 3439 rerum
2736 3369 3101 3448 prosperitate
3149 3377 3402 3426 tentetur.
3438 3368 3491 3434 In
3534 3382 3601 3426 eo

2004 3463 2169 3536 igitur
2194 3462 2454 3538 propheta
2477 3461 2638 3528 David
2667 3460 2986 3528 laudandus,
3011 3461 3136 3534 quia
3159 3475 3281 3528 cum
3301 3460 3403 3522 ista
3429 3473 3598 3529 agno-

2002 3564 2202 3634 sceret,
2238 3556 2450 3635 1093
2475 3554 2884 3618 ltnmiliabatnr;
2917 3562 2974 3616 ut
3003 3551 3307 3617 humilitate
3343 3567 3437 3607 sua
3460 3594 3476 3620 ,
3510 3551 3598 3618 vel

2001 3666 2382 3722 prosperorum
2416 3647 3105 3718 excluderettentamenta,
3125 3646 3209 3704 vel
3241 3645 3590 3715 adversttruut

2001 3741 2208 3808 subiret
2233 3741 2503 3803 constanti
2535 3739 2936 3812 mqnanitnitate
2965 3738 3325 3802 tolerantiam.

2071 3834 2158 3898 55.
2187 3830 2302 3886 Νοιι
2322 3846 2450 3908 ergo
2469 3843 2796 3900 magnopere
2823 3828 3103 3894 laudabilis
3125 3836 3268 3884 esset
3291 3827 3558 3896 Propheta
3575 3869 3589 3892 ,

2000 3925 2047 3979 si
2079 3923 2320 3988 laudaret
2345 3921 2542 3994 judicia
2576 3920 2692 3988 Dei,
2727 3935 2854 3974 usus
2886 3917 3161 3980 afﬂuentia
3193 3915 3585 3980 secundorum.

2000 4014 2138 4084 Quid
2171 4015 2314 4080 enim
2349 3997 2606 4083 ’maguum
2640 4010 2888 4081 facimus,
2919 4012 2963 4066 si
3001 4010 3217 4096 quando
3248 4011 3299 4076 in
3338 4010 3594 4064 secundis

2000 4123 2208 4184 sumus,
2244 4106 2530 4174 laudamus
2559 4106 2727 4170 Deum
2750 4147 2763 4174 ,
2793 4105 3009 4176 quando
3047 4104 3101 4160 in
3135 4103 3346 4168 divitiis
3379 4118 3597 4172 sumus,

2001 4200 2218 4271 quando
2251 4199 2417 4270 nullis
2462 4213 2724 4268 vexamur
2754 4196 3007 4268 injuriis?
3047 4197 3183 4264 Illud
3220 4205 3304 4263 est
3349 4194 3598 4265 magnifi-

2001 4308 2148 4375 cum,
2183 4295 2226 4360 si
2295 4293 2573 4380 subjeotus
2599 4291 2848 4364 injuriis,
2880 4291 3242 4362 contumeliis
3269 4333 3283 4359 ,
3335 4289 3596 4364 judicium

2005 4387 2098 4441 Dei
2127 4385 2334 4466 laudes,
2357 4387 2401 4456 si
2435 4396 2659 4454 vexatus
2701 4383 3049 4460 aegritudine,
3077 4383 3278 4454 judicia
3339 4383 3431 4444 Dei
3459 4397 3600 4452 prte-

2003 4479 2185 4546 dices;
2233 4481 2278 4547 si
2317 4489 2367 4533 te
2399 4478 2578 4548 inopia
2615 4492 2722 4542 non
2756 4485 3005 4548 revocet,
3062 4474 3352 4546 quominus
3410 4472 3600 4538 laudes

296 4568 540 4637 legitime
564 4567 901 4623 certantibus
925 4553 1249 4624 Christianis
1277 4567 1461 4622 divino
1483 4569 1690 4640 judicio
1721 4569 1894 4642 palma
1927 4567 2265 4640 Djustitiam
2313 4570 2428 4624 Dei.
2463 4569 2603 4650 Ergo
2629 4582 2848 4639 semper
2889 4566 3158 4632 laudanda
3219 4575 3344 4620 sunt
3393 4564 3601 4636 judicia

294 4659 640 4722 decernitur.
687 4659 942 4724 Vincenti,
987 4661 1182 4740 inquit,
1229 4661 1362 4715 dabo
1405 4660 1581 4716 sedere
1622 4678 1817 4716 mecum
1845 4663 1900 4730 in

293 4753 419 4809 sede
445 4771 560 4809 mea
586 4755 773 4825 (Apoc.
798 4770 875 4819 ιιι,
905 4754 1021 4827 21).
1048 4755 1166 4823 Vita
1191 4770 1321 4826 ergo
1345 4765 1529 4811 nostra
1555 4757 1901 4824 examinator

293 4846 448 4916 igne,
478 4846 622 4900 sicut
643 4845 904 4922 splendor
931 4847 1170 4918 argenti;
1201 4857 1258 4903 ut
1289 4848 1466 4911 virtus
1511 4847 1898 4917 certaminibus

294 4937 655 5008 approbetur,
677 4925 1060 5005 Trgnsivimu‘s,
1086 4937 1284 5008 inquit,
1313 4955 1404 5009 per
1428 4939 1596 5012 ignem
1617 4948 1664 4995 et
1686 4955 1894 5014 aquam,

292 5035 348 5082 et
374 5027 625 5082 induisti
665 5043 759 5082 nos
810 5029 866 5081 in
910 5029 1239 5101 refrigerium
1269 5028 1442 5101 (Pani.
1477 5045 1604 5095 va,
1635 5029 1746 5104 1-1).
1794 5030 1902 5087 Per

293 5121 417 5177 hate
447 5123 614 5194 igitur
635 5136 766 5180 vera
789 5122 987 5194 judicia
1015 5132 1102 5178 tua
1134 5138 1255 5178 esse
1296 5124 1542 5193 cognovi.
1577 5123 1902 5180 Hutniliatus

289 5214 443 5270 enim
472 5201 619 5282 eum,
655 5225 713 5281 ut
743 5215 859 5270 hare
887 5215 1160 5282 viderem;
1188 5216 1313 5290 quia
1344 5217 1376 5272 ii
1403 5217 1492 5290 qui
1524 5216 1741 5285 exaltati
1776 5226 1901 5284 sunt

289 5304 490 5374 carde,
512 5307 705 5361 oculos
726 5307 791 5362 ad
825 5307 1104 5362 veritatem
1129 5308 1341 5378 aperire
1363 5323 1468 5362 non
1500 5317 1745 5378 possunt.
1766 5307 1899 5363 Cum

288 5411 479 5456 autem
508 5400 887 5468 bumiliamur,
919 5411 1139 5472 peccata
1175 5410 1362 5458 nostra
1403 5402 1802 5472 cognoscimus,
1847 5414 1901 5458 et

373 5551 597 5634 _'__Ro_m_.
629 5551 790 5634 edit"
822 5552 960 5634 Quid
988 5557 1272 5634 nuntiiiter
1323 5565 1492 5622 tanta;
1533 5555 1804 5634 homines?
1829 5555 1902 5634 li}:

287 5623 526 5710 subjecit
565 5624 621 5692 in
662 5623 996 5710 Evangelia“:
1023 5641 1042 5710 ξ
1071 5625 1188 5695 lter
1202 5637 1469 5698 artemo"
1493 5629 1726 5696 rauenna
1746 5629 1901 5705 iustis

433 5711 550 5842 eis;
577 5704 789 5776 agnovit
815 5704 955 5778 quia,
981 5707 1090 5764 etc.
1227 5772 1239 5787 .
1487 5773 1496 5786 '
1534 5772 1545 5788 ο
1574 5774 1584 5787 ⁸
1750 5704 1754 5705 ί

460 5859 465 5861 Α
539 5777 601 5829 ιι.
640 5781 872 5849 omnes,
915 5783 977 5826 ac
1018 5785 1150 5830 mss.
1171 5772 1394 5861 aliquot,
1443 5773 1642 5836 divum
1679 5789 1851 5861 rerum
1877 5815 1892 5844 ,

2010 4661 2144 4728 Dei,
2177 4661 2317 4716 sicut
2360 4660 2618 4740 scriptum
2669 4667 2754 4714 est
2780 4675 2796 4711 :
2826 4657 3230 4726 Exsultaverunt
3277 4657 3404 4734 ﬁlice
3447 4654 3604 4711 Judrv

2007 4754 2436 4828 propterjudicia
2479 4752 2615 4824 tua(
2648 4750 2793 4806 Psal.
2843 4766 2991 4805 vau
3024 4792 3038 4816 ,
3093 4749 3160 4819 12
3283 4748 3414 4818 Quae
3476 4758 3604 4803 sunt

2007 4845 2133 4900 filiae
2161 4845 2334 4912 Judze,
2369 4845 2470 4900 nisi
2506 4845 2704 4912 animae
2732 4843 3004 4913 religiosae
3035 4885 3048 4910 ,
3099 4845 3294 4899 animae
3339 4841 3601 4897 Ecclesiae

2007 4953 2129 5012 quae
2168 4939 2353 5009 Jesum
2396 4937 2674 5008 Christum
2727 4937 3016 4991 Dominum
3081 4935 3431 5000 conﬁtentur,
3479 4948 3602 5002 qua:

2009 5033 2257 5088 videntes
2287 5033 2552 5088 rationem
2578 5030 2908 5100 judiciorum
2961 5041 3200 5094 tuorum,
3233 5042 3452 5100 semper
3502 5042 3598 5080 ex-

2010 5125 2259 5180 sultant?
2306 5125 2406 5192 Qui
2444 5125 2589 5179 enim
2620 5137 2726 5190 non
2765 5137 2830 5177 ex
2862 5122 3043 5196 aliquo
3073 5120 3439 5176 secundorum
3477 5135 3602 5189 pro-

2011 5227 2194 5290 ventu,
2249 5217 2344 5272 sed
2373 5233 2436 5273 ex
2495 5216 2807 5288 cognitione
2837 5216 3070 5286 rationis
3106 5215 3283 5270 induit
3313 5215 3555 5269 laetitiam
3584 5233 3598 5283 ;

2009 5327 2117 5378 non
2165 5311 2270 5382 nisi
2301 5312 2352 5365 in
2400 5311 2768 5381 exsultatione
2819 5317 3081 5380 perpetua
3120 5309 3453 5377 constitutus
3494 5317 3600 5364 est.

2079 5403 2170 5458 ὄις
2213 5401 2407 5472 (Vera.
2443 5403 2531 5458 76.
2584 5401 2884 5474 )Sequitur
2936 5415 3126 5456 versus
3155 5409 3382 5470 quartus
3409 5416 3428 5454 :
3477 5398 3598 5454 Fiat

2008 5561 2276 5630 variosque
2298 5578 2558 5618 successus
2585 5561 2878 5618 tentationis
2905 5577 3089 5617 causas
3111 5561 3402 5632 (nonnulli,
3421 5564 3597 5627 causa)

2006 5634 2169 5710 gelare
2189 5632 2603 5710 suppetere._Alii
2632 5633 2913 5693 nobiseum
2943 5634 3143 5703 faciunt
3157 5676 3171 5704 ,
3199 5644 3428 5707 excepto
3446 5634 3591 5710 quod

2008 5705 2168 5780 Vind.
2198 5705 2358 5784 legit,
2384 5706 2588 5766 divitias
2611 5745 2625 5774 ,
2653 5721 2868 5794 regnum
2887 5745 2904 5775 ,
2935 5715 3040 5764 etc.
