3948 6304
404 296 542 354 iw

1745 290 1993 349 SANCTI
2029 291 2358 351 AMBROSII

3559 293 3699 350 1514

399 428 539 468 nunc
565 411 920 467 misericordia
965 421 1057 466 tua
1109 418 1166 464 ut
1215 409 1512 464 exhortetur
1558 425 1658 476 me,
1716 408 2000 462 secundum
2027 415 2081 477 Α
2107 408 2270 480 nique
2299 407 2404 464 Job
2430 408 2556 466 licet
2609 408 2852 479 graviter
2887 409 3230 480 ﬂagellatus.
3259 385 3566 482 etquidem
3605 411 3703 466 lla-

400 491 621 559 verbum'
642 512 790 557 tuum
815 516 959 558 servo
987 510 1094 555 tuo.
1124 499 1308 570 Aliqui
1354 498 1560 554 habent
1597 499 1651 553 in
1683 497 1786 554 hoc
1842 497 1997 554 loco:

404 594 713 652 Consotetur
733 610 831 648 me.
865 592 971 650 Sed
989 596 1154 648 etiam
1179 592 1233 648 in
1261 591 1525 662 Apostolo
1546 592 1780 662 legimus
1801 589 2006 646 exhor-

403 686 663 745 tationem
695 699 796 755 pro
819 683 1195 740 consolatione
1221 681 1446 751 dictam,
1478 690 1534 738 et
1560 681 2002 738 consolationem

402 793 504 850 pro
555 776 944 833 exhortatione
977 775 1050 846 (ll
1081 775 1206 830 Cor.
1252 792 1303 844 ι,
1360 777 1395 830 4
1445 785 1491 832 et
1539 773 1642 847 6).
1676 775 1870 846 Magna
1922 784 2007 831 est

402 886 537 943 ergo
565 869 942 927 misericordia
989 869 1130 936 Dei,
1187 884 1310 941 qua:
1343 885 1450 924 non
1491 871 1669 924 solum
1728 868 2008 924 remissio-

405 981 529 1023 nem
591 965 783 1020 tribuit
825 973 1221 1036 peccatorum;
1292 962 1390 1018 sed
1448 962 1612 1018 etiam
1664 961 2007 1018 certantibus

402 1057 629 1114 adhibet
650 1057 1050 1115 exhortationis
1099 1055 1376 1121 calcaria,
1431 1071 1501 1110 ne
1536 1054 1780 1124 suscepti
1823 1060 2004 1108 certa-

412 1153 577 1209 minis
639 1152 926 1222 passiones
998 1149 1204 1205 imbelli
1252 1147 1544 1205 formidine
1603 1147 2008 1217 derelinquant.

407 1243 525 1306 Non
549 1257 684 1314 ergo
714 1240 1175 1308 misericordiam,
1218 1241 1374 1311 quasi
1406 1240 1454 1294 is
1489 1239 1583 1310 qui
1603 1240 1778 1294 victus
1807 1237 1963 1294 cedat
1993 1279 2008 1305 ,

409 1345 435 1374 ει
481 1343 577 1392 aut
603 1344 663 1391 ut
686 1334 860 1390 venite
888 1342 1160 1405 precator,
1197 1334 1488 1402 implorat;
1531 1330 1626 1386 sed
1657 1338 1718 1385 ut
1760 1329 1855 1385 Dei
1904 1329 2009 1383 mi-

409 1429 692 1486 seratione
718 1427 1052 1490 succinctus,
1082 1426 1290 1496 majora
1324 1424 1531 1479 viribus
1587 1431 1739 1478 tanto
1786 1436 2012 1477 munere

413 1522 579 1577 fultus
623 1520 899 1590 expediat.
933 1517 1223 1589 Egregiam
1255 1526 1311 1573 et
1337 1515 1669 1587 singularem
1717 1513 2012 1586 Propheta:

405 1622 650 1684 spectato
680 1611 961 1670 virtutem.
995 1609 1150 1664 Alius
1190 1608 1338 1664 enim
1379 1607 1700 1663 humiliatus
1747 1607 2010 1662 aerumnis

406 1717 658 1778 posceret
688 1746 704 1773 ,
751 1716 812 1762 ut
875 1707 1019 1762 circa
1064 1721 1188 1761 eum
1251 1714 1584 1761 tentamenta
1644 1703 2006 1767 desinerent,

2103 501 2261 572 gellis
2277 501 2524 572 plurimis
2552 502 2778 572 inopiae,
2803 502 3114 559 amissionis
3136 501 3392 568 ﬁliorum,
3421 501 3704 559 doloribus

2105 595 2375 664 corporis,
2403 595 2717 666 approbriis
2746 595 3044 652 amicorum
3076 612 3090 662 ;
3119 595 3498 653 consolatione
3521 607 3703 654 tamen

2105 685 2302 742 fruitur
2329 695 2554 744 mterna.

2178 781 2264 838 56.
2310 781 2457 853 Ergo
2503 791 2706 853 quanto
2751 784 2987 854 majores
3023 783 3403 840 tribulationes
3460 783 3662 840 fuerint
3689 823 3706 850 ,

2109 880 2258 927 tanto
2289 874 2509 930 uberior
2532 875 2840 932 consolatio
2881 885 3220 932 reservatur.
3276 877 3345 932 Et
3405 887 3585 932 tamen
3639 893 3711 932 ne

2109 965 2274 1023 cadas
2302 975 2465 1035 atque
2500 968 2847 1035 succumbas,
2879 979 3084 1039 quanto
3115 969 3352 1038 majores
3375 970 3709 1024 tentationes

2109 1059 2332 1126 videris,
2368 1069 2517 1115 tanto
2545 1061 2716 1132 magis
2749 1076 2875 1132 roga
2906 1061 3144 1118 Verbum
3178 1061 3313 1129 Dei,
3353 1071 3410 1117 ut
3451 1060 3713 1118 adhorta-

2109 1152 2311 1208 tionem
2340 1153 2438 1208 tibi
2468 1152 2658 1208 all‘erat
2683 1171 2696 1206 :
2735 1153 2876 1209 sicut
2905 1154 3131 1224 rogavit,
3166 1165 3222 1209 et
3254 1155 3453 1210 Paulus
3476 1155 3665 1226 qniait
3695 1174 3709 1210 :

2110 1243 2419 1298 Benedictus
2444 1243 2583 1298 Deus
2618 1253 2665 1299 et
2696 1244 2857 1300 Pater
2887 1243 3098 1299 Domini
3127 1246 3289 1300 nostri
3314 1246 3444 1301 Jesu
3488 1245 3710 1314 Christi,

2115 1333 2277 1389 Pater
2315 1335 2809 1401 misericordiarum,
2834 1345 2880 1390 et
2910 1333 3054 1390 Deus
3095 1336 3263 1390 omnis
3316 1337 3712 1403 consolationis,

2121 1427 2210 1498 qui
2236 1443 2330 1481 nos
2355 1428 2654 1482 exhortatur
2671 1429 2728 1482 in
2749 1430 2888 1482 omni
2917 1430 3156 1500 angustia
3179 1445 3200 1494 ;
3244 1439 3299 1484 ut
3349 1431 3605 1500 possimus
3653 1441 3703 1483 et

2111 1518 2214 1589 ipsi
2249 1519 2506 1574 consolari
2534 1536 2652 1588 eos,
2704 1521 2792 1591 qui
2823 1530 2943 1574 sunt
2969 1521 3023 1574 in
3052 1521 3193 1574 onmi
3239 1520 3591 1588 tribulatione,
3622 1537 3719 1594 per

2111 1610 2514 1666 exhortationem
2539 1627 2642 1683 qua
2669 1621 2716 1666 et
2741 1612 2839 1684 ipsi
2866 1611 3185 1668 advocamur
3213 1629 3245 1666 a
3275 1611 3420 1680 Deo;
3463 1613 3719 1685 quoniam

2113 1703 2243 1756 sicut
2271 1702 2531 1757 abundant
2561 1703 2823 1772 passiones
2837 1702 3031 1759 Christi
3057 1705 3112 1759 in
3138 1706 3304 1771 nobis,
3330 1707 3402 1760 ita
3427 1721 3517 1775 per
3530 1704 3720 1764 (ἰὴτὶετ

405 1808 460 1854 et
505 1798 704 1853 sedare
751 1797 1013 1854 Dominus
1045 1799 1276 1852 adversa
1315 1795 1632 1867 dignaretur
1662 1836 1677 1860 ,
1727 1809 1798 1849 ne
1839 1793 2013 1848 tribu-
2042 1796 2090 1856 B
2118 1805 2228 1848 tum
2277 1794 2504 1849 abundat
2549 1797 2703 1849 etiam
2769 1795 3056 1850 consolatio
3101 1795 3193 1867 (ll
3223 1795 3347 1854 Cor.
3383 1813 3397 1852 t
3428 1838 3442 1865 ,
3493 1797 3527 1852 5
3558 1825 3578 1836 ο
3606 1799 3642 1853 5
3675 1798 3718 1868 ).

404 1891 672 1946 lationum
705 1889 944 1960 procella
975 1889 1028 1944 in
1059 1903 1186 1944 eum
1214 1887 1467 1953 saeviret;
1519 1886 1625 1942 iste
1664 1895 1845 1941 autem
1867 1894 2006 1942 tam-

409 1999 572 2056 quam
613 1983 820 2038 athleta
851 1983 1011 2038 fortis
1040 1991 1096 2038 et
1125 1983 1368 2053 patiens,
1429 1989 1457 2027 ιι
1503 1981 1596 2052 qui
1660 1980 1907 2036 exerceri
1953 1987 2011 2034 et

408 2082 538 2152 ungi
590 2080 830 2136 animam
885 2093 1040 2134 suam
1095 2076 1543 2134 tribulationibus
1604 2086 1838 2141 nosset,
1899 2089 2009 2129 non

410 2173 584 2229 triatia
624 2171 926 2237 dimovere,
969 2185 1081 2226 non
1123 2168 1498 2240 impugnantia
1529 2166 1806 2224 declinare
1863 2165 2012 2222 desi-

410 2266 588 2334 derat,
632 2280 743 2321 non
769 2281 932 2321 omne
959 2263 1096 2320 illud
1127 2264 1406 2331 desinere,
1437 2261 1587 2335 quod
1635 2259 2008 2332 fatigationem

411 2371 469 2417 et
495 2361 740 2417 laborem
772 2360 1031 2427 all‘crret,
1070 2357 1353 2430 exposcit;
1382 2354 1480 2413 sed
1502 2355 1676 2426 magis
1695 2353 1748 2408 in
1765 2361 2011 2424 tempore

412 2453 618 2509 laboris
647 2455 732 2509 sui
758 2453 1025 2510 adversus
1063 2451 1425 2508 tentationum
1455 2448 1723 2521 procellas
1749 2447 1868 2503 dari
1907 2446 2041 2502 sibi-

412 2546 637 2602 verbum
665 2546 1062 2602 consolationis
1097 2543 1388 2616 exposcit;
1437 2550 1497 2599 ut
1520 2543 1696 2614 possit
1735 2539 1863 2598 forti
1889 2557 2010 2612 quas

410 2641 735 2712 ingeruntur
774 2648 959 2695 mente
983 2639 1245 2704 tolerare,
1272 2653 1340 2692 ne
1369 2637 1546 2707 aliqua
1578 2635 1856 2692 mmstitize
1880 2650 2007 2705 per-

412 2731 721 2787 turbatione
744 2732 997 2788 lassetur.
1032 2729 1090 2786 In
1133 2746 1200 2785 eo
1230 2729 1393 2800 igitur
1424 2729 1676 2782 obsecrat
1701 2727 2010 2783 misericor-

415 2823 561 2876 diam
603 2822 721 2889 Dei,
754 2839 822 2878 ne
845 2823 1047 2877 auxilio
1073 2822 1369 2878 destitutus
1398 2819 1750 2891 expediendi,
1773 2829 2007 2890 emptam

417 2915 666 2972 militiam
707 2916 1073 2986 derelinquat.

483 3009 574 3063 55.
619 3007 869 3078 Denique
897 3007 1337 3064 adhortationem
1380 3006 1580 3062 divinae
1621 3021 1746 3062 esse
1794 3005 2010 3061 miseri-

410 3101 637 3168 cor-dite,
667 3100 892 3157 evidens
949 3099 1327 3156 testimonium
1386 3099 1586 3164 docet;
1631 3097 1803 3169 Moysi
1861 3098 2007 3152 enim

2113 1888 2281 1944 'l‘anta
2316 1888 2372 1943 vi
2428 1889 2754 1959 Apostolica:
2807 1891 3082 1961 petitionis
3107 1903 3296 1963 rogat,
3353 1902 3411 1948 ttt
3461 1893 3721 1949 consola-

2111 1981 2313 2035 tionem
2339 1980 2569 2052 accipiat
2597 1995 2626 2034 a
2657 1980 2887 2036 Domino
2933 1980 2989 2036 in
3037 1982 3184 2038 omni
3207 1981 3576 2050 tribulatione,
3609 1999 3725 2054 quo

2112 2085 2220 2126 non
2246 2069 2421 2127 solum
2481 2072 2596 2140 ipse
2639 2070 2828 2126 induat
2887 2071 3268 2140 tolerantiam;
3312 2088 3501 2129 verum
3555 2075 3723 2130 etiam

2111 2161 2250 2216 alios
2279 2162 2616 2228 consoletur,
2648 2173 2708 2218 ut
2749 2173 2805 2219 et
2836 2163 2937 2234 ipsi
2995 2164 3205 2233 possint
3236 2165 3469 2236 propriae
3517 2167 3725 2222 mentis

2113 2254 2390 2324 angustias
2442 2257 2732 2312 sustinere.
2777 2257 2834 2312 Si
2875 2257 3039 2328 igitur
3067 2259 3182 2330 ipse
3210 2259 3263 2314 in
3310 2259 3461 2314 omni
3492 2259 3720 2316 tribula-

2115 2345 2261 2401 tione
2279 2345 2506 2402 idoneus
2528 2346 2695 2402 fueris
2737 2347 3088 2418 approbatns,
3114 2357 3242 2404 tunc
3269 2347 3488 2404 demum
3523 2349 3725 2419 dignus

2111 2437 2242 2506 eris,
2275 2439 2366 2509 qui
2396 2439 2838 2496 consolationem
2903 2440 3140 2510 accipias
3203 2440 3258 2496 in
3289 2441 3440 2497 omni
3497 2441 3723 2497 tribula-

2114 2532 2281 2588 tione.
2317 2532 2384 2587 Et
2416 2540 2592 2588 tamen
2625 2543 2646 2571 ο
2678 2548 2784 2589 non
2814 2535 2994 2590 omnis
3039 2534 3226 2606 passio
3271 2533 3431 2605 digna
3469 2535 3726 2592 consola-

2113 2623 2261 2680 tione
2312 2633 2395 2680 est
2427 2641 2439 2678 :
2470 2624 2565 2680 sed
2617 2642 2739 2696 quae
2796 2627 2980 2698 passio
3012 2641 3110 2697 per
3137 2625 3414 2682 Christum
3442 2637 3548 2696 est,
3600 2625 3726 2684 bree

2113 2717 2543 2774 consolationem
2575 2717 2775 2774 Christi
2802 2731 3063 2774 meretur.

2185 2813 2274 2867 57.
2316 2812 2551 2868 Pulchre
2604 2824 2785 2869 autem
2835 2813 3093 2869 addidit:
3155 2813 3457 2870 Secundum
3509 2815 3724 2870 verbum

2113 2915 2259 2960 tuum
2279 2921 2428 2961 servo
2451 2917 2559 2962 tuo.
2584 2906 2706 2977 Ipse
2735 2907 2880 2962 enim
2938 2907 3198 2962 Dominus
3221 2921 3319 2978 pro
3348 2921 3449 2964 suo
3493 2907 3732 2965 nomine

2117 3000 2490 3069 praeliantibus
2517 3000 2778 3054 auxilium
2826 2999 3116 3070 pollicetur
3155 2999 3346 3055 dicens
3378 3016 3396 3055 :
3426 2997 3559 3054 Cum
3601 3017 3732 3070 ergo

2115 3093 2316 3147 tradent
2344 3108 2452 3158 vos,
2485 3093 2646 3146 nolite
2666 3093 2914 3163 cogitare,
2940 3093 3196 3164 quomodo
3235 3103 3324 3148 aut
3359 3093 3486 3164 quid
3549 3095 3734 3164 loqua-

410 3196 545 3252 dicit
594 3196 778 3253 Deus:
814 3194 1100 3250 Miserebor
1127 3195 1212 3248 cui
1258 3194 1495 3248 misertus
1519 3208 1609 3246 ero
1635 3233 1650 3259 ,
1701 3203 1751 3247 et
1800 3191 2005 3245 miseri-
2031 3175 2077 3239 C
2109 3183 2276 3238 mini:
2295 3182 2502 3237 dabitur
2548 3184 2683 3238 enim
2710 3183 2852 3238 vobis
2895 3183 2951 3236 in
2981 3183 3074 3238 illa
3097 3184 3228 3238 hora
3259 3183 3386 3254 quid
3417 3183 3730 3253 loquamini.

412 3291 642 3345 cordiam
664 3289 944 3361 praestabo,
967 3289 1050 3343 cui
1077 3287 1482 3342 misericordiam
1507 3285 1816 3356 priestitero.
1831 3282 2007 3354 Igitur

417 3400 521 3438 non
550 3392 626 3437 est
647 3383 888 3451 volentis,
918 3398 1080 3451 neque
1107 3382 1360 3436 currentis
1391 3422 1407 3448 ,
1453 3380 1542 3436 sed
1590 3379 1882 3435 miserantis
1910 3377 2010 3432 Dei

415 3487 490 3531 est
536 3473 736 3547 (Rom.
769 3490 847 3540 tx,
875 3475 943 3530 15
967 3483 1014 3529 et
1042 3474 1110 3530 16
1142 3473 1183 3546 ).
1244 3473 1414 3530 Forte
1450 3472 1637 3528 dicas:
1695 3471 1841 3543 Ergo
1901 3486 2008 3526 non

415 3569 702 3636 debemus,
733 3568 818 3624 vel
841 3567 1020 3634 velle',
1061 3567 1144 3623 vel
1176 3581 1433 3632 currere;
1490 3567 1640 3638 atqui
1673 3566 2010 3636 negligentes

419 3662 564 3718 Deus
592 3662 850 3718 deserere
895 3662 1198 3717 consuevit.
1249 3659 1368 3716 Non
1399 3676 1530 3731 ergo
1559 3661 1661 3716 hoc
1707 3659 1876 3725 dicit;
1915 3658 2011 3713 sed

416 3754 546 3825 quid
575 3754 719 3810 dicat
747 3753 1181 3811 consideremus.
1237 3752 1356 3808 Non
1388 3752 1654 3825 volentis,
1690 3767 1864 3823 neque
1888 3766 2014 3805 cur-

419 3849 592 3906 rentis
631 3847 872 3904 hominis
902 3847 1313 3919 perseverantia
1342 3854 1463 3914 est;
1496 3861 1612 3901 non
1637 3855 1720 3901 est
1767 3845 1914 3900 enim
1957 3845 2010 3900 in

420 3940 657 3996 hominis
680 3950 952 4010 potesmte
981 3980 997 4007 ,
1039 3938 1137 3994 sed
1166 3939 1477 3996 miserantis
1504 3938 1602 3994 Dei
1641 3946 1746 4003 est,
1780 3945 1839 3992 nt
1882 3951 2010 4008 pos-

417 4034 494 4088 sis
531 4031 808 4102 complere
838 4047 960 4102 qua:
998 4033 1252 4102 coeperis.
1310 4031 1552 4102 Denique
1592 4031 1790 4087 iterum
1841 4028 2013 4100 Moysi

420 4128 586 4183 dicit:
624 4126 761 4194 Quia
801 4128 854 4180 in
883 4129 979 4181 hoc
1008 4129 1180 4197 ipsum
1239 4137 1286 4182 te
1336 4129 1579 4183 suscitari
1606 4169 1622 4194 ,
1665 4137 1720 4181 ut
1749 4125 2015 4181 ostendam

420 4222 476 4275 in
505 4230 554 4274 te
577 4220 816 4274 virtutem
845 4235 1008 4274 meant
1057 4219 1250 4292 (lbid.,
1282 4220 1349 4274 17
1375 4220 1419 4291 ).
1473 4219 1685 4292 1099
1731 4220 2019 4292 Colligitur

420 4326 553 4382 ergo
591 4309 1029 4366 adhortationem
1069 4311 1270 4367 divina:
1300 4311 1692 4366 misericordia:
1744 4310 2016 4381 deputan-

421 4403 568 4460 dam.
612 4401 768 4459 Unde
793 4405 1079 4474 sequitur:
1135 4404 1276 4475 Ergo
1326 4405 1413 4458 cui
1456 4405 1565 4458 vult
1621 4405 1912 4470 miseretur,
1971 4415 2018 4458 et

421 4512 571 4568 quem
600 4497 709 4550 vult
733 4493 954 4550 obdurat
975 4494 1169 4566 (Ibid.,
1201 4496 1323 4566 l8).
1361 4495 1516 4552 Hunc
1539 4495 1829 4552 miseratus
1882 4494 2016 4550 hor-

2114 3275 2237 3331 Non
2259 3278 2393 3331 enim
2414 3293 2502 3331 vos
2536 3278 2658 3332 estis
2677 3277 2765 3348 qui
2792 3277 3084 3346 loquimini,
3119 3278 3209 3332 sed
3237 3275 3400 3332 Pater
3448 3293 3590 3332 meus
3640 3275 3736 3348 qui

2113 3370 2342 3440 loquitur
2359 3371 2412 3424 in
2431 3371 2570 3424 vobis
2595 3367 2814 3442 (Matth.
2845 3387 2900 3436 x,
2927 3371 2996 3426 19
3018 3380 3064 3426 et
3091 3370 3205 3441 20).
3258 3370 3402 3442 Ergo
3452 3386 3520 3426 ne
3559 3373 3740 3441 impa-

2112 3477 2200 3517 res
2226 3462 2399 3517 simus
2425 3462 2731 3528 certamini,
2760 3462 3001 3518 divinum
3054 3477 3271 3532 semper
3317 3479 3536 3520 oremus
3565 3468 3726 3522 auxi-

2114 3554 2268 3621 lium,
2293 3565 2351 3609 ut
2375 3554 2536 3610 nobis
2589 3555 2792 3611 tribuat
2831 3555 3292 3612 adhortationem.
3335 3555 3392 3612 Si
3447 3556 3594 3612 enim
3631 3558 3738 3612 ha-

2115 3649 2337 3704 beamus
2364 3662 2487 3703 eum
2519 3649 2608 3719 qui
2650 3663 2750 3703 nos
2798 3647 3140 3716 exhortetur,
3197 3661 3308 3704 non
3351 3646 3510 3705 facile
3570 3648 3734 3706 cedi-

2117 3757 2260 3797 mus.

2187 3836 2278 3891 38.
2319 3835 2573 3906 Plerique
2628 3846 2811 3892 autem
2858 3836 3098 3893 habent:
3135 3836 3238 3903 Qui
3266 3839 3560 3893 consoletur
3608 3855 3735 3906 nos,

2118 3942 2218 3983 nec
2237 3927 2495 3984 abhorret
2523 3945 2554 3985 a
2578 3944 2732 3984 vero.
2766 3929 3082 4000 Iustigantis
3108 3933 3254 3987 enim
3275 3931 3506 4002 aliquem
3526 3932 3734 3988 blanda

2116 4020 2363 4090 quasdam
2417 4030 2501 4076 est
2545 4021 2874 4088 exhortatio,
2905 4037 3028 4093 quas
3067 4033 3366 4080 certantem
3395 4023 3576 4080 studio
3610 4026 3732 4081 lau-

2119 4112 2201 4168 dis
2232 4115 2511 4181 accendat,
2544 4123 2598 4170 et
2638 4115 2787 4170 velut
2816 4116 3045 4186 quadam
3092 4117 3467 4173 consolatione
3503 4117 3730 4176 demul-

2117 4217 2276 4275 ceat;
2307 4224 2374 4264 ne
2401 4209 2647 4263 laborum
2672 4209 2966 4280 asperitate
2993 4219 3303 4267 revocetur.

2189 4311 2278 4368 '59.
2321 4309 2502 4383 (Vers.
2534 4309 2648 4380 77.)
2687 4308 2944 4382 Sequitur
2975 4326 3163 4369 versus
3191 4314 3445 4384 quintus:
3480 4313 3717 4373 Veniant

2119 4405 2248 4459 mihi
2277 4405 2631 4459 miserationes
2653 4412 2773 4470 tute,
2799 4413 2847 4458 et
2867 4405 3032 4460 vivam
3055 4422 3076 4472 ;
3101 4407 3346 4476 quoniam
3383 4407 3468 4461 lea:
3509 4418 3601 4462 tua
3629 4428 3744 4467 me-

2123 4497 2304 4553 ditatio
2330 4513 2442 4552 mea
2471 4507 2566 4550 est.
2589 4494 2686 4551 Cui
2712 4497 2798 4552 lex
2823 4497 2919 4553 Dei
2941 4497 3221 4554 meditatio
3243 4509 3344 4566 est,
3375 4499 3500 4555 huic
3529 4514 3741 4571 prtesto

424 4601 588 4657 tatur,
625 4590 775 4648 illum
800 4607 908 4647 non
932 4601 1154 4648 revocat
1182 4601 1522 4649 exsecratus.
1569 4592 1638 4648 Et
1679 4607 1807 4648 vere
1857 4592 2022 4647 mise-
2046 4567 2101 4628 Ῑ)
2125 4599 2252 4651 sunt
2299 4589 2710 4654 misericordiae,
2745 4599 2802 4644 ut
2838 4590 2982 4645 vivat
3022 4591 3076 4646 in
3105 4601 3393 4649 mternum.
3439 4592 3743 4660 Quomodo

418 4685 653 4740 ricordia
683 4695 767 4741 est
793 4685 892 4741 Dei
924 4696 1232 4743 nostrarum
1287 4687 1479 4743 militia
1535 4687 1848 4758 passionum
1877 4728 1892 4753 ,
1924 4702 2020 4758 per

423 4796 584 4851 quam
619 4781 775 4837 nobis
809 4791 1030 4852 peccata
1074 4783 1416 4837 minuuntur.
1477 4781 1727 4853 Denique
1780 4781 2022 4836 Lazarus

424 4888 648 4945 pauper,
678 4875 802 4946 quia
828 4876 882 4930 in
913 4877 1013 4930 hac
1033 4875 1140 4930 vita
1175 4875 1435 4930 toleravit
1463 4873 1606 4928 mala
1629 4873 2014 4944 complurima,

420 4966 474 5022 in
500 4969 708 5039 gremio
744 4968 975 5024 Abrahae
1023 4968 1260 5039 requiem
1314 4967 1707 5023 consolationis
1763 4966 2014 5034 invenit;

424 5059 516 5115 ille
557 5071 738 5116 autem
778 5061 951 5126 dives,
983 5061 1075 5132 qui
1101 5059 1537 5116 consolationem
1587 5057 1774 5114 habuit
1823 5058 1876 5113 in
1914 5071 2015 5112 sa:-

418 5154 564 5220 culo,
595 5163 720 5225 post
756 5155 1024 5211 curricula
1052 5155 1176 5210 vita:
1195 5155 1356 5225 hujus
1383 5155 1619 5210 fructum
1649 5153 1850 5226 quietis
1878 5141 2019 5208 ami-

422 5246 512 5301 sit.
552 5246 724 5314 Quem
751 5249 794 5303 si
837 5250 1128 5304 miseratus
1163 5255 1308 5303 esset
1343 5247 1516 5312 Deus,
1563 5247 1886 5317 castigasset
1914 5260 2015 5315 po-

423 5340 532 5395 tius
556 5339 610 5395 in
640 5339 744 5397 hoc
765 5341 997 5412 szeculo,
1028 5349 1084 5395 ut
1115 5349 1298 5412 postea
1333 5354 1442 5396 non
1487 5339 1878 5410 ﬂagellaretur.
1911 5337 2017 5394 De-

497 5493 524 5553 e
555 5484 663 5539 Sex
689 5495 820 5553 mss.
846 5523 862 5548 ,
892 5489 982 5535 aut
1008 5481 1208 5553 veniam
1238 5490 1476 5553 peccator
1497 5521 1512 5544 ,
1543 5479 1808 5553 implorat.

498 5552 528 5593 δ
571 5553 689 5610 Vet.
718 5551 850 5608 edit.
883 5567 1005 5606 cum
1029 5552 1220 5618 majori
1239 5550 1572 5622 scriptorum
1595 5550 1718 5606 end.
1749 5565 1975 5606 numero
2007 5567 2022 5618 ;

434 5624 535 5690 Qui
550 5625 770 5679 exerceri
798 5632 846 5678 et
872 5623 1008 5694 cingi
1020 5623 1247 5677 animum
1263 5639 1429 5677 suam.
1450 5623 1608 5678 Rom.
1635 5637 1756 5678 cum
1774 5622 2024 5694 reliquis,

433 5705 494 5748 ut
525 5694 589 5758 in
636 5707 888 5764 corpore.
944 5691 1193 5764 Utraque
1231 5703 1413 5764 autem
1438 5694 1694 5764 lectioex.
1715 5709 1880 5752 arena
1897 5691 2027 5764 pro-

431 5765 570 5819 facta
598 5775 700 5831 est,
733 5759 878 5832 quod
907 5762 1045 5829 apud
1078 5759 1419 5817 Ambrosium
1453 5759 1733 5819 familiare.

2123 4682 2267 4737 enim
2295 4681 2486 4737 beatus
2512 4682 2632 4753 quis
2653 4691 2830 4754 potest
2850 4698 2973 4740 esse
2994 4683 3114 4740 sine
3131 4685 3481 4742 miseratione
3502 4686 3692 4744 divina
3715 4692 3742 4743 ’ἔ

2121 4776 2433 4833 Beatus.....
2463 4787 2633 4832 autem
2656 4778 2744 4849 qui
2773 4780 2826 4832 in
2855 4776 3067 4833 Domini
3093 4778 3206 4852 lege
3233 4781 3316 4835 die
3358 4797 3418 4836 ac
3448 4791 3597 4836 nocte
3623 4798 3745 4837 me-

2123 4871 2319 4925 ditatur
2342 4869 2518 4940 (Psal.
2545 4885 2585 4938 1,
2619 4871 2645 4925 1
2675 4880 2725 4926 ει
2751 4868 2830 4941 2).
2865 4869 2972 4926 Sed
3016 4873 3107 4942 qui
3139 4872 3432 4928 meditatur
3478 4873 3532 4928 in
3561 4872 3743 4944 Lege,

2117 4963 2362 5020 eruditur
2405 4963 2460 5018 in
2491 4963 2674 5034 Lege:
2724 4971 2777 5018 et
2833 4977 2995 5031 quem
3032 4962 3143 5019 Lex
3198 4965 3410 5036 1100
3449 4965 3744 5034 erudierit,

2121 5057 2380 5112 Dominus
2411 5054 2664 5120 erudivit,
2713 5054 2803 5125 qui
2837 5054 3052 5110 locutus
3103 5056 3435 5127 cstLegcm.
3495 5057 3750 5129 Ideoque

2119 5149 2384 5219 scriptum
2413 5157 2497 5204 est
2524 5165 2538 5200 :
2566 5145 2757 5202 Beatus
2788 5163 2939 5218 quem
2962 5156 3018 5202 tu
3057 5148 3329 5214 erudieris,
3387 5147 3632 5214 Domine,
3696 5166 3750 5210 et

2120 5242 2184 5296 de
2204 5243 2312 5316 lege
2338 5251 2426 5295 tua
2455 5242 2694 5296 docueris
2738 5256 2852 5294 eum
2884 5239 3058 5310 (Psal.
3119 5256 3266 5306 xcm,
3302 5241 3415 5310 12).
3449 5241 3749 5301 Discamus

2119 5351 2272 5409 ergo,
2305 5343 2362 5391 et
2393 5349 2494 5390 nos
2517 5334 2570 5389 in
2603 5333 2746 5404 Lege
2768 5332 3044 5399 meditari,
3091 5349 3199 5388 non
3243 5349 3536 5390 avocemur
3562 5349 3752 5393 saecu-

2203 5489 2236 5556 ¢_
2269 5477 2416 5535 Edit.
2447 5487 2652 5556 antaac
2675 5491 2808 5556 mss:
2841 5476 2981 5556 haud
3015 5482 3205 5556 nauci,
3227 5498 3328 5538 non
3356 5483 3519 5538 omnis
3537 5489 3748 5556 passio.

2129 5549 2306 5623 diuina
2333 5550 2616 5623 consolatio
2637 5558 2732 5605 est.
2763 5547 2952 5623 Melius
3004 5547 3094 5604 alii
3143 5553 3362 5623 aliquot,
3412 5547 3780 5616 non'omnis.

2131 5622 2438 5692 consolatio,
2472 5618 2650 5676 diuina
2673 5620 2960 5675 consolatio
2984 5629 3080 5684 est:
3135 5618 3468 5681 Atomninm
3526 5629 3750 5692 Optime

2132 5691 2326 5816 re'lligui
2371 5690 2498 5811 liget
2519 5695 2824 5764 pauciores,
2852 5707 2991 5760 quos
3014 5706 3138 5750 cum
3162 5694 3292 5753 edit.
3342 5695 3500 5753 Rom.
3534 5690 3624 5752 hic
3657 5715 3746 5759 se;

2133 5777 2180 5814 (ισ1
2227 5775 2408 5816 lSllml
2467 5798 2475 5810 .

2133 5775 2242 5816 ('llll
2271 5775 2475 5817 sumus.
