3948 6370
295 296 423 357 Bis

1404 300 1469 361 IN
1510 300 1838 363 I’SALMUM
1878 298 2087 362 CXVIII
2128 299 2505 361 EXPOSITIO.

3457 312 3599 367 1546

298 420 499 475 laribus
569 420 869 487 illecebris,
928 436 1036 478 non
1073 434 1405 495 occupentur
1456 404 1896 494 impedimentis:
1928 424 1981 484 Α
2005 421 2134 476 mini
2167 421 2371 486 nostri,
2400 420 2523 490 quia
2553 419 2690 475 dixit
2719 436 2731 473 :
2765 419 2875 491 Ego
2901 429 3070 475 autem
3094 422 3365 477 exercebar
3387 424 3441 479 in
3468 442 3603 494 pra:-

301 510 391 565 sed
420 527 643 578 semper
675 512 742 565 ad
769 514 945 583 legem
972 512 1066 568 Dei
1093 513 1265 569 simus
1289 512 1502 568 attenti.
1528 513 1797 584 Scriptum
1824 524 1906 568 est

305 603 445 657 enim
474 620 487 655 :
522 602 596 658 Os
607 606 747 676 justi
770 604 1098 659 meditabitur
1121 604 1452 674 sapientiam,
1499 614 1545 659 et
1571 605 1749 676 lingua
1796 604 1908 674 ejus

307 698 544 764 loquetur
584 697 847 768 judicium
869 695 1041 768 (Psal.
1074 712 1257 763 xxxvr,
1305 697 1419 764 50).
1483 696 1595 753 Hoc
1643 697 1697 751 in
1738 697 1910 753 veteri

308 786 662 845 Testamento
696 805 709 841 :
741 787 867 842 audi
896 787 1166 843 dicentem
1189 799 1243 844 et
1289 789 1342 843 in
1370 803 1510 845 novo
1541 805 1561 843 :
1614 787 1790 861 Pr0pe
1836 797 1911 843 est

308 882 518 935 rerbum
534 882 589 936 in
611 898 701 937 ore
720 892 829 948 tuo,
847 893 894 937 et
920 883 973 936 in
995 883 1151 937 corde
1174 892 1259 936 tuo
1277 881 1455 954 (Rom.
1475 899 1530 951 x,
1549 881 1629 953 8).
1654 882 1721 937 Et
1742 882 1913 939 maxi-

308 990 396 1030 me
415 972 559 1028 hanc
584 973 995 1030 meditationem
1016 973 1394 1030 sacerdotibus
1419 975 1787 1032 necessariam
1822 992 1913 1032 os-

313 1065 488 1121 tendit
518 1065 586 1120 ad
609 1066 788 1122 Titum
813 1066 1098 1131 scribens,
1129 1064 1257 1136 quia
1287 1064 1448 1120 debet
1477 1065 1771 1137 episcopus
1798 1082 1911 1121 am-

315 1159 477 1231 plecti
495 1175 642 1225 eum,
679 1159 782 1228 Qui
808 1161 1091 1216 secundum
1116 1160 1404 1214 doctrinam
1443 1169 1515 1215 est
1554 1160 1762 1227 ﬁdelem
1805 1177 1914 1217 ser-

312 1267 553 1317 monem;
574 1262 630 1306 ut
659 1262 836 1323 potens
855 1253 920 1307 sit
944 1253 1209 1307 exhortari
1238 1252 1291 1306 in
1321 1252 1556 1307 doctrina
1576 1269 1727 1319 sana,
1761 1261 1809 1307 et
1829 1269 1914 1308 eos

309 1346 399 1417 qui
419 1346 803 1409 contradicunt,
828 1344 1188 1418 arguere(Tit.
1219 1361 1258 1411 ι,
1283 1344 1360 1415 9).
1415 1345 1569 1413 Quod
1598 1344 1782 1416 utique
1808 1346 1915 1402 sol-

311 1437 479 1493 licita:
509 1447 673 1508 atque
698 1437 922 1492 intentas
949 1435 1319 1493 meditationis
1340 1444 1449 1502 est,
1474 1451 1580 1491 non
1612 1434 1917 1507 perfuncto-

311 1532 406 1584 rim
436 1529 705 1584 lectionis.
734 1528 802 1584 Et
830 1527 895 1583 ad
945 1527 1293 1583 Timotheum
1324 1527 1571 1583 scribens
1593 1570 1607 1593 ,
1653 1527 1731 1583 ait
1771 1545 1789 1582 :
1832 1527 1920 1583 At-

311 1624 509 1678 tcndite
535 1622 762 1689 lectioni,
789 1622 1161 1686 exhortationi,
1217 1622 1464 1677 doctrina:
1485 1621 1530 1693 (Ι
1562 1620 1671 1676 Tit.
1699 1638 1773 1690 1v,
1800 1622 1915 1693 13).

314 1716 505 1772 Lectio
526 1716 673 1771 enim
696 1715 972 1786 frequens,
1007 1731 1108 1771 nec
1137 1715 1543 1771 intermissione
1579 1714 1758 1785 aliqua
1793 1714 1918 1771 des-

316 1818 500 1877 tuuta,
526 1808 790 1864 doctrina:
822 1823 1018 1863 tnunus
1044 1816 1317 1879 operatur.

390 1903 478 1958 Ib.
522 1901 678 1969 Quod
703 1910 881 1956 autem
913 1901 1087 1970 poscit
1108 1908 1167 1955 ut
1191 1896 1709 1971 vivat,'l‘requeuter
1736 1908 1919 1956 osten-

316 1996 498 2050 dimus
530 1993 691 2064 hujus
736 1993 981 2063 corporis
1011 1994 1173 2048 vitam
1204 2008 1346 2049 vera:
1375 1993 1500 2047 vita:
1540 1993 1768 2064 gratiam
1810 2007 1916 2049 non

319 2088 565 2151 habere;
606 2086 703 2141 sed
756 2085 902 2141 illam
950 2100 1133 2141 veram
1184 2085 1347 2139 vitam
1390 2084 1545 2150 fore,
1585 2083 1739 2154 cujus
1777 2088 1919 2140 bona

322 2180 701 2252 unusquisque
744 2188 1052 2235 sanctorum
1083 2178 1256 2234 credit
1284 2192 1344 2233 se
1370 2177 1554 2233 videre
1582 2177 1637 2232 in
1669 2185 1811 2232 terra
1844 2175 1921 2231 vi-

326 2273 592 2329 ventium.
620 2272 775 2341 Quod
805 2271 1079 2328 credimus
1109 2286 1209 2327 nos
1249 2271 1461 2327 visuros
1487 2312 1501 2337 ,
1535 2285 1641 2326 non
1685 2285 1923 2341 praesens

329 2371 515 2439 utique
540 2410 555 2435 ,
584 2367 680 2422 sed
711 2366 949 2421 futurum
976 2374 1077 2421 est.

398 2464 488 2518 41.
531 2461 715 2531 (Vers.
744 2459 879 2531 78.)
909 2460 1163 2531 Sequitur
1208 2474 1398 2517 versus
1426 2469 1613 2517 sextus
1646 2476 1661 2514 :
1692 2458 1927 2529 Confun-

334 2556 526 2609 dantur
553 2552 798 2622 superbi;
824 2553 1066 2623 quoniam
1100 2553 1292 2626 injuste
1318 2552 1637 2622 iniquitatem
1666 2558 1929 2621 gesserunt

334 2648 386 2700 in
417 2662 495 2701 me
515 2661 534 2699 :
563 2660 659 2715 ego
700 2654 871 2699 autem
907 2644 1176 2699 exercebar
1205 2644 1257 2697 in
1295 2643 1564 2716 pi‘wceptis
1593 2642 1714 2695 tuis.
1760 2640 1931 2710 Supe-

333 2739 446 2795 rius
471 2739 547 2791 ait
573 2737 712 2792 idem
734 2735 1033 2807 Propheta:
1061 2736 1125 2792 Si
1154 2735 1359 2790 reddidi
1386 2733 1780 2789 retribuentibus
1806 2732 1933 2786 mihi

338 2832 476 2883 mala
516 2829 689 2903 (Psal.
714 2829 902 2901 vn,5).
934 2827 1199 2899 Numquid
1230 2828 1316 2885 hic
1348 2826 1621 2883 maledicit
1649 2826 1735 2892 iis,
1756 2825 1844 2895 qui
1876 2825 1931 2880 in

337 2938 395 2976 se
426 2920 606 2990 iniqua
636 2919 962 2990 gesserunt?
986 2918 1101 2975 Non
1131 2919 1333 2989 utique.
1364 2917 1594 2974 Videbat
1622 2918 1766 2973 enim
1809 2916 1937 2972 cha-

341 3015 553 3068 ritatem
586 3012 750 3067 etiam
784 3010 1171 3067 inimicissimis
1195 3009 1576 3075 deferendam,
1608 3024 1730 3064 eum
1757 3008 1937 3066 venis-

340 3116 424 3160 set
464 3104 738 3176 Evangelii
787 3103 1124 3175 praedicator.
1172 3103 1325 3159 Unde
1354 3103 1592 3158 arbitror
1618 3102 1741 3173 quia
1787 3103 1938 3173 quasi

2009 516 2170 585 ceptis
2202 516 2302 568 tuis
2324 555 2341 581 ,
2375 515 2426 568 in
2458 514 2601 584 Lege
2642 512 2879 568 didicisti
2924 514 2943 586 (
2962 514 3132 570 Exod.
3182 534 3306 573 χχιιι
3327 560 3342 583 ,
3371 507 3465 589 5)?
3503 519 3606 575 hoc

2009 617 2127 674 est,
2157 608 2200 662 si
2230 608 2327 662 bos
2371 606 2667 662 adversarii
2705 607 2914 679 1101
2945 608 3237 672 ceciderit,
3270 610 3354 665 vel
3390 610 3608 681 jumen-

2011 708 2156 766 tum;
2189 708 2248 754 ut
2290 715 2397 755 non
2422 700 2780 757 deserendum
2806 702 3119 768 existimes,
3148 704 3242 759 sed
3279 704 3459 775 potius
3496 707 3609 763 ele-

2013 791 2266 847 vandum.
2296 792 2452 861 Quod
2480 802 2661 849 autem
2691 793 2767 848 ait
2792 812 2805 847 :
2836 791 3042 869 Injuste
3076 795 3399 865 iniquitatem
3440 814 3613 870 gesse-

2012 894 2176 951 runt;
2209 885 2261 940 in
2302 901 2461 956 quem
2494 887 2597 943 hoc
2645 887 2858 941 dicatur
2884 887 3201 953 considera,
3240 890 3344 945 nisi
3392 890 3444 946 in
3486 906 3611 946 eum

2013 978 2105 1046 qui
2148 976 2286 1032 forte
2320 977 2467 1048 juste
2508 979 2846 1050 iniquitatem
2877 990 3028 1051 gerat
3059 1000 3073 1037 :
3108 981 3160 1037 id
3198 990 3283 1039 est
3306 1024 3322 1050 ,
3360 984 3405 1039 si
3454 983 3615 1041 laesus

2014 1083 2112 1136 per
2138 1068 2334 1139 Legem
2364 1084 2424 1126 se
2452 1071 2673 1139 incipiat
2700 1071 2976 1129 vindicare
3002 1072 3152 1143 juxta
3183 1084 3450 1146 praecepta
3474 1075 3617 1147 Moy-

2014 1164 2124 1230 sis,
2160 1164 2309 1234 juste
2347 1164 2566 1221 videtur
2591 1165 2773 1222 facere
2820 1168 3159 1237 iniquitatem
3185 1208 3202 1236 ,
3243 1169 3339 1225 sed
3376 1185 3481 1226 non
3531 1183 3618 1225 se-

2016 1256 2250 1312 cundum
2283 1257 2561 1327 Evangelii
2598 1268 2889 1329 praecepta.
2922 1260 2993 1315 Et
3027 1259 3149 1315 ideo
3192 1261 3305 1316 ait:
3342 1260 3465 1316 Non
3504 1260 3618 1316 veni

2018 1364 2201 1403 vocare
2219 1352 2427 1421 justas,
2458 1351 2547 1404 sed
2592 1360 2882 1421 peccatores
2924 1352 3141 1424 (Matth.
3180 1368 3231 1407 ix
3253 1394 3267 1418 ,
3303 1353 3442 1423 13);
3492 1352 3617 1422 quia

2017 1436 2191 1494 Judaei
2245 1440 2314 1495 ad
2353 1439 2731 1496 vindicandum
2776 1456 2837 1498 se
2877 1442 3200 1499 auctoritate
3245 1443 3405 1513 Legis
3452 1451 3617 1499 utun-

2020 1539 2128 1585 tur.

2090 1621 2179 1677 45.
2221 1621 2397 1679 [labes
2427 1621 2530 1679 hoc
2555 1632 2609 1679 et
2627 1623 2958 1694 inyApostolo
2994 1642 3007 1681 :
3037 1625 3215 1681 8οὸήὶ
3233 1630 3622 1699 estotc,etjuste

2023 1711 2067 1784 (ι
2117 1712 2238 1770 Cor.
2278 1731 2371 1779 xv,
2404 1714 2522 1784 5i).
2554 1716 2671 1771 Non
2699 1717 2876 1772 solum
2898 1718 3115 1774 sobrios
3144 1734 3264 1783 nos,
3314 1719 3408 1775 sed
3455 1720 3619 1775 etiam

1947 1809 1997 1870 B
2018 1807 2166 1878 juste
2193 1810 2415 1865 sobrios
2453 1825 2576 1866 esse
2612 1810 2816 1867 debere
2846 1811 3032 1866 docuit
3080 1812 3385 1869 evidenter.
3437 1813 3623 1869 Potest

2023 1912 2205 1957 autem
2227 1902 2420 1972 aliquis
2443 1910 2497 1958 et
2520 1902 2737 1958 sobrius
2773 1917 2919 1973 esse,
2944 1914 2999 1960 et
3044 1920 3152 1959 non
3177 1904 3324 1975 juste
3353 1905 3571 1961 sobrius
3602 1921 3618 1972 ;

2025 2002 2083 2049 ut
2111 1993 2326 2049 sobrius
2353 1994 2423 2048 sit
2450 2008 2480 2048 a
2508 1995 2655 2065 vino,
2690 2004 2877 2051 etnon
2900 1996 2971 2050 sit
2991 1996 3210 2052 sobrius
3237 1998 3515 2067 aequitate,
3539 2003 3620 2052 at-

2025 2100 2128 2156 que
2150 2085 2501 2155 justitia;cst
2521 2089 2666 2141 enim
2699 2087 2917 2158 crapula
2961 2087 3278 2158 iniquitatis.
3325 2087 3513 2144 Potest
3562 2096 3617 2144 et

2027 2175 2226 2246 aliquis
2255 2176 2505 2232 ebrietati
2535 2186 2593 2232 et
2614 2177 2847 2233 luxuria
2876 2192 3096 2249 semper
3134 2177 3440 2250 indulgens,
3497 2178 3626 2235 dum

2026 2265 2202 2320 aliena
2226 2273 2408 2321 tamen
2433 2265 2674 2336 diripere
2702 2277 2955 2334 conatur,
3005 2283 3071 2324 eo
3118 2277 3412 2340 occupatus
3446 2268 3628 2326 studio

2028 2359 2246 2414 sobrius
2271 2373 2393 2415 esse
2416 2374 2447 2413 a
2468 2359 2616 2427 vino,
2646 2366 2703 2415 et
2731 2375 2840 2416 non
2884 2362 3099 2418 sobrius
3141 2377 3173 2417 a
3230 2361 3435 2433 rapinis
3466 2381 3479 2417 :
3532 2379 3629 2420 nec

2030 2449 2135 2505 iste
2150 2450 2298 2519 juste
2326 2451 2564 2507 sobrius.
2600 2450 2729 2508 Ideo
2748 2454 3049 2524 Apostolus
3080 2454 3363 2523 admonet,
3395 2464 3455 2511 ut
3476 2457 3548 2513 sit
3574 2457 3629 2512 in

2034 2540 2190 2596 nobis
2255 2540 2403 2611 justa
2451 2543 2739 2598 sobrietas.
2789 2544 3033 2615 Denique
3081 2545 3331 2601 addidit:
3370 2546 3441 2601 Et
3478 2548 3638 2603 nolite

2033 2650 2243 2704 peccare
2260 2634 2477 2706 (lbid.).
2498 2634 2601 2703 Qui
2633 2636 2777 2689 enim
2805 2645 3017 2706 peccat,
3042 2638 3147 2692 etsi
3171 2637 3386 2693 sobrius
3404 2638 3497 2706 sit,
3524 2653 3633 2695 non

2036 2734 2216 2797 potest
2248 2735 2429 2782 tamen
2462 2735 2737 2797 tamquam
2758 2727 2906 2797 juste
2933 2726 3149 2783 sobrius
3175 2727 3479 2798 praedicari.
3519 2728 3634 2785 No-

2039 2816 2148 2879 lite,
2176 2814 2372 2885 inquit,
2404 2816 2582 2870 seduci
2603 2815 2800 2890 (Ibid.,
2832 2818 2961 2887 35),
2994 2818 3099 2874 hoc
3123 2828 3227 2885 est,
3253 2834 3323 2876 ne
3352 2821 3515 2877 alieni
3544 2836 3636 2877 cr-

2041 2907 2182 2962 roris
2236 2906 2475 2962 ebrietas
2524 2921 2621 2962 vos
2673 2907 2839 2962 faciat
2881 2907 3236 2965 temulentos.
3291 2908 3642 2984 Corrumpunt

2043 3000 2199 3053 bonos
2227 3015 2392 3054 mores
2419 2998 2678 3069 colloquia
2704 3000 2846 3054 mala
2867 3017 2888 3067 ;
2916 3016 2983 3056 eo
3009 3002 3152 3071 quod
3179 3018 3277 3059 ore
3299 3012 3356 3061 et
3376 3005 3537 3061 labiis
3558 3005 3641 3062 in-

2044 3092 2281 3148 ﬁdelium
2305 3103 2576 3164 tamquam
2589 3092 2825 3149 ebrietas
2840 3094 3090 3164 quaedam
3114 3097 3357 3152 moribus
3371 3096 3643 3154 audientis

345 3196 750 3254 tuedicusvelit
772 3211 868 3253 eos
894 3196 1040 3267 ipsos
1085 3210 1279 3251 sanare
1306 3196 1397 3266 qui
1430 3194 1706 3256 Imserint;
1743 3201 1800 3247 ut
1839 3193 1941 3248 ini-
1969 3198 2014 3262 ο
2047 3186 2367 3241 infunditur.
2399 3186 2703 3257 Meritoque
2731 3187 2940 3243 addidit
2967 3205 2986 3242 :
3013 3188 3187 3243 Sobrii
3208 3192 3544 3262 estotejuste,
3594 3200 3644 3246 et

347 3289 566 3359 quitatis
609 3302 726 3344 suae
770 3287 1227 3356 contemplatione
1270 3287 1525 3343 conventi
1555 3327 1569 3352 ,
1604 3285 1671 3339 de
1712 3284 1948 3355 propriis

350 3380 566 3450 ﬂagitiis
593 3380 921 3436 erubescant
950 3395 964 3432 :
994 3379 1048 3434 in
1079 3394 1184 3447 quo
1215 3393 1322 3433 non
1363 3376 1535 3433 solum
1578 3376 1945 3447 propheticum

352 3472 616 3544 incipiunt
644 3472 877 3543 probare
898 3472 1242 3542 patientiam,
1267 3485 1452 3525 verum
1471 3469 1631 3524 etiam
1659 3468 1949 3524 emendare

356 3582 505 3623 suam
539 3566 916 3623 insolentiam.
942 3565 1121 3620 Pudor
1156 3566 1301 3621 enim
1332 3564 1649 3634 plerumque
1675 3572 1950 3619 corrector

354 3670 434 3715 est
464 3660 637 3716 nostri
663 3676 680 3725 ;
710 3667 765 3714 et
788 3658 917 3714 dum
945 3658 1138 3729 incipit
1166 3672 1262 3713 nos
1288 3656 1494 3728 pudere
1521 3656 1839 3724 commissi,
1882 3672 1950 3713 ne

352 3752 556 3808 diutius
590 3750 822 3822 pudeat,
846 3751 1098 3807 deserere
1120 3766 1242 3822 quae
1268 3750 1637 3807 erubescenda
1670 3759 1797 3805 sunt
1815 3750 1952 3817 ,‘ad-

356 3861 663 3901 monemur.
692 3845 810 3900 Non
846 3860 977 3916 ergo
1021 3844 1293 3901 maledicit
1320 3845 1590 3916 Propheta
1614 3889 1630 3912 ,
1675 3844 1770 3901 scd
1799 3844 1952 3915 quasi

358 3937 530 3993 bonus
556 3936 800 3993 medicus
822 3936 937 3992 vult
965 3936 1088 3992 illos
1114 3950 1444 4007 cognoscere
1467 3945 1523 3992 et
1546 3935 1690 3992 scire
1717 3936 1842 4006 quid
1875 3936 1953 3991 fe-

360 4032 568 4097 cerint;
600 4040 657 4085 ut
684 4046 810 4087 cum
842 4045 903 4086 se
934 4030 986 4084 in
1013 4045 1166 4084 suam
1194 4029 1581 4085 conscientiam
1609 4028 1953 4099 receperint,

358 4134 552 4195 quanta
601 4138 829 4180 suorum
880 4122 949 4178 sit
1001 4122 1265 4178 colluvies
1313 4122 1638 4179 delictorum
1693 4122 1956 4194 incipiant

362 4218 682 4273 erubescere
724 4232 737 4268 :
785 4214 1167 4271 erubescentes
1208 4222 1386 4271 autem
1434 4214 1645 4285 possint
1684 4213 1956 4285 prioribus

366 4311 675 4365 renuntiare
729 4306 983 4379 peccatis.
1032 4307 1325 4364 Considera
1375 4308 1505 4365 mibi
1556 4324 1699 4364 nunc
1746 4308 1957 4380 aliquos

367 4401 720 4470 Iornicantes,
747 4400 1113 4471 inequitantes
1138 4401 1316 4457 viduis
1331 4416 1397 4457 ac
1417 4402 1644 4473 puellis.
1670 4401 1843 4459 aliena
1873 4418 1959 4458 ra-

366 4495 613 4563 pientes;
645 4502 702 4548 et
731 4491 787 4547 in
818 4490 1054 4561 hisjnon
1086 4492 1260 4547 solum
1309 4506 1417 4547 non
1464 4491 1790 4549 erubescere
1812 4532 1828 4560 ,
1860 4492 1958 4549 sed

2052 3279 2207 3333 nolite
2226 3294 2457 3350 peccare.
2486 3277 2854 3349 lgnorautiam
2875 3279 3020 3334 enim
3046 3280 3140 3335 Dei
3171 3280 3388 3351 quidam
3417 3281 3647 3348 habent;

2051 3370 2344 3426 utsobrius
2376 3371 2467 3426 ille
2495 3370 2581 3436 sit,
2615 3370 2707 3440 qui
2744 3385 2851 3425 non
2900 3370 3064 3426 habet
3113 3370 3477 3442 ignorantiam
3519 3372 3637 3440 Dei,

2051 3478 2151 3520 nec
2178 3462 2657 3518 titubatebrietate
2682 3462 2926 3533 perﬁdiae
2961 3481 2974 3517 :
3016 3464 3163 3533 juste
3193 3472 3374 3520 autem
3405 3462 3643 3530 sobrius,

2054 3559 2107 3614 in
2162 3574 2271 3630 quo
2324 3574 2551 3630 operum
2620 3559 2792 3631 gratia
2841 3575 2963 3616 cum
3018 3559 3143 3615 lidei
3205 3559 3502 3617 sobrietate
3563 3573 3651 3616 re-

2053 3654 2321 3724 splendet.

2125 3744 2217 3799 44.
2262 3744 2444 3816 (Vers.
2481 3745 2598 3815 79.)
2640 3745 2897 3816 Sequitur
2936 3760 3126 3801 versus
3175 3746 3484 3816 septimus:
3518 3745 3651 3801 Con-

2052 3847 2314 3892 vertuntur
2324 3839 2393 3891 ad
2404 3853 2483 3891 me
2494 3838 2580 3905 qui
2602 3838 2778 3893 timent
2800 3847 2867 3905 te,
2884 3847 2930 3892 et
2940 3839 3031 3909 qui
3051 3838 3219 3891 sciunt
3241 3837 3529 3893 testimonia
3540 3847 3650 3893 tua.

2057 3930 2207 3987 Alius
2236 3931 2415 3996 habet,
2462 3932 2702 3986 maxime
2740 3931 2895 4000 juxta
2949 3929 3235 3987 Graecum:
3283 3930 3658 3987 Convertuntur

2057 4022 2202 4077 mihi.
2239 4022 2296 4077 Si
2332 4022 2399 4075 ad
2444 4037 2523 4075 me
2559 4020 2828 4092 legimus:
2882 4029 3274 4077 convertantur
3327 4026 3416 4092 qui
3470 4022 3662 4078 timent

2060 4114 2252 4180 Deum,
2286 4113 2355 4169 de
2380 4114 2692 4170 commissis
2721 4113 2961 4186 propriis
2988 4114 3349 4181 erubescant;
3397 4114 3482 4171 vel
3512 4124 3664 4171 certe

2059 4206 2211 4262 luant
2241 4204 2505 4276 supplicia
2536 4204 2861 4261 delictorum
2893 4217 3328 4263 :convcrtantur
3371 4217 3551 4264 autem
3593 4206 3662 4264 ad

2058 4298 2155 4355 Dei
2182 4298 2483 4363 servulum,
2530 4297 3023 4371 Propheticamque
3066 4300 3411 4367 doctrinam;
3454 4309 3513 4357 ut
3558 4300 3658 4357 de-

2057 4389 2270 4446 discant
2291 4388 2543 4462 pudenda
2564 4391 2944 4459 committere,
2990 4402 3046 4447 et
3094 4394 3232 4448 tanti
3280 4392 3663 4450 emendatione

2059 4483 2300 4539 doctoris
2326 4490 2528 4538 exuant
2556 4498 2741 4539 mores
2770 4498 2925 4550 suos,
2958 4483 3396 4555 delictorumque
3414 4485 3535 4542 labe
3562 4485 3661 4541 de-

366 4586 527 4640 etiam
569 4584 790 4656 gloriari
829 4583 1038 4645 solere,
1072 4591 1341 4654 tamquam
1370 4584 1456 4640 vel
1501 4584 1919 4654 pulchritudinis
1942 4627 1957 4653 ,
1986 4579 2041 4641 D
2067 4585 2211 4633 tersa
2237 4617 2250 4642 .
2298 4576 2556 4631 Virtutum
2601 4576 2829 4631 induam
2862 4575 3229 4646 diSCiplinam-
3267 4577 3324 4632 Si
3370 4586 3550 4634 autem
3590 4578 3666 4635 ita

370 4679 451 4733 vel
481 4680 739 4747 potentiae
774 4690 887 4731 suae
918 4676 1106 4732 titulos
1130 4675 1478 4732 deterentes:
1508 4676 1576 4733 de
1604 4677 1797 4748 quibus
1826 4677 1965 4733 bene
2067 4671 2299 4740 legimus
2331 4685 2347 4724 :
2376 4667 2752 4724 Convertuntur
2776 4666 2929 4734 mihi,
2961 4668 3066 4725 hoc
3095 4676 3201 4736 est,
3228 4670 3483 4741 quoniam
3510 4686 3668 4728 exer-

370 4768 505 4823 dixit
530 4766 857 4838 Apostolus,
888 4767 1030 4838 quod
1067 4784 1240 4823 eorum
1267 4768 1435 4841 gloria
1460 4768 1513 4822 in
1554 4770 1854 4840 confusione
1880 4771 1963 4839 ip-

371 4875 546 4913 sorum
572 4858 804 4931 (Philip.
836 4875 926 4923 ιιι,
963 4856 1091 4929 19);
1124 4873 1191 4915 eo
1220 4858 1662 4916 detestabiliores
1701 4860 1832 4930 ipsis
1861 4860 1973 4915 cri-

2068 4765 2238 4821 cehor
2265 4764 2320 4819 in
2348 4762 2638 4834 praceptis
2664 4762 2794 4830 tuis,
2815 4761 2946 4817 mihi
2977 4772 3385 4830 convertantur,
3416 4764 3550 4821 mihi
3570 4780 3668 4823 au-

2070 4866 2179 4914 tem
2193 4858 2304 4927 jam
2320 4871 2425 4913 non
2444 4856 2714 4926 peccauti,
2732 4855 2845 4926 jam
2863 4870 2970 4912 non
2993 4857 3220 4912 erranti.
3244 4857 3667 4926 Convertantur,

374 4952 612 5007 minibus
635 4951 782 5019 suis,
815 4950 959 5022 quod
989 4966 1111 5005 cum
1138 4960 1281 5007 tanta
1312 4952 1686 5021 committant,
1712 4966 1817 5007 non
1840 4966 1971 5007 con—
2072 4949 2265 5021 inquit,
2297 4947 2393 5020 qui
2421 4948 2678 5004 timentes
2706 4956 2758 5003 te
2786 4948 3023 5019 propriis
3066 4950 3448 5007 renuntiavere
3478 4964 3671 5022 pecca-

377 5044 690 5101 iundantur.
736 5043 936 5101 Verum
985 5059 1171 5101 eorum
1216 5045 1262 5100 si
1302 5044 1425 5116 quis
1466 5054 1651 5116 postea
1700 5044 1885 5101 veniat
1916 5044 1969 5099 in

376 5136 923 5204 Ecclesiam,fcredat
950 5136 1002 5191 in
1026 5134 1316 5192 Dominum
1342 5136 1524 5193 Jesum
1540 5177 1558 5203 ,
1581 5136 1764 5193 audiat
1796 5136 1973 5192 Evan-

377 5229 579 5299 gelium
602 5270 616 5295 ,
648 5235 1044 5299 compungatur
1071 5226 1236 5282 corde
1266 5244 1279 5281 :
1322 5237 1450 5283 tunc
1486 5227 1707 5284 demum
1755 5226 1976 5297 incipiet

380 5335 540 5389 quam
571 5320 776 5375 atrocia
802 5328 861 5375 et
902 5319 1089 5390 gravia
1115 5318 1440 5390 deliquerit,
1471 5333 1804 5389 agnoscere;
1831 5326 1887 5374 et
1917 5318 1973 5373 in

384 5409 453 5466 iis
481 5428 599 5480 qua:
628 5411 910 5481 agnoverit
934 5451 948 5475 ,
979 5411 1321 5468 erubescere.

456 5502 546 5558 42.
586 5503 737 5575 Quid
766 5503 837 5560 sit
876 5512 1058 5559 autem
1105 5504 1353 5561 exerceri
1391 5505 1446 5561 in
1475 5514 1501 5542 α
1542 5502 1829 5576 praeceptis
1861 5503 1980 5575 _Do—

460 5652 486 5677 "
520 5642 661 5698 Edit.
688 5650 798 5726 vet.
817 5686 831 5708 ,
860 5643 923 5726 .in
964 5644 1232 5726 prisceptis
1263 5642 1503 5726 Domini,
1525 5642 1777 5726 quomodo
1807 5642 1983 5726 existi-

1183 5730 1290 5771 om.
1314 5758 1330 5782 ,
1450 5715 1551 5769 nisi
1574 5715 1696 5785 quia
1739 5715 1875 5785 quod
1904 5715 1984 5769 di-

385 5784 485 5841 xit.
516 5782 643 5840 Mss.
671 5782 804 5840 vero
831 5782 1111 5841 nobiscum
1140 5785 1344 5843 faciunt
1366 5828 1380 5854 ,
1412 5782 1641 5856 excepto
1669 5782 1813 5855 quod
1844 5786 1981 5854 nisi,

386 5729 587 5783 urerent
606 5755 622 5776 ,
654 5713 758 5768 nisi
784 5716 915 5783 quia
954 5714 1103 5769 dixit.

2075 5044 2183 5109 tis;
2219 5052 2277 5099 ut
2298 5043 2575 5100 consortio
2598 5041 2871 5112 justorum
2900 5041 3177 5115 Propheta
3204 5042 3271 5099 ad
3295 5043 3515 5099 uberius
3538 5058 3671 5116 pro-

2079 5141 2326 5202 vehatur,
2360 5143 2417 5191 et
2445 5134 2559 5205 ipse
2586 5133 2654 5190 de
2682 5148 2748 5189 ea
2785 5134 2961 5205 gratia
2996 5150 3119 5205 qua:
3152 5136 3205 5191 in
3235 5135 3355 5207 ipso
3389 5143 3505 5200 est,
3558 5134 3676 5205 pluo

2082 5228 2282 5283 rituum
2301 5228 2549 5284 conterat
2568 5224 2937 5282 audientibus.
2956 5225 3363 5282 Convertuntur
3384 5226 3548 5297 igitur
3563 5226 3675 5297 jam

2081 5336 2188 5377 non
2222 5330 2485 5390 peccante
2523 5337 2610 5379 me
2633 5364 2648 5389 ,
2682 5323 2813 5393 justi
2849 5322 2917 5376 ad
2948 5321 3178 5392 justum.
3224 5323 3304 5379 De
3351 5323 3677 5380 testimoniis

2085 5422 2266 5468 autem
2298 5422 2427 5483 puto
2449 5414 2561 5484 jam
2586 5428 2698 5471 non
2718 5428 2853 5484 opus
2888 5427 3013 5470 esse
3048 5422 3319 5485 repetere,
3370 5430 3496 5471 cum
3552 5422 3680 5472 ante

2084 5505 2197 5576 jam
2228 5504 2431 5562 dictum
2464 5507 2557 5562 sit.

2093 5643 2147 5699 in
2172 5644 2448 5701 nonnullis
2470 5657 2569 5716 pro
2588 5646 2751 5700 nostri
2775 5645 3055 5716 reponitur
3069 5688 3085 5716 ,
3113 5647 3167 5703 in
3193 5646 3465 5704 nonnullis
3486 5654 3686 5704 utrum-

2092 5731 2197 5841 que
2250 5716 2623 5783 desideratur;
2671 5716 2815 5773 unde
2862 5717 2984 5776 istic
3024 5729 3215 5777 exorta
3262 5728 3347 5776 est
3399 5719 3686 5792 interpola-

2117 5802 2187 5841 ιο.

2117 5802 2187 5841 ιο.
