3948 6348
621 14 648 28 -_-
661 33 664 36 _
675 13 708 22 ..ν
719 11 946 37 ἡγῇ-ξετ-
993 14 1008 32 ,··
1033 16 1060 34 τ·-
1081 16 1208 36 Mer
1219 18 1378 38 --'-".‘L‘."'-F'!.

361 326 499 394 i341

1709 309 2318 385 ssucrtsueuosu

3510 303 3656 374 tata

431 445 522 501 45.
564 444 745 518 (Vers.
776 444 895 515 80.)
929 441 1184 514 Sequitur
1199 453 1397 497 versus
1413 447 1640 496 octavus
1667 453 1682 492 :
1715 438 1840 494 Fiat
1868 456 1956 495 cor
1981 447 2034 509 Α
2061 444 2116 494 ιε
2138 435 2348 507 polluit.
2373 433 2478 490 ista
2503 440 2641 503 aqua
2663 431 2839 488 aliena
2869 437 2978 487 est.
3026 427 3273 501 Denique
3312 427 3519 484 dictum
3569 434 3655 482 est

355 553 527 591 meum
576 535 964 590 immaculatum
992 535 1046 588 in
1067 531 1538 604 justiﬁcationibus
1588 533 1714 598 tuis,
1754 541 1810 586 ut
1849 546 1954 587 non

355 627 666 697 confundor.
697 627 908 693 Quanto
948 624 1220 681 excelsior
1264 633 1348 680 est
1376 623 1668 694 Propheta,
1703 623 1789 678 vel
1836 639 1956 679 mu-

355 736 488 775 nere
511 720 834 790 prOphetiae,
855 718 938 774 vel
960 719 1111 790 regni
1129 720 1326 789 gratia,
1352 725 1502 774 tanto
1523 717 1694 787 magis
1711 717 1955 787 sequitur

356 811 742 877 humilitatem,
765 820 821 866 et
845 810 1008 867 docet
1029 809 1158 882 quid
1183 821 1285 866 nos
1303 811 1600 866 debeamus
1624 807 1823 864 imitari
1850 826 1865 876 ;
1889 825 1956 866 eo

355 903 498 972 quod
539 903 811 972 Propheta
830 911 1045 958 tantum
1075 902 1481 958 immaculatum
1532 913 1630 957 cor
1682 901 1801 956 tlerl
1852 899 1954 955 sibi

355 994 620 1065 deposcit.
647 995 820 1066 Supra
851 996 1151 1066 postulavit
1177 1012 1190 1048 :
1225 995 1326 1050 Cor
1354 995 1606 1049 mundum
1631 1009 1750 1049 creo
1778 995 1832 1048 in
1853 1005 1954 1060 me,

357 1086 502 1142 Deus
541 1086 716 1158 (Prol.
742 1103 795 1152 ι,
829 1087 944 1158 ιε).
979 1087 1095 1142 Νοιι
1127 1089 1290 1154 dixit,
1323 1090 1404 1142 iac
1433 1105 1447 1142 :
1475 1087 1570 1142 sed
1601 1103 1718 1142 creo
1744 1102 1763 1152 ;
1793 1095 1852 1141 ut
1889 1085 1958 1140 de

355 1178 574 1250 integro
605 1195 700 1235 cor
725 1179 843 1249 ejus
869 1180 1138 1236 instauret
1165 1190 1221 1236 et
1251 1179 1498 1235 mundet.
1539 1179 1710 1249 Major
1749 1179 1960 1251 1102

358 1270 578 1340 quidem
611 1271 667 1325 in
699 1271 805 1326 hoc
849 1284 1108 1328 sermone
1140 1271 1376 1326 ambitus
1416 1274 1521 1325 est.
1562 1270 1783 1326 Grande
1813 1271 1958 1326 enim

359 1375 456 1417 cor
484 1369 571 1418 est
599 1376 628 1414 a
658 1361 892 1417 Domino
916 1369 1186 1428 creatum,
1209 1362 1352 1432 quod
1377 1361 1606 1432 recipiat
1630 1360 1862 1416 Verbum
1891 1360 1961 1416 de

362 1453 682 1510 caelestibus
712 1454 1026 1522 virtutibus,
1061 1470 1126 1510 ac
1155 1455 1534 1524 potestatibus.
1594 1452 1814 1509 Grande
1866 1467 1962 1507 cor

362 1545 506 1614 quod
537 1544 762 1615 recipiat
789 1545 964 1615 ipsum
997 1545 1286 1600 Dominum
1315 1545 1586 1601 dicentem
1613 1561 1625 1597 :
1652 1543 1962 1598 Inhabitabo

365 1638 420 1692 in
450 1637 580 1706 illis,
613 1649 658 1694 et
684 1638 1021 1694 deambulabo
1043 1639 1096 1693 in
1120 1639 1248 1710 ipsis
1272 1637 1339 1710 (ll
1361 1638 1482 1694 Cor.
1509 1653 1584 1703 vr,
1615 1636 1728 1709 16).
1759 1636 1830 1693 Ut
1849 1635 1963 1692 hinc

357 1728 524 1798 igitur
547 1730 796 1800 recipiat,
815 1738 1120 1788 creatorem
1144 1730 1247 1785 sibi
1269 1728 1450 1786 cordis
1465 1730 1548 1786 sui
1574 1745 1680 1785 non
1711 1729 1962 1800 angelum

360 1819 504 1886 ﬁeri,
542 1820 637 1876 sed
680 1821 855 1889 ipsum
907 1821 1192 1877 Dominum
1248 1821 1592 1889 deprecatur,
1627 1819 1720 1889 qui
1761 1819 1959 1876 omium
1990 1817 2036 1888 Β

359 1913 565 1969 creavit
584 1923 640 1968 et
670 1923 891 1968 terram.

433 2003 526 2058 46.
568 2003 636 2060 Et
664 2005 805 2061 bene
829 2005 907 2060 ait
934 2021 948 2057 :
983 2004 1426 2073 Immaculatum;
1453 2005 1578 2076 quia
1601 2019 1698 2061 cor
1721 2003 1960 2060 hominis

361 2096 597 2167 quadam
625 2098 778 2153 velut
807 2097 1173 2154 indecentium
1216 2099 1603 2171 cogitationum
1649 2099 1960 2154 colluvione

371 2191 698 2246 maculatur.
733 2191 790 2248 Si
820 2192 1082 2264 cogitatio
1111 2194 1227 2262 ipsa
1259 2193 1455 2264 polluit
1485 2233 1499 2259 ,
1540 2200 1745 2264 quanto
1792 2194 1956 2248 etiam

364 2283 508 2339 facta
537 2284 653 2354 ipsa
675 2287 1088 2342 contaminant?
1117 2287 1241 2344 Noli
1283 2288 1729 2344 extraordinariis
1755 2290 1959 2360 cogita.

360 2378 602 2433 tionibus
629 2377 858 2434 adversa
891 2389 1100 2436 natura:
1125 2383 1498 2437 contaminare
1519 2381 1855 2452 penetralia;
1887 2395 1958 2437 ne

359 2469 414 2526 id
449 2472 860 2541 inquinamento
889 2475 1041 2544 gravi
1065 2475 1297 2545 polluas,
1321 2475 1468 2547 quod
1499 2483 1654 2546 putas
1678 2474 1878 2531 habere
1905 2483 1960 2531 te

359 2563 641 2618 Inundni'n.
677 2561 870 2620 Manus
907 2565 1058 2621 lavas
1086 2566 1240 2637 quasi
1281 2567 1459 2639 possis
1490 2567 1722 2622 crimina
1751 2567 1954 2634 eluere,

361 2670 486 2711 cum
511 2666 749 2714 mentem
776 2667 923 2715 tuam
948 2669 973 2698 α
1000 2660 1296 2716 immundis
1323 2657 1747 2732 cogitationibus
1781 2661 1962 2732 inqui-

358 2754 541 2803 natam
563 2749 748 2806 lavare
776 2765 884 2806 non
909 2752 1106 2821 possis.
1141 2750 1208 2806 Et
1232 2752 1439 2808 Pilaws
1466 2759 1655 2808 manus
1679 2752 1841 2807 lavit:
1863 2750 1959 2808 sed

357 2853 455 2894 cor
481 2854 637 2894 suum
669 2841 853 2896 lavare
883 2855 993 2896 non
1027 2838 1218 2911 poiuit.
1243 2841 1439 2898 Mansit
1460 2843 1672 2900 scelere
1693 2843 1956 2914 pollutus,

357 2932 610 3001 quamvis
636 2943 828 2987 manus
854 2943 982 2988 suas
1018 2935 1173 3003 aquai
1202 2933 1479 2990 inlusione
1521 2935 1766 2991 latiSset.
1815 2934 1959 2990 Audi

359 3023 486 3093 quia
514 3032 570 3078 et
593 3023 852 3094 cogitatio
883 3024 1166 3094 inquinat:
1211 3024 1335 3079 Non
1381 3026 1520 3097 quod
1562 3027 1724 3080 intrat
1774 3027 1830 3078 in
1880 3034 1957 3091 os,

357 3114 659 3184 coinquinat
687 3115 949 3170 hominem
978 3130 996 3169 :
1023 3116 1116 3171 sed
1141 3115 1281 3185 quod
1313 3118 1414 3171 eicit
1465 3118 1528 3170 de
1574 3133 1683 3172 ore.
1708 3117 1787 3172 De
1808 3117 1962 3172 corde

2055 530 2154 586 tibi
2179 547 2191 583 :
2222 529 2305 586 Ab
2335 528 2512 584 aliena
2545 541 2682 598 aqua
2703 525 2918 581 abstine
2948 534 3000 580 te
3027 522 3207 595 (Prov.
3236 537 3294 590 ν,
3322 519 3432 593 15).
3460 519 3655 577 Aliena

2056 635 2194 691 aqua
2217 615 2472 676 mentitur
2488 627 2542 676 et
2565 619 2726 687 fallit,
2745 619 2800 674 et
2817 617 3151 673 contrarium
3176 623 3391 671 naturae
3412 613 3655 684 proﬂuit.

2057 712 2183 768 ideo
2201 712 2316 766 aitt
2351 710 2484 765 Filii
2512 711 2667 766 alieni
2705 709 2906 765 mentiti
2953 718 3072 763 sunt
3124 705 3253 762 mihi
3298 704 3470 778 (1)δαί.
3521 720 3656 771 xvn,

2055 806 2150 878 46)
2175 812 2191 873 ξ
2217 807 2340 861 nam
2365 807 2410 860 si
2438 804 2601 861 alieni
2633 813 2738 862 non
2774 805 3024 868 inissent,
3053 794 3242 873 utique
3276 815 3383 855 non
3431 794 3662 856 fefellis—

2058 905 2198 955 sent.
2244 898 2414 955 Nemo
2457 915 2587 969 ergo
2629 895 2894 971 glorietur
2932 903 3140 951 castum
3191 909 3252 951 se
3304 887 3509 950 habere
3537 905 3664 958 cor,

2059 980 2512 1063 quemadmodum
2543 990 2799 1048 Salomon
2823 988 2960 1046 dixit
2991 985 3173 1060 (Prov.
3201 1001 3301 1053 xx,
3325 979 3382 1056 9)
3409 1002 3423 1039 :
3456 983 3547 1039 sed
3574 983 3664 1053 qui

2064 1085 2320 1157 gloriatur
2343 1127 2358 1150 ,
2390 1085 2445 1138 in
2483 1083 2707 1138 Domino
2761 1081 3007 1153 glorietur
3031 1075 3100 1151 (Il
3129 1078 3249 1134 Cor.
3301 1093 3359 1146 x,
3396 1075 3514 1148 17),
3566 1076 3661 1146 qui

2062 1179 2266 1234 sanctis
2291 1176 2407 1234 s'tiis
2431 1183 2528 1232 cor
2554 1174 2815 1232 mundum
2844 1185 3032 1230 creare
3059 1171 3311 1243 dignatus
3340 1177 3444 1236 est,
3470 1175 3528 1225 et
3557 1168 3664 1223 im-

2061 1271 2388 1327 inaculatum
2444 1269 2626 1326 facere
2670 1259 3145 1339 iustificationibus
3187 1264 3324 1320 suis.
3367 1263 3500 1331 Quae
3549 1260 3664 1316 sint

2058 1365 2498 1438 iustiﬁcationes,
2521 1359 2722 1417 a‘udisﬁ
2742 1361 3048 1416 dicentem:
3077 1354 3175 1411 Dic
3193 1356 3488 1428 iniquitates
3519 1359 3660 1414 luas,

2063 1467 2118 1515 at
2140 1459 2447 1532 justi/iceris
2479 1457 2652 1529 (Εδαὶ.
2676 1458 2830 1518 xuii,
2853 1451 2969 1523 ΞΘ).
3004 1451 3151 1522 Ergo
3195 1449 3286 1518 qui
3340 1447 3661 1519 iniquitates

2064 1555 2192 1606 sitas
2221 1549 2386 1615 dicit,
2411 1548 2740 1619 jusﬁticatur
2773 1564 2786 1600 :
2816 1545 2908 1617 qui
2936 1553 3115 1598 autem
3150 1540 3498 1613 justiiicatur,
3550 1554 3661 1595 non

2064 1642 2448 1707 confunditur;
2475 1640 2598 1711 quia
2625 1631 2888 1710 pudorem
2915 1643 3266 1708 peccatorum
3289 1639 3502 1690 maiora
3530 1643 3663 1689 con-

2065 1735 2305 1794 fessique
2329 1734 2610 1805 prmVenit.

2397 1867 2608 1942 1103
2645 1865 2876 1924 SERMO
2910 1863 3326 1923 UNDECIMUS.

2745 1994 2795 2040 ,Ξ
2825 1979 2992 2052 Capit.

2138 2103 2186 2156 i.
2224 2099 2416 2171 Incipit
2442 2098 2729 2155 undecima
2760 2095 2942 2152 littera
2956 2093 3123 2165 Caph,
3147 2107 3267 2166 quae
3283 2092 3474 2150 Latina
3493 2093 3668 2149 luter-

2063 2193 2372 2265 pretatione‘
2403 2190 2697 2262 sig'niiltat,
2729 2189 2941 2246 σανυαιί
2985 2196 3128 2242 sunt.
3171 2186 3353 2243 Sanus
3393 2186 3671 2257 interpre—

2061 2287 2284 2343 tationis
2311 2287 2429 2356 ipse
2451 2297 2552 2342 nos
2581 2284 2775 2349 docet,
2804 2282 2932 2354 quid
2974 2282 3047 2338 sit
3089 2280 3304 2336 curvari
3331 2297 3346 2347 ;
3379 2279 3471 2350 qui
3513 2279 3666 2336 enim

2062 2381 2358 2437 inclinatur
2385 2382 2438 2436 in
2473 2389 2696 2442 terram,
2724 2375 2937 2434 curvari
2977 2375 3214 2431 videtur.
3241 2372 3400 2431 Unde
3428 2374 3503 2430 ait
3530 2371 3670 2430 Pro-

2062 2473 2225 2545 pheta
2249 2473 2350 2527 sub
2378 2473 2478 2526 hac
2508 2472 2686 2526 littera
2721 2487 2736 2525 :
2789 2468 2963 2523 Paulo
2989 2469 3161 2522 minus
3182 2473 3668 2522 consummaverunt

2065 2573 2146 2620 me
2167 2567 2222 2620 in
2250 2570 2392 2621 terra
2414 2562 2550 2637 (Inf.
2582 2579 2630 2619 υ.
2660 2563 2772 2635 87).
2808 2563 3076 2618 Curvatur
3095 2565 3274 2617 autem
3301 2559 3394 2631 qui
3417 2559 3526 2632 agit
3549 2574 3672 2631 poe-

2065 2657 2360 2714 nitentiam
2388 2677 2403 2724 ;
2430 2672 2496 2713 eo
2523 2655 2665 2728 quod
2691 2655 2960 2712 cervicem
2989 2661 3140 2710 Suam
3169 2655 3374 2719 curvet,
3403 2653 3532 2708 dum
3567 2652 3672 2707 ltu-

2064 2753 2304 2808 miliatur
2326 2749 2394 2807 ad
2415 2751 2727 2817 Dominum,
2759 2757 2814 2805 et
2835 2748 3148 2803 interiorem
3174 2745 3346 2817 magis
3365 2745 3668 2810 Cervicem,

2063 2845 2118 2902 id
2144 2853 2248 2914 est,
2276 2845 2549 2901 cervicem
2580 2843 2779 2899 mentis
2809 2850 2865 2898 et
2891 2839 3094 2896 cordis.
3125 2836 3259 2896 Nam
3298 2835 3368 2894 de
3405 2839 3508 2894 hac
3547 2853 3674 2894 cer-

2063 2937 2183 2992 vice
2207 2936 2410 2992 dictum
2441 2944 2558 3002 est:
2595 2933 2708 2990 Nec
2757 2937 2801 2988 st
2847 2935 3025 3004 ﬂectas
3068 2938 3122 2986 tu
3165 2929 3420 2986 circulum
3468 2931 3669 2985 collum

2065 3039 2208 3085 tuum
2233 3029 2402 3099 (Esai.
2429 3037 2577 3095 ινιιι,
2605 3025 2704 3099 5);
2734 3029 2824 3098 qui
2855 3027 3001 3082 enim
3030 3031 3126 3082 cor
3154 3029 3312 3081 suum
3337 3029 3449 3080 non
3471 3022 3669 3090 ﬂectit,

2065 3121 2266 3177 frustra
2296 3122 2564 3176 cervicem
2593 3135 2746 3174 suam
2778 3118 3014 3175 ﬂexerit.

359 3209 498 3263 enim
523 3217 710 3264 exeunt
736 3209 1070 3280 cogitationes
1095 3209 1267 3274 malta,
1309 3209 1593 3264 homicidia
1620 3251 1633 3275 ,
1673 3209 1955 3276 adulteria,
1988 3215 2035 3280 ρ
2133 3213 2191 3267 2.
2233 3213 2402 3270 Docet
2435 3213 2599 3268 etiam
2632 3209 2939 3268 Hieremias
2990 3208 3252 3281 propheta
3301 3200 3667 3265 humilitatem

357 3301 745 3371 fornicationes,
765 3301 930 3370 furta,
955 3301 1091 3370 falsa
1113 3302 1424 3367 testimonia,
1449 3295 1801 3372 blasphemiae.
1829 3301 1958 3356 Hice

355 3399 475 3445 sunt
496 3407 611 3460 qua:
639 3392 970 3462 coinquinant
991 3392 1250 3448 hominem
1275 3394 1492 3467 (Matth.
1519 3402 1607 3459 xv,
1636 3395 1699 3448 ΓΙ
1722 3404 1770 3450 et
1796 3395 1954 3466 seq.).

359 3484 418 3540 Si
440 3499 574 3555 ergo
601 3484 747 3540 intus
771 3486 1176 3557 coinquinaris,
1228 3489 1380 3558 prius
1408 3487 1604 3543 munda
1635 3487 1780 3559 quod
1813 3490 1958 3544 intus

355 3585 464 3633 est.
487 3577 544 3633 Si
571 3577 718 3649 quod
751 3579 895 3634 intus
919 3589 1006 3634 est
1031 3582 1402 3648 mandaveris,
1433 3590 1487 3638 et
1503 3582 1779 3639 exteriora
1803 3599 1957 3639 mun-

354 3668 494 3724 dasti
531 3687 547 3725 :
581 3678 639 3725 ut
659 3671 704 3726 si
733 3669 760 3708 b
790 3685 928 3741 aqua
959 3672 1234 3729 turbidum
1265 3674 1420 3741 ﬂuat,
1451 3674 1650 3730 frustra
1677 3683 1833 3746 pllieS
1871 3675 1952 3731 la-

352 3777 478 3818 cum
499 3777 622 3820 esse
648 3764 1044 3834 mandandum,
1076 3767 1122 3822 si
1147 3765 1271 3823 fons
1302 3767 1534 3838 proﬂuat
1562 3769 1912 3825 coenulentus
1938 3786 1951 3834 ;

349 3857 697 3927 receptacula
718 3859 865 3914 enim
892 3861 1118 3916 tersisse
1135 3860 1268 3915 nihil
1293 3861 1556 3931 proderit,
1575 3872 1697 3918 cum
1729 3863 1781 3918 in
1809 3863 1956 3919 fonte

352 3948 654 4007 sitvitium.
680 3950 802 4022 ipse
818 3952 916 4007 tibi
943 3961 1072 4008 ante
1101 3954 1412 4025 purgandus
1439 3969 1518 4021 es,
1549 3965 1601 4010 ut
1635 3955 1766 4011 iluat
1792 3965 1955 4013 amne

351 4041 493 4112 quod
526 4058 718 4112 purum
741 4051 847 4099 est.
879 4042 987 4098 Cor
1010 4047 1578 4117 tuumvcogitationnm
1631 4056 1843 4104 tuarum
1871 4055 1956 4104 est

351 4133 648 4203 scaturigo.
672 4134 730 4188 In
755 4134 855 4188 illo
881 4133 1032 4190 fonte
1060 4137 1145 4192 vel
1186 4137 1400 4193 turbida
1439 4152 1576 4210 aqua
1618 4139 1954 4210 impuritatis

351 4224 647 4291 evomitur,
673 4225 761 4280 vel
783 4226 998 4281 sincera
1033 4227 1250 4297 pietatis
1282 4230 1424 4284 unda
1454 4234 1780 4303 prorumpit.

427 4314 520 4370 47.
566 4313 808 4370 Didicisti
839 4331 933 4371 cor
957 4331 1079 4372 esse
1102 4318 1494 4387 mandandum,
1523 4320 1677 4377 disce
1701 4323 1956 4392 quemad-

353 4407 580 4463 modum
609 4408 863 4464 mandes.
889 4409 1114 4464 Mundat
1131 4410 1276 4467 hunc
1307 4413 1510 4469 lentem
1531 4413 1848 4481 luetilicatio
1873 4417 1952 4472 le-

349 4499 562 4570 gitima,
598 4499 702 4554 hoc
732 4511 836 4566 est,
869 4499 1143 4558 confessio
1178 4513 1547 4573 peccatorum.
1583 4505 1825 4580 Denique
1856 4525 1954 4579 pu-

2065 3305 2170 3362 hae
2191 3304 2642 3376 interpretatione
2665 3302 2894 3374 signari.
2925 3301 3013 3358 Ait
3039 3303 3182 3357 enim
3230 3299 3333 3357 sub
3361 3301 3463 3356 hac
3483 3299 3668 3356 littera

2063 3399 2117 3454 in
2139 3395 2374 3456 Threnis
2408 3419 2422 3454 :
2458 3399 2592 3466 Quia
2621 3413 2724 3453 non
2749 3396 2961 3469 repellet
3007 3401 3060 3451 in
3087 3405 3338 3452 aeternum
3362 3389 3619 3451 Doniinus
3650 3414 3669 3462 ;

2061 3492 2182 3562 quia
2212 3508 2326 3545 cum
2349 3491 2715 3557 humiliauerit,
2745 3488 3070 3544 miserebitur
3106 3487 3392 3544 secundum
3421 3487 3669 3542 multitu-

2062 3582 2233 3636 dinem
2283 3582 2652 3637 misericordia:
2705 3595 2856 3647 suae;
2902 3582 3023 3652 quia
3068 3595 3170 3633 non
3216 3573 3508 3635 haﬁtiliaoit
3559 3586 3669 3633 toto

2063 3674 2218 3728 corde
2245 3688 2360 3739 suo,
2406 3685 2567 3744 neque
2591 3674 2786 3745 repulit
2825 3673 2963 3741 ﬁlios
3008 3669 3270 3726 hominum
3313 3667 3528 3743 (Thren.
3580 3687 3663 3738 ιιι,

2061 3763 2274 3836 51-55).
2301 3764 2510 3820 Βοηιιιιι
2538 3779 2667 3836 ergo
2689 3766 2926 3831 curvari,
2952 3775 3009 3818 ut
3036 3761 3386 3819 humiliombr
3410 3763 3664 3830 Domino,

2061 3864 2117 3911 et
2145 3855 2403 3910 Dominus
2432 3856 2778 3911 misereatur.
2811 3854 3056 3926 Denique
3103 3862 3158 3908 et
3196 3853 3249 3908 in
3281 3852 3668 3924 superioribus

2060 3947 2164 4003 sub
2193 3947 2292 4003 hac
2328 3949 2505 4004 littera
2547 3948 2687 4003 idem
2717 3946 3016 4004 Hieremias
3044 3947 3328 4018 propheta,
3362 3945 3668 4002 ostendens

2057 4040 2318 4111 gemitus,
2347 4049 2402 4096 et
2439 4041 2804 4096 humilitatem
2831 4039 3033 4110 plebis,
3065 4039 3142 4094 ait
3170 4059 3183 4093 :
3221 4039 3404 4094 Omnis
3436 4040 3668 4110 populus

2057 4135 2172 4205 ejus
2193 4133 2603 4205 ingemiscetttes,
2621 4139 2907 4203 quaerentes
2920 4139 3123 4202 patrem,
3139 4129 3392 4186 dederunt
3403 4129 3669 4186 desideria

2058 4242 2154 4281 sua
2178 4228 2231 4281 in
2260 4243 2430 4282 escam
2458 4234 2514 4279 ut
2540 4226 2780 4295 reﬁciant
2809 4227 3055 4279 animam.
3086 4222 3274 4292 lVide,
3326 4221 3572 4289 Domine,
3614 4235 3666 4278 et

2058 4318 2233 4388 aspice
2267 4358 2280 4381 ,
2324 4316 2446 4386 quia
2485 4314 2621 4383 facta
2669 4324 2743 4369 est
2781 4316 2893 4369 sine
2949 4315 3145 4368 honore
3173 4311 3391 4386 (Thr-en.
3445 4327 3483 4379 ι,
3541 4311 3660 4384 ii).

2059 4409 2204 4480 Ergo
2231 4409 2322 4480 qui
2350 4409 2550 4463 animae"
2567 4413 2682 4462 sum
2711 4406 2906 4477 quierit
2940 4405 3317 4470 refectionem,
3350 4402 3666 4460 humilitate

2060 4511 2338 4566 curvetur,
2367 4508 2476 4571 quo
2506 4501 2682 4570 possit
2711 4499 2874 4556 citius
2900 4500 2968 4556 ad
2999 4498 3214 4555 Domini
3241 4497 3525 4569 pervenire
3558 4497 3666 4553 mi-

351 4590 603 4647 blicanus
631 4589 724 4646 ille
751 4591 844 4660 qui
868 4602 1090 4663 peccata
1137 4595 1358 4665 prapr'ia
1396 4595 1670 4653 fatebatur
1693 4639 1709 4666 ,
1751 4599 1954 4670 justiil-
1979 4597 2034 4667 p
2059 4593 2432 4649 sericordiam.

348 4691 504 4738 catus
530 4682 703 4753 magis
731 4683 799 4739 de
827 4685 1051 4756 templo,
1080 4693 1238 4756 quam
1261 4685 1562 4757 pharisaeus
1581 4689 1789 4756 eiiivit;
1822 4692 1947 4762 quia

344 4775 552 4846 ieiunia
582 4790 680 4831 sua
709 4785 766 4832 et
786 4793 1016 4834 munera
1041 4778 1360 4848 pharisaeus,
1391 4787 1559 4852 atque
1583 4781 1948 4838 innocentiam

347 4867 699 4938 praeferebat.
732 4867 930 4924 Munda
962 4885 1094 4940 ergo
1123 4885 1319 4942 aquam
1356 4878 1529 4937 tuam,-
1578 4873 1724 4928 iilam
1754 4889 1947 4945 aquam

345 4961 416 5018 de
443 4977 550 5032 qua
574 4959 784 5018 dictum
809 4970 896 5018 est
927 4979 942 5016 ι
972 4963 1122 5032 Aqua
1147 4965 1258 5019 alta
1279 4965 1558 5020 consilium
1585 4967 1642 5020 in
1670 4966 1827 5022 corde
1851 4969 1950 5023 uiri

346 5051 533 5124 (Prov.
563 5069 656 5120 ιιι,
683 5053 761 5122 ὅ).
789 5053 998 5109 Bonam
1021 5055 1122 5110 tibi
1149 5070 1348 5126 aquam
1375 5065 1570 5113 natura
1620 5057 1792 5122 dedit,
1842 5059 1946 5116 nisi

343 5159 464 5202 eam
495 5161 654 5203 cinno
677 5155 774 5202 tuo
819 5147 1073 5217 polluas:
1123 5148 1241 5219 ipsa
1271 5158 1324 5205 te
1353 5149 1551 5218 diluit,
1601 5151 1650 5206 si
1693 5164 1848 5222 pura,
1899 5151 1946 5207 si

343 5238 603 5310 simplex,
627 5239 680 5294 si
707 5239 872 5296 etiam
899 5240 1165 5296 naturalis
1184 5242 1280 5306 ιιι,
1311 5242 1357 5296 si
1381 5242 1521 5297 nihil
1545 5242 1746 5298 habeat
1771 5241 1945 5299 sordi-

341 5331 472 5387 dum
500 5340 664 5402 atque
692 5342 994 5389 terrenum.
1026 5332 1168 5400 Quid
1198 5333 1458 5400 maliest,
1487 5333 1534 5389 si
1565 5347 1630 5388 ea
1661 5348 1798 5404 aqua
1823 5347 1945 5405 quin

345 5422 610 5480 inundare
638 5423 854 5495 debeat,
883 5425 1129 5495 polluat?
1161 5424 1270 5482 Sed
1300 5439 1408 5481 non
1431 5435 1516 5482 est
1540 5438 1682 5496 aqua
1703 5433 1794 5481 tua
1824 5439 1944 5496 quia

423 5588 449 5617 α
478 5579 686 5655 omnes
710 5581 848 5637 edit.
877 5582 1004 5655 cum
1017 5589 1188 5655 parte
1214 5596 1374 5650 mss.,
1406 5585 1483 5639 uel
1507 5584 1658 5639 nudis
1678 5584 1950 5655 cogitatio—

347 5649 496 5704 nibus
521 5653 840 5720 inquinotum
862 5670 881 5706 :
909 5649 1128 5724 Reliqui
1153 5669 1315 5720 mss.)
1360 5649 1666 5721 immundis,
1695 5649 1804 5711 εἶθ.

420 5740 447 5778 ι·
480 5740 627 5816 Edita
654 5754 900 5816 omnes,
938 5755 1072 5816 (auo
1094 5745 1317 5816 turbida
1358 5747 1563 5816 inﬂuat.
1600 5741 1729 5803 Mss.
1778 5761 1937 5814 vero,

2128 4685 2183 4739 5.
2229 4684 2411 4756 (Vera.
2449 4683 2568 4754 8i.)
2596 4683 2836 4756 ideoque
2876 4687 3150 4756 tamquam
3187 4685 3447 4740 obiratus
3485 4683 3664 4746 multo

2053 4779 2290 4848 a-rnplius
2315 4778 2497 4832 anima
2525 4789 2592 4832 ac
2622 4782 2828 4844 incute,
2851 4783 3013 4850 quam
3040 4781 3271 4848 corpore
3299 4781 3529 4831 csorsus
3572 4784 3661 4831 est

2055 4872 2250 4940 David,
2281 4873 2470 4929 dicens
2497 4877 2511 4926 :'
2536 4870 2742 4942 Defecit
2769 4873 2826 4927 in
2855 4871 3088 4928 Salutare
3129 4869 3276 4925 tuum
3302 4870 3480 4925 animo
3517 4883 3658 4936 mea,

2056 4970 2176 5023 etin
2199 4969 2568 5022 oerbumtuurn
2604 4967 2827 5038 sperari.
2873 4965 2990 5020 Non
3034 4963 3270 5022 uﬁiatus
3323 4967 3508 5021 sermo
3555 4972 3662 5019 nos

2054 5059 2273 5129 capiat;
2311 5071 2332 5098 ο
2352 5067 2414 5114 ιιι
2438 5066 2709 5128 tamquam
2740 5061 3022 5127 carpet-eae
3044 5057 3375 5128 fatigationis
3392 5053 3660 5113 deiectio-

2055 5164 2179 5208 nem
2209 5149 2522 5221 huiusmodi
2540 5143 2869 5220 judiceiuus.
2905 5149 3092 5220 Neque
3119 5149 3268 5205 enim
3321 5149 3426 5205 hoc
3473 5149 3658 5204 solum

2053 5241 2189 5298 dixit
2209 5258 2221 5295 :
2239 5242 2439 5312 Defecit
2453 5243 2631 5296 animo
2648 5251 2786 5307 mea;
2799 5239 2894 5297 sed
2917 5259 2929 5294 :
2954 5234 3156 5312 Defe'cit
3169 5241 3224 5294 in
3241 5237 3467 5295 salutare
3485 5249 3656 5296 tuum.

2053 5333 2240 5403 Itaque
2268 5339 2328 5387 ut
2356 5333 2425 5388 de
2451 5339 2550 5387 usu
2582 5333 2860 5402 capiamus
2887 5331 3217 5402 exemplum,
3263 5329 3312 5385 Si
3347 5331 3497 5386 vorbi
3531 5337 3660 5402 gra-

2052 5425 2150 5493 tia,
2183 5425 2466 5479 dicamus:
2502 5422 2707 5478 Deiecit
2733 5422 2825 5478 ille
2846 5421 2900 5477 in
2930 5419 3083 5478 illam
3104 5465 3118 5490 ,
3155 5415 3377 5478 ridetur
3420 5419 3658 5492 exprimi

2058 5598 2213 5641 secus
2238 5598 2302 5640 ac
2325 5584 2467 5655 apud
2491 5585 2770 5646 Horatium
2795 5585 2886 5642 lib.
2917 5601 2976 5649 ιι,
3005 5584 3110 5641 ode
3139 5585 3206 5641 i9
3240 5602 3252 5638 :

2358 5661 2500 5714 Mens
2521 5701 2532 5715 .
2555 5700 2569 5713 .
2593 5701 2604 5714 .
2630 5703 2642 5714 .
2662 5663 2906 5714 turbidum
2925 5657 3134 5714 laetatur.

2124 5759 2145 5784 υ
2175 5737 2339 5810 Edit.,
2368 5739 2436 5802 Ut
2457 5755 2719 5819 tamquam
2744 5752 3013 5818 corporeus
3040 5747 3371 5819 fatigatione:
3403 5747 3653 5818 defectio-

346 5825 480 5883 aqua
493 5812 751 5868 turbidum
770 5815 901 5881 ﬂuat
923 5830 941 5868 :
964 5812 1110 5884 quod
1123 5816 1367 5873 adverbii
1390 5812 1550 5873 modo
1575 5818 1812 5887 ponitur,
1833 5812 1941 5875 non
2047 5831 2184 5886 nem,
2210 5821 2314 5874 etc.
2337 5834 2354 5885 ;
2381 5825 2512 5874 mss.
2551 5812 2682 5874 v'ero
2715 5827 2772 5875 ut
2797 5812 2851 5874 in
2892 5812 3061 5873 textu.
