3948 6326
168 333 288 387 1319

1244 328 1309 383 ΙΝ
1348 318 1671 383 PSALMUM
1711 312 1925 381 CXVIII
1965 314 2350 381 EXPOSITIO.

3288 328 3426 385 15ὔο

158 446 250 500 hoc
268 442 448 507 verbo,
475 443 612 513 quod
642 450 789 498 totus
818 444 873 499 in
903 442 1147 497 mulieris
1168 442 1497 497 desiderium
1518 441 1727 509 cupidi-
1756 441 1804 499 Α
1834 437 2171 492 dissolvitur.
2201 434 2442 508 Denique
2470 437 2739 507 quomodo
2780 436 2996 493 deﬁciat
3044 439 3223 495 anima
3255 441 3308 496 in
3337 460 3425 496 sa-

160 544 257 590 tate
279 533 566 589 transierit.
599 533 662 588 Et
683 532 941 604 quidquid
971 540 1057 590 est
1084 534 1230 603 quod
1259 534 1612 589 vehementer
1634 547 1731 587 ex-

162 627 394 697 petimus,
423 626 525 679 nisi
548 625 665 695 ejus
694 624 1045 681 maturiorem
1067 625 1360 680 habeamus
1382 624 1656 689 enectum,
1675 625 1727 679 id

163 732 248 772 nos
268 716 471 771 videtur
501 717 653 786 longa
679 716 909 786 quadam
945 718 1251 771 intensionc
1290 714 1513 771 lassare.
1562 718 1730 770 Amor

163 808 434 877 impatiens
481 807 570 863 die
599 817 865 877 nocteque
897 809 1238 863 meretricius
1286 807 1429 863 fores
1482 807 1726 877 pulsans,

161 900 410 955 sidiutius
438 898 679 969 potiendi
704 898 974 955 desideria
1014 899 1358 966 diﬁ’erantur,
1398 900 1512 969 ipsa
1547 898 1732 954 deﬁcit

162 994 564 1063 exspectatione,
599 990 727 1046 dum
754 1000 973 1061 sperat:
1005 993 1057 1047 in
1087 1008 1193 1062 quo
1229 992 1416 1061 utique
1462 1007 1570 1046 nou
1608 990 1731 1045 ﬁnis

163 1086 366 1152 amoris,
394 1085 488 1141 sed
514 1085 909 1141 incrementum
940 1094 1039 1141 est.
1094 1086 1159 1140 Et
1188 1084 1447 1156 quidquid
1476 1093 1561 1138 est
1590 1082 1733 1139 desi-

164 1179 399 1242 derabile,
432 1180 475 1233 si
501 1195 609 1233 non
636 1179 1280 1249 contingatdesideranli,
1305 1176 1485 1234 deﬁcit
1504 1177 1558 1231 in
1577 1178 1728 1243 illud,

164 1281 213 1327 et
236 1274 375 1342 quasi
403 1272 579 1342 ipsam
606 1271 830 1343 deponit
855 1274 1093 1327 animam
1121 1272 1212 1343 qui
1234 1272 1530 1328 desiderat.
1564 1271 1621 1327 Si
1650 1278 1734 1326 ta—

166 1381 269 1420 men
295 1381 411 1434 apes
441 1366 667 1435 propior
715 1375 984 1435 assurgat,
1010 1364 1104 1419 dat
1133 1367 1277 1420 vires
1299 1379 1424 1433 spes
1448 1364 1729 1433 proxima:

166 1458 389 1511 siautem
418 1456 672 1511 absentia
698 1458 768 1511 sit
798 1457 1007 1523 dilecti,
1034 1471 1101 1511 eo
1132 1457 1249 1526 ipso
1278 1455 1422 1526 quod
1449 1457 1733 1511 absentem

165 1548 427 1615 desident,
460 1548 557 1618 qui
580 1550 918 1618 concupivit,
958 1549 1157 1603 animus
1178 1564 1292 1603 suae
1322 1548 1527 1619 patitur
1556 1546 1736 1603 deiec-

167 1643 364 1697 tionem.
395 1642 587 1712 Itaque
614 1649 817 1711 qnanto
838 1642 1051 1711 longius
1080 1650 1165 1696 est
1191 1642 1335 1695 istud
1360 1639 1502 1711 quod
1522 1639 1738 1695 deside-

167 1744 314 1797 ratur,
341 1744 485 1789 tanto
519 1734 698 1803 magis
719 1733 901 1788 deﬁcit
922 1734 1009 1804 qui
1038 1733 1338 1788 desiderat.
1394 1732 1450 1787 Id
1494 1742 1578 1787 est
1608 1745 1737 1802 ergo

1834 530 2008 587 Iutare
2041 532 2160 596 Dci,
2196 528 2496 586 Hieremias
2522 530 2702 587 docet.
2741 529 2806 585 Et
2840 535 3033 601 factum
3080 545 3176 594 est.
3233 536 3427 606 inquit,

1832 624 1884 678 in
1907 624 2065 678 corde
2092 641 2202 678 meo
2223 635 2276 677 ut
2300 624 2433 695 ignis
2455 621 2660 688 ardens,
2688 625 2960 694 ﬂammans
2984 625 3036 679 in
3060 625 3257 680 ossibus
3280 627 3428 692 meis,

1834 726 1881 772 et
1903 717 2182 772 dissolutus
2209 730 2323 770 sum
2346 716 2593 786 undique,
2630 724 2677 770 et
2708 715 2844 785 ferre
2883 732 2987 770 non
3037 734 3267 785 possunt.
3322 719 3435 774 IIoc

1834 810 1999 880 igitur
2027 807 2395 863 inﬂammatus
2434 806 2729 874 desiderio,
2779 807 2854 861 ait
2916 806 3080 863 David
3116 808 3358 879 :Defecit
3382 810 3434 863 iu

1834 901 2065 955 salutare
2090 909 2235 953 tuum
2258 900 2431 952 anima
2462 915 2593 964 mea,
2628 909 2675 953 et
2717 899 2770 952 in
2794 897 3004 953 verbum
3048 911 3187 954 tuum
3231 902 3433 972 speravi

1838 993 2053 1063 (lerem.
2080 1009 2171 1055 xx,
2195 993 2273 1063 9).

1907 1085 1963 1141 5.
2009 1084 2178 1140 Reate
2202 1085 2414 1155 speravi
2445 1082 2580 1140 dixit
2608 1076 2661 1139 in
2690 1082 2912 1140 verbum
2941 1101 2955 1148 ;
2985 1090 3110 1141 ante
3133 1085 3276 1142 enim
3307 1100 3437 1155 Spes

1837 1174 2120 1245 prtecedit,
2150 1180 2205 1231 ct
2236 1176 2358 1230 ideo
2391 1176 2639 1246 sequitur
2668 1170 2923 1230 deiectio.
2962 1175 3217 1246 Speravit
3255 1185 3436 1233 autem

1837 1268 1889 1323 in
1916 1268 2140 1324 verbum
2163 1267 2308 1339 quod
2330 1268 2677 1338 praedicatum
2702 1274 2929 1323 estesse
2955 1276 3264 1335 venturum,
3294 1268 3438 1339 quod

1841 1370 2019 1431 potest
2048 1359 2277 1431 intelligi
2310 1360 2377 1416 de
2403 1362 2512 1415 Deo
2552 1360 2752 1416 Verbo.
2804 1361 2911 1415 Aut
2936 1369 3086 1416 certe
3121 1362 3173 1415 in
3214 1360 3438 1416 verbum

1838 1454 2102 1526 speravit,
2140 1456 2230 1525 qui
2272 1455 2442 1511 verbo
2480 1454 2689 1510 ctelesti
2744 1448 2998 1519 credidit,
3060 1470 3167 1525 quo
3225 1455 3439 1511 Domini

1842 1548 2015 1602 nostri
2036 1545 2165 1602 Jcsu
2187 1545 2383 1602 Christi
2409 1542 2763 1601 annuntiatnr
2776 1546 3060 1609 adventus,
3088 1545 3173 1601 vel
3199 1564 3305 1619 quo
3327 1548 3444 1616 ejus

1840 1641 2011 1711 gloria
2055 1642 2386 1697 declaratur.
2433 1640 2576 1710 Ergo
2618 1634 2889 1711 PrOplteta
2924 1634 3285 1696 considerans
3325 1658 3446 1711 qum

1843 1734 2072 1803 legerat,
2104 1741 2160 1789 et
2186 1742 2420 1789 cernens
2450 1732 2595 1802 quod
2626 1744 2747 1787 cum
2776 1734 2991 1788 adesset
3018 1731 3269 1803 corpori,
3299 1732 3446 1787 velut

167 1825 405 1888 deﬁcere;
438 1839 887 1895 unumquemque
917 1824 969 1878 in
1012 1823 1065 1878 id
1116 1826 1243 1878 totis
1278 1822 1472 1878 studiis
1506 1822 1741 1893 migrare
1772 1820 1818 1885 Β
1846 1827 2172 1897 quibusdam
2204 1827 2400 1897 ligatus
2429 1825 2663 1881 vinculis
2691 1824 2851 1895 hujus
2882 1826 3026 1892 vitat,
3054 1816 3244 1881 aberat
3283 1840 3313 1878 a
3363 1841 3447 1880 sa-

168 1916 293 1984 quod
311 1918 518 1988 diligat.
556 1916 693 1971 Illud
725 1916 952 1986 cogitat,
987 1915 1061 1969 illi
1090 1914 1352 1979 adhaaret,
1381 1913 1513 1968 illud
1557 1924 1743 1982 perso-

169 2020 266 2077 nat,
290 2011 425 2079 quod
448 2010 728 2080 receperit
751 2008 1105 2080 diligendum,
1133 2010 1187 2063 in
1218 2009 1267 2063 id
1290 2008 1521 2079 quadam
1548 2008 1742 2062 animae

170 2104 445 2160 deiectione
472 2102 876 2158 transfunditur
905 2121 919 2166 ;
958 2114 1016 2158 ut
1047 2103 1090 2157 si
1126 2111 1299 2156 mater
1331 2102 1423 2156 Iilii
1464 2109 1743 2170 exspectet

171 2200 508 2267 praesentiam,
550 2195 1007 2266 quemadmodum
1032 2195 1382 2265 exspectabat
1398 2194 1583 2249 Tobiae
1607 2207 1744 2247 uxor

172 2289 316 2343 ﬁlium
362 2290 837 2360 peregrinantem,
876 2288 1135 2343 deﬁciens
1172 2304 1201 2341 a
1240 2287 1520 2343 desiderio
1543 2326 1558 2354 ,
1591 2295 1645 2341 et
1689 2284 1741 2339 in

171 2381 403 2450 angustiis
436 2379 658 2453 1105
682 2381 999 2446 constituta,
1025 2390 1080 2435 et
1104 2391 1377 2451 tamquam
1404 2379 1641 2435 resoluta
1668 2378 1746 2431 vi-

173 2472 302 2527 ribus
324 2472 467 2543 (Τοῦ.
506 2488 577 2539 ι,
605 2474 709 2528 aet
750 2472 904 2541 seq.).
959 2473 1097 2538 Quid
1138 2473 1283 2527 enim
1323 2470 1471 2526 aliud
1510 2470 1613 2525 nisi
1650 2470 1745 2524 de-

174 2562 350 2619 lectum
386 2563 683 2635 quemdam
715 2563 831 2633 ejus
875 2563 1040 2618 verba
1082 2562 1434 2633 signiﬁcant?
1476 2562 1583 2618 Sed
1640 2576 1745 2631 quo

176 2656 325 2725 magis
353 2657 591 2712 lassatur
611 2656 861 2722 affectus,
892 2664 961 2711 eo
986 2656 1222 2726 amplius
1246 2670 1398 2711 amor
1422 2656 1619 2711 crescit
1649 2666 1663 2705 :
1692 2663 1747 2709 et

174 2762 267 2818 quo
282 2749 471 2805 diutius
500 2750 767 2819 abestqui
792 2749 1151 2814 desideratur,
1176 2764 1243 2804 eo
1259 2748 1627 2819 exspectantis
1651 2744 1748 2801 de-

175 2840 350 2896 sideria
371 2842 580 2911 majore
601 2841 833 2912 quadam
860 2842 911 2896 vi
934 2843 1137 2897 amoris
1163 2844 1467 2911 ignescunt.
1494 2841 1633 2896 Caro
1654 2840 1748 2895 dc-

178 2932 288 3001 ﬁcit,
317 2936 407 2990 sed
430 2935 708 3005 cupiditas
746 2935 908 2989 alitur
933 2944 988 2990 et
1018 2945 1265 3005 augetur.

236 3027 288 3081 4.
325 3027 457 3083 Iliae
487 3042 629 3098 ergo
658 3028 914 3098 colligere
940 3041 1228 3097 possumus
1268 3024 1396 3097 quid
1427 3025 1495 3080 sit
1530 3044 1541 3079 :
1594 3023 1751 3097 Defe-

180 3121 237 3174 εἰ(
261 3123 307 3176 in
334 3124 561 3177 salutare
600 3131 746 3176 tuum
776 3123 947 3175 anima
984 3138 1114 3176 mea.
1151 3122 1364 3176 Etenim
1401 3119 1615 3190 spiritui
1651 3120 1744 3175 ad-

1844 1920 2018 1976 Itttare
2054 1921 2168 1986 Dei,
2193 1919 2634 1990 concupiscebat,
2658 1915 3026 1981 desiderabat,
3052 1910 3363 1983 deﬁciebat,
3390 1926 3444 1972 et

1847 2022 1961 2073 tcto
1984 2015 2384 2073 dis$oivebatur
2411 2014 2602 2069 affectu
2628 2029 2643 2079 ;
2676 2014 2734 2069 ut
2766 2020 2915 2067 totus
2938 2004 3085 2066 Illius
3118 2010 3277 2068 ﬁeret
3304 2012 3445 2079 Quod

1846 2108 2213 2175 desiderabat,
2246 2106 2387 2165 sicut
2419 2108 2582 2163 etiam
2620 2107 2671 2161 itt
2698 2094 3091 2175 posterioribus
3124 2104 3238 2173 ipse
3266 2096 3397 2158 dicit
3431 2122 3442 2156 :

1848 2198 2082 2268 E/fundo
2104 2202 2157 2254 in
2185 2208 2461 2267 conspectu
2483 2201 2597 2271 ejus
2628 2198 2914 2251 orationem
2945 2206 3129 2264 meam,
3159 2194 3452 2251 tribulatio-

1848 2306 1961 2349 nem
1992 2302 2157 2347 meum
2187 2300 2305 2346 ante
2331 2291 2498 2361 ipsum
2522 2286 2822 2357 pronuntio,
2850 2289 2906 2344 in
2941 2282 3228 2355 deiicienda
3276 2304 3339 2343 ea:
3373 2298 3453 2343 me

1850 2389 2089 2458 spiritum
2116 2394 2283 2441 meum
2311 2382 2486 2457 (Psat.
2517 2390 2663 2449 cxtt,
2695 2380 2728 2438 3
2751 2394 2796 2438 et
2818 2378 2899 2453 4).
2928 2374 3134 2437 Deiecit
3155 2382 3299 2437 enim
3332 2382 3451 2451 ejus

1851 2480 2095 2551 Spiritus,
2147 2476 2314 2535 immo
2364 2472 2432 2532 ab
2460 2492 2526 2532 eo
2556 2470 2735 2533 deﬁcit
2781 2474 3005 2545 Spiritus
3054 2486 3225 2542 suus,
3268 2474 3355 2544 qui
3395 2484 3455 2529 Se

1850 2573 2027 2643 ipsum
2058 2574 2241 2643 negat,
2274 2579 2333 2625 ut
2354 2566 2629 2624 adhaereat
2649 2562 2890 2623 Christo.
2925 2564 3076 2623 Unde
3099 2566 3308 2622 semita:
3333 2567 3452 2636 ejus

1852 2672 2255 2737 cognoscuntur
2284 2676 2311 2716 a
2346 2659 2620 2727 Domino;
2655 2660 2779 2730 quia
2819 2675 2925 2715 non
2964 2667 3091 2715 sunt
3120 2661 3324 2727 carnis,
3357 2659 3452 2715 sed

1853 2756 2052 2813 Christi
2088 2757 2316 2811 semitae.

1927 2848 1981 2903 6.
2029 2846 2239 2903 Etenim
2284 2846 2681 2918 requirentium
2725 2844 2897 2900 Deum
2948 2844 3034 2900 via
3077 2834 3327 2900 Christus
3350 2852 3455 2901 est.

1857 2942 1926 2998 Et
1948 2958 2047 2997 nos
2073 2943 2236 3013 igitur
2258 2941 2391 2996 illud
2415 2940 2893 3011 concuspiscamus
2912 2945 3196 3007 aeternum,
3218 2936 3349 2993 illud
3379 2946 3457 2994 sa-

1858 3034 2035 3091 lutare
2059 3033 2154 3089 Dei
2187 3044 2199 3087 :'
2233 3047 2341 3089 non
2373 3034 2827 3105 concupiscamus
2875 3026 3158 3101 pectinia‘m
3182 3072 3196 3098 ,
3246 3030 3455 3103 1105

1858 3142 2017 3197 quam
2043 3127 2346 3182 avarissimi
2379 3126 2809 3197 concupiscunt,
2860 3132 2965 3179 non
3005 3125 3458 3193 concupiscamus

182 3214 366 3272 harena
390 3218 576 3272 anima
596 3216 779 3271 deﬁcit
800 3217 945 3271 abeo
972 3216 1212 3286 quodest
1237 3216 1439 3279 anima,
1459 3224 1510 3269 et
1533 3214 1591 3268 ﬁt
1614 3228 1753 3269 unus
1782 3209 1827 3272 C
1859 3221 2050 3277 alienae
2080 3218 2267 3275 uxoris
2291 3214 2577 3285 decorem,
2626 3233 2732 3273 non
2768 3215 3082 3271 ambitionis
3120 3216 3461 3285 exagitentur

180 3308 413 3377 spiritus:
444 3310 710 3380 quoniam
738 3310 824 3380 qui
844 3310 1071 3363 adluat-et
1097 3307 1344 3375 Domino,
1376 3322 1511 3361 unus
1537 3308 1753 3377 spiritus

180 3411 243 3452 est
269 3400 305 3472 (1
331 3402 450 3456 Cor.
478 3418 557 3468 vr,
597 3400 710 3472 Π).
746 3401 929 3470 Itaque
960 3409 1183 3456 sanctus
1237 3409 1292 3455 et
1339 3400 1538 3454 timens
1561 3398 1752 3463 Deum,

182 3493 329 3548 nescit
357 3493 504 3549 aliud
529 3492 879 3560 desiderare,
913 3494 1016 3548 nisi
1057 3493 1297 3550 salutare
1335 3492 1467 3560 Dei,
1498 3491 1642 3562 quod
1671 3500 1758 3545 est

180 3580 399 3641 Christus
426 3585 613 3642 Iesus.
662 3582 822 3638 Illum
852 3584 1207 3654 concupiscit,
1251 3583 1405 3637 illum
1456 3582 1753 3649 desiderat,

184 3674 227 3729 in
254 3677 391 3733 illum
417 3681 547 3735 totis
582 3678 816 3734 intendit
844 3679 1082 3746 viribus,
1107 3678 1260 3732 illum
1308 3677 1520 3748 gremio
1558 3679 1756 3733 mentis

184 3769 324 3836 levet,
349 3772 422 3828 illi
444 3787 506 3828 se
534 3771 714 3843 aperit
734 3781 789 3827 et
819 3770 1047 3826 eﬁ‘undit
1071 3788 1084 3825 :
1110 3779 1167 3827 et
1188 3771 1290 3825 hoc
1314 3771 1489 3826 solum
1515 3778 1753 3837 veretur,

188 3875 245 3916 ne
269 3862 406 3918 illum
438 3866 618 3933 possit
644 3862 916 3919 amittere.
942 3864 1127 3933 Itaque
1160 3872 1367 3934 quanto
1414 3864 1620 3932 majore
1665 3864 1760 3919 de-

185 3957 363 4014 siderio
386 3962 696 4015 exercitata
724 3958 886 4015 tuerit
905 3960 1085 4013 anima
1114 3959 1337 4029 cupiens
1363 3957 1646 4012 adhaerere
1668 3970 1759 4010 sa-

190 4047 327 4105 lutari
350 4066 468 4120 suo,
498 4060 655 4107 tanto
688 4052 858 4122 magis
880 4052 1081 4107 deﬁcit.
1111 4052 1254 4122 Ergo
1276 4052 1375 4106 ista
1398 4051 1634 4107 deiectio
1662 4051 1759 4104 im-

189 4145 519 4203 minutionem
553 4146 775 4216 quidem
801 4146 1140 4216 I'ragilitatis,
1191 4145 1288 4202 sed
1332 4146 1758 4215 assumptiouem

190 4236 379 4294 virtutis
402 4249 689 4309 operatur.
718 4238 963 4308 Denique
989 4239 1107 4309 ipse
1130 4237 1260 4294 alibi
1298 4238 1490 4294 dicens
1514 4255 1528 4290 :
1586 4237 1762 4293 Sitivit

189 4327 236 4379 in
257 4339 300 4381 te
316 4332 485 4385 animo
511 4348 631 4387 mea
654 4330 832 4402 (Paul.
868 4346 998 4398 uti,
1043 4330 1142 4401 2);
1174 4331 1406 4400 subjecit
1441 4331 1580 4387 inira
1610 4349 1622 4385 :
1657 4330 1765 4385 Ad-

189 4419 318 4475 luesit
363 4426 537 4478 anima
580 4440 698 4479 mea
736 4433 850 4494 post
897 4434 986 4479 te:
1034 4441 1113 4478 me
1149 4426 1376 4495 suscepit
1422 4426 1631 4479 dextera
1675 4435 1765 4480 tua

190 4509 359 4581 (lbid.,
390 4516 471 4585 9).
502 4516 609 4583 Qui
652 4519 797 4572 enim
842 4517 995 4582 sitit,
1026 4518 1177 4587 cupit
1222 4531 1441 4587 semper
1483 4517 1765 4574 adhaerere

1858 3312 2152 3378 desiderio,
2184 3324 2293 3367 non
2322 3310 2569 3368 saeculari
2600 3310 2950 3365 intendamus
2980 3308 3191 3379 glorite,
3224 3324 3333 3363 non
3362 3302 3461 3363 tal-

1858 3406 1988 3461 lacis
2011 3404 2533 3474 circumscriptionis
2558 3404 2750 3459 studiis
2773 3416 3124 3473 occupamur,
3151 3412 3255 3457 non
3281 3404 3463 3472 proxi-

1860 3515 2003 3554 mum
2024 3496 2417 3553 circumvenire
2440 3496 2725 3567 iniquitate
2743 3495 3048 3565 cupiamus,
3066 3508 3174 3549 non
3191 3504 3463 3564 postremo

1860 3602 2041 3661 partes
2062 3589 2306 3659 vulpium
2340 3589 2512 3645 simus
2541 3589 2593 3643 in
2625 3598 2857 3644 terrena!
2879 3585 3173 3657 voluptatis
3201 3586 3460 3641 interiora

1860 3684 2121 3749 demersi,
2157 3693 2429 3752 tamquam
2459 3681 2676 3737 exsules
2705 3689 3057 3745 :cternorum,
3084 3678 3225 3735 etde
3256 3670 3343 3732 illa
3375 3686 3465 3734 Su-

1864 3784 2046 3846 perum
2078 3775 2192 3845 spei
2234 3773 2659 3844 prtesumptione
2694 3768 2913 3842 dejecti.
2951 3766 3181 3825 Attollat
3209 3764 3371 3839 IgittIt'
3402 3782 3462 3825 se

1862 3871 2040 3925 anima
2075 3877 2257 3923 nostra
2286 3866 2545 3923 deﬁciens
2567 3866 2773 3920 viribus
2802 3865 2915 3918 suis
2941 3880 2955 3927 ;
2983 3871 3043 3917 ut
3074 3856 3351 3917 adhaereat
3381 3877 3463 3916 sa-

1863 3964 2021 4019 lutari
2057 3962 2177 4027 Dei,
2210 3960 2410 4031 quiest
2438 3958 2688 4014 ChriStus
2719 3952 2977 4011 Domitios
3003 3950 3186 4023 .Iesus,
3217 3954 3358 4025 quod
3385 3954 3466 4009 iu-

1866 4053 2262 4126 tcrpretationc
2283 4051 2483 4107 dicitur
2508 4048 2719 4105 Domini
2755 4049 2923 4104 salus.
2954 4045 3073 4118 Ipse
3101 4056 3183 4101 est
3207 4048 3349 4101 enim
3381 4062 3467 4101 sa-

1866 4150 1971 4213 ltts,
1996 4148 2225 4211 veritas,
2258 4145 2434 4200 virtus
2456 4152 2620 4214 atque
2644 4132 2933 4212 sapientia.
2961 4136 3063 4209 Qui
3106 4140 3264 4209 igitur
3285 4130 3471 4194 deﬁcit

1866 4241 1991 4310 sibi,
2019 4247 2077 4295 ut
2098 4237 2285 4293 virtuti
2315 4235 2613 4305 adhaereat,
2645 4233 2847 4289 amittit
2872 4232 3017 4303 quod
3049 4246 3203 4289 suum
3237 4240 3342 4300 est,
3374 4240 3465 4287 ac-

1865 4334 1997 4405 cipit
2029 4332 2171 4404 quod
2201 4336 2467 4387 mternum
2489 4337 2595 4385 est.

1944 4428 1996 4481 7.
2043 4424 2224 4496 (νει-ε.
2254 4424 2374 4495 82.)
2408 4422 2663 4494 Sequitur
2699 4441 2711 4477 :
2747 4414 3059 4492 Defecerum
3102 4421 3239 4474 oculi
3281 4420 3379 4473 mei
3420 4422 3473 4473 in

1868 4516 2074 4575 verbum
2116 4529 2259 4573 tuum
2288 4558 2302 4581 ,
2347 4517 2573 4571 dicentes
2623 4530 2636 4568 :
2687 4512 2908 4579 Quando
2961 4511 3305 4566 consolab‘eris
3346 4512 3471 4564 nte?

190 4600 323 4669 fonti,
346 4620 448 4661 nec
468 4606 617 4661 aliud
637 4607 744 4663 sibi
760 4608 863 4663 nisi
886 4623 1081 4677 aquam
1096 4619 1355 4676 expetere
1373 4618 1427 4665 et
1448 4611 1752 4680 contingert

1870 4613 1897 4653 δ
1921 4614 2094 4682 Supra
2124 4614 2207 4666 est
2236 4611 2535 4686 πρακτικόν,
2562 4607 2649 4663 hic
2673 4607 2973 4683 θεωρητικόν
3004 4623 3016 4659 :
3049 4606 3120 4660 ibi
3154 4606 3205 4660 in
3237 4605 3471 4660 salutare

191 4692 405 4764 videtur,
434 4707 495 4753 ut
518 4698 640 4768 ipso
666 4708 919 4769 pascatur
957 4700 1175 4756 aﬁ'ectu.
1213 4712 1237 4737 υ
1277 4701 1591 4771 Suscipieus
1638 4717 1767 4772 ergo

192 4784 398 4844 dextera
420 4790 666 4846 animam
688 4805 867 4847 meam
886 4832 903 4859 ,
933 4801 992 4848 et
1018 4792 1088 4847 de
1124 4807 1226 4848 suo
1256 4792 1511 4849 virtutem
1564 4794 1766 4863 impar-

192 4880 338 4949 tiens,
368 4884 501 4941 facit
524 4901 645 4941 earn
677 4898 798 4941 esse
824 4886 968 4955 quod
992 4901 1099 4941 non
1128 4892 1271 4953 erat,
1310 4894 1368 4941 ut
1411 4886 1555 4941 dicat
1588 4903 1602 4940 :
1646 4885 1770 4941 Vivo

192 4984 347 5031 autem
365 4979 483 5048 jam
505 4994 607 5033 non
630 4990 746 5051 ego,
780 4980 899 5033 vicit
919 4988 1085 5032 autem
1104 4979 1160 5032 in
1182 4992 1264 5033 me
1286 4977 1528 5033 Christus
1568 4978 1768 5052 (Galat.

193 5079 245 5130 lt,
284 5066 399 5139 20).
455 5070 618 5125 Disce
653 5078 835 5125 autem
886 5072 1052 5125 etiam
1103 5070 1359 5139 exemplo
1408 5068 1767 5127 defeetionem

195 5154 335 5212 istam
363 5160 549 5214 nimia:
569 5175 692 5217 esse
722 5160 1055 5231 cupiditatis.
1104 5160 1453 5232 Concupiwit,
1500 5161 1696 5233 inquit,
1724 5173 1772 5218 et

197 5245 355 5315 deﬁcit
379 5252 559 5305 anima
584 5269 697 5306 mea
725 5254 780 5307 in
801 5253 934 5308 atria
961 5253 1170 5308 Domini
1205 5252 1376 5327 (Paul.
1430 5271 1657 5321 Lxxxnt,
1690 5253 1772 5326 5).

197 5339 324 5396 Ante
338 5344 757 5413 concupiscens,
777 5344 1197 5415 iuquit,etquasi
1224 5346 1391 5401 totam
1414 5356 1473 5402 se
1488 5345 1775 5403 eﬁ‘undeus

200 5424 249 5482 in
270 5428 789 5505 wncnpisccntiam,
821 5435 990 5506 longo
1021 5433 1147 5493 tune
1176 5448 1442 5508 suspensa
1471 5437 1776 5496 defeetione

267 5588 292 5625 ⁸
316 5584 673 5666 Εάὶιτσιηηεε
698 5609 712 5647 :
742 5586 1048 5666 Suscipiens
1064 5602 1185 5665 ergo
1207 5610 1285 5666 me
1310 5590 1412 5649 Dei
1435 5592 1663 5663 dextera,
1678 5596 1791 5649 ani-

205 5674 295 5714 ma
314 5677 441 5734 mete
454 5662 681 5734 inhians,
697 5660 826 5718 etde
845 5660 941 5718 uta
956 5660 1141 5718 virtute
1161 5664 1287 5719 mihi
1316 5666 1637 5734 impertiens.
1650 5660 1783 5721 Mss.

202 5736 321 5805 Vero
343 5731 872 5805 nobiscumta'ciunl,
898 5738 1129 5805 excepto
1158 5736 1301 5805 quod
1333 5730 1579 5791 nonnulli
1604 5736 1789 5791 ultima

206 5800 357 5855 verba
378 5800 581 5858 habent
602 5804 735 5859 sicut
754 5803 909 5869 cdit.,
931 5804 995 5858 de
1014 5800 1108 5858 sua
1131 5800 1313 5863 virtute
1334 5808 1458 5861 nti/ti
1473 5808 1789 5877 impertiens.

1874 4704 2057 4761 deﬁcit
2085 4704 2284 4767 anima,
2318 4714 2384 4756 eo
2410 4698 2553 4770 quod
2584 4692 2920 4767 concupiscit
2946 4708 3091 4759 cum,
3141 4696 3297 4765 cujus
3337 4696 3471 4749 Pas-

1876 4801 2029 4855 sionc
2056 4804 2270 4852 servata
2302 4803 2383 4851 est
2414 4812 2425 4847 :
2462 4794 2549 4849 hic
2578 4794 2631 4849 in
2674 4788 2898 4849 verbum
2943 4788 3160 4845 Domini
3194 4782 3473 4861 propheta:

1877 4891 2021 4947 oculi
2071 4884 2408 4945 deiecerunt.
2455 4876 2525 4941 Et
2571 4880 2853 4941 videamus
2903 4894 2972 4939 ne
3021 4878 3474 4954 quemadmodum

1880 4983 1990 5039 illic
2041 4980 2326 5037 adhaerens
2362 4979 2579 5037 Christo
2623 4978 2804 5033 anima
2831 4968 3012 5033 deﬁcit
3042 4977 3094 5031 in
3123 4984 3287 5030 unam
3322 4974 3479 5044 Spiri-

1876 5082 2013 5140 tum,
2044 5081 2101 5130 et
2130 5073 2189 5127 ﬁt
2211 5080 2348 5128 unus
2372 5071 2627 5144 spiritus:
2655 5066 2728 5127 ita
2753 5077 2811 5127 et
2834 5064 3086 5126 deﬁciant
3113 5068 3278 5136 oculi,
3302 5070 3357 5123 ut
3388 5064 3481 5122 ﬁat

1877 5183 1982 5223 una
2007 5176 2182 5223 mens.
2208 5160 2362 5221 Oculi
2395 5166 2538 5221 enim
2564 5162 2764 5221 mentis
2796 5160 2884 5219 isti
2912 5166 3042 5219 sunt
3068 5160 3234 5228 oculi,
3269 5152 3481 5217 scilicet

1879 5259 2153 5315 interioris
2184 5258 2434 5326 hominis,
2482 5274 2587 5313 non
2632 5258 2684 5312 hi
2713 5256 2855 5311 oculi
2886 5256 2977 5324 qui
3028 5253 3332 5309 ministerio
3365 5255 3482 5308 tuu-

1880 5354 2080 5422 guntnr
2110 5350 2350 5406 obtutus.
2385 5361 2407 5389 ε
2452 5349 2550 5405 Est
2575 5349 2720 5405 enim
2752 5347 2940 5404 oéultts
2972 5350 3028 5402 et
3055 5360 3228 5411 meus,
3257 5339 3437 5403 carnis
3468 5364 3481 5401 :

1883 5442 1978 5500 sed
2003 5440 2092 5499 ille
2122 5458 2299 5499 caecus
2332 5450 2417 5498 est
2445 5440 2662 5511 oculus,
2690 5440 2783 5513 qui
2808 5454 2915 5496 non
2962 5439 3113 5495 videt
3152 5454 3275 5510 quas
3302 5432 3483 5494 divina

1970 5595 1997 5634 ι’
2037 5596 2241 5653 Omnes
2268 5597 2399 5671 edit.
2423 5637 2439 5665 ,
2469 5596 2644 5671 supra
2672 5592 2952 5671 πραικτικὸν
2980 5624 3001 5661 ,
3049 5592 3483 5671 Igicﬂewpmmév.

1892 5668 2095 5749 Contra
2138 5684 2266 5722 mss.
2296 5669 2433 5749 .iere
2473 5664 2740 5724 ad'unusit
2775 5668 2826 5721 in
2878 5664 3323 5723 mendationétn
3353 5678 3483 5722 nea.

1898 5747 2033 5793 tram
2060 5747 2427 5794 consentiunt.

1978 5822 1997 5841 ν
2042 5810 2195 5868 lieni.
2232 5811 2361 5867 edit.
2410 5811 2543 5880 sola,
2601 5809 2692 5867 Est
2718 5812 2851 5868 enim
2878 5808 3055 5868 oculus
3102 5820 3147 5867 ct
3190 5809 3388 5879 mentis,
3417 5815 3465 5863 et
