3948 6354
477 319 606 378 1551

1811 317 2059 377 SANCTI
2096 318 2421 379 AMBROSII

3645 317 3663 371 Ι
3681 316 3774 372 352

476 440 623 500 sunt,
671 431 766 502 qui
812 430 1009 487 frustra
1052 438 1234 487 mente
1263 431 1444 487 carnis
1489 430 1708 487 inﬂatus
1735 438 1838 486 est.
1871 433 1968 488 Est
2014 441 2070 488 et
2095 436 2146 496 Λ
2173 450 2324 490 suam
2353 434 2420 490 ad
2459 432 2781 489 humilitatis
2807 431 3120 504 patientiam
3148 446 3367 490 araneae
3395 431 3564 488 modo
3599 431 3775 487 tabi-s-

475 525 618 579 alius
660 524 886 588 oculus,
942 537 1137 579 sensus
1190 522 1414 591 Christi,
1468 537 1578 594 quo
1629 522 1869 578 Ecclesia
1923 523 2073 578 videt

476 617 794 683 Christum;
825 617 967 673 sicut
1007 616 1124 686 ipse
1151 616 1284 672 dicit
1312 616 1380 671 ad
1428 615 1692 686 Sponsam
1724 634 1737 670 :
1766 614 1933 670 Corde
1979 633 2071 670 nos

475 710 658 780 cepisti
686 725 788 763 uno
817 708 880 762 ab
908 709 1074 764 oculis
1119 709 1220 763 tuis
1260 707 1439 780 (Cant.
1483 723 1563 773 tv,
1592 707 1674 778 9).
1726 707 1918 763 Merito
1963 723 2072 764 uno

475 801 633 857 oculo
657 798 908 857 Christus
936 800 1184 866 videtur;
1215 800 1338 872 quia
1381 816 1488 856 non
1520 800 1737 856 videtur
1765 799 1924 857 oculo
1953 815 2072 857 car-

475 893 584 949 nali
615 911 631 948 :
658 906 750 949 aut
797 895 923 965 quia
970 895 1106 951 duos
1132 895 1318 952 oculos
1360 894 1567 950 habens
1597 892 1861 962 Ecclesia,
1894 909 2075 948 mora-

475 985 581 1043 lem
608 995 664 1043 et
698 987 1010 1059 mysticum,
1042 988 1169 1045 ﬁdei
1217 987 1380 1043 oculo
1423 988 1542 1057 plus
1583 986 1731 1042 videt
1774 986 2069 1042 Christum.

471 1079 728 1150 Mysticus
748 1081 893 1136 enim
921 1080 1114 1136 oculus
1137 1080 1347 1136 acutior
1373 1089 1476 1147 est,
1512 1079 1739 1134 moralis
1764 1077 1994 1134 dulcior.

537 1171 593 1226 8.
636 1171 703 1226 Et
724 1170 955 1227 fortasse
977 1171 1070 1227 isti
1097 1172 1240 1228 oculi
1267 1182 1416 1237 sunt,
1447 1172 1649 1242 quibus
1689 1171 1888 1227 Paulus
1916 1171 2072 1228 vide-

474 1261 565 1318 bat
593 1271 823 1329 :eterna,
854 1263 945 1319 ubi
975 1265 1142 1336 erepit
1170 1264 1478 1335 corporalia
1526 1278 1632 1319 non
1678 1263 1884 1319 videre.
1913 1263 2072 1319 Deni-

470 1372 579 1427 que
605 1357 698 1428 qui
740 1357 1016 1413 Christum
1068 1375 1175 1414 non
1230 1359 1467 1427 videbat,
1525 1358 1839 1430 priusquam
1887 1359 2073 1414 oculos

472 1449 769 1510 amitteret,
803 1449 937 1504 vidit
980 1465 1103 1506 eum
1143 1460 1496 1522 posteaquam
1524 1451 1698 1506 visum
1727 1451 1912 1506 amisit
1936 1464 2072 1506 ocu—

473 1537 670 1594 lorum.
705 1539 852 1594 Vidit
880 1541 1025 1596 enim
1054 1543 1145 1612 qui
1175 1542 1314 1598 dixit
1343 1561 1355 1596 :
1408 1543 1536 1610 Quis
1565 1559 1638 1610 es,
1680 1542 1901 1598 Domine
1931 1543 2070 1614 (Act.

474 1646 552 1696 ix,
579 1627 678 1700 5)?
708 1631 939 1688 Videbat
960 1634 1148 1703 utique
1171 1633 1471 1702 Christum,
1501 1650 1662 1705 quem
1690 1635 1856 1691 etiam
1890 1635 2075 1692 Domi-

475 1740 605 1781 num
649 1725 946 1784 fatebatur.
980 1727 1050 1782 Et
1093 1725 1269 1784 infra:
1323 1727 1562 1795 Domine,
1598 1728 1801 1799 inquit,
1832 1728 1958 1798 quid
1995 1744 2076 1783 me

2174 528 2348 584 centis
2376 527 2650 584 erudiens.
2681 526 3033 582 Desiderabat
3051 525 3196 582 enim
3219 526 3580 582 sicutcervus
3599 523 3772 580 fontes

2173 636 2456 692 aquarum,
2486 631 2542 677 et
2581 621 2800 676 sitiebat
2829 619 2882 674 in
2919 620 3204 675 Dominum
3234 620 3407 675 Deum
3441 632 3633 686 suum,
3680 632 3770 673 cu-

2175 715 2328 786 piens
2351 715 2470 784 ejus
2499 713 2682 769 videre
2715 714 3085 784 praesentiam,
3127 723 3182 768 et
3217 727 3486 783 apparere
3529 720 3664 766 ante
3693 711 3766 766 fa-

2175 809 2313 864 ciem
2343 808 2468 873 Dei;
2500 805 2777 878 nimioque
2820 806 3092 862 desiderio
3119 815 3177 862 et
3219 804 3533 861 vehementi
3561 802 3770 874 cupidi-

2176 911 2288 957 tate
2308 900 2587 966 deﬁeiens,
2613 912 2742 956 tunc
2766 914 2826 955 se
2849 887 3171 954 habiliorem
3203 897 3267 952 iis
3295 912 3416 966 qua:
3445 896 3516 952 de
3546 895 3772 951 Domino

2177 992 2506 1064 poposcerit,
2539 990 2894 1060 impetrandis
2921 989 3235 1061 prophetica
3265 988 3440 1059 gratia
3469 1001 3768 1058 praesume-

2176 1085 2286 1140 bat.
2317 1084 2383 1139 Et
2408 1096 2508 1138 nos
2529 1081 2689 1153 igitur
2711 1081 3059 1138 intendamus
3085 1096 3185 1136 cor
3221 1088 3490 1145 nostrum,
3520 1087 3581 1134 ut
3602 1076 3772 1150 possi-

2176 1193 2296 1234 mus
2322 1177 2622 1247 intelligere
2648 1176 2819 1231 series
2845 1175 3272 1244 Scripturarum,
3306 1183 3362 1229 et
3404 1172 3632 1228 verbum
3681 1185 3771 1225 no-

2175 1270 2260 1326 bis
2284 1269 2469 1324 venire
2509 1283 2538 1322 a
2569 1267 2802 1322 Domino
2832 1266 3189 1336 postulemus,
3231 1274 3393 1335 atque
3436 1263 3770 1318 intellectum

2175 1363 2313 1419 dari.
2341 1363 2397 1419 Si
2425 1363 2547 1432 quis
2573 1361 2641 1416 de
2679 1360 2974 1430 longinquo
3004 1358 3240 1414 Verbum
3272 1358 3363 1412 Dei
3400 1355 3595 1411 obtutu
3625 1370 3773 1410 men-

2178 1458 2247 1513 tis
2278 1456 2574 1528 aSpexerit,
2623 1454 2860 1510 nondum
2904 1453 3121 1522 planum
3163 1459 3327 1522 atque
3355 1448 3695 1514 distinctum,
3733 1447 3773 1502 is

2177 1549 2324 1604 velut
2358 1545 2676 1619 quibusdam
2709 1547 2880 1601 oculis
2923 1543 3274 1600 interioribus
3306 1540 3470 1596 Verbi
3501 1538 3772 1609 navigium

2177 1641 2610 1712 appropinquare
2637 1639 2833 1694 anima:
2859 1652 2973 1692 sua:
2992 1637 3185 1692 cernit.
3211 1635 3328 1702 Quo
3348 1643 3532 1689 autem
3554 1645 3779 1701 expresn

2177 1735 2292 1790 sius
2317 1733 2502 1789 videre
2529 1732 2778 1802 coeperit,
2811 1745 2877 1786 eo
2906 1730 3077 1801 magis
3105 1729 3259 1799 quasi
3289 1726 3355 1781 ad
3388 1733 3606 1796 portum
3628 1723 3771 1779 veri-

477 1820 551 1874 vis
592 1821 761 1890 facere
789 1819 954 1893 (Ibid.
978 1863 993 1889 ,
1041 1821 1142 1892 6)?
1185 1821 1302 1878 Non
1335 1837 1467 1894 ergo
1497 1822 1715 1878 videbat
1743 1837 1890 1890 eum,
1919 1821 2073 1892 cujus
2100 1829 2150 1889 B
2179 1828 2303 1883 tatis
2334 1825 2555 1881 festinat
2581 1824 2861 1891 accedere,
2899 1831 2957 1878 ut
2983 1823 3056 1878 sit
3086 1821 3365 1893 proximus
3393 1816 3736 1873 inveltendm.

475 1916 828 1986 exspectabat
852 1915 1190 1988 imperium?
1217 1917 1428 1986 Quibus
1483 1918 1644 1989 igitur
1689 1917 1861 1974 oculis
1889 1917 2074 1974 videre

474 2007 674 2065 Paulus
705 2008 828 2079 plus
852 2008 1041 2080 coepit,
1076 2009 1182 2064 nisi
1212 2009 1279 2065 iis
1299 2025 1439 2080 quos
1470 2009 1630 2066 nobis
1658 2009 1777 2079 ipse
1805 2017 2074 2064 monstra-

471 2102 570 2168 vit,
601 2101 790 2157 dicens
814 2119 828 2154 :
862 2102 1039 2157 Orabo
1055 2103 1261 2175 spiritu,
1285 2103 1446 2157 orabo
1471 2112 1520 2157 et
1543 2111 1708 2158 mente
1733 2101 1780 2173 (l
1803 2101 1923 2157 Cor.
1957 2116 2070 2168 xw,

476 2193 606 2265 15)?
633 2193 878 2265 Denique
905 2203 964 2249 ut
1005 2194 1150 2250 scias
1201 2195 1324 2265 quia
1371 2194 1507 2249 vidit
1550 2193 1758 2249 orando
1793 2211 1807 2247 :
1851 2193 2073 2248 Factum

472 2295 569 2352 est,
597 2286 790 2356 inquit;
821 2288 1096 2342 revertenti
1115 2287 1245 2342 mihi
1270 2289 1323 2342 in
1344 2287 1697 2352 Hierusalem,
1723 2303 1841 2341 cum
1866 2302 2074 2341 orarent

474 2381 540 2436 in
561 2380 772 2451 templo,
803 2396 1045 2453 pavorem
1075 2381 1252 2446 habui,
1291 2380 1398 2435 vidi
1441 2381 1589 2435 illum
1619 2380 1874 2435 dicentem
1902 2377 2030 2433 mihi
2054 2394 2072 2432 :

476 2467 716 2540 Festina,
741 2481 789 2527 et
810 2472 893 2526 exi
908 2471 1061 2527 citius
1083 2473 1146 2526 de
1169 2471 1523 2539 Hierusalem;
1553 2487 1656 2526 non
1671 2472 1810 2526 enim
1829 2471 2075 2543 recipient

476 2565 827 2619 testimonium
867 2573 1012 2619 tuum
1060 2565 1125 2619 de
1166 2581 1246 2620 me
1271 2563 1410 2638 (Act.
1455 2580 1604 2628 χχιι,
1636 2563 1704 2618 l7
1746 2571 1795 2617 et
1837 2561 1950 2634 18).
1982 2561 2076 2617 Isti

471 2671 604 2726 ergo
659 2657 804 2714 oculi
859 2656 917 2713 in
942 2657 1194 2726 jverbum
1247 2657 1339 2713 Dei
1395 2655 1674 2723 deﬁciunt,
1722 2663 1778 2711 et
1829 2655 2072 2711 dicunt:

480 2752 702 2818 Quando
730 2752 1078 2808 consolaberis
1108 2769 1187 2808 me
1213 2753 1238 2806 ?
1271 2751 1395 2807 lstis
1422 2749 1594 2808 oculis
1621 2750 1901 2822 propheta:
1927 2750 2078 2806 dice-

486 2845 680 2899 bantur
706 2842 948 2899 Videntes
965 2862 984 2910 ;
1004 2846 1127 2916 quia
1155 2861 1251 2915 per
1271 2846 1655 2902 revelationem
1687 2859 1754 2901 ea
1778 2859 1898 2916 quae
1919 2853 2076 2900 erant

476 2933 817 3000 abscondita,
850 2943 1032 2990 mente
1057 2935 1376 2990 cernebant.

545 3029 598 3084 9.
641 3026 780 3096 Quid
807 3036 890 3084 est
919 3028 1109 3083 oculos
1138 3027 1418 3084 deﬁcere?
1454 3029 1532 3084 De
1576 3027 1954 3098 corporalibus
1992 3025 2074 3081 di-

471 3133 678 3186 camus,
709 3127 769 3174 ut
793 3117 1158 3188 intelligamus
1182 3118 1250 3174 de
1277 3119 1630 3189 spiritalibus.
1651 3119 1840 3173 Nonne
1855 3117 2072 3188 quando

2249 1920 2339 1975 10.
2381 1916 2705 1974 Defecerunt
2729 1931 2858 1984 ergo
2908 1914 3052 1969 oculi
3110 1911 3395 1982 Prophetas
3447 1911 3500 1966 in
3547 1907 3772 1963 verbum

2176 2011 2292 2078 Dei,
2318 2010 2562 2066 dicentes
2588 2027 2600 2063 :
2633 2007 2855 2077 Quando
2879 2005 3224 2061 consolaberis
3271 2003 3389 2058 me?
3423 2002 3480 2058 Si
3509 2000 3654 2056 oculi
3685 1998 3773 2054 isti

2174 2101 2458 2174 signiﬁeati
2489 2109 2637 2166 sunt,
2678 2098 2873 2170 quibus
2912 2097 3183 2153 cernimus
3213 2104 3269 2152 et
3297 2094 3564 2162 videmus,
3593 2091 3773 2148 dicere

2175 2196 2512 2251 debuerunt:
2536 2192 2764 2261 Quando
2803 2190 3176 2248 eonsolaheris
3216 2204 3350 2256 nos;
3384 2189 3488 2244 hoc
3513 2195 3622 2254 est,
3666 2202 3771 2241 non

2176 2288 2544 2360 singulariter,
2571 2286 2664 2341 sed
2689 2284 3005 2356 pluraliter?
3053 2281 3158 2338 Sed
3190 2281 3318 2351 quia
3358 2279 3547 2335 oculus
3569 2278 3767 2333 mentis

2175 2391 2234 2439 et
2261 2382 2451 2437 oculus
2479 2380 2656 2435 carnis
2704 2395 2843 2433 unus
2890 2375 3080 2432 oculus
3128 2375 3282 2441 ﬁunt,
3330 2384 3385 2429 et
3437 2382 3566 2428 tunc
3610 2372 3773 2427 homo

2174 2473 2546 2530 consolatione
2571 2469 2816 2534 fulcitur,
2845 2483 2968 2523 cum
2992 2481 3120 2522 caro
3143 2476 3199 2521 et
3227 2479 3384 2522 mens
3414 2464 3631 2519 diversa
3666 2479 3770 2518 non

2175 2569 2421 2638 cupiunt,
2449 2565 2545 2621 sed
2565 2580 2733 2620 unum
2761 2561 3094 2629 desiderant,
3124 2574 3287 2615 unum
3309 2558 3621 2630 requirunt;
3650 2556 3772 2612 ideo

2178 2659 2376 2716 intenti
2404 2659 2472 2713 ad
2502 2673 2624 2714 eum
2645 2698 2659 2725 ,
2712 2657 2802 2728 qui
2834 2655 2908 2709 ait
2938 2673 2952 2710 :
2982 2653 3097 2725 Ego
3125 2663 3174 2708 et
3209 2652 3364 2708 Pater
3391 2669 3552 2706 unum
3591 2667 3770 2705 sumus

2177 2752 2355 2826 (Joan.
2380 2750 2584 2824 x,_'50),
2618 2750 2704 2806 isti
2741 2762 2959 2820 quoque
2985 2747 3130 2803 oculi
3159 2762 3325 2802 unum
3355 2760 3416 2801 se
3443 2759 3568 2801 esse
3596 2744 3768 2799 conﬁ~

2177 2856 2388 2911 tentur;
2439 2846 2560 2916 quia
2600 2858 2708 2899 uno
2747 2850 2911 2912 atque
2941 2840 3134 2898 eodem
3175 2837 3449 2896 desiderio
3477 2837 3770 2908 ofﬁcioque

2177 2941 2488 3010 funguntur.

2248 3031 2336 3086 11.
2381 3029 2674 3087 Deﬁciehat
2712 3044 2844 3101 ergo
2871 3029 2923 3084 in
2963 3027 3187 3084 verbum
3218 3026 3506 3098 PrOphela.
3538 3023 3653 3080 Nos
3677 3038 3770 3078 au-

2175 3132 2283 3180 tem
2314 3124 2518 3179 otiosos
2549 3139 2648 3179 nos
2669 3132 2950 3195 putamus,
2980 3123 3028 3178 si
3056 3121 3223 3176 verbo
3251 3117 3628 3176 tantummodo
3655 3128 3772 3173 stu-

469 3213 706 3285 aliquem
729 3211 1121 3280 desideramus,
1156 3220 1211 3268 et
1239 3227 1521 3281 speramus
1550 3211 1756 3278 adfore,
1787 3227 1854 3267 eo
1881 3210 2065 3280 dirigi-
2167 3218 2298 3273 dere
2324 3217 2602 3272 videamur
2624 3234 2638 3271 :
2669 3226 2726 3272 et,
2749 3216 2919 3287 pluris
2940 3216 3273 3271 mslimamus
3300 3228 3395 3270 eos
3417 3213 3508 3285 qui
3545 3226 3773 3282 operan-

471 3320 593 3362 mus
634 3307 853 3370 oculos,
883 3303 1027 3360 unde
1068 3318 1351 3375 speramus
1377 3318 1502 3360 esse
1526 3303 1850 3359 venturum?
1879 3303 2065 3374 Itaque

470 3397 708 3453 contenti
739 3396 832 3451 diu
858 3395 1171 3466 quotidiana
1201 3395 1610 3465 exspectatione
1642 3394 1857 3466 1106
1883 3393 2067 3449 delici—

473 3505 614 3547 mus.
647 3489 742 3546 Sic
770 3491 928 3544 Anna
951 3489 1400 3559 circumspiciens
1426 3488 1480 3543 in
1511 3487 1676 3554 viam,
1701 3486 1954 3542 sollicitis
1980 3484 2068 3541 ad-

470 3589 692 3637 ventum
714 3579 810 3635 ﬁlii
831 3580 1151 3651 explorabat
1179 3580 1420 3636 excubiis
1454 3579 1612 3653 (Tob.
1641 3595 1696 3646 x,
1731 3578 1807 3649 7).
1847 3578 1937 3634 Sic
1965 3578 2069 3630 Da-

469 3674 561 3731 vid
611 3673 893 3746 propheta,
932 3683 964 3714 ι
1016 3681 1324 3729 currentem
1377 3672 1446 3728 de
1497 3671 1722 3742 przelio,
1771 3671 1964 3741 positis
2015 3671 2067 3724 in

471 3774 625 3823 turre
651 3765 1122 3838 exploratoribus,
1170 3765 1511 3836 interrogare
1537 3763 1605 3820 de
1649 3763 1822 3819 salute
1853 3761 1949 3816 ﬁlii
1976 3776 2070 3832 pa-

472 3869 557 3918 ter
583 3859 805 3918 sedulus
831 3859 1097 3932 gestiebat
1123 3858 1192 3932 (ll
1219 3858 1348 3931 Reg.
1383 3874 1514 3914 xvut
1535 3899 1550 3923 ,
1585 3856 1705 3928 24).
1734 3856 1824 3914 Sic
1867 3864 2069 3912 tenera:

473 3969 612 4010 uxor
637 3953 816 4011 aetatis
842 3953 911 4009 de
938 3952 1159 4024 specula
1207 3951 1425 4008 littorali
1446 3993 1462 4018 ,
1491 3950 1762 4006 indefessa
1790 3958 2072 4020 exspecta-

473 4045 621 4102 tione
644 4045 744 4102 viri
770 4045 1120 4116 praestolatnr
1135 4046 1425 4101 adventum
1448 4062 1463 4112 ;
1488 4052 1547 4099 ut
1564 4059 1960 4114 quamcumque
1976 4060 2070 4100 na-

471 4141 581 4196 vim
607 4139 824 4206 viderit,
855 4139 969 4194 illic
1011 4148 1163 4209 putet
1189 4141 1473 4209 conjugem
1508 4139 1793 4209 navigare,
1837 4146 2068 4192 metuat-

472 4245 580 4302 que
602 4245 672 4285 ne
696 4228 916 4285 videndi
959 4230 1190 4299 gratiam
1219 4229 1402 4284 dilecti
1438 4228 1577 4283 alius
1603 4237 1934 4298 antevertat,
1970 4245 2070 4287 nec

476 4324 591 4395 ipsa
620 4322 794 4394 possit
841 4321 1018 4392 prima
1065 4319 1491 4376 dicerezV'ideo
1534 4330 1608 4386 te,
1655 4322 1886 4387 marite;
1932 4323 2071 4378 sicut

474 4416 631 4471 Anna
653 4413 869 4470 dicebat
889 4412 958 4468 ad
991 4413 1161 4468 ﬁlium
1191 4430 1205 4467 :
1237 4411 1400 4467 Video
1441 4423 1508 4480 te,
1533 4413 1633 4482 ﬁli,
1675 4413 1866 4468 amodo
1901 4414 2066 4468 liben-

473 4509 572 4564 tius
601 4508 796 4563 moriar
823 4506 980 4579 (Tob.
1015 4523 1100 4576 XI,
1142 4506 1242 4578 8);
1291 4506 1479 4564 mortis
1527 4507 1780 4562 videlicet
1821 4506 2065 4564 dolorem

2171 3321 2277 3380 tur,
2306 3326 2467 3382 quam
2495 3326 2593 3367 eos
2612 3311 2706 3382 qui
2727 3310 2754 3349 ι’
2784 3310 3024 3365 studium
3051 3307 3448 3380 cognoscendae
3470 3305 3770 3361 divinitatis

2169 3412 2441 3460 exercent.
2468 3402 2664 3459 Dicunt
2680 3403 2823 3459 enim
2848 3403 3094 3473 plerique
3122 3420 3135 3454 :
3173 3403 3311 3457 Ecce
3338 3399 3500 3454 homo
3518 3407 3574 3452 et
3599 3413 3769 3468 opera

2169 3499 2308 3570 ejus.
2357 3497 2522 3566 Quasi
2546 3512 2680 3553 vero
2709 3497 2799 3568 qui
2828 3497 2998 3552 verbo
3034 3493 3273 3560 studeat,
3322 3509 3430 3548 nun
3457 3498 3723 3560 operetur
3755 3505 3770 3552 ;

2171 3607 2295 3648 cum
2318 3593 2492 3662 majus
2519 3604 2661 3661 opus
2690 3590 2834 3646 istud
2881 3604 3042 3660 quam
3089 3597 3286 3643 cratera
3335 3587 3462 3642 sint.
3514 3584 3571 3640 Si
3622 3583 3770 3639 enim

2170 3699 2306 3755 opus
2331 3683 2539 3754 justitia
2579 3693 2682 3748 est,
2711 3683 2758 3738 si
2784 3697 2923 3752 opus
2953 3681 3338 3752 temperantia,
3367 3681 3411 3734 si
3439 3693 3577 3749 opus
3606 3676 3770 3732 forti-

2172 3777 2348 3834 tudo:
2395 3777 2580 3847 utique
2606 3791 2745 3847 opus
2772 3785 2857 3833 est
2901 3776 3064 3832 etiam
3110 3773 3407 3846 sapientia;
3456 3773 3575 3827 ista:
3619 3771 3771 3827 enim

2173 3879 2403 3941 quatuor
2443 3869 2769 3940 principales
2799 3870 3026 3924 virtutes
3072 3866 3359 3922 habentur.
3403 3864 3534 3920 Nam
3563 3864 3607 3919 si
3638 3878 3774 3934 ope-

2173 3973 2324 4019 ratur
2351 3962 2601 4018 Christus
2645 3961 2944 4018 secundum
2992 3960 3136 4030 quod
3172 3959 3380 4027 justitia
3425 3965 3531 4024 est,
3574 3957 3775 4028 utique

2172 4063 2431 4126 operator
2457 4052 2756 4110 secundum
2769 4052 2910 4124 quod
2934 4052 3141 4124 1107
3161 4050 3398 4106 Verbum
3428 4057 3530 4104 est.
3552 4047 3619 4102 Et
3638 4063 3776 4118 ope-

2173 4148 2395 4204 rabatur
2422 4163 2546 4204 cum
2582 4157 2729 4203 esset
2771 4147 2826 4201 in
2855 4144 3121 4216 principio
3158 4142 3300 4214 apud
3339 4143 3574 4198 Patrem.
3602 4141 3776 4197 Deni-

2171 4254 2278 4310 que
2298 4256 2387 4309 per
2411 4241 2585 4309 ipsum
2611 4239 2786 4294 omnia
2807 4240 2947 4308 facta
2971 4246 3091 4292 sunt
3121 4235 3306 4307 (Joan.
3339 4252 3386 4300 ι,
3407 4233 3496 4306 5);
3525 4244 3584 4288 ut
3625 4235 3776 4289 scias

2170 4344 2512 4404 operatorem
2567 4335 2810 4390 omnium
2843 4347 3017 4398 esse,
3067 4341 3121 4386 et
3173 4346 3309 4401 opus
3352 4340 3596 4385 ltOSll‘tlm
3647 4344 3778 4386 esse

2168 4428 2447 4484 Christum
2485 4429 2691 4484 .lesum.
2744 4427 2956 4482 Etenim
2998 4424 3293 4481 secundum
3349 4423 3491 4495 quod
3535 4425 3776 4480 verbum

2169 4533 2273 4586 est,
2302 4523 2526 4577 verbum
2555 4521 2977 4592 inquirentibus,
3001 4518 3206 4590 grande
3234 4533 3371 4588 opus
3402 4516 3631 4572 verbum
3664 4524 3773 4573 est.

474 4600 714 4672 exoptati
744 4607 1069 4671 conspectus
1095 4599 1363 4655 suavitate
1389 4612 1497 4654 non
1531 4598 1791 4654 sentiens.
1827 4597 1971 4669 Ergo
2009 4608 2065 4653 ut

2177 4613 2329 4672 Unde
2354 4629 2477 4669 cum
2506 4613 2711 4668 Martha
2744 4612 3029 4668 festinaret
3053 4610 3196 4666 circa
3238 4609 3621 4676 ministerium,
3659 4610 3777 4665 Ma-

473 4692 565 4750 illa
604 4709 726 4765 quae
767 4692 1078 4749 advenienti
1103 4693 1222 4749 viro
1258 4708 1318 4748 se
1363 4701 1514 4764 optat
1560 4692 1777 4760 offerre,
1807 4693 2066 4763 ablegatis

470 4786 726 4844 omnibus
767 4785 1082 4844 domesticis
1108 4785 1588 4857 occupationibus,
1623 4785 1848 4841 semitas
1872 4784 2068 4841 viantis

470 4888 566 4937 aut
595 4880 789 4952 pedum
815 4879 1040 4951 vestigia
1067 4879 1200 4951 legit
1229 4897 1243 4932 :
1271 4880 1351 4935 sic
1375 4878 1646 4950 Propheta
1687 4878 1832 4936 curis
1872 4887 2068 4936 exutus

469 4978 842 5044 saecularibus,
885 4976 1206 5034 interiorum
1255 4975 1536 5032 oculorum
1588 4974 1642 5030 in
1695 4975 1918 5031 verbum
1971 4974 2067 5029 Dei

470 5070 698 5143 pervigil
736 5080 921 5128 custos
945 5084 1118 5141 usque
1141 5069 1210 5124 ad
1250 5067 1611 5124 defectionem
1644 5067 1725 5122 sui
1749 5067 2067 5124 intendebat

468 5163 709 5229 obtutus,
740 5177 944 5234 corpus
970 5176 1128 5218 suum
1161 5159 1415 5231 redigens
1441 5160 1713 5229 servituti,
1745 5168 1800 5216 et
1828 5160 2062 5217 animam

468 5348 657 5403 carnis.
680 5345 864 5404 Bonus
889 5357 1084 5401 sensus
1119 5341 1165 5397 si
1195 5355 1291 5411 per
1319 5354 1380 5395 se
1405 5355 1469 5396 ac
1496 5341 1725 5396 seorsim
1755 5349 2052 5410 Spectatur.

469 5417 576 5473 Sed
600 5433 723 5475 eum
751 5433 860 5473 non
890 5416 1186 5470 convenire
1217 5412 1344 5468 huic
1371 5413 1512 5478 loco,
1561 5427 1667 5467 non
1707 5413 1883 5466 solum
1925 5414 2056 5466 alia-

469 5503 587 5544 rum
614 5489 748 5545 edit.
790 5503 854 5543 ac
879 5501 1011 5542 mss.
1040 5499 1339 5540 consensus
1385 5482 1616 5544 evincit:
1650 5497 1841 5537 verum
1888 5484 2053 5538 etiam

468 5561 794 5614 conﬁrmant
818 5573 1004 5625 voces,
1034 5572 1158 5628 quae
1185 5563 1504 5628 sequuntur,
1536 5553 1624 5623 qui
1664 5555 1859 5616 frustra
1887 5564 2053 5628 mente

466 5631 634 5684 carnis
675 5630 887 5700 inﬂatus
929 5638 1023 5684 est.
1056 5625 1331 5700 :lntellige
1383 5625 1544 5700 igitur
1591 5633 1824 5700 mentem
1874 5627 2054 5700 carnis

464 5701 628 5754 etiam
668 5694 814 5755 oc'uli
844 5698 1109 5755 vocabulo
1155 5694 1317 5766 posse
1360 5694 1653 5764 nominari,
1695 5694 1792 5751 sed
1837 5697 2052 5752 oculum

465 5766 618 5826 illum
646 5783 850 5826 caecum
876 5783 941 5825 ac
970 5767 1263 5839 superbum
1293 5780 1434 5824 esse.

2174 4706 2254 4760 ria
2284 4708 2474 4761 'autem
2502 4703 2729 4760 verbum
2775 4703 2990 4759 Domini
3033 4703 3245 4758 audiret
3276 4721 3288 4756 :
3320 4717 3383 4758 ea
3413 4717 3535 4773 qua:
3582 4703 3780 4758 audie-

2174 4795 2287 4860 bat,
2337 4796 2388 4853 ei
2419 4812 2538 4865 quas
2568 4796 2931 4862 ministrabat,
2979 4795 3179 4852 meruit
3225 4795 3504 4851 anteferri.
3553 4794 3777 4851 Dicenti

2175 4889 2320 4945 enim
2344 4889 2605 4946 Marthae:
2635 4889 2880 4955 Domine,
2911 4907 3013 4945 non
3039 4901 3114 4945 est
3144 4889 3234 4944 tibi
3265 4904 3422 4955 cura,
3455 4889 3593 4956 quod
3617 4906 3779 4944 soror

2176 4999 2290 5038 mea
2321 4983 2526 5055 reliquit
2546 4999 2627 5037 me
2655 4981 2823 5038 solam
2849 4983 3184 5038 ministrare?
3209 4981 3308 5037 Dic
3333 4997 3452 5056 ergo
3479 4981 3561 5036 illi
3593 4991 3654 5036 ut
3695 4999 3783 5038 me

2175 5075 2404 5149 adjuvet.
2433 5074 2795 5146 Respondeas,
2829 5074 2964 5129 dixit
3005 5074 3262 5130 Dominus
3288 5091 3309 5130 :
3351 5074 3586 5139 Martha,
3617 5073 3781 5130 Mar-

2171 5169 2352 5222 tlta....
2386 5165 2562 5221 Maria
2589 5167 2777 5222 bonam
2821 5174 3019 5238 partem
3045 5166 3226 5239 elegit,
3256 5182 3373 5238 qua:
3415 5182 3519 5221 non
3559 5170 3786 5238 aufere-

2233 5352 2260 5380 ει
2297 5340 2374 5396 Ita
2402 5340 2587 5410 scripti
2609 5341 2733 5397 cod.
2762 5339 2906 5396 Edit.
2933 5355 3088 5407 vero,
3111 5351 3349 5397 currente
3368 5342 3432 5396 de
3452 5344 3636 5412 praelia
3664 5362 3780 5403 uno

2160 5423 2276 5484 post
2314 5412 2536 5467 alterum
2570 5413 2658 5482 qui
2707 5413 2970 5484 nuntiaret
2998 5453 3012 5474 ,
3063 5414 3262 5482 positis,
3297 5425 3404 5484 etc.
3437 5413 3538 5484 Qui
3573 5425 3780 5473 autem

2159 5482 2491 5554 sequentem
2531 5482 2995 5551 comparationem
3065 5498 3130 5538 ac
3174 5482 3436 5554 epistola:
3493 5482 3780 5544 Ptnllidos

2161 5553 2438 5609 Ovidiana:
2465 5551 2626 5609 ﬁnem
2659 5555 2801 5609 inter
2831 5569 2892 5610 se
2916 5551 3242 5617 contulerit,
3266 5569 3373 5609 non
3399 5569 3545 5624 aegre
3567 5556 3783 5614 fatebia

2155 5633 2242 5695 tur
2269 5639 2335 5695 eo
2361 5627 2669 5695 respexisse
2693 5634 2938 5680 nostrum
2974 5623 3357 5695 Ambrosium.

2207 5693 2255 5777 ,ξ’
2285 5693 2480 5777 βὰἱιΧ,
2508 5695 2736 5752 studium
2755 5694 3124 5766 cognoscenda:
3143 5694 3419 5762 veritatis;
3447 5708 3610 5765 mss.,
3638 5700 3789 5757 divi-

2165 5774 2364 5821 πηαιη.
