3948 6356
195 336 315 390 1353

1231 339 1296 394 ΙΝ
1337 339 1668 399 PSALMUM
1706 342 1914 401 CXVIII
1958 343 2338 403 EXPOSITIO.

3317 365 3466 422 1554

191 461 260 504 tur
281 448 356 502 illi
383 446 534 519 (Luc.
565 462 622 515 ι,
654 447 874 520 40-42).
907 451 983 504 Ita
1013 451 1238 506 verbum
1268 468 1594 525 cognoscere
1642 473 1755 512 nia-
1780 465 1832 523 Α
1859 458 2006 525 dere,
2060 461 2148 515 nix
2177 478 2297 532 quae
2329 462 2495 518 divini
2544 466 2832 535 splendore
2881 471 3047 542 fulget
3095 475 3316 547 eloquii.
3350 479 3450 535 Nix

186 541 259 611 jus
291 555 418 611 opus
443 554 563 595 esse
610 555 774 610 quam
821 541 1152 612 ministrare,
1186 546 1383 601 divina:
1428 551 1750 606 auctoritate

187 635 442 688 sententiae
469 631 745 691 definitur.

249 769 324 825 l2.
360 768 461 826 Sed
517 768 752 827 fortasse
807 770 955 828 dicat
1005 775 1202 846 aliquis
1257 777 1460 832 dictum
1509 792 1633 834 esse
1682 777 1752 833 ab

187 863 419 934 Apostolo
447 882 460 918 :
495 864 631 933 Quia
660 883 762 921 non
797 868 851 921 in
893 885 1126 925 sermone
1155 887 1367 944 regnum
1395 881 1468 927 est
1496 871 1630 940 Dei,
1661 874 1751 928 sed

186 958 228 1010 in
248 957 417 1011 virtute
440 957 485 1027 (I
512 956 634 1013 Cor.
662 974 738 1028 tv,
765 959 882 1030 20).
920 960 1192 1032 Scriptum
1237 979 1344 1018 non
1383 980 1542 1035 nego,
1573 965 1668 1020 sed
1695 965 1749 1021 in

185 1066 276 1120 quo
298 1066 558 1118 sermone,
603 1067 906 1124 cognosce;
941 1072 1136 1126 nempe
1163 1073 1324 1129 quem
1372 1058 1586 1115 inflatus
1616 1061 1752 1116 effu-

187 1142 325 1209 derit,
349 1144 429 1214 qui
451 1143 798 1202 audientibus
818 1163 1000 1203 sermo
1027 1149 1286 1220 prodesse
1311 1168 1416 1206 non
1441 1153 1634 1222 possit,
1659 1155 1750 1225 qui

189 1238 289 1292 sine
313 1236 613 1292 ostensione
641 1238 712 1292 sit
738 1239 965 1309 spiritus
991 1250 1154 1311 atque
1192 1242 1428 1310 virtutis,
1460 1246 1601 1300 hunc
1637 1259 1750 1300 ser-

192 1343 376 1383 munem
406 1328 599 1384 Paulus
625 1345 733 1384 non
774 1331 1025 1403 dignatur
1058 1349 1421 1403 cognoscere;
1455 1338 1569 1391 vult
1604 1338 1746 1393 enim

192 1427 336 1490 magis
362 1420 608 1477 virtutem
636 1424 909 1480 sermonis
935 1433 960 1460 ει
983 1440 1298 1496 agnoscere.
1327 1428 1571 1499 Denique
1600 1431 1752 1486 nole-

192 1511 266 1566 bat
301 1513 448 1567 talem
501 1529 657 1568 suum
689 1528 815 1571 esse
855 1517 1146 1587 Apostolus
1177 1533 1509 1587 sermonem,
1561 1522 1652 1592 qui
1694 1523 1747 1577 in

194 1605 476 1662 infirmitate
502 1608 792 1676 veniebat,
825 1618 884 1664 ιιι
910 1609 1050 1665 alios
1095 1609 1303 1667 faceret
1351 1612 1601 1670 fortiores
1635 1632 1648 1669 :
1695 1614 1748 1670 in

195 1699 362 1756 timore
387 1711 437 1756 et
462 1710 700 1758 tremore
724 1719 738 1769 ;
762 1713 820 1757 ut
851 1703 1106 1759 timentes
1136 1703 1268 1760 nihil
1295 1715 1621 1774 metuerent,
1647 1708 1748 1764 nisi

197 1791 448 1848 Dominum
471 1794 656 1850 Jesum
680 1813 692 1848 :
719 1805 1018 1852 trementes
1040 1812 1227 1868 pacem
1256 1798 1372 1870 ejus
1390 1801 1752 1870 tranquillita-

192 1890 380 1954 temque
408 1896 710 1942 servarent.
738 1889 877 1942 Audi
907 1904 1038 1960 ergo
1072 1889 1288 1960 qualem
1316 1891 1608 1961 Apostolus
1631 1909 1741 1948 ser-

189 1991 376 2034 monem
404 1979 652 2035 habebat.
682 1980 750 2034 Et
771 1997 957 2047 sermo,
991 1983 1184 2052 inquit,
1215 2000 1355 2038 meus
1381 1993 1428 2039 et
1450 1986 1749 2054 prwdicatio

188 2085 277 2123 mea
302 2087 397 2125 non
414 2071 466 2126 in
489 2075 825 2142 persuasione
845 2075 1114 2142 sapientia
1141 2075 1430 2142 verborum,
1454 2078 1544 2132 sed
1579 2079 1631 2132 in
1665 2095 1749 2132 os-

187 2166 382 2220 tensione
408 2167 619 2237 spiritus
664 2176 714 2222 et
758 2168 958 2222 virtutis
1004 2168 1191 2240 (ICor.
1218 2186 1284 2237 ιι,
1321 2169 1419 2241 4);
1463 2177 1586 2242 quia
1616 2172 1746 2228 fides

186 2272 272 2312 non
300 2259 345 2314 in
378 2259 578 2316 forensi
598 2268 870 2318 sermone
903 2260 929 2299 δ
960 2261 1266 2333 sapientiae,
1296 2263 1391 2319 sed
1422 2265 1519 2320 Dei
1548 2267 1748 2322 virtute

182 2350 414 2408 firmatur.
447 2353 591 2426 Ergo
620 2355 676 2410 in
721 2370 977 2411 sermone
1004 2367 1319 2412 sanctorum
1348 2357 1517 2412 virtus
1556 2367 1660 2423 est,
1693 2359 1748 2414 in

181 2461 400 2502 sermone
425 2457 601 2503 autem
645 2447 849 2505 forensi
882 2449 985 2504 isto
1027 2464 1091 2505 ac
1129 2449 1510 2520 phiIOSOphico
1541 2453 1748 2508 vanitas

181 2539 356 2594 mundi.
387 2539 650 2596 Virtutem
690 2551 872 2597 autem
903 2558 1024 2598 esse
1063 2543 1116 2598 in
1146 2559 1400 2600 sermone
1428 2557 1745 2602 sanctorum

185 2631 323 2687 etiam
345 2634 441 2690 iste
465 2633 735 2701 Propheta
761 2645 812 2690 te
843 2635 1056 2704 doceat,
1085 2638 1176 2708 qui
1212 2638 1286 2692 ait
1312 2654 1325 2691 :
1360 2637 1620 2694 Dominus
1651 2639 1746 2694 da-

185 2725 245 2779 bit
266 2725 458 2782 rerbum
478 2730 952 2800 euangelizantibus
972 2731 1157 2785 virtute
1175 2732 1338 2786 multa
1370 2731 1545 2803 (Paul.
1576 2749 1744 2799 vatt,

185 2819 290 2892 ii);
317 2822 412 2877 hoc
441 2831 545 2889 est,
589 2834 648 2878 ut
678 2824 846 2880 multa
887 2825 1098 2897 possint
1145 2827 1344 2883 virtute
1391 2827 1745 2900 Evangelium

185 2914 464 2980 praedicare.
525 2916 820 2973 Probatum
869 2928 951 2975 est
1002 2935 1132 2990 ergo
1175 2920 1318 2991 quod
1361 2913 1423 2976 lin
1467 2921 1748 2994 Evangelii

183 3008 532 3076 praedicatione
552 3011 625 3067 sit
648 3013 821 3069 virtus
848 3031 861 3067 :
894 3015 1204 3086 przedicatio
1225 3024 1406 3072 autem
1439 3015 1744 3088 Evangelii,

178 3113 330 3156 sermo
354 3112 666 3159 sanctorum
696 3114 818 3161 est:
850 3105 924 3160 ita
951 3105 1175 3162 dubium
1218 3123 1328 3162 non
1359 3107 1584 3177 residet,
1614 3111 1744 3181 quin

177 3191 220 3245 in
243 3209 479 3252 sermone
505 3205 698 3253 sancto
723 3198 794 3255 sit
819 3197 1012 3256 virtus.

234 3329 309 3386 t3.
346 3330 527 3404 (Vers.
551 3332 673 3405 83.)
703 3334 959 3404 Sequitur
987 3349 1179 3392 versus
1207 3336 1397 3392 tertius
1432 3353 1446 3390 :
1483 3337 1742 3404 Quoniam

177 3425 314 3492 {actus
337 3443 448 3482 sum
474 3438 738 3500 tamquam
781 3440 894 3485 uter
937 3430 992 3484 in
1031 3430 1294 3501 gelicidia,
1333 3430 1742 3500 justiﬁcationes

178 3525 270 3571 tuas
307 3537 401 3574 non
426 3537 544 3576 sum
597 3519 808 3576 oblitus.
842 3520 959 3577 Vox
1006 3521 1127 3588 iSta,
1175 3537 1280 3576 vox
1323 3522 1455 3591 justi
1497 3531 1601 3588 est,
1647 3522 1741 3594 qui

175 3612 553 3671 mortificaverit
581 3630 737 3671 suum
774 3630 1010 3687 corpus;
1044 3625 1191 3671 recte
1217 3617 1363 3672 enim
1391 3625 1514 3674 uter
1539 3618 1742 3676 dicitur

172 3700 340 3770 justus,
367 3707 456 3776 qui
483 3707 842 3776 exspoliatus,
875 3723 982 3763 non
1013 3707 1186 3762 nudus
1210 3708 1524 3765 inveniatur
1557 3729 1570 3764 :
1619 3720 1741 3769 uter

177 3813 374 3870 namque
397 3801 467 3856 de
492 3802 709 3857 exuviis
736 3801 792 3856 fit
810 3801 1100 3857 animantis
1127 3803 1345 3857 mortui.
1371 3802 1534 3874 Igitur
1559 3813 1614 3859 et
1641 3821 1740 3861 nos

176 3904 364 3959 peccato
391 3896 714 3963 moriamur,
748 3905 819 3964 ut,
837 3896 1077 3951 vivamus
1105 3896 1235 3952 Deo.
1264 3895 1476 3968 Repleti
1518 3898 1740 3969 spiritus

170 3985 491 4059 iucunditate,
523 3999 578 4046 et
601 3990 871 4046 suavitate
901 3989 1128 4057 laetitiae,
1160 3990 1366 4046 erimus
1396 3992 1608 4048 exuviae
1628 3993 1741 4062 spi-

174 4080 352 4150 ritales,
397 4093 654 4141 carentes
707 4081 1022 4139 infirmitate
1075 4098 1360 4155 corporea,
1413 4091 1470 4140 et
1527 4084 1739 4156 integro

172 4179 344 4234 mentis
366 4179 488 4238 sinu
523 4180 756 4234 infusam
806 4177 962 4232 nobis
1004 4176 1309 4233 divinorum
1353 4177 1737 4249 mysteriorum

172 4271 372 4340 gratiam
393 4281 766 4331 reservantes.
800 4272 876 4328 De
909 4271 996 4327 his
1020 4272 1229 4328 utribus
1257 4272 1474 4345 dicitur,
1500 4273 1624 4344 quia
1655 4273 1737 4328 vi-

174 4378 283 4419 num
315 4381 506 4422 novum
540 4367 595 4422 in
629 4374 781 4422 utres
807 4378 981 4420 novos
1020 4365 1242 4420 mittunt
1264 4364 1480 4435 (Matth.
1510 4381 1592 4430 ix,
1621 4365 1734 4432 Π),

172 4455 246 4522 qui
274 4457 449 4513 volunt
476 4467 771 4528 utrumque
797 4472 1046 4524 servare,
1069 4466 1126 4513 et
1154 4471 1375 4527 corpus,
1405 4465 1459 4512 et
1483 4457 1731 4529 gratiam.

171 4543 268 4601 Non
292 4548 468 4605 efﬂuat
492 4550 660 4621 igitur
683 4558 808 4604 tuus
827 4547 916 4604 hic
941 4558 1082 4614 uter,
1110 4563 1221 4603 non
1249 4548 1480 4604 rimosus
1501 4550 1592 4613 sit.
1625 4564 1733 4604 non

1856 549 1972 606 haec
1999 553 2305 624 refrigerat,
2348 571 2455 610 non
2494 558 2672 614 adurit
2705 578 2719 614 :
2751 562 3006 620 fecundat
3058 578 3195 633 sata,
3226 587 3331 626 non
3364 574 3448 626 in-

1855 648 2118 699 terueeat.
2165 643 2265 700 Nix
2300 647 2415 703 haec
2444 651 2740 720 praeceptio
2786 657 3140 716 continentiae
3179 674 3284 730 est,
3330 682 3452 735 quae

1854 733 2090 790 calorem
2121 735 2248 792 facit
2275 754 2598 810 corporeum
2631 743 2849 816 frigere,
2881 758 2936 804 et
2976 766 3195 807 omnem
3243 733 3449 815 naturae

1855 822 2135 882 interioris
2159 829 2451 902 restinguit
2475 835 2749 891 ardorem.
2788 838 2854 893 Et
2878 839 3018 896 forte
3047 843 3168 899 ideo
3200 860 3324 902 eum
3365 865 3447 904 re-

1853 919 2210 975 surrectionis
2245 935 2358 978 sum
2401 923 2803 984 demonstraret
2829 931 3082 1000 gloriam,
3128 939 3450 994 vestimenta

1854 1007 1973 1077 ejus
1995 1023 2151 1066 erant
2179 1014 2406 1069 candida
2429 1018 2571 1072 sicut
2603 1019 2728 1076 nix:
2761 1031 2818 1075 ut
2849 1039 2955 1077 non
2983 1025 3154 1081 solum
3186 1031 3301 1101 ipse
3321 1034 3452 1087 alie-

1855 1115 1956 1154 nus
1997 1103 2363 1160 aestimaretur
2387 1121 2417 1160 a
2445 1111 2770 1180 contagione
2805 1118 3036 1184 peccati,
3071 1135 3258 1175 verum
3289 1127 3452 1179 etiam

1853 1191 2183 1264 quicumque
2216 1197 2595 1267 resuscitator,
2627 1206 2926 1276 congelatis
2981 1209 3216 1281 conjugii
3247 1216 3455 1286 cupidi-

1854 1285 2075 1354 tatibus,
2127 1302 2415 1361 resurgere
2460 1292 2689 1364 frigidus
2734 1299 3026 1356 videretur.
3079 1304 3135 1358 In
3168 1322 3449 1364 resurrec-

1854 1375 2002 1432 tione
2029 1380 2171 1432 enim
2199 1397 2374 1451 neque
2396 1385 2629 1451 nubunt,
2660 1405 2836 1460 neque
2870 1408 3069 1450 uxores
3094 1397 3317 1466 ducunt,
3353 1403 3447 1458 sed

1853 1478 2016 1524 erunt
2040 1471 2183 1526 sicut
2207 1476 2382 1545 angeli
2415 1477 2507 1533 Dei
2540 1479 2593 1534 in
2634 1482 2794 1537 ctelo.
2827 1483 2961 1539 Boni
3009 1503 3140 1559 ergo
3167 1505 3319 1546 utres
3353 1494 3450 1549 fri-

1851 1559 1984 1630 gidi,
2021 1563 2122 1618 hoc
2149 1574 2251 1631 est,
2298 1567 2349 1620 in
2380 1570 2630 1639 gelicidio
2659 1577 2940 1632 constricti
2969 1581 3201 1649 pruinis,
3249 1599 3355 1639 non
3386 1587 3450 1641 li-

1852 1655 2053 1712 bidinis
2081 1659 2266 1716 calore
2293 1663 2540 1720 reSoluti.

1928 1747 2018 1804 14.
2060 1749 2243 1807 Utrem
2276 1766 2454 1810 autem
2483 1771 2681 1828 corpus
2712 1759 2814 1816 hoc
2845 1763 2971 1832 dici,
3021 1767 3150 1824 licet
3177 1785 3243 1826 ex
3286 1772 3453 1842 pluri-

1779 1857 1828 1918 Β
1856 1840 1958 1896 bus
1976 1841 2130 1907 locis,
2154 1853 2335 1902 tamen
2361 1849 2526 1904 etiam
2560 1853 2686 1908 inde
2726 1856 2990 1929 intellige,
3024 1864 3167 1932 quod
3192 1840 3364 1921 Adam
3396 1876 3454 1924 et

1854 1934 1969 1990 Eva
2007 1938 2095 1994 ubi
2129 1940 2418 2018 imaginem
2463 1944 2769 2016 deposuere
2814 1954 3077 2022 ccelestis,
3111 1973 3273 2029 quam
3325 1971 3452 2018 ante

1851 2029 2160 2098 portabant,
2179 2032 2469 2104 imaginem
2495 2040 2700 2095 terreni
2723 2041 2955 2100 hominis
2975 2046 3285 2116 induentes,
3312 2056 3456 2111 tuni-

1850 2135 1942 2177 cas
1973 2121 2105 2179 dicti
2131 2134 2260 2180 snut
2289 2129 2468 2184 vestiti
2500 2146 2623 2188 esse
2650 2134 2933 2204 pellieeas,
2975 2144 3289 2212 corporales
3310 2148 3451 2203 enim

1849 2228 1944 2268 eos
1970 2214 2037 2270 de
2064 2217 2403 2286 epiritalibus
2428 2222 2634 2278 fecerat
2657 2227 2814 2296 culpa
2846 2232 3141 2287 commissa
3170 2233 3326 2304 (Gen.
3358 2253 3442 2304 ιιι,

1848 2306 1967 2380 21).
2000 2308 2112 2366 Nec
2139 2311 2274 2366 illud
2300 2313 2595 2371 absurdum
2624 2318 2689 2373 ad
2728 2319 3168 2394 intelligendum,
3199 2330 3343 2398 quod
3376 2333 3449 2386 ita

1849 2413 1910 2455 se
1935 2399 2081 2455 dicat
2113 2402 2315 2460 factum
2351 2406 2522 2463 David
2563 2409 2703 2464 sicut
2733 2421 2910 2468 utrem
2952 2415 3004 2470 in
3054 2419 3340 2488 gelicidio;
3390 2439 3456 2478 eo

1849 2491 1992 2561 quod
2021 2495 2074 2548 in
2102 2499 2399 2566 asperitate
2420 2499 2550 2556 licet
2581 2503 2791 2572 positus
2815 2506 3050 2576 glaciali,
3081 2514 3454 2571 mortificave-

1849 2584 1922 2638 rit
1963 2595 2142 2642 tamen
2197 2603 2399 2660 corpus
2429 2608 2621 2658 suum;
2671 2610 2738 2650 ne
2787 2603 3016 2654 sentiret
3061 2600 3259 2659 hiemis
3309 2606 3453 2663 illius

1847 2678 2222 2748 asperitatem,
2276 2698 2436 2753 quam
2471 2685 2720 2742 Salvator
2768 2687 2898 2744 dicit
2942 2706 3162 2761 gravem
3214 2695 3450 2753 futuram

1848 2783 1970 2825 esse
1995 2770 2326 2843 fugientibus
2371 2774 2588 2842 (Matth.
2619 2793 2769 2845 xxiv,
2817 2779 2930 2850 20).
2962 2782 3115 2838 Sicut
3145 2788 3290 2842 enim
3336 2791 3452 2860 gla-

1849 2862 1987 2918 ciem
2034 2880 2141 2919 non
2169 2865 2333 2920 sentit
2377 2877 2521 2933 uter,
2551 2869 2676 2938 quia
2705 2871 2862 2940 pellis
2892 2884 2976 2930 est
3014 2877 3270 2935 animalis
3303 2898 3447 2938 mor-

1848 2955 1960 3020 tui;
1989 2955 2064 3010 ita
2088 2968 2334 3012 mortuus
2358 2969 2585 3029 peccato
2601 2960 2875 3032 Propheta
2895 2965 3064 3037 frigus
3086 2975 3295 3038 peccati
3322 2990 3448 3030 sen-

1848 3046 1952 3102 tire
2011 3065 2117 3104 non
2175 3058 2434 3119 poterat:
2488 3054 2576 3109 vel
2628 3065 2780 3111 certe
2833 3059 2977 3128 quod
3022 3076 3132 3117 non
3172 3065 3451 3139 frangatur

1849 3142 2289 3210 necessitatibus,
2318 3159 2420 3200 nec
2457 3147 2677 3202 resistat
2706 3163 2838 3205 caro
2868 3155 3071 3219 menti;
3105 3157 3199 3211 sed
3233 3161 3453 3218 mollior

1767 3239 1814 3302 (ζ
1845 3231 2030 3294 ductu,
2065 3233 2263 3290 anima:
2293 3249 2353 3291 se
2383 3236 2624 3294 inflectat
2653 3239 2921 3310 imperiis,
2954 3254 3010 3298 et
3030 3245 3085 3300 in
3119 3247 3221 3303 hoc
3261 3253 3449 3307 mundi

1843 3327 2096 3398 gelicidia
2134 3343 2244 3384 non
2289 3340 2539 3388 arescat:
2574 3334 2656 3389 vel
2707 3337 2836 3405 quia
2888 3351 3089 3408 corpus
3134 3341 3446 3402 afﬂictionis

1845 3437 2055 3490 sumus,
2101 3434 2158 3479 et
2203 3434 2432 3483 mortem
2480 3428 2696 3484 Domini
2727 3429 2858 3486 .Iesu
2895 3448 3115 3504 semper
3164 3437 3216 3492 in
3256 3450 3448 3499 nostro

1844 3531 2075 3589 corpore
2097 3521 2455 3576 circumferre
2485 3521 2767 3579 debemus.
2799 3525 2900 3582 Hic
2927 3538 3011 3583 est
3039 3537 3158 3586 uter
3175 3533 3264 3602 qui
3283 3536 3448 3591 casti-

1845 3622 1933 3682 gat
1958 3627 2160 3684 corpus
2195 3628 2378 3679 suum,
2411 3629 2517 3670 non
2560 3625 2622 3670 ut
2663 3617 2756 3672 ille
2785 3617 3120 3677 inerassatus
3163 3633 3218 3680 et
3247 3627 3447 3684 obesus

1844 3705 2096 3774 populus,
2127 3707 2216 3776 qui
2243 3706 2386 3762 sedit
2411 3707 2743 3765 manducare
2770 3719 2826 3764 et
2867 3712 3076 3782 bibere,
3105 3725 3160 3770 et
3188 3733 3443 3775 surrexe-

1843 3806 1972 3852 runt
2013 3799 2201 3855 ludere
2235 3797 2432 3872 (Exod.
2465 3817 2656 3867 xxxii,
2690 3802 2769 3876 6).
2802 3805 2900 3867 llic
2927 3817 3011 3861 est
3041 3817 3162 3865 uter
3190 3811 3283 3882 qui
3326 3814 3444 3870 ine-

1841 3891 1983 3946 briat
2007 3907 2114 3947 non
2142 3893 2290 3957 vino,
2322 3894 2418 3948 sed
2445 3895 2642 3964 spiritu
2667 3912 2680 3948 :
2711 3897 2763 3950 in
2792 3912 2901 3966 quo
2927 3913 3034 3954 non
3065 3901 3260 3974 botryo
3287 3921 3437 3960 ama-

1841 3984 2120 4050 ritudinis,
2154 4001 2257 4040 non
2287 3983 2586 4040 draconum
2615 3986 2788 4053 furor,
2821 4004 2928 4043 non
2976 3992 3125 4048 furor
3164 3997 3438 4067 aspidum,

1841 4077 1937 4133 sed
1967 4077 2218 4148 poculum
2255 4077 2536 4134 inebrians
2566 4094 2727 4150 quam
2754 4081 3070 4151 praeclarum
3093 4098 3176 4142 est
3205 4090 3217 4142 ι
3248 4089 3303 4145 In
3335 4093 3439 4151 hoc

1842 4183 1972 4238 ergo
2017 4168 2278 4240 gloriatur
2309 4168 2501 4237 David,
2534 4171 2658 4241 quia
2707 4171 2880 4228 factus
2906 4187 2991 4230 est
3031 4179 3174 4235 sicut
3219 4192 3340 4240 uter
3386 4189 3437 4242 in

1841 4260 2116 4331 gelicidio,
2153 4260 2523 4331 operationem
2553 4267 2759 4333 peccati
2785 4282 2892 4322 non
2923 4273 3188 4330 sentiens.

1914 4354 2000 4411 i5.
2045 4353 2115 4409 Et
2161 4355 2300 4411 bene
2329 4366 2610 4428 peccaturo
2648 4359 2907 4429 gelicidio
2951 4378 3315 4436 comparatur.
3351 4375 3437 4432 Si-

1839 4460 1929 4506 cut
1959 4451 2102 4506 enim
2126 4451 2448 4522 gelicidium,
2488 4453 2555 4507 ad
2598 4454 2809 4510 nullum
2850 4471 3007 4514 usum
3053 4464 3186 4519 utile
3212 4478 3316 4532 est,
3367 4473 3435 4527 ad

1839 4543 2044 4598 nullam
2073 4544 2483 4613 operationem;
2511 4546 2590 4600 sic
2630 4547 2790 4617 culpa
2837 4551 2976 4606 nulli
3018 4557 3238 4622 prodest
3268 4563 3386 4616 usui
3416 4606 3430 4630 ,

173 4649 360 4698 terreno
399 4645 759 4699 inveterascet
789 4641 895 4697 situ
917 4655 1033 4707 ;.ne
1071 4640 1253 4696 vinum
1286 4654 1490 4696 novum
1519 4649 1734 4698 veteres

1850 4637 1972 4692 nulli
2001 4636 2304 4706 operationi
2339 4653 2351 4690 :
2384 4647 2438 4692 et
2463 4637 2584 4692 ideo
2606 4639 2745 4693 sicut
2765 4643 3076 4711 gelicidium
3103 4647 3431 4712 declinanda

169 4743 293 4791 utres
317 4750 550 4809 rumpat,
586 4752 695 4807 quo
719 4735 1036 4792 scindantur
1056 4745 1226 4802 utres,
1259 4736 1514 4791 fundatur
1538 4737 1730 4808 gratia.

169 4824 266 4882 Non
293 4830 481 4886 iterum
525 4831 646 4887 sole
672 4829 972 4900 iniquitatis
1012 4839 1067 4884 et
1091 4827 1255 4883 nimia
1284 4827 1336 4882 vi
1361 4827 1558 4882 caloris
1583 4842 1734 4884 ares-

168 4929 291 4986 cant,
317 4922 410 4978 sed
455 4921 783 4978 ferventium
833 4923 1100 4976 viseerum
1148 4920 1472 4991 cupiditates
1500 4919 1734 4976 diversae

167 5011 306 5067 nivali
335 5015 569 5085 quodam
610 5014 813 5085 frigore
843 5021 1236 5083 temperentur.
1267 5011 1545 5084 Frigescat
1569 5023 1733 5068 aestus

164 5099 391 5171 libidinis,
439 5108 657 5180 1108
682 5116 738 5161 et
763 5107 995 5179 quodam
1025 5107 1373 5163 continentiae
1399 5107 1545 5178 gelu,
1587 5105 1734 5177 jeju-

169 5194 466 5271 niorumqoe
482 5204 800 5265 restinctus,
832 5211 854 5238 ο
887 5200 1146 5256 matutina
1167 5201 1410 5256 oratione
1439 5199 1730 5271 perﬂetnr;

169 5289 358 5358 quando
384 5296 529 5348 sicut
553 5306 665 5361 ros,
694 5292 765 5347 ita
801 5308 964 5362 super
990 5302 1190 5350 terram
1219 5301 1458 5348 nostram
1491 5293 1584 5349 Dei
1613 5308 1737 5348 ver-

167 5379 220 5434 ba
248 5381 598 5451 descendunt,
624 5385 766 5440 sicut
797 5385 970 5441 imber
1013 5399 1177 5454 super
1219 5400 1462 5453 gramen,
1495 5395 1548 5440 et
1593 5386 1736 5441 sicut

167 5474 247 5531 uit
281 5492 436 5550 super
465 5478 672 5536 fenum.
718 5479 902 5536 Nescit
932 5488 1106 5535 utrem
1135 5480 1334 5536 bonum
1382 5481 1483 5535 ista
1513 5479 1609 5536 nix
1640 5479 1735 5535 lte-

224 5635 406 5712 '__Ilss.
445 5641 661 5710 plures,
708 5655 1002 5712 agnoscere.
1056 5638 1286 5712 Denique
1309 5636 1507 5712 volebat
1553 5637 1728 5693 talem.

168 5702 334 5781 Helius
362 5702 657 5779 alii-atque
679 5702 835 5775 edit.,
878 5727 1154 5781 agnoscere
1181 5702 1320 5780 (sola
1363 5709 1545 5774 Bouh,
1593 5727 1732 5764 corn-

169 5779 423 5853 mandare).
452 5781 696 5851 Denique
723 5779 930 5838 nolebat
949 5783 1126 5836 talem.
1162 5779 1232 5837 At
1256 5793 1379 5851 post
1407 5796 1578 5851 pauca
1595 5782 1730 5839 edit.

175 5861 358 5921 omnes,
395 5861 452 5910 ut
499 5854 636 5908 alios
681 5853 846 5909 salvos
893 5853 1105 5922 faceret,
1154 5863 1200 5908 et
1240 5853 1502 5926 fortiores.
1541 5854 1737 5912 Melius

502 5947 782 6008 Parnm"
834 5945 979 6006 XV.

1837 4737 1944 4797 est,
1971 4744 2038 4784 ne
2068 4737 2262 4785 noceat
2285 4740 2340 4785 et
2383 4729 2595 4784 adurat.
2630 4731 2836 4790 Bonum
2869 4751 3000 4807 ergo
3028 4739 3158 4797 mihi
3204 4745 3319 4801 ﬁeri
3353 4751 3431 4805 si.

1837 4833 1930 4880 cut
1954 4830 2130 4879 utrem
2177 4823 2231 4878 in
2261 4822 2551 4894 gelicidio;
2587 4834 2644 4879 nt
2669 4827 2872 4896 possim
2903 4845 3012 4885 non
3045 4834 3293 4895 oblivisci
3315 4843 3433 4912 jus-

1839 4917 2166 4974 tificationes
2185 4917 2424 4983 Domini,
2452 4927 2510 4973 ut
2535 4933 2721 4973 earum
2756 4921 2966 4991 liquore
2992 4930 3245 4994 perfusus
3271 4934 3430 4992 refri-

1834 5021 1990 5082 geret
2021 5011 2199 5066 omnis
2234 5010 2416 5066 fervor
2462 5011 2692 5065 internae
2737 5016 3075 5084 cupiditatis.
3126 5020 3246 5078 Non
3297 5043 3428 5102 ergo

1842 5119 2102 5170 vacuum,
2133 5103 2227 5158 sed
2259 5103 2478 5171 plenum
2514 5105 2656 5158 hunc
2687 5112 2864 5161 utrem
2893 5123 3015 5166 esse
3047 5125 3282 5183 oportet,
3315 5122 3434 5189 ple-

1839 5211 1966 5252 num
1993 5195 2237 5264 Spiritus,
2261 5196 2478 5265 plenum
2494 5195 2936 5266 jusdﬁcationnm
2960 5215 3047 5267 ;nt
3069 5219 3286 5274 peccata
3313 5230 3430 5273 mea

1835 5291 1954 5361 ipse
1978 5291 2262 5356 confitear,
2297 5297 2355 5343 ut
2377 5289 2643 5346 luxuriam
2672 5293 2852 5348 carnis
2879 5310 3015 5352 meae
3036 5303 3388 5372 comprimam
3415 5330 3431 5377 ;

1838 5384 2176 5440 moriendum
2195 5393 2278 5440 est
2293 5384 2434 5440 enim
2456 5385 2676 5453 mundo,
2693 5396 2751 5442 nt
2767 5388 3006 5447 vivamus
3023 5393 3155 5451 Deo.
3177 5397 3231 5454 Si
3251 5418 3432 5463 autem

1839 5479 2084 5534 vivamus
2112 5479 2292 5547 carni,
2336 5494 2486 5535 mors
2527 5479 2712 5551 utique
2755 5492 2840 5539 est
2883 5488 3063 5544 carnis
3101 5494 3388 5562 prudentia
3421 5522 3434 5558 :

1848 5654 2038 5714 omnes
2061 5653 2193 5694 mss.
2213 5680 2226 5705 ,
2256 5649 2313 5714 ut
2335 5639 2486 5714 alios
2497 5643 2686 5714 faceret
2720 5644 2978 5714 fortiores.

1911 5709 1940 5749 ι)
1984 5711 2448 5791 Ροςιβαρὶεηιίωη
2473 5709 2754 5791 legebatur
2784 5719 2835 5769 in
2863 5718 3022 5789 edit.,
3053 5725 3144 5778 sed
3173 5729 3225 5782 in
3271 5743 3438 5791 ostena

1844 5783 2279 5863 sionegpiritusﬂ:
2307 5782 2451 5854 quod
2479 5784 2532 5838 in
2551 5785 2726 5863 _nul|is
2753 5801 2885 5863 mss.
2926 5782 3185 5863 reperias.

1923 5866 1944 5894 ο
1987 5854 2147 5911 Rom.
2175 5855 2307 5913 edit.
2333 5896 2347 5924 ,
2378 5859 2631 5911 matutina
2656 5861 2917 5916 roratioue
2954 5854 3222 5938 perﬂatur.

2841 5949 2880 6011 6
