3948 6342
472 303 614 366 i335

1796 289 2046 355 SANCTl
2085 248 2429 377 Attenesn

3631 288 3657 344 1
3665 286 3769 345 356

467 424 647 477 vivere
682 419 896 494 1109
921 432 1026 473 non
1062 428 1351 486 possumus
1378 415 1526 478 Deo;
1561 412 1685 483 quia
1730 410 1951 467 inimica
1981 418 2065 466 est
2090 412 2140 473 Α
2169 410 2399 467 vinculis
2418 408 2638 466 tenebat
2654 405 2956 473 astrictum,
2976 412 3032 461 et
3048 400 3311 461 ferventis
3335 401 3587 459 libidinis
3602 401 3765 459 lassa-

474 518 589 571 Deo
618 515 851 570 carnalis
878 513 983 567 ista
1005 509 1292 580 sapientia,
1328 518 1382 563 et
1412 507 1519 562 vita
1555 505 1856 562 saecularis.

551 608 640 664 16.
673 606 855 680 (Vers.
896 602 1014 673 84.)
1064 602 1324 668 Sequitur
1376 615 1574 656 versus
1623 609 1853 669 quartus
1888 597 2071 663 περίιθι

475 711 596 756 sunt
635 700 744 752 dies
768 696 900 751 servi
928 695 1005 748 tui
1033 695 1058 748 ?
1084 692 1308 758 Quando
1331 694 1491 764 {acies
1519 692 1649 746 mihi
1677 691 1741 746 de
1755 691 2074 761 'persequen—

471 793 606 847 tibus
624 807 707 845 me
722 788 988 861 judicium
1015 786 1039 840 ?
1083 785 1270 841 Potest
1302 786 1382 841 sic
1413 784 1586 855 accipi
1614 802 1626 838 :
1675 783 1814 852 Quot
1833 793 1952 838 sunt
1965 783 2073 837 dies

471 887 603 943 servi
627 885 701 939 tui
726 927 743 952 ,
791 882 949 955 quasi
979 882 1127 937 dicat
1169 879 1419 948 :Qnanti
1474 888 1603 935 sunt
1639 877 1758 933 dies
1804 877 2070 943 humani,

468 987 730 1050 quantum
770 980 1281 1045 tempus,quantum
1327 970 1613 1043 Spatium?
1642 968 1753 1025 Cur
1801 967 2075 1024 invidetur

472 1084 580 1128 tam
617 1070 767 1127 brevi
792 1070 920 1124 vita:
953 1085 968 1133 ;
1002 1083 1071 1123 ne
1121 1066 1416 1137 tranquillo
1465 1080 1627 1121 cursu
1682 1064 1837 1119 istius
1887 1063 2075 1119 szeculi

474 1168 822 1237 perfruamur
845 1164 870 1217 ‘I
894 1160 1005 1217 Cur
1052 1161 1106 1215 in
1137 1159 1290 1216 brevi
1337 1158 1513 1228 spatio
1546 1167 1654 1212 tam
1683 1157 1839 1212 multi
1888 1169 2076 1226 perse—

474 1259 757 1330 quentium
790 1271 888 1313 nos
915 1254 1096 1324 laquei
1124 1251 1467 1308 tenduntur?
1498 1251 1653 1306 Adsit
1677 1250 1787 1320 jam
1805 1248 2072 1320 judicium

474 1352 528 1406 in
558 1366 666 1422 quo
697 1364 858 1420 pinna
889 1357 975 1403 cst
1001 1345 1336 1418 perﬁdorum
1358 1386 1373 1409 ,
1402 1343 1457 1397 in
1491 1357 1601 1413 quo
1634 1340 2076 1411 persecutoribus

472 1444 633 1515 digna
693 1440 989 1510 impietatis
1038 1453 1152 1494 suae
1200 1437 1369 1506 pretia
1421 1435 1745 1491 redduntur.
1798 1431 1901 1488 Vel
1953 1432 2071 1487 sic:

474 1538 770 1604 Quousque
817 1529 1079 1586 insultare
1109 1535 1396 1599 poterunt,
1423 1540 1707 1595 quousque
1749 1524 2076 1594 inquietare,

469 1627 562 1697 qui
587 1624 927 1681 nosdiversis
954 1622 1131 1678 modis
1154 1628 1409 1690 quaerunt
1437 1615 1684 1687 afﬂigere
1708 1617 1732 1671 ‘i
1760 1615 1877 1671 Non
1918 1629 2075 1672 serus

471 1721 575 1774 crit
603 1717 909 1780 terminus;
951 1714 1156 1770 etenim
1207 1710 1364 1781 quasi
1414 1710 1688 1780 Propheta
1734 1710 2073 1767 celeritatem

2172 506 2266 563 bat
2285 514 2443 571 :estu,
2478 503 2787 559 libertatem
2812 500 3159 571 ingemiscat,
3193 506 3519 569 potestatem
3544 496 3762 553 sentiat.

2175 595 2464 667 Subjectus
2491 602 2578 651 est
2604 594 2770 665 igitur
2798 592 3150 648 adversarius
3189 586 3488 646 secundum
3520 589 3764 644 Domini-

2176 687 2527 743 sententiam.
2568 686 2783 742 Etenim
2812 685 3073 741 Dominus
3094 682 3258 739 Jesus
3288 681 3516 738 veniens
3543 681 3596 743 in
3629 681 3769 736 hunc

2179 779 2437 837 mundum
2468 794 2566 850 per
2592 778 2821 849 Virginis
2847 786 3090 848 partums
3119 774 3324 846 ubjecit
3344 773 3543 831 anima:
3567 782 3769 829 nostra:

2178 887 2369 929 omnes
2399 871 2706 929 contrarias
2735 879 3066 941 potestates;
3099 878 3157 925 ut
3186 866 3296 924 ﬁde
3324 877 3414 925 tua
3433 908 3449 935 ,
3480 865 3768 934 verbotuo.

2176 962 2600 1020 conversatione
2624 971 2804 1029 tua,ct
2824 961 3086 1033 operibus
3099 969 3470 1040 conterantur.
3488 958 3771 1033 11108i

2177 1071 2308 1129 ergo
2334 1074 2439 1111 non
2454 1057 2692 1113 conteris
2732 1055 3123 1123 adversarium,
3142 1064 3230 1110 tua
3243 1053 3402 1125 culpa
3414 1062 3519 1119 est,
3532 1054 3625 1124 qui
3649 1068 3769 1124 per-

2176 1151 2344 1208 missa
2363 1152 2656 1208 nouuteris
2671 1159 2957 1222 potestate.
2987 1151 3045 1206 ln
3072 1149 3230 1206 nobis
3253 1158 3338 1205 est
3374 1148 3558 1219 igitur,
3591 1157 3654 1203 ut
3681 1156 3771 1203 aut

2179 1244 2869 1314 subjiciaturadversarius,
2894 1251 2986 1299 aut
3008 1243 3255 1299 resultet.
3281 1242 3337 1299 Si
3352 1241 3666 1297 enimactus
3680 1256 3771 1298 no-

2178 1344 2293 1390 ster
2306 1335 2612 1407 displiceat,
2630 1336 2818 1407 incipit
2836 1336 3185 1392 adversarius
3200 1333 3511 1406 superbire:
3529 1334 3572 1390 si
3590 1345 3773 1393 autem

2178 1430 2335 1485 bonis
2361 1430 2723 1487 inhaereamus
2737 1430 3017 1500 operibus,
3031 1443 3390 1489 exerceamus
3411 1429 3586 1484 studia
3610 1430 3777 1485 casti-

2180 1522 2326 1590 tatis,
2352 1522 2604 1593 iustitiae,
2635 1525 3015 1593 continentiae,
3039 1522 3316 1583 calcamus
3340 1533 3658 1593 serpentem
3678 1565 3695 1589 .
3720 1534 3777 1580 et

2176 1615 2546 1685 scorpionem.
2576 1614 2864 1673 Calcamus
2894 1617 3041 1673 enim
3080 1615 3232 1672 illum
3282 1615 3511 1691 pedibus
3555 1616 3776 1672 castita-

2180 1708 2277 1774 tis;
2314 1718 2336 1746 ε
2367 1710 2703 1765 conterimus
2721 1720 2776 1765 et
2804 1709 3173 1779 scorpionem,
3200 1724 3267 1767 ne
3297 1709 3772 1779 possitexcutere:

472 1808 910 1866 transcurreudse
935 1806 1094 1861 istius
1116 1805 1242 1860 vita:
1267 1818 1378 1861 non
1406 1818 1695 1869 annorum,
1719 1803 1816 1858 sed
1863 1802 2074 1859 dierum
2106 1813 2153 1874 Β
2180 1800 2455 1857 calcamus
2480 1801 2836 1859 continentia:
2861 1801 3776 1874 vestigiis,verecundichustitiae-

470 1904 833 1959 aestimatione
860 1898 1135 1961 subducit,
1165 1897 1354 1952 dicens
1384 1914 1398 1949 :
1428 1896 1567 1961 Quot
1618 1905 1738 1950 sunt
1786 1895 1897 1950 dies
1940 1895 2073 1950 servi

473 1994 545 2048 tui
573 1995 598 2046 ?
626 1993 694 2047 Et
725 1992 866 2048 bene
889 1991 1008 2046 dies
1022 1990 1161 2045 dixit
1191 2004 1206 2054 ;
1233 1998 1415 2044 utnon
1447 1988 1628 2043 solum
1650 2002 1836 2044 moras
1862 2001 2072 2044 annuas

476 2085 795 2156 prophetica
850 2082 1059 2137 visione
1128 2087 1531 2136 transcurreret
1579 2097 1595 2134 :
1643 2093 1831 2135 verum
1898 2080 2072 2135 etiam

474 2174 820 2247 splendidum
851 2174 953 2227 sibi
989 2172 1113 2226 vita:
1143 2171 1309 2241 hujus
1337 2170 1671 2226 curriculum
1700 2170 1963 2225 virtutum
1990 2171 2075 2225 lu-

476 2271 626 2326 mine
651 2269 979 2324 declararet.
1012 2266 1317 2337 Meritoque
1344 2280 1574 2321 securus
1601 2267 1679 2320 ait
1707 2283 1722 2318 :
1752 2265 1972 2332 Quando
1991 2269 2073 2336 fa-

473 2361 576 2416 cies
598 2360 724 2414 mihi
746 2359 810 2415 de
829 2358 1252 2430 persequentibus
1275 2375 1353 2413 me
1365 2358 1628 2432 judicium
1644 2359 1669 2411 ?
1693 2356 1843 2425 Mihi,
1870 2357 2070 2430 inquit,

466 2453 730 2523 iudicium
746 2453 817 2509 de
841 2451 1294 2523 persequentibus
1314 2450 1505 2518 facies,
1540 2467 1651 2508 non
1671 2451 1740 2507 de
1768 2467 1856 2508 me
1886 2466 2074 2521 perse-

470 2547 768 2619 quentibus
797 2546 1061 2616 judicium
1104 2545 1261 2600 dabis
1294 2562 1309 2609 ;
1347 2545 1602 2616 quoniam
1638 2558 1746 2600 non
1783 2557 2075 2616 resurgunt

473 2640 626 2710 impii
670 2641 722 2693 in
746 2637 972 2708 judicio.
998 2639 1103 2694 Sed
1131 2637 1287 2706 mibi,
1322 2638 1518 2707 inquit,
1548 2638 1618 2693 da
1670 2638 1933 2708 judicium
1966 2655 1981 2704 ;
2010 2648 2075 2693 ut

353 2785 368 2803 ,
471 2746 592 2785 cum
628 2743 946 2785 remuneras
974 2729 1365 2797 innocentiam,
1394 2729 1559 2785 ﬁdem
1589 2728 1871 2800 proveb‘is,
1904 2730 2072 2785 mise-

470 2822 761 2879 ricordiam
791 2837 1046 2889 coronas,
1078 2822 1232 2892 impii
1264 2831 1649 2891 persecutores
1688 2831 1715 2859 ⁸
1754 2822 2072 2879 meritorum

474 2914 713 2986 praemiis
747 2914 1186 2984 propheticorum
1210 2913 1544 2983 iudicentur.

546 3008 635 3063 i7.
670 3006 786 3062 Non
818 3006 1114 3061 absurdum
1140 3006 1301 3061 etiam
1332 3006 1484 3073 illud,
1508 3017 1569 3061 ut
1597 3008 1722 3077 quia
1746 3008 1941 3064 breves
1957 3008 2076 3064 dies

473 3112 524 3158 et
559 3101 719 3172 pauci
740 3110 873 3154 sunt
900 3099 1058 3155 istius
1088 3098 1238 3166 vitaz,
1268 3114 1379 3155 non
1402 3098 1604 3154 diutius
1638 3101 1868 3169 gratiam
1918 3116 2074 3156 suam

2175 1907 2283 1964 que
2327 1894 2628 1964 gressibus.
2696 1894 2992 1950 Possumus
3054 1909 3184 1966 ergo
3236 1901 3293 1949 et
3344 1895 3398 1949 in
3460 1893 3566 1948 hac
3623 1892 3773 1951 brevi

2176 1986 2283 2040 vita
2314 1986 2650 2057 triumphum
2677 1986 2747 2042 de
2777 1986 3107 2045 adversariis
3132 1985 3334 2043 habere
3358 1994 3703 2056 perpetuum.

2248 2078 2335 2138 19.
2366 2075 2548 2153 (Vers.
2578 2079 2693 2152 85.)
2725 2080 2984 2153 Sequitur
3036 2094 3231 2137 versus
3274 2079 3496 2148 quintus
3522 2094 3536 2131 :
3567 2076 3774 2133 Narra-

2174 2180 2355 2225 verunt
2384 2171 2511 2225 mihi
2532 2171 2714 2241 injusti
2731 2170 3145 2236 exercitationes,
3161 2170 3250 2225 sed
3277 2185 3383 2224 non
3404 2170 3535 2224 sicut
3554 2168 3644 2225 lea:
3667 2178 3770 2236 tua,

2175 2263 2417 2320 Domine.
2439 2265 2585 2323 Bene
2610 2276 2760 2336 optat
2781 2265 3044 2337 judicium
3067 2265 3168 2320 sibi
3200 2264 3316 2323 ﬁeri
3350 2263 3418 2323 de
3444 2279 3775 2337 persequen—

2176 2356 2343 2425 tibus,
2371 2358 2460 2428 qui
2495 2373 2605 2413 non
2636 2358 2811 2413 solum
2842 2372 3009 2430 opera
3046 2357 3184 2428 justi
3229 2356 3519 2428 impedire,
3554 2374 3773 2415 verum—

2175 2451 2339 2506 etiam
2367 2451 2529 2506 iidem
2562 2450 2835 2522 superﬂua
2879 2452 3192 2507 narratione
3220 2450 3542 2509 subvertere
3591 2451 3775 2508 conati

2176 2553 2325 2600 sunt.
2363 2544 2572 2600 Etenim
2598 2545 2749 2613 quasi
2778 2543 2972 2603 tabulae
2995 2545 3277 2616 cujusdam
3295 2545 3498 2605 uanius
3526 2555 3777 2602 narratas

2176 2637 2280 2691 sibi
2301 2636 2433 2694 dicit
2458 2635 2757 2713 ἁδολεχίας,
2791 2637 2895 2697 hoc
2914 2647 3019 2705 est,
3052 2637 3356 2709 superﬂuas
3398 2638 3776 2709 loquacitates.

2176 2726 2497 2786 Narratures
2521 2730 2668 2789 enim
2720 2730 2983 2801 superﬂui
3019 2772 3033 2796 ,
3072 2731 3217 2786 sicut
3272 2729 3620 2797 hirundines,
3670 2730 3778 2785 dis-

2179 2825 2476 2896 putationis
2542 2825 2867 2880 suavitatem
2927 2825 3123 2879 nativa:
3194 2824 3541 2895 loquacitatis
3599 2826 3780 2881 conti—

2178 2919 2439 2974 nuatione
2461 2926 2843 2989 corrumpunt,
2876 2928 2934 2976 ut
2959 2918 3275 2976 Aristotelis
3300 2920 3566 2975 sententia
3597 2927 3708 2974 est.

2249 3010 2339 3065 20.
2377 3010 2660 3087 Superilua
2691 3011 2857 3082 igitur
2907 3010 3508 3083 loquituthazreticus,
3541 3012 3635 3084 qui
3671 3026 3776 3066 non

2181 3102 2420 3174 loquitur
2443 3104 2731 3159 veritatem
2758 3146 2773 3170 ,
2800 3119 2908 3159 non
2956 3103 3195 3175 loquitur
3239 3102 3541 3159 secundum
3572 3103 3776 3173 legem.

476 3194 739 3250 Dominus
770 3191 915 3248 circa
946 3191 1277 3263 Prophetam
1330 3206 1487 3248 suum
1532 3193 1784 3250 differat:
1817 3195 1914 3251 sed
1968 3195 2073 3266 ipsi
2103 3213 2149 3276 ρ
2181 3195 2282 3264 Qui
2312 3207 2490 3252 autem
2521 3197 2779 3252 fundatus
2809 3200 2862 3253 in
2916 3197 3036 3268 lege
3066 3207 3173 3264 est,
3219 3200 3375 3253 novit
3400 3213 3428 3250 a
3457 3198 3603 3253 veris
3645 3198 3780 3253 falsa

467 3287 732 3357 judicium
756 3286 827 3341 de
858 3284 1310 3355 persequentibus
1342 3283 1524 3340 faciat.
1568 3286 1703 3341 Nam
1728 3287 1816 3343 hic
1854 3302 2073 3358 quoque

472 3378 734 3449 judicium
788 3386 873 3432 est
914 3378 982 3432 de
1014 3378 1497 3448 persecutoribus;
1528 3379 1793 3450 siquidem
1822 3380 1911 3451 qui
1962 3396 2071 3437 non

474 3473 651 3527 credit
678 3473 730 3525 in
761 3470 1002 3535 Christo,
1025 3471 1134 3540 jam
1161 3470 1432 3540 judicatus
1459 3481 1562 3527 est.
1588 3471 1861 3528 ‘Judicium
1888 3480 2069 3529 autem

477 3568 582 3620 hoc
606 3574 713 3632 est,
737 3563 881 3635 quod
905 3563 1057 3618 dedit
1082 3563 1313 3618 servulis
1336 3564 1454 3619 suis
1488 3563 1749 3620 Dominus
1794 3565 1953 3621 .lesus
1991 3564 2073 3621 di—

474 3676 606 3718 cens
634 3676 648 3712 :
680 3658 949 3713 Habebilis
972 3666 1278 3729 potestatem
1304 3659 1543 3713 ealcandi
1586 3675 1742 3730 super
1790 3669 2069 3731 serpentes,

474 3766 521 3812 et
548 3755 866 3827 scorpiones,
899 3763 947 3808 et
988 3768 1150 3825 super
1174 3768 1377 3808 onmem
1402 3754 1644 3808 uirtutem
1672 3753 1873 3807 inimici
1913 3753 2067 3825 (Luc.

471 3865 529 3912 χ.
566 3847 676 3920 i9).
707 3845 1279 3916 Etverumjudicium,
1321 3845 1373 3899 in
1401 3860 1509 3915 quo
1554 3853 1841 3914 torquetur
1889 3844 2073 3900 inimi-

472 3955 591 4007 cos,
621 3941 762 3997 sicut
790 3940 905 4010 ipse
932 3938 1216 3995 confessus
1245 3946 1332 3993 est
1357 3937 1579 3993 dicens:
1608 3936 1748 4004 Quid
1882 3938 2072 3993 uenisti

473 4043 591 4088 ante
619 4042 816 4104 tempus
838 4041 1073 4102 torquere
1095 4047 1189 4085 nos
1218 4028 1438 4096 (Matth.
1476 4046 1590 4095 νηί,
1614 4030 1749 4102 29)?

549 4126 639 4179 18.
665 4125 780 4179 Hoc
807 4139 943 4194 ergo
968 4123 1488 4192 deposcitvirtutum
1516 4122 1819 4179 stabilitate
1876 4124 2073 4180 funda-

473 4230 562 4275 tus
592 4216 886 4287 Propheta,
912 4225 971 4271 ut
996 4216 1319 4285 subjiciatur
1339 4216 1440 4269 sibi
1464 4230 1571 4271 non
1596 4217 1784 4281 homo,
1818 4218 1918 4273 sed
1980 4219 2072 4275 ille

473 4315 564 4383 qui
598 4313 774 4367 locum
804 4311 909 4367 sibi
942 4311 995 4365 in
1020 4310 1240 4364 homine
1275 4308 1590 4365 vindicavit.
1622 4307 1778 4364 Unde
1816 4320 1871 4364 et
1926 4312 2073 4380 Apo-

474 4406 645 4462 stolus
668 4406 848 4476 ipsum
877 4405 1047 4474 magis
1082 4405 1133 4457 in
1160 4402 1400 4457 hominis
1430 4412 1656 4472 peccato
1685 4401 1897 4471 putavit
1944 4417 2070 4459 esse

474 4497 864 4563 damnandum,
893 4495 1073 4566 ipsum
1096 4492 1517 4563 subjiciendum,
1544 4493 1615 4547 de
1646 4508 1754 4563 quo
1781 4494 1856 4548 ait
1886 4511 1901 4546 :
1933 4492 2072 4548 Con-

2177 3289 2493 3346 discernere
2521 3308 2536 3355 ;
2564 3291 2829 3362 spiritalis
2858 3290 3173 3347 eruditione
3192 3290 3482 3359 doctrinas,
3522 3288 3782 3346 baretica

2177 3382 2247 3436 ab
2286 3383 2904 3455 Evangelicisdogmata
2935 3394 3216 3453 separare.
3236 3382 3581 3453 eldeoquetne
3624 3383 3782 3437 miti

2175 3475 2542 3545 decipiantur,
2570 3477 2793 3546 jubetur
2817 3490 2846 3531 a
2879 3475 3110 3531 Domino
3132 3484 3593 3546 tacerepeceator
3616 3493 3629 3528 :
3651 3473 3784 3530 Pee-

2175 3569 2342 3623 catori
2380 3567 2529 3624 enim
2582 3564 2719 3631 di”
2761 3566 2905 3622 Deus
2931 3584 2951 3623 :
2981 3567 3158 3636 Quare
3196 3575 3260 3620 su
3304 3565 3787 3634 ‘enmasiustitias

2176 3678 2316 3718 meas
2358 3662 2479 3734 (Ps.
2506 3678 2667 3730 xm,
2702 3661 2795 3735 i7)
2820 3662 2846 3715 ?
2870 3662 3236 3719 'Conticeseat
3288 3660 3454 3732 igitur
3508 3660 3740 3732 perﬁdia
3769 3703 3784 3724 ,

2177 3772 2298 3829 quae
2326 3757 2601 3812 tramitem
2626 3756 2878 3813 veritatis
2936 3767 3124 3812 tenere
3169 3770 3278 3811 non
3326 3755 3498 3819 novit,
3529 3768 3654 3825 quae
3685 3754 3784 3810 Dei

2178 3858 2446 3919 praecepta
2478 3863 2591 3902 non
2616 3856 2823 3903 servat.
2874 3847 2985 3902 Cur
3011 3848 3157 3908 enim
3203 3860 3302 3916 per
3324 3860 3390 3902 os
3410 3859 3567 3901 suum
3619 3859 3787 3901 assu-

2177 3951 2335 4000 munt
2370 3953 2684 4015 peccatores
2732 3942 3092 4015 Evangelium
3135 3942 3407 4008 veritatis,
3449 3942 3506 3996 in
3532 3954 3781 4012 quorum

2175 4053 2274 4097 ore
2296 4040 2496 4095 veritas
2514 4054 2624 4095 non
2648 4048 2736 4095 est
2758 4038 2783 4094 ‘i
2806 4037 2999 4093 Omnia
3026 4045 3209 4092 autem
3237 4043 3506 4106 precepts
3555 4034 3650 4089 Dei
3694 4049 3790 4090 ve-

2175 4130 2333 4198 ritus,
2354 4129 2605 4185 Christus
2624 4140 2807 4185 autem
2836 4130 3055 4185 veritas.
3085 4127 3203 4183 Non
3232 4140 3366 4198 ergo
3398 4134 3488 4182 est
3510 4123 3791 4183 Christus

2175 4226 2231 4282 in
2260 4226 2723 4294 disputationibus
2750 4225 3089 4294 perﬁdorum
3120 4265 3134 4289 ,
3184 4222 3283 4292 qui
3312 4222 3449 4278 dicit
3511 4220 3739 4291 perﬁdo
3772 4242 3787 4275 ;

2180 4317 2253 4373 Os
2272 4328 2416 4371 ticum
2436 4316 2712 4372 abundavit
2730 4317 3039 4387 nequitia,et
3051 4318 3231 4385 iniqua
3245 4313 3680 4370 tuawncirmauit
3694 4315 3792 4369 do-

2177 4412 2286 4466 lum
2308 4410 2502 4478 (Μοίρι,
2530 4410 2659 4480 $0);
2690 4410 2873 4481 lingua
2888 4410 3040 4467 enim
3065 4425 3187 4482 qua:
3207 4410 3326 4465 vult
3356 4418 3606 4464 astruere
3626 4425 3792 4465 men.-

2177 4505 2415 4570 dacium,
2439 4504 2622 4559 dolum
2652 4505 2838 4574 utique
2863 4504 3032 4559 nectit
3052 4502 3300 4558 assertis.
3320 4500 3435 4558 Sed
3458 4499 3792 4572 huiusmodi

474 4590 765 4645 terat~Deus
793 4588 1045 4645 Satanam
1073 4586 1166 4640 sub
1194 4586 1409 4656 pedibus
1433 4586 1613 4639 vestris
1633 4585 1734 4639 cito
1756 4585 1934 4658 (Rom.
1952 4598 2068 4655 xvr,
2097 4607 2153 4671 Β
2179 4594 2266 4651 fur
2288 4605 2374 4651 est
2392 4637 2407 4661 ,
2438 4604 2493 4650 ει
2539 4609 2663 4650 mm
2696 4636 2699 4641 .
2716 4594 2835 4650 fure
2865 4608 3221 4651 concurrens.
3252 4592 3404 4648 Mum
3439 4592 3587 4649 enim
3620 4593 3795 4650 {ures

470 4684 588 4754 20).
621 4685 699 4739 Es
726 4683 831 4739 hoc
858 4696 990 4751 ergo
1022 4674 1374 4751 peisccutore
1397 4678 1659 4749 judicium
1676 4678 1783 4734 sibi
1804 4678 1925 4735 ﬁeri
1944 4693 2071 4749 ges-

471 4777 537 4830 tit
568 4793 583 4841 ;
614 4785 674 4831 ut
696 4774 827 4830 ﬁdei
853 4773 1190 4844 Prophetica:
1219 4770 1466 4841 vestigiis
1497 4769 1845 4826 adversarius
1880 4780 2070 4827 eonte-

472 4879 643 4936 ratur,
667 4868 1069 4924 etcomminuat
1084 4881 1210 4929 eum
1237 4865 1337 4920 sub
1353 4864 1581 4935 pedibus
1604 4864 1719 4918 suis
1742 4862 2015 4934 Propheta
2038 4864 2065 4905 δ

470 4965 611 5021 sicut
645 4962 917 5033 pulverem
955 4980 968 5016 :
1000 4973 1057 5018 et
1088 4962 1142 5015 in
1170 4961 1277 5014 hac
1312 4957 1666 5028 corpor’issni
1700 4957 1893 5011 militia
1936 4972 2071 5012 con-

466 5058 712 5124 stitutus,
735 5057 981 5127 quamvis
1003 5056 1122 5110 dies
1152 5055 1274 5108 vita:
1324 5051 1520 5107 breves
1544 5050 1690 5115 sint;
1735 5049 2069 5119 triumphum

467 5159 649 5207 tamen
676 5150 751 5206 de
774 5149 1094 5205 adversario
1117 5146 1479 5218 adipiscatur,
1503 5141 1919 5215 quorefnrmati
1966 5143 2071 5200 ito-

470 5246 631 5303 minis
673 5245 727 5301 in
770 5256 1010 5301 veterem
1031 5242 1268 5313 gratiam
1296 5282 1310 5307 ,
1343 5252 1508 5311 quem
1564 5247 1693 5293 ante
1720 5235 2072 5294 delictorum

468 5456 474 5463 ‘
536 5446 745 5503 οιιιυω.
784 5446 942 5512 edit.,
969 5444 1269 5498 meritorum
1299 5438 1482 5512 poenis.
1532 5434 1643 5492 Sed
1686 5435 1914 5512 omnino
1941 5451 2063 5490 cum

466 5520 591 5575 aliis
617 5530 780 5588 atque
809 5507 1061 5589 omnibus
1090 5529 1221 5569 mss.
1254 5507 1565 5589 legendum,
1605 5507 1906 5589 meritorum
1927 5524 2064 5576 prie-

462 5593 613 5654 miis;
643 5582 757 5643 hinc
779 5588 920 5643 enim
935 5596 1061 5642 sunt
1087 5583 1452 5654 remuneratio
1478 5582 1825 5643 innocentia,
1846 5593 2067 5647 prosec-

466 5663 540 5715 tio
569 5652 713 5723 tidei,
736 5658 1126 5715 misericordiae
1154 5652 1460 5723 coronatis).

533 5729 558 5767 ι’
586 5719 712 5784 Post
756 5744 947 5783 vocem
994 5727 1286 5795 pulverem,
1340 5722 1395 5777 in
1448 5722 1565 5778 sola
1592 5719 1749 5776 Rom.
1774 5720 1905 5776 edit.
1936 5719 2065 5775 sub-

458 5801 724 5873 jungitur,
751 5807 875 5854 ante
897 5799 1078 5869 faciem
1103 5797 1258 5852 venti.

2177 4698 2327 4757 sunt,
2356 4692 2445 4762 qui
2479 4690 2702 4746 verbum
2734 4690 2832 4747 Dei
2854 4704 2966 4746 non
2998 4689 3063 4744 ad
3092 4689 3380 4745 utilitatem
3402 4698 3559 4743 sitam
3590 4687 3794 4745 furan-

2178 4792 2269 4838 tur
2312 4794 2369 4840 et
2413 4785 2668 4854 rapiunt,
2715 4783 2812 4839 sed
2864 4782 2933 4838 ad
2972 4781 3218 4837 fraudem
3250 4797 3266 4847 ;
3294 4789 3356 4836 et
3378 4781 3794 4850 patrimonium

2177 4877 2450 4948 quoddam
2468 4877 2776 4934 caelestium
2800 4875 3204 4945 Scripturarum
3216 4873 3272 4928 in
3298 4887 3397 4928 sua
3415 4872 3558 4928 furta
3586 4872 3799 4931 detor-

2175 4980 2369 5039 quent,
2398 4969 2701 5024 adulterina
2750 4968 2854 5021 sibi
2901 4964 3228 5035 compendia
3256 4963 3579 5033 colligentes
3599 5003 3618 5028 ,
3648 4964 3798 5020 dolo

2178 5062 2350 5131 magis
2382 5076 2556 5131 quam
2586 5059 2822 5115 veritate
2851 5056 3100 5128 qumsita.
3130 5055 3244 5112 Sed
3268 5055 3488 5117 his“!
3513 5055 3606 5125 qui
3638 5058 3797 5113 suis-

2177 5160 2304 5207 cent
2331 5168 2523 5223 aquam
2546 5152 2700 5217 vine,
2724 5158 3009 5221 tamquam
3035 5160 3312 5218 caupones
3332 5145 3593 5216 pessimi.
3622 5146 3800 5204 add-

2179 5251 2420 5300 terantcs
2441 5257 2753 5300 sermonem
2785 5241 2909 5307 Dei,
2957 5247 3015 5297 et
3055 5239 3386 5295 insincerus!)
3433 5234 3800 5308 referentes

2246 5454 2270 5481 θ
2290 5442 2364 5496 ita
2392 5443 2570 5498 cuncti
2596 5455 2728 5497 mss.
2752 5456 2818 5496 ac
2836 5449 2951 5496 vct.
2974 5439 3105 5496 edit.
3124 5440 3230 5495 nisi
3250 5438 3394 5508 quod
3414 5437 3552 5510 Reg.
3574 5452 3687 5510 pro
3705 5458 3803 5499 em-

2173 5522 2368 5579 cutere,
2397 5514 2547 5584 legit,
2580 5529 2874 5585 exsurgere.
2917 5515 2987 5567 At
3016 5512 3177 5569 Rom.
3210 5511 3345 5585 edit.
3379 5511 3544 5585 verba
3587 5512 3681 5585 sic
3714 5517 3802 5569 in-

2172 5587 2360 5649 vertit,
2388 5582 2696 5639 eoitterimus
2722 5582 2770 5638 et
2791 5585 3118 5656 scorpionem
3156 5582 3487 5656 continenti;
3505 5584 3757 5656 uestigiis
3783 5628 3800 5652 ,

2170 5656 2845 5778 grecundiwjustitiaque
2890 5653 3167 5728 gressibus,
3211 5669 3273 5708 ne
3310 5653 3473 5725 possit
3503 5653 3796 5715 “cuius.

2225 5742 2482 5778 tissimus.
2515 5735 2619 5778 etc.

2225 5742 2482 5791 tissimus,
2515 5735 2619 5781 etc.
