3948 6330
219 283 337 342 1357

1261 277 1327 343 tu
1367 285 1692 348 essanun
1728 268 1940 348 cx'vut
1979 281 2362 349 exeosnto.

3343 294 3485 358 1558

206 396 450 470 quidquid
482 395 690 466 perﬁdo
717 406 770 454 et
815 405 1091 470 tamquam
1121 400 1273 456 ebrio
1301 417 1397 458 ore
1426 403 1784 474 deprompse-
1809 408 1860 466 A
1886 403 2156 471 adulator,
2188 405 2279 475 qui
2325 405 2519 462 callida
2575 414 2814 463 mentem
2866 406 3179 466 adulatione
3221 418 3479 470 tentaret.

205 493 301 547 rint
328 508 340 554 ;
369 501 423 547 et
453 491 576 546 ideo
604 490 779 547 aliena
803 491 1101 563 loquuntur
1128 510 1156 547 a
1191 495 1332 566 lege.
1359 496 1511 553 Unde
1532 512 1628 554 eos
1645 497 1784 554 bene

207 586 457 655 Propheta
488 585 681 656 refugit
708 597 871 657 atque
894 588 1266 659 reprehendit:
1298 590 1480 646 sciens
1508 592 1635 661 quid
1655 607 1787 663 prae-

207 680 392 750 scripto
415 680 554 750 legis
576 683 870 751 acceperit.

268 772 350 826 2t.
379 772 559 842 (Vers.
589 773 705 845 86.)
733 774 902 830 Recte
935 788 1064 845 ergo
1089 775 1165 830 ait
1184 776 1434 846 sequenti
1462 759 1738 833 versiculo
1769 797 1785 834 :

211 867 382 921 Omnia
418 878 680 938 prmeepta
722 880 814 924 tua
870 871 1060 925 ueritas
1085 888 1104 925 :
1137 872 1330 945 injuste
1359 875 1614 941 persecuti
1667 882 1787 928 sunt

207 961 496 1030 me,adjuua
525 977 626 1015 me.
653 963 822 1030 Quasi
855 964 1028 1019 bonus
1057 965 1213 1019 miles
1243 965 1381 1020 bella
1419 981 1525 1020 non
1559 966 1778 1037 refugit,

208 1069 296 1110 nec
315 1053 593 1109 conﬂictus
618 1057 865 1125 quamvis
909 1059 1155 1129 gravium
1189 1059 1502 1128 praeliorum
1553 1059 1788 1115 bellator

210 1147 429 1215 pavescit
454 1154 714 1202 assuetus
747 1164 762 1211 ;
790 1149 886 1204 sed
939 1149 1115 1206 ﬁdelis
1143 1159 1198 1206 et
1241 1151 1501 1221 providus
1545 1152 1788 1220 aspirare

206 1240 299 1295 sibi
322 1240 577 1295 divinitus
603 1251 728 1298 orat
758 1243 960 1297 auxilia
982 1285 999 1306 ,
1033 1255 1087 1299 et
1113 1244 1221 1315 pia:
1251 1243 1559 1299 devotionis
1607 1243 1785 1299 ﬁdelia

208 1332 298 1387 sibi
327 1333 638 1402 adjumenta
679 1334 945 1405 deposcit.
970 1335 1207 1404 Ideoque
1226 1351 1332 1392 non
1363 1337 1497 1406 petit
1517 1345 1574 1392 ut
1601 1350 1788 1406 perse-

205 1428 433 1485 cutiones
454 1429 748 1501 quiescant
781 1431 919 1497 ;sed
969 1433 1024 1488 in
1069 1433 1538 1502 persecutionibus
1575 1449 1636 1489 se
1663 1448 1790 1503 pos-

208 1521 328 1575 tulat
377 1522 650 1592 adjuvari.
680 1522 900 1578 Sciebat
946 1524 1093 1579 enim
1143 1526 1290 1596 quod
1339 1540 1534 1580 omnes
1579 1529 1786 1597 1111

205 1614 283 1682 qui
313 1614 502 1669 volunt
521 1616 613 1685 pie
644 1615 829 1671 vivere
860 1616 913 1670 in
941 1614 1168 1672 Christo
1197 1617 1349 1684 Jesu,
1383 1621 1791 1688 persecutiones

205 1706 481 1776 patiuntur.
505 1707 714 1763 Mavult
744 1723 874 1780 ergo
899 1711 1306 1779 persecutiones
1332 1711 1471 1780 pati;
1508 1719 1566 1765 ut
1598 1710 1685 1781 pie
1713 1711 1790 1765 vi-

1887 497 2005 552 Non
2051 499 2276 553 vacabat
2316 500 2499 555 animo
2540 503 2790 572 corporis
2818 502 3187 561 delectatione
3219 506 3480 572 dissolvi.

1887 599 1942 645 et
1967 590 2275 662 bujusmodi
2299 609 2420 661 quae
2451 595 2707 650 secundis
2730 596 2892 652 rebus
2917 598 3147 653 excitari
3162 599 3361 667 solent,
3393 600 3488 655 ad-

1887 686 2106 740 mittere
2135 686 2436 754 passiones.
2495 686 2622 743 ldeo
2662 687 2909 758 Apostoli
2957 705 3080 746 cum
3121 692 3489 759 crederentur,

1889 775 2326 843 includerentur,
2351 779 2704 835 exsultabant
2731 780 2876 849 quod
2899 782 3009 838 illis
3038 784 3254 851 injuriis
3277 793 3303 821 ⁸
3332 793 3490 840 teter-

1889 883 1974 923 nre
2003 869 2191 938 gloria:
2232 871 2485 926 meritum
2515 872 2889 936 lucrabantur,
2937 874 3032 944 qui
3074 875 3221 946 digni
3272 875 3494 931 fuerant

1890 974 1990 1028 pro
2026 958 2230 1015 Christi
2262 963 2484 1018 nomine
2525 962 2754 1033 injurias
2810 966 3086 1022 sustinere
3121 966 3264 1038 (Act.
3290 983 3344 1034 v,
3377 968 3493 1040 41).

1893 1051 2011 1106 Non
2041 1051 2148 1106 illis
2173 1063 2292 1108 erat
2315 1069 2445 1108 cura
2467 1054 2536 1109 de
2556 1056 2910 1124 patrimonio,
2934 1058 3174 1113 studium
3200 1059 3269 1115 de
3303 1070 3492 1130 potes—

1890 1142 2093 1198 tatibus
2119 1152 2172 1198 et
2197 1143 2517 1210 honoribus,
2547 1160 2652 1200 non
2683 1145 2752 1201 de
2783 1148 3101 1222 prmlatione
3120 1190 3137 1216 ,
3175 1166 3296 1222 quae
3324 1153 3492 1207 etiam

1884 1237 2063 1308 justos
2111 1241 2393 1310 exagitare
2442 1241 2770 1306 consuevit;
2839 1242 2933 1297 sed
2989 1243 3080 1298 ille
3119 1258 3180 1298 se
3234 1245 3483 1315 praeferri

1889 1331 2135 1402 putabat,
2163 1334 2420 1402 quiesset
2443 1334 2688 1403 pluribus
2719 1335 3037 1394 verberibus
3091 1336 3121 1378 ι)
3164 1339 3494 1410 ﬂagellatus.

1962 1427 2055 1483 25.
2088 1427 2280 1482 Merito
2307 1443 2438 1498 ergo
2463 1428 2628 1483 David
2669 1431 2991 1486 occasiones
3037 1432 3249 1504 expetit
3299 1432 3495 1488 trium-

1895 1519 2127 1589 pbandi,
2172 1530 2227 1575 et
2267 1521 2514 1577 certandi
2559 1524 2772 1592 copiam
2819 1539 2919 1594 pro
2959 1525 3278 1582 devotionis
3320 1528 3503 1584 erudi-

1896 1615 2048 1670 tione
2077 1629 2186 1670 non
2217 1617 2434 1683 metuit,
2467 1617 2556 1686 qui
2589 1629 2811 1674 noverat
2844 1623 3256 1691 persecutiones
3287 1622 3501 1694 iniquo-

1893 1725 2013 1764 rum
2051 1708 2322 1782 proﬁcere
2352 1709 2418 1764 ad
2472 1711 2811 1766 incrementa
2866 1713 3103 1768 virtutis.
3133 1718 3346 1787 1112
3383 1716 3500 1772 Non

207 1815 317 1856 rere
350 1801 399 1854 in
437 1800 665 1858 Christo
700 1804 891 1872 possit.
926 1801 992 1856 Et
1027 1802 1169 1858 bene
1198 1818 1305 1858 non
1345 1818 1504 1857 uuam
1538 1817 1789 1872 persecu-
1823 1803 1872 1863 Β
1899 1801 2045 1856 enim
2071 1800 2208 1856 dixit
2234 1817 2246 1853 :
2271 1799 2408 1869 Quia
2438 1803 2854 1871 persecutiones
2878 1806 3055 1874 patior
3082 1846 3097 1872 ,
3128 1807 3324 1876 adjuva
3364 1823 3452 1865 me
3483 1825 3500 1875 ;

203 1895 411 1960 tionem,
443 1894 542 1950 sed
567 1896 771 1950 multas
788 1895 1204 1966 persecutiones
1222 1897 1384 1958 dixit,
1409 1909 1508 1950 nec
1530 1895 1801 1965 expressit

206 1989 437 2044 vocabula
455 1991 937 2060 persequentium;
964 1990 1089 2060 quia
1104 1991 1257 2044 multi
1275 1989 1800 2059 persecutores,;'non

201 2081 358 2135 solum
376 2095 510 2151 quos
526 2082 805 2148 videmus,
825 2082 919 2138 sed
933 2083 1096 2137 etiam
1113 2097 1249 2153 quos
1265 2099 1372 2138 non
1386 2082 1652 2137 videmus.
1670 2080 1801 2135 Per-

203 2185 480 2243 sequuntur
505 2177 770 2246 nequitiae
791 2176 1066 2245 spiritales
1093 2217 1107 2241 ,
1129 2175 1473 2246 persequitur
1488 2173 1798 2239 haereticus,

204 2267 419 2335 Judreus,
435 2270 693 2340 gentilis.
713 2271 917 2324 Omnes
948 2285 1078 2338 ergo
1102 2268 1203 2324 sub
1229 2265 1798 2339 persecutoribus,qui

204 2361 370 2416 volunt
395 2363 478 2433 pie
499 2361 564 2416 .vi
580 2377 718 2428 rere;
735 2364 860 2434 quia
876 2363 966 2418 ubi
987 2363 1138 2416 multi
1164 2373 1567 2431 persecutores,
1584 2359 1798 2415 nullum

205 2471 227 2506 a
247 2456 682 2523 persecutoribus
710 2464 865 2511 vacat
892 2464 1106 2525 tempus
1130 2454 1418 2525 piefvivere
1439 2452 1713 2525 gestienti.
1732 2453 1800 2508 Et

205 2544 416 2602 fortasse
439 2563 576 2604 cum
611 2550 1023 2617 persecutiones
1075 2563 1181 2604 non
1216 2547 1474 2617 patimur,
1520 2555 1796 2617 tamquam

203 2639 528 2696 condemnati
572 2641 875 2708 habemur;
921 2641 1044 2712 quia
1095 2656 1436 2711 nequaquam
1482 2641 1567 2710 pie
1612 2640 1799 2694 vivere

206 2733 414 2789 velimus
467 2736 522 2790 in
577 2735 822 2790 Christo.
876 2734 1009 2789 Nam
1057 2734 1243 2804 utique
1270 2749 1394 2788 cum
1455 2733 1526 2786 sit
1573 2731 1797 2787 deﬁnita

204 2829 475 2895 sententia,
497 2827 650 2899 quod
676 2827 868 2882 Omnes
889 2828 976 2895 qui
1001 2829 1176 2881 uolunt
1200 2827 1283 2895 pie
1314 2826 1475 2880 viuere
1500 2825 1553 2878 in
1589 2824 1798 2878 Christo

195 2916 336 2987 Iesu,
359 2921 752 2992 persecutiones
785 2918 1135 2992 patiuntur“!
1157 2916 1295 2972 Tim.
1331 2915 1548 2987 ttt,12),
1584 2916 1799 2971 videtur

207 3012 246 3064 is
269 3014 353 3080 qui
379 3013 798 3081 persecutiones
822 3027 925 3066 non
953 3014 1178 3080 patitur,
1203 3009 1515 3072 abdicatus,
1531 3007 1674 3077 quod
1691 3022 1797 3061 non

203 3104 261 3159 sit
286 3106 378 3174 pia:
404 3106 727 3162 intentionis
754 3106 802 3158 in
830 3103 1052 3160 Christo
1085 3103 1471 3169 gdevotioneni
1503 3100 1702 3156 etenim
1735 3099 1798 3153 ﬁ-

203 3199 277 3253 dei
302 3201 477 3270 przeiia
493 3210 926 3271 persequuntur.
960 3199 1018 3254 Si
1047 3198 1228 3254 desint
1255 3195 1576 3260 certamina,
1598 3209 1794 3250 vereor
1824 3182 1866 3245 C

207 3308 266 3346 ne
289 3293 471 3350 deesse
497 3293 759 3348 videatur
785 3335 799 3357 ,
835 3293 924 3363 qui
971 3304 1183 3346 certare
1224 3288 1519 3345 desideret.
1559 3286 1748 3341 Omnia
1779 3327 1795 3352 ,

205 3384 382 3455 inquit,
411 3394 679 3454 prmeepta
733 3395 819 3438 tua
871 3385 1054 3438 ueritas
1109 3382 1289 3450 (Joan.
1341 3396 1434 3446 xv,
1492 3379 1610 3448 20).
1663 3378 1798 3445 Qua:

206 3487 461 3548 praecepta
491 3478 603 3534 nisi
633 3477 728 3532 illa
749 3495 761 3532 :
786 3477 846 3531 Si
877 3494 954 3531 me
983 3477 1234 3548 persecuti
1261 3482 1406 3536 sunt,
1433 3484 1480 3528 et
1512 3487 1600 3527 vos
1624 3487 1800 3543 persc-

203 3573 434 3639 quentur?
452 3572 587 3627 Haec
607 3580 879 3642 praecepta
904 3570 1097 3635 David,
1114 3568 1357 3623 anterior
1389 3566 1521 3621 licet
1545 3566 1799 3620 lncarna-

206 3663 740 3729 tionissacramento,
765 3664 876 3735 jam
909 3673 1090 3719 tamen
1123 3662 1379 3718 audiebat
1406 3662 1458 3717 in
1482 3661 1675 3730 spiritu
1709 3677 1720 3711 :
1747 3668 1801 3714 et

206 3760 341 3827 quasi
363 3759 578 3815 Christi
604 3759 908 3828 discipulus
931 3773 1038 3812 non
1057 3755 1405 3811 subtrahebat
1433 3770 1493 3810 se
1528 3752 1798 3823 passioni-

209 3847 328 3915 btts,
355 3852 449 3907 sed
468 3851 867 3908 certaminibus
904 3849 1194 3905 offerebat:
1227 3847 1432 3903 sciebat
1461 3845 1563 3900 hoc
1595 3845 1698 3900 sibi
1731 3841 1798 3897 ad

207 3941 416 4010 gloriam
439 3946 808 4006 fructuosum,
830 3941 932 3996 hoc
958 3941 1024 3995 ad
1052 3938 1356 3994 custodiam
1379 3937 1569 3992 salutis
1591 3943 1762 3990 tutum
1781 3975 1796 3999 ,

211 4043 261 4086 ut
308 4035 688 4106 frequentibus
720 4034 998 4090 exercitiis
1037 4032 1166 4102 justi
1217 4032 1389 4101 pietas
1450 4028 1801 4084 conﬁrmare—

211 4135 305 4182 tur.
328 4126 447 4185 Cito
469 4129 623 4186 enim
667 4128 802 4184 ﬁdes
847 4126 1197 4182 inexercitata
1223 4124 1555 4194 languescit,
1583 4131 1638 4174 et
1675 4135 1799 4176 cre-

213 4215 316 4271 bris
334 4219 508 4273 otiosa
539 4228 780 4274 tentatur
811 4216 1190 4274 incommodis.
1235 4215 1513 4272 Rcmissas
1545 4212 1800 4268 excubias

211 4311 444 4378 callidus,
465 4314 761 4369 insidiator
784 4312 1035 4382 irrumpit
1061 4328 1073 4363 :
1098 4319 1372 4366 assuetum
1422 4316 1600 4361 autem
1658 4306 1800 4360 bello

211 4405 370 4459 virum
396 4417 627 4462 externa
653 4405 802 4460 fraus
832 4405 1074 4471 instruit,
1098 4413 1154 4459 et
1183 4402 1248 4458 ad
1271 4402 1524 4471 gloriosae
1555 4397 1802 4468 provehit

209 4498 430 4564 palmam
475 4499 747 4556 victoriae.
791 4497 902 4554 Pax
953 4511 1084 4568 ergo
1137 4494 1264 4551 ﬁdei
1321 4493 1643 4564 corruptela:
1683 4506 1797 4545 ma-

209 4590 333 4644 teria
361 4600 467 4648 est.
1027 4662 1033 4667 _

269 4685 358 4738 32.
391 4686 568 4754 Quam
601 4685 828 4756 pulchre
859 4684 1014 4742 nobis
1051 4680 1451 4754 persecutionis
1483 4693 1804 4749 processere

209 4786 466 4847 tempora.
518 4780 763 4835 Intentus
799 4787 920 4834 erat
964 4777 1107 4832 sicut
1159 4773 1445 4830 mendicus
1491 4772 1696 4826 intima:
1735 4770 1803 4825 ad

210 4869 370 4926 Deum
403 4874 607 4928 mentis
632 4872 865 4929 aﬂ'ectus
892 4891 906 4926 :
932 4873 1011 4928 illi
1050 4871 1385 4936 adhairebat,
1418 4883 1518 4923 nec
1546 4867 1682 4922 ullas
1712 4882 1825 4923 co--

207 4962 495 5032 gitationes
516 4967 902 5037 obstrepentes
922 4965 1030 5021 sibi
1061 4964 1335 5035 precantis
1361 4963 1575 5017 animus
1601 4960 1806 5017 sentie-

209 5055 293 5112 bat
322 5077 336 5112 :
366 5059 502 5115 totis
541 5060 843 5116 visceribus
889 5058 1216 5115 fundebatur
1264 5057 1441 5113 oratio
1462 5097 1476 5121 ,
1501 5066 1549 5110 et
1583 5053 1802 5124 quidam

211 5154 538 5211 miscebatur
562 5172 748 5212 sermo
769 5171 894 5211 cum
918 5155 1149 5210 Domino
1181 5170 1196 5220 ;
1217 5153 1534 5224 quotidiana
1573 5150 1803 5205 medita—

207 5248 282 5304 tio
305 5248 544 5308 habebat
567 5251 678 5320 jam
704 5260 1078 5320 contemptum
1107 5248 1333 5319 periculi
1369 5289 1384 5312 ,
1420 5253 1478 5302 et
1504 5259 1660 5301 usum
1696 5243 1807 5300 cal-

211 5342 395 5398 candae
417 5346 614 5398 mortis
640 5352 951 5414 receperat.
974 5342 1135 5411 Quod
1170 5342 1455 5396 amisimus
1483 5335 1805 5393 exercitium

215 5441 418 5489 tentant
448 5437 581 5502 otia,
614 5452 754 5506 quos
803 5436 945 5508 bella
996 5450 1102 5489 non
1158 5434 1454 5506 fregerant.
1491 5429 1808 5485 Dericulosa

215 5526 371 5598 igitur
411 5537 470 5585 et
499 5522 643 5600 pacis
671 5531 802 5585 otia.
866 5531 922 5585 In
976 5545 1110 5602 pace
1154 5531 1340 5602 plures
1395 5524 1809 5596 persecutiones

215 5634 332 5678 esse
368 5634 679 5694 coeperunt.
710 5623 902 5688 Nullus
956 5634 1072 5680 erat
1115 5632 1367 5694 tempore
1409 5617 1810 5691 persecutionis

285 5748 308 5774 “
329 5738 465 5794 Mss.
500 5755 606 5793 nun
640 5739 817 5806 pauci,
841 5749 1049 5792 aitet-me
1078 5739 1261 5807 gratia:
1290 5736 1543 5807 meritum,
1576 5739 1680 5787 etc.

285 5808 473 5867 bVoci
503 5800 823 5880 ﬂagellatus,
848 5809 980 5864 Cod.
1017 5800 1156 5866 And.
1201 5818 1255 5865 et
1301 5823 1439 5862 unus
1491 5804 1620 5861 Nav.
1682 5800 1817 5871 adji-

1829 4576 1882 4636 D

1904 1894 2000 1951 sed
2033 1912 2046 1948 :
2075 1892 2302 1966 Injuste,
2329 1895 2533 1966 inquit,
2571 1897 2822 1965 persecuti
2850 1907 2981 1958 sunt
3025 1915 3128 1966 me,
3177 1901 3368 1970 adjuua
3397 1917 3500 1957 me.

1904 1992 2090 2048 Potest
2110 1991 2258 2048 enim
2291 1993 2410 2062 quis
2447 2001 2503 2048 et
2535 1994 2950 2062 persecutiones
2984 1996 3117 2064 pati,
3165 1996 3260 2052 sed
3285 2011 3392 2052 non
3421 1997 3503 2052 in-

1909 2082 2052 2152 iuste
2077 2100 2090 2148 ;
2121 2083 2245 2154 quia
2268 2091 2350 2138 est
2375 2083 2537 2138 etiam
2562 2082 2707 2153 justa
2738 2084 3077 2153 persecutio,
3134 2087 3180 2141 si
3219 2086 3503 2143 oderimus

1903 2176 2270 2241 obscenos,si
2317 2176 2502 2234 infesti
2554 2176 2727 2237 simus
2747 2176 3061 2247 injustis,si
3107 2177 3326 2250 iniquos
3368 2179 3506 2234 veli-

1904 2286 2024 2325 mus
2062 2269 2396 2340 opprimere,
2447 2285 2516 2325 no
2568 2271 2820 2340 pluribus
2872 2279 3128 2335 noceant,
3182 2272 3231 2326 si
3279 2287 3506 2327 avarum

1903 2363 2108 2420 fraudis
2133 2379 2246 2419 suae
2268 2363 2615 2434 compendiis
2643 2379 2929 2432 exuamus,
2960 2366 3006 2421 si
3039 2381 3395 2423 exsecremur
3420 2367 3506 2422 itt-

1901 2459 2190 2513 solentiam
2217 2459 2598 2529 superborum.
2631 2459 2734 2526 Qui
2758 2468 2940 2516 autem
2974 2475 3068 2530 pro
3100 2460 3230 2525 ﬁde,
3263 2477 3361 2531 pro
3384 2461 3504 2531 jus-

1903 2550 2052 2615 titia,
2093 2563 2194 2618 pro
2233 2551 2488 2605 castitate
2533 2550 2973 2619 persecutionem
3013 2553 3249 2621 patitur,
3285 2551 3426 2610 bene
3461 2555 3508 2610 is

1900 2642 2033 2696 dicit
2061 2659 2072 2694 :
2104 2642 2311 2715 Injuste
2343 2643 2601 2711 persecuti
2629 2650 2749 2696 sunt
2777 2659 2879 2708 me,
2906 2644 3099 2712 adjuva
3118 2661 3218 2698 me.

1971 2733 2065 2787 24.
2093 2733 2276 2804 (Vers.
2308 2734 2426 2804 87.)
2469 2735 2728 2804 Sequitur
2774 2750 2966 2790 versus
3014 2737 3282 2806 septimus
3315 2755 3328 2792 :
3359 2737 3508 2793 Pau-

1901 2825 2128 2880 lominus
2154 2837 2649 2881 consummaverunt
2679 2844 2760 2882 me
2779 2829 2834 2882 in
2859 2837 3000 2882 terra
3026 2843 3044 2882 :
3069 2845 3161 2898 ego
3186 2838 3361 2886 autem
3405 2846 3508 2885 non

1902 2917 2154 2987 deretiqui
2175 2919 2429 2973 mandata
2454 2929 2560 2972 tua.
2581 2919 2698 2976 Non
2730 2920 3008 2990 superﬂuo
3039 2920 3281 2976 divinum
3314 2924 3512 2993 quaesi-

1902 3009 2291 3076 vitauxilium,
2337 3012 2426 3081 qui
2474 3012 2680 3067 sciebat
2723 3013 2826 3066 sibi
2866 3012 3128 3068 adversus
3170 3014 3341 3070 fortes
3387 3030 3511 3071 esse

1900 3112 2199 3171 certamen,
2231 3105 2493 3175 pluraque
2517 3106 2616 3159 sibi
2636 3106 2826 3184 praelia
2860 3114 3158 3177 praeparata
3182 3107 3508 3164 dimicaturo

1903 3215 2046 3255 nunc
2061 3200 2324 3255 adversus
2339 3201 2605 3271 nequitias
2625 3200 2919 3270 spiritales,
2948 3215 3071 3270 quae
3093 3211 3220 3256 sunt
3247 3202 3300 3256 in
3321 3202 3516 3271 cccles-

1902 3291 2067 3358 tibus,
2095 3308 2240 3348 nunc
2261 3293 2524 3349 adversus
2552 3293 2790 3348 calorem
2823 3294 3102 3364 sanguinis
3136 3335 3151 3358 ,
3171 3301 3227 3349 et
3255 3293 3507 3348 innume-

1901 3400 1990 3439 ras
2011 3387 2257 3455 corporis
2288 3385 2450 3455 hujus
2475 3385 2788 3451 illecebras,
2811 3400 3040 3455 quarum
3079 3401 3221 3441 nexu
3251 3385 3405 3440 vario
3451 3395 3509 3441 et

1901 3479 2156 3534 diuturna
2197 3479 2582 3534 colluctatione
2621 3479 2855 3533 lassatus
2899 3478 3154 3548 pudendo
3209 3479 3512 3535 corruisset

1903 3570 2247 3636 certamine;
2279 3571 2384 3626 nisi
2413 3569 2537 3626 tldei
2573 3584 2633 3625 se
2663 3569 2847 3624 radice
2893 3570 3180 3626 tenuisset.
3224 3570 3510 3625 Discamus

1903 3683 2099 3723 cavere
2128 3683 2289 3738 quem
2329 3666 2600 3736 gerimus,
2625 3665 2714 3721 hic
2752 3665 2907 3720 nobis
2941 3665 3112 3720 hostis
3142 3665 3513 3729 domesticus,

1905 3760 1994 3814 hic
2031 3759 2283 3814 inimicus
2304 3759 2482 3829 gravis
2514 3768 2600 3813 est
2644 3759 2815 3812 nostri
2861 3759 3031 3828 ipsius
3059 3771 3189 3812 usus
3236 3757 3506 3827 corporis.

1903 3852 2273 3907 inﬂammatur
2294 3852 2443 3916 vino,
2477 3850 2632 3906 ardet
2661 3849 2908 3917 libidine,
2929 3850 3130 3905 decore
3157 3850 3400 3904 mulieris
3417 3863 3510 3903 oc-
3535 3843 3542 3850 ’

1871 3999 1876 4004 .
1903 3943 2167 4000 cursantis
2185 3942 2525 4006 accenditur,
2557 3957 2653 4010 spe
2675 3941 2858 4005 alitur,
2883 3940 3264 4011 desperatione
3293 3939 3471 3994 uritur
3489 3982 3505 4008 ,

1905 4036 2180 4092 illecebris
2227 4039 2509 4100 exuritur,
2561 4048 2670 4088 non
2724 4043 2980 4102 evaporat
3021 4031 3214 4088 eﬂ‘ectu
3246 4075 3261 4099 ,
3316 4034 3510 4088 timore

1907 4129 2184 4193 turbatur,
2232 4135 2378 4182 metu
2415 4127 2707 4197 frangitur,
2741 4126 2948 4180 luxuria
2998 4124 3258 4191 mollitur,
3292 4125 3514 4180 lascivia

1905 4222 2256 4288 dissolvitur,
2287 4222 2475 4278 labore
2521 4220 2777 4288 afﬁcitur,
2805 4220 3183 4277 'sollicitudine
3222 4220 3512 4292 fatigatur,

1908 4313 2161 4384 passione
2197 4315 2515 4370 conteritur.
2550 4313 2758 4368 Miraris
2797 4311 2841 4366 si
2878 4312 3022 4369 inter
3062 4323 3138 4368 tot
3171 4312 3514 4368 adversarias

1906 4409 2217 4480 passionum
2238 4409 2387 4465 vices
2403 4423 2463 4463 se
2485 4409 2645 4462 etiam
2662 4407 2842 4476 justus
2859 4414 3046 4462 tenere
3065 4407 3153 4460 vix
3178 4407 3370 4474 possit,
3388 4419 3514 4460 cum

1911 4500 2149 4572 impares
2183 4501 2355 4555 simus
2391 4500 2554 4555 etiam
2594 4498 2928 4569 singularum
2977 4497 3264 4552 certamini
3292 4497 3314 4550 ν
3338 4497 3512 4564 Quem

1908 4594 1994 4648 vel
2023 4595 2140 4649 sola
2173 4592 2343 4647 libido
2373 4607 2479 4646 non
2509 4591 2772 4656 vindicet,
2802 4605 2962 4658 quem
2988 4605 3099 4644 non
3122 4589 3514 4660 subjugetava-

1909 4686 2056 4747 ritia,
2085 4699 2244 4754 quem
2270 4682 2506 4739 formido
2534 4698 2640 4736 non
2673 4682 2921 4752 quatiat,
2951 4697 3111 4752 quem
3145 4682 3357 4738 luxuria
3400 4697 3511 4737 non

1907 4786 2152 4842 enervis,
2181 4792 2338 4847 quem
2374 4776 2592 4832 lascivia
2617 4790 2724 4831 non
2755 4775 3023 4844 emolliat,
3055 4790 3216 4847 quem
3241 4791 3348 4832 non
3377 4791 3510 4847 sup-

1910 4871 2117 4941 plantet
2142 4869 2412 4924 ebrietas?

1981 4963 2072 5020 25.
2103 4962 2269 5030 Quasi
2290 4961 2544 5017 conscius
2565 4960 2728 5030 igitur
2753 4961 2988 5016 carnalis
3034 4961 3369 5018 inﬁrmitatis
3390 5003 3405 5029 ,
3457 4968 3514 5017 et

1909 5057 2221 5127 explorator
2253 5053 2648 5125 persecutionis
2675 5052 2910 5119 hostilis,
2931 5053 3066 5108 dicit
3098 5075 3112 5110 :
3163 5051 3511 5107 Paulaminus

1910 5153 2396 5202 consummaverunt
2421 5145 2571 5198 mein
2603 5154 2760 5200 terra.
2792 5144 2851 5200 In
2881 5144 2984 5200 hac
3023 5145 3208 5215 utique
3235 5154 3378 5200 terra
3410 5186 3427 5212 ,
3457 5145 3515 5201 in

1909 5253 2014 5308 qua
2043 5237 2214 5292 Adam
2266 5237 2473 5306 primus
2511 5236 2739 5300 corruit,
2768 5244 2824 5291 et
2871 5236 3124 5306 pudenda
3166 5236 3517 5306 prolapsione

1911 5332 2181 5399 deiectus,
2211 5331 2376 5384 totius
2409 5343 2656 5399 gressum
2688 5328 2885 5383 futura:
2915 5329 3254 5397 posteritatis
3308 5329 3520 5385 inﬂexit

1917 5425 2072 5499 (Gen.
2098 5441 2180 5492 ιιι,
2208 5423 2319 5495 17).
2355 5425 2411 5478 In
2443 5423 2545 5476 bac
2573 5431 2740 5490 terra,
2767 5422 2819 5491 in
2841 5437 2944 5492 qua
2973 5421 3109 5476 Cain
3152 5437 3377 5476 munera
3411 5421 3522 5476 fra-

1916 5532 2065 5575 terna
2097 5518 2288 5574 dolens
2319 5516 2430 5570 suis
2453 5530 2576 5570 esse
2599 5514 2846 5586 praelata,
2883 5515 3036 5570 ruina
3070 5523 3155 5570 est
3198 5523 3404 5571 stratus
3434 5516 3521 5570 iu-

1916 5612 2096 5666 vidis).
2154 5608 2395 5678 Denique
2442 5621 2548 5661 vox
2610 5605 2833 5664 fraterni
2871 5605 3155 5677 sanguinis
3185 5607 3438 5662 clamavit
3487 5622 3524 5664 ι

1920 5725 2070 5802 ciunt
2094 5739 2106 5776 :
2129 5720 2272 5776 Time
2291 5736 2410 5794 ergo
2431 5719 2521 5802 qui
2542 5718 2958 5802 semperyisessc
2977 5720 3243 5802 praelatus.
3265 5721 3372 5779 Sed
3393 5721 3524 5778 illud

1921 5797 2195 5868 glossema
2217 5789 2538 5862 esse'quivis
2569 5789 2729 5847 facile
2746 5789 3091 5861 iudicaverit.
