3948 6356
415 303 556 362 1539

1740 298 1984 359 SANCTI
2026 299 2350 360 AMBROSII

3574 299 3716 360 1360

413 428 556 476 terra
616 418 773 490 (Gen.
829 435 880 476 tv
907 428 941 486 ,’
979 419 1094 492 10).
1152 418 1360 487 ιιιξιιιιο
1406 423 1551 473 terra
1610 413 1724 471 Noe
1781 424 2005 470 sanctus
2033 418 2082 477 Α
2113 415 2426 486 intelligere
2481 414 2650 486 :quia
2689 414 2804 486 jam
2847 414 3118 487 Propheta
3165 428 3284 486 qute
3345 423 3506 472 erant
3552 413 3712 484 Legis

407 525 569 580 quem
629 511 796 565 totius
849 510 1000 566 orbis
1077 510 1279 565 diluvia
1335 511 1387 564 in
1434 509 1602 563 tantis
1649 507 1903 578 procellis
1954 515 2009 561 et

408 603 663 660 ﬂuctibus
741 605 1058 674 pervigilem
1153 603 1575 674 probaverunt,
1645 601 1733 656 ubi
1829 611 2007 653 tamett

407 697 584 752 otioso
635 711 796 752 curas
849 695 1054 750 laxavit
1092 711 1324 766 corpore
1355 735 1370 762 ,
1426 708 1675 749 somnum
1731 691 2010 747 ebrietatis

411 799 434 825 θ
465 788 723 852 oﬂ‘endit,
773 789 1162 845 contumeliam
1223 799 1464 858 paterna:
1515 785 1730 856 pictatis
1782 783 2012 838 incurrit

407 881 562 950 (Gen.
600 897 654 936 ix
678 922 692 944 ,
717 882 780 936 21
818 891 864 935 et
905 881 1032 953 22),
1071 881 1278 937 docens
1316 878 1624 951 periculosa
1662 877 1771 932 otia
1803 889 2011 931 securae

405 991 529 1032 esse
543 976 746 1031 virtuti.
767 976 824 1032 lu
842 976 944 1032 hac
965 983 1112 1032 terra
1141 976 1245 1032 Lot
1271 973 1552 1032 reverendi
1576 972 1819 1044 parentis
1835 968 2010 1024 imita-

403 1077 513 1134 tor,
547 1085 709 1141 quem
738 1085 844 1124 non
886 1068 1212 1124 luxuriantis
1239 1066 1610 1124 Sodomitanae
1640 1062 1812 1134 plebis
1851 1061 2014 1117 deco-

403 1164 601 1221 loravit
631 1164 948 1234 impuritas,
974 1180 1081 1218 tton
1114 1162 1331 1217 ﬂamma
1361 1160 1614 1218 Sodomae
1649 1155 1893 1212 ardentis
1923 1154 2010 1208 in-

405 1258 611 1326 volvit,
641 1257 925 1312 veniabilis
962 1255 1181 1327 quidem
1230 1254 1574 1326 ignorantiac,
1617 1249 1884 1321 pudenda:
1933 1255 2012 1301 ta-

403 1365 533 1407 men
561 1350 969 1406 commixtionis
995 1364 1104 1405 non
1127 1350 1299 1405 evasit
1323 1349 1589 1404 incestum
1617 1344 1770 1416 (Gen.
1802 1357 1917 1407 xxx,
1943 1339 2013 1394 52

404 1455 455 1500 et
491 1443 649 1516 seq).
690 1442 882 1500 Uritur
917 1444 1020 1497 iste
1057 1441 1288 1497 ﬂammis
1325 1439 1650 1502 mulierum,
1694 1449 1853 1507 quem
1901 1432 2015 1487 sul-

406 1537 613 1608 phurea
644 1536 862 1591 ﬂamma
903 1549 1009 1590 non
1046 1534 1204 1590 ussit.

474 1629 569 1682 20'.
601 1629 656 1682 ln
683 1629 781 1683 hac
799 1637 941 1684 terra
975 1626 1139 1682 etiam
1172 1624 1339 1682 David
1357 1622 1747 1695 propemodum
1761 1633 2014 1677 consum-

404 1731 615 1776 matum
639 1737 700 1776 se
747 1736 870 1777 esse
898 1720 1052 1776 dixit.
1099 1719 1380 1790 Siquidem
1436 1734 1574 1790 pene
1621 1727 1802 1774 motos
1846 1715 2015 1786 pedes

2113 518 2438 580 agnoverat,
2471 517 2625 579 optat
2649 509 2915 566 adventus
2945 511 3211 567 Dominici
3241 510 3672 567 misericordiam
3696 552 3712 576 ,

2113 609 2170 655 ut
2198 600 2429 670 accipiat
2476 609 2752 672 prmcepta
2775 644 2788 668 ,
2840 602 3037 674 quibus
3081 604 3189 659 Lex
3220 603 3625 673 adimpleatur;
3659 610 3717 656 ut

2113 706 2222 746 non
2274 691 2450 746 solum
2501 691 2830 750 adulterium
2879 697 3046 752 sciret
3099 709 3222 751 esse
3270 695 3584 761 vitandum,
3618 693 3714 750 sed

2114 785 2276 840 etiam
2325 785 2828 856 concupiscentiam
2892 787 3143 844 adulterii
3188 787 3594 843 declinandam.
3644 788 3717 844 Os

2113 877 2261 934 enim
2285 877 2460 934 Patris
2486 877 2648 934 Jesus
2678 879 2938 935 Dominus
2967 880 3179 936 locutus
3205 890 3290 936 est
3311 879 3365 935 in
3396 879 3714 950 Evangelio,

2114 985 2238 1025 cum
2267 971 2358 1041 qui
2387 969 2583 1025 viderit
2607 969 2890 1027 mulierem
2914 971 2982 1027 ad
3035 970 3534 1042 concupiscendum
3561 985 3716 1038 eam,

2115 1063 2170 1120 in
2201 1063 2367 1120 corde
2387 1079 2486 1120 suo
2516 1064 2842 1121 adulterium
2871 1074 3221 1138 perpetrasse
3252 1065 3471 1140 (Matth.
3505 1081 3564 1133 v,
3595 1065 3718 1136 28).

2116 1159 2386 1229 Quantum
2411 1161 2706 1232 Evangelia
2725 1159 3080 1232 profecerunt
3099 1160 3276 1217 studia
3298 1160 3593 1230 castitatis,
3613 1176 3722 1232 quo

2118 1269 2226 1308 non
2255 1254 2430 1310 solum
2465 1253 2728 1325 turpioris
2760 1253 2882 1308 facti
2908 1294 2923 1320 ,
2973 1253 3071 1310 sed
3099 1253 3262 1310 etiam
3292 1252 3458 1310 studii
3478 1252 3719 1325 degene-

2117 1346 2196 1402 ris
2223 1345 2504 1417 ablegatur
2522 1345 2878 1417 opprobrium
2901 1346 2916 1400 ι

2186 1437 2280 1494 29.
2321 1438 2424 1508 Qui
2446 1449 2574 1495 sunt
2599 1447 2780 1496 autem
2809 1440 2878 1497 de
2908 1440 3103 1512 quibus
3126 1440 3422 1513 dicitquod
3457 1439 3724 1512 paulomi-

2119 1546 2220 1586 nus
2250 1540 2769 1588 consummaverunt
2793 1547 2917 1589 eum
2945 1531 2998 1587 in
3041 1541 3217 1599 terra,
3263 1532 3369 1588 nisi
3397 1542 3724 1604 persecuto-

2119 1640 2208 1681 res
2232 1626 2256 1678 ’ἐ
2284 1624 2361 1682 De
2386 1641 2616 1695 quorum
2661 1642 2771 1681 uno
2798 1626 2877 1680 ait
2908 1626 3168 1681 Dominus
3197 1624 3360 1682 Jesus
3386 1644 3401 1680 :
3433 1625 3544 1694 Ite,
3571 1625 3726 1682 dicite

2121 1719 2267 1789 vulpi
2311 1719 2391 1775 illi
2438 1718 2591 1792 (Luc.
2631 1736 2761 1787 xm,
2793 1718 2918 1792 52),
2949 1719 3053 1776 hoc
3097 1729 3215 1787 est,
3261 1720 3333 1777 de
3378 1719 3620 1777 Herode.
3662 1721 3726 1776 Et

403 1830 535 1872 suos
562 1825 620 1870 et
651 1829 874 1886 gressus
895 1829 1025 1868 suos
1053 1813 1403 1882 paulominus
1430 1812 1601 1868 sensit
1623 1810 1825 1865 effusos
1853 1827 1864 1863 :
1890 1807 2016 1880 quia
2048 1806 2096 1867 B
2123 1811 2254 1867 alibi
2296 1826 2417 1868 cum
2466 1829 2526 1869 se
2574 1813 2949 1870 fraudulenter
2999 1813 3324 1885 interrogari
3371 1813 3722 1881 adverteret,

407 1909 632 1966 divitias
660 1909 955 1965 saeculares
984 1917 1038 1962 et
1077 1921 1363 1962 successus
1393 1905 1756 1976 corporalium
1789 1918 2018 1973 prospe-

404 2019 592 2059 rorum
613 2003 736 2057 loco
759 1999 1114 2057 beatitudinis
1133 1999 1428 2055 aestimavit
1450 1997 1831 2070 peccatoribus
1849 1997 2017 2051 abun-

407 2096 560 2150 dare.
588 2095 814 2164 Propter
841 2091 1171 2162 quodetiam
1201 2091 1510 2162 flagellatus
1539 2098 1653 2155 est;
1687 2090 1781 2144 sed
1805 2088 2019 2158 ﬂagella

401 2189 554 2258 justo
584 2186 827 2242 remedia
848 2185 1041 2240 salutis
1071 2193 1217 2239 sunt.
1243 2185 1454 2257 1113
1483 2183 1713 2253 Castigat
1739 2183 1883 2238 enim
1906 2181 2020 2238 Do-

411 2281 583 2335 minus
614 2296 814 2334 omnem
845 2278 1015 2349 ﬁlium
1042 2293 1192 2349 quem
1220 2279 1402 2346 recipit
1432 2274 1589 2347 (Heb.
1629 2290 1726 2342 xu,
1752 2275 1832 2346 6).
1869 2273 2022 2330 Unde

407 2377 575 2433 etiam
608 2374 773 2431 David
797 2389 1094 2431 conversus
1130 2372 1196 2427 ad
1237 2370 1451 2428 Demini
1477 2371 1824 2435 charitatem,
1857 2377 2020 2440 atque

408 2469 466 2524 in
485 2471 605 2539 ejus
625 2469 872 2525 eruditus
896 2466 1206 2538 prteceptis,
1228 2480 1337 2520 non
1362 2464 1619 2535 ignorans
1639 2460 1784 2534 quod
1801 2460 2022 2517 caducis

408 2565 614 2620 caduca
656 2563 882 2618 fortuito
910 2559 1142 2632 quodam
1173 2557 1491 2614 deferantur
1515 2565 1733 2619 eventu,
1788 2565 1842 2610 et
1894 2554 2020 2624 quia

408 2673 520 2713 non
548 2656 862 2712 divitiarum
885 2652 1238 2716 abundantia,
1275 2651 1371 2707 sed
1403 2651 1663 2704 virtutum
1693 2647 1866 2720 gratia
1897 2647 2021 2701 vita:

410 2748 713 2820 probabilis
742 2749 934 2804 merita
965 2752 1284 2816 pensantur,
1310 2743 1504 2799 dilexit
1521 2742 1692 2813 magis
1718 2757 1880 2812 quam
1927 2739 2024 2796 de-

411 2840 630 2910 reliquit
661 2838 908 2894 mandata
939 2837 1057 2902 Dei,
1089 2837 1286 2907 quibus
1310 2835 1444 2890 Solis
1483 2837 1657 2905 potuit
1705 2835 2021 2906 ingruentes

412 2931 687 3004 nequitias
717 2931 1015 2995 Spiritales,
1035 2938 1089 2984 et
1106 2929 1448 2999 insurgentes
1473 2927 1634 2998 hujus
1657 2927 1906 2998 corporis
1927 2940 2022 2992 ap-

415 3029 618 3097 petitus
638 3022 694 3078 in
725 3025 824 3077 bac
850 3033 956 3076 tam
977 3021 1180 3090 fragilis
1212 3031 1423 3076 natura:
1445 3021 1760 3076 inﬁrmitate
1794 3033 2022 3088 supera-

417 3135 504 3176 re.
532 3119 721 3189 Magna
754 3117 915 3188 igitur
938 3115 1114 3170 virtus
1139 3156 1154 3182 ,
1187 3130 1306 3185 qua:
1331 3114 1434 3169 sub
1481 3115 1644 3168 tantis
1681 3114 2019 3183 persecutio-

2123 1907 2258 1963 dixit
2293 1926 2306 1962 :
2346 1906 2542 1979 Vulpes
2591 1911 2765 1980 foveas
2791 1908 3010 1975 habent,
3059 1917 3108 1963 et
3151 1907 3390 1963 volucres
3431 1908 3547 1964 caeli
3576 1908 3724 1962 nidos

2123 2000 2210 2054 ubi
2231 2001 2550 2073 requiescant
2577 2000 2794 2072 (Matth.
2819 2017 2914 2057 vut
2937 2043 2952 2068 ,
2973 2002 3100 2072 20);
3132 2015 3199 2056 eo
3226 2001 3373 2072 quod
3407 2000 3726 2056 fraudulen-

2123 2100 2207 2148 ter
2256 2094 2310 2148 in
2343 2096 2682 2150 terrestrium
2733 2095 3052 2166 passionum
3104 2093 3428 2164 quibusdam
3481 2094 3726 2150 latibulis

2123 2185 2500 2243 demorentur.
2537 2187 2691 2243 Unde
2719 2188 2884 2243 etiam
2923 2188 3152 2245 Samson
3204 2188 3360 2244 binas
3402 2187 3595 2257 vulpes
3623 2187 3725 2243 sibi

2125 2282 2345 2345 nexuit,
2375 2279 2444 2335 ad
2483 2296 2710 2351 quarum
2743 2280 2951 2336 caudas
2990 2279 3240 2352 alligavit
3269 2280 3436 2346 faces,
3465 2289 3523 2336 et
3561 2279 3725 2336 dimi-

2125 2371 2197 2428 sit
2221 2386 2315 2428 eas
2338 2386 2436 2443 per
2458 2388 2663 2428 messes
2692 2372 3112 2446 Allopbylorum
3138 2372 3341 2443 (ludia.
3369 2389 3439 2428 xv
3455 2414 3472 2441 ,
3500 2372 3537 2427 4
3562 2381 3621 2428 et
3639 2373 3725 2444 5);

2125 2481 2224 2537 per
2252 2465 2391 2522 hanc
2419 2467 2644 2539 figuram
2674 2467 2991 2540 significans
3021 2467 3165 2539 quod
3217 2467 3448 2534 improbi
3488 2482 3554 2522 ac
3579 2467 3730 2522 frau-

2125 2558 2328 2615 dulenti
2355 2559 2626 2627 homines,
2675 2568 2732 2616 et
2761 2560 2997 2617 maxime
3024 2560 3267 2617 haeretici
3293 2600 3307 2622 ,
3345 2559 3572 2616 liberam
3620 2561 3724 2616 lin-

2125 2666 2283 2722 gnam
2316 2651 2548 2706 habeant
2576 2651 2644 2706 ad
2670 2651 2980 2708 latrandum
3006 2696 3020 2720 ,
3051 2651 3148 2708 sed
3181 2651 3360 2708 exitus
3387 2651 3681 2721 impeditos
3710 2666 3725 2705 :

2125 2741 2154 2781 ιι
2189 2752 2281 2798 aut
2308 2743 2540 2815 litigiosa
2572 2745 2841 2816 principia
2863 2786 2877 2809 ,
2915 2746 3075 2801 linem
3109 2760 3238 2800 vero
3261 2743 3467 2800 fraudis
3495 2759 3613 2800 sua:
3640 2744 3729 2799 in-

2125 2836 2322 2893 cendio
2367 2837 2707 2908 deputatum.
2766 2837 3000 2909 Ideoque
3029 2846 3084 2894 et
3114 2847 3385 2895 trecentas
3420 2836 3616 2909 vulpes
3643 2836 3729 2892 di-

2126 2931 2308 2996 misit,
2341 2947 2406 2987 eo
2431 2931 2574 3002 quod
2599 2931 2789 3002 perﬂdi
2821 2931 3035 3005 1115.
3055 2931 3234 2988 crucis
3257 2931 3478 3002 quidem
3508 2945 3570 2987 se
3593 2945 3734 3002 prte-

2127 3022 2400 3081 dicatione
2443 3024 2826 3080 commendare
2874 3024 3230 3092 desiderant,
3259 3023 3358 3080 sed
3403 3023 3731 3096 mysterium

2126 3117 2245 3188 ejus
2268 3126 2453 3173 tenere
2480 3132 2586 3172 non
2619 3126 2885 3188 possunt,
2912 3116 3007 3188 qui
3029 3115 3132 3172 bac
3161 3115 3556 3187 praedicatione
3582 3130 3737 3172 com-

423 3212 582 3269 nibus
610 3211 928 3274 constituta,
960 3216 1014 3264 et
1045 3222 1183 3279 pene
1212 3195 1472 3278 oppressa
1495 3223 1511 3273 ;
1534 3215 1714 3262 tamen
1743 3220 1898 3261 suum
1915 3222 2019 3261 non
2050 3201 2096 3264 C
2127 3211 2302 3283 posita
2353 3221 2408 3267 et
2435 3211 2568 3267 falsa
2605 3221 2768 3283 atque
2797 3210 3046 3266 simulata
3103 3226 3266 3267 urere
3320 3209 3493 3281 magis
3523 3209 3738 3265 fructus

422 3320 510 3365 est
546 3307 713 3364 oblita
741 3304 1082 3378 prmsidium,
1113 3318 1216 3359 nec
1265 3300 1520 3358 mandata
1562 3301 1778 3356 Domini
1828 3299 2028 3356 dereli-

428 3401 562 3472 quil.

495 3492 586 3546 27.
613 3491 794 3562 (Vers.
816 3489 936 3562 88.)
957 3490 1084 3545 ldeo
1101 3491 1224 3560 quia
1243 3487 1418 3542 solum
1438 3485 1543 3541 sibi
1567 3485 1732 3542 Deum
1758 3485 2028 3557 profuisse

422 3585 710 3656 cognovit,
739 3598 930 3653 preces
957 3582 1022 3636 ad
1056 3580 1624 3651 Dominumdirigens.
1645 3580 1720 3634 ait
1748 3595 1905 3635 versu
1939 3594 2028 3634 se-

424 3677 612 3750 quenti
644 3695 660 3732 :
692 3676 1001 3733 Secundum
1043 3673 1455 3729 misericordiam
1485 3683 1628 3726 tuam
1655 3673 1861 3742 vivi/ica
1897 3687 1979 3725 me
2010 3686 2029 3725 :

427 3783 476 3828 et
504 3771 790 3826 custodiam
840 3770 1131 3825 testimonia
1159 3770 1265 3823 oris
1306 3768 1381 3822 tui
1412 3767 1575 3840 (Sup.
1609 3782 1656 3820 υ.
1712 3766 1827 3838 17).
1860 3767 2029 3832 Quam

369 3865 374 3872 ’
426 3864 850 3922 vivificationem
883 3861 968 3917 sui
996 3861 1264 3932 postulet,
1297 3873 1464 3931 Supra
1482 3858 1746 3925 diximus;
1774 3859 1899 3929 quia
1922 3873 2030 3914 non

428 3961 482 4016 id
514 3968 767 4030 precatus
790 3966 875 4014 est
899 3955 1043 4028 quod
1075 3954 1341 4020 habebat,
1372 3953 1467 4009 sed
1493 3952 1635 4024 quod
1658 3951 2030 4019 desiderabat,

432 4053 484 4110 id
509 4060 625 4119 est,
652 4061 714 4108 ut
744 4055 953 4106 viveret
979 4050 1031 4104 in
1061 4056 1356 4115 retentum,
1383 4046 1690 4116 intelligens
1709 4045 1833 4100 vita:
1859 4042 2035 4101 beati-

437 4146 678 4200 tudinem
728 4146 784 4197 in
821 4143 929 4196 hoc
963 4140 1243 4196 ﬂuctuanti
1285 4150 1340 4193 et
1392 4137 1561 4194 infido
1601 4137 1757 4193 nobis
1803 4152 2036 4207 corpore

438 4252 689 4295 essenon
723 4249 905 4306 posse.
923 4233 1080 4303 cujus
1107 4232 1451 4287 imbecillitas
1478 4233 1812 4302 propositum
1838 4231 2034 4288 anima:

436 4329 800 4398 derelinquat.
833 4325 982 4395 Opus
1010 4333 1095 4379 est
1123 4339 1254 4395 ergo
1276 4322 1645 4378 misericordia
1674 4323 1802 4388 Dei,
1825 4333 1884 4378 ut
1904 4339 2034 4379 con-

439 4422 589 4477 tinua
615 4428 672 4474 et
699 4427 959 4489 perpetua
990 4417 1060 4472 sit
1101 4415 1152 4470 in
1201 4414 1304 4469 hoc
1339 4429 1573 4485 corpore
1616 4413 1939 4481 viviﬂeatio;
1975 4427 2036 4471 ut

438 4512 679 4584 quotidie
725 4510 906 4582 justus
938 4509 1051 4565 Deo
1090 4508 1271 4574 vivat,
1299 4516 1634 4578 peccatoque
1660 4507 1943 4564 moriatur.
1974 4509 2032 4567 Si

2129 3313 2396 3361 conantur
2449 3303 2685 3370 alienos;
2727 3319 2852 3360 cum
2906 3303 3093 3371 utique
3143 3317 3271 3360 vera
3322 3316 3457 3358 erus
3519 3299 3739 3357 Domini

2131 3412 2236 3452 non
2264 3404 2457 3452 exurat
2497 3395 2673 3452 aliena
2714 3397 2938 3464 merita,
2971 3394 3069 3451 sed
3103 3393 3378 3451 fecundat.
3430 3392 3740 3464 Meritoque

2128 3490 2390 3560 scriptum
2417 3500 2501 3546 est
2528 3490 2580 3544 in
2618 3489 2857 3546 Canticis
2902 3491 3241 3545 canticorum
3274 3505 3288 3541 :
3317 3486 3570 3542 Prendite
3592 3485 3742 3541 nobis

2129 3581 2314 3650 vulpes
2353 3581 2572 3654 pusillas
2598 3582 3002 3636 exterminantes
3031 3581 3240 3648 uineas;
3270 3591 3326 3635 ut
3359 3579 3522 3634 cineas
3549 3589 3745 3633 nostr-te

2133 3675 2349 3743 ﬂoreant
2398 3672 2575 3743 (Cant.
2623 3688 2694 3738 ιι,
2750 3670 2863 3745 15).
2894 3673 3013 3740 Quo
3061 3671 3392 3738 ostenditur,
3447 3670 3593 3742 quod
3655 3669 3744 3725 vel

2135 3767 2398 3822 Dominus
2418 3766 2598 3836 Jesus,
2630 3765 2719 3822 vel
2761 3765 3007 3822 Ecclesia
3027 3805 3040 3832 ,
3076 3763 3548 3821 fraudulentorum
3579 3759 3744 3818 dolos

2134 3875 2164 3915 a
2194 3860 2370 3917 vineis
2408 3860 2523 3916 suis
2541 3859 2989 3916 exterminandos
3011 3871 3135 3915 esse
3164 3855 3525 3928 praecipiant;
3554 3869 3628 3909 ne
3646 3868 3748 3925 puo

2135 3954 2334 4012 sillulis
2355 3953 2530 4010 vineis
2558 3961 2827 4019 noceant,
2858 3963 2880 3991 ο
2913 3953 3038 4024 quia
3057 3950 3260 4007 adultis
3277 3949 3390 4020 jam
3413 3947 3621 4004 vitibus
3653 3961 3749 4002 no-

2136 4063 2263 4105 cere
2285 4063 2393 4106 non
2418 4057 2664 4119 possunt.
2694 4046 2995 4104 Haereticus
3027 4045 3172 4100 enim
3214 4041 3596 4114 imperfectum
3626 4048 3749 4096 ten-

2138 4147 2258 4196 tare
2293 4147 2507 4212 potest,
2537 4154 2645 4195 non
2674 4145 2856 4210 potest
2884 4136 3239 4209 supplantare
3271 4133 3600 4207 perfectum.

2573 4275 2810 4333 SERMO
2849 4273 3312 4334 DUODECIMUS.

2781 4383 2834 4459 ³7.
2871 4399 3092 4456 Lanted.

2218 4512 2268 4566 1.
2310 4511 2510 4567 Lamed
2555 4511 2734 4569 littera
2763 4511 3090 4570 duodecima
3133 4510 3356 4582 incipit,
3383 4510 3543 4582 cujus
3569 4510 3754 4569 inter-

436 4607 582 4662 enim
607 4604 765 4674 culpa
809 4602 1073 4659 moriatur
1101 4603 1154 4656 in
1185 4601 1340 4656 nobis
1360 4641 1375 4666 ,
1400 4601 1506 4656 erit
1527 4600 1636 4656 vita
1663 4601 1774 4657 Deo
1819 4603 2037 4668 vivens,
2065 4589 2119 4650 Ῑ)
2145 4603 2382 4674 pretatio
2402 4645 2418 4668 .
2448 4620 2560 4671 cor,
2588 4605 2674 4660 vel
2697 4613 2756 4660 ut
2794 4605 2900 4660 alia
2941 4603 3321 4675 interpretatio
3352 4602 3548 4670 habet,
3581 4617 3755 4660 servo.

440 4710 496 4754 et
547 4697 792 4754 custodia
848 4703 1240 4766 praecepturum
1299 4693 1602 4750 cmlesuuiu
1649 4708 2039 4764 perseverans,

441 4806 604 4864 quam
652 4795 841 4861 utique
893 4788 985 4844 ille
1039 4785 1308 4854 custodit,
1363 4787 1455 4857 qui
1505 4786 1808 4843 vivilicatur
1857 4802 1889 4842 a
1933 4787 2042 4845 Do-

447 4886 618 4942 mino.

511 4980 604 5035 9.8.
651 4977 890 5049 Denique
911 4975 1168 5031 viviﬁcari
1198 4990 1258 5030 se
1289 4983 1412 5030 ante
1439 4973 1617 5045 poscit
1643 4988 1672 5028 a
1705 4974 1958 5041 Domino,
1985 4984 2040 5031 et

443 5083 630 5144 postea
661 5069 964 5126 custodiam
997 5067 1434 5122 testimoniorum
1467 5065 1768 5122 rtelestium
1817 5067 2042 5136 pollice-

441 5177 556 5231 tur;
605 5180 713 5219 non
745 5164 890 5218 enim
917 5162 1224 5216 communis
1255 5159 1371 5214 haec
1411 5157 1516 5213 vita
1551 5158 1783 5214 custodit
1819 5159 2040 5215 cmleste

441 5258 754 5315 mandatum
777 5298 792 5323 ,
816 5254 913 5311 sed
948 5254 1038 5308 illa
1066 5269 1185 5324 quae
1215 5267 1438 5307 munere
1466 5252 1690 5307 fulcitur
1715 5262 1918 5308 mterno
1943 5269 2041 5324 per

441 5353 816 5424 operationem
856 5349 1050 5422 gratiae
1093 5346 1374 5419 spiritalis.
1424 5346 1721 5402 Possumus
1755 5347 1917 5403 etiam
1961 5337 2069 5404 sic.

508 5525 533 5551 ιι
579 5513 782 5568 Omnes
827 5507 982 5568 edit.,
1037 5502 1252 5571 offendit
1303 5502 1533 5571 (quando
1583 5503 1891 5558 mediastino
1931 5504 2042 5573 ﬁlio

438 5585 712 5656 delirautr)
737 5577 1258 5656 contumeliammetc.
1287 5574 1490 5656 V_erum
1523 5591 1657 5656 qum
1693 5576 2043 5631 includuntur

433 5656 666 5718 uncinis,
696 5647 926 5721 'prursus
950 5650 1001 5702 iu
1043 5647 1208 5721 nu_l|is
1233 5647 1356 5700 cod.
1385 5647 1751 5721 reperiuntur.

514 5725 537 5763 ¹’
568 5716 661 5780 Sic
689 5716 820 5778 mss.
855 5735 1068 5775 omnes.
1095 5716 1293 5790 Contra
1327 5733 1458 5790 vero
1491 5718 1650 5790 edit.,
1683 5727 1770 5771 aut
1797 5716 2043 5790 religiosa

450 5794 728 5869 principia.
760 5794 937 5848 Minus
961 5790 1134 5852 bene;
1167 5787 1293 5844 licet
1315 5789 1459 5844 enim
1489 5787 1770 5860 religionis
1803 5787 2041 5858 speciem

2148 4695 2306 4753 Unde
2333 4695 2547 4753 videtur
2589 4697 2908 4765 admonere,
2937 4697 3025 4754 vel
3056 4698 3352 4769 prudenter
3393 4694 3513 4752 haec
3550 4696 3762 4753 intelli-

2146 4789 2356 4861 genda,
2401 4791 2484 4845 vel
2529 4790 2764 4848 sollicite
2810 4791 3076 4847 servanda
3123 4799 3414 4862 praecepta.
3461 4789 3601 4846 Nam
3647 4788 3762 4847 hoc

2149 4883 2356 4954 primus
2386 4883 2568 4938 statim
2613 4883 2916 4941 versiculus
2942 4883 3222 4939 admonet.
3269 4881 3377 4939 Cor
3411 4881 3619 4938 etenim
3648 4881 3762 4937 sibi

2149 4975 2408 5030 mundum
2456 4975 2630 5031 creari
2677 4976 2731 5030 in
2787 4974 3165 5046 superioribus
3211 4973 3298 5030 hic
3337 4971 3655 5043 Propheta,
3698 4981 3766 5028 ut

2151 5068 2385 5140 legimus
2415 5069 2589 5144 (Psal.
2623 5086 2677 5137 ι,
2723 5069 2838 5142 12),
2882 5068 3193 5140 postulavit.
3225 5067 3333 5124 Cor
3378 5067 3479 5123 sibi
3510 5067 3766 5138 prudens

2149 5165 2269 5221 dari
2299 5167 2476 5220 oravit
2498 5181 2528 5219 a
2561 5165 2792 5221 Domino
2817 5166 2960 5220 lilius
2983 5163 3144 5234 hujus
3171 5161 3452 5219 Salomon.
3474 5160 3582 5228 Qui
3622 5176 3768 5233 ergo

2150 5257 2315 5314 habet
2363 5273 2458 5314 cor
2509 5258 2805 5323 mundum,
2837 5257 2930 5328 qui
2965 5255 3129 5313 habet
3169 5269 3266 5312 cor
3308 5253 3585 5326 prudens,
3638 5255 3770 5325 ipse

2149 5350 2403 5423 intelligit
2447 5351 2648 5408 seriem
2676 5349 3014 5407 subditorum
3053 5363 3346 5417 versuum,
3387 5356 3556 5419 atque
3585 5347 3773 5403 virtu-

2150 5507 2451 5564 secessioui
2488 5523 2602 5564 sure
2631 5506 2931 5565 obtendere
2962 5509 3177 5564 soleant
3217 5507 3502 5574 haeretici,
3536 5524 3651 5566 non
3673 5518 3772 5566 ta-

2149 5594 2270 5634 men
2300 5579 2548 5636 absolute
2594 5580 2701 5636 dici
2733 5580 2936 5636 debent
2958 5622 2974 5644 ,
3007 5579 3251 5637 maxime
3298 5581 3352 5636 in
3391 5581 3666 5639 concione
3694 5581 3775 5639 ad

2151 5649 2406 5725 pOpul_um
2427 5692 2444 5719 ,
2476 5667 2665 5725 eorum
2688 5653 2934 5725 religiosa
2966 5652 3244 5725 principia.

2223 5731 2246 5759 ε
2280 5721 2406 5778 Mss.
2439 5723 2678 5794 aliquot,
2709 5721 2830 5794 quia
2857 5724 3050 5778 adultis
3069 5721 3188 5797 jam
3213 5722 3423 5778 vlmus.
