3948 6372
231 343 344 399 «1381

1292 352 1358 408 ΙΝ
1397 353 1729 415 PSALMUM
1767 358 1979 416 CXVIII
2018 361 2404 422 EXPOSITIO.

3368 379 3510 435 1569

219 470 316 515 tem
342 458 436 530 (Ill
461 460 599 533 Reg.
634 477 709 530 ις,
752 463 830 536 9).
870 464 1023 521 Unde
1053 476 1106 522 et
1144 467 1270 524 alibi
1302 469 1613 528 invenimus
1645 481 1669 509 ιι
1710 489 1807 532 cor
1833 479 1886 539 Α
1913 490 2244 548 perseverat.
2299 481 2467 537 Serva
2517 498 2646 555 ergo
2692 487 2915 543 verbum
2969 474 3103 558 Dei,
3150 500 3206 547 et
3244 506 3398 548 serva
3452 494 3508 550 in

217 552 404 618 solum,
439 553 492 608 id
523 565 649 619 est,
690 556 774 611 vel
816 556 1115 627 singulare,
1147 559 1233 615 vel
1268 562 1413 632 quod
1445 563 1594 618 nulla
1623 564 1809 623 illece-

215 648 302 704 bra
327 646 492 717 hujus
518 649 706 705 saeculi
731 650 1024 722 impediat,
1055 661 1111 708 et
1149 655 1328 709 carnis
1349 656 1523 726 possit
1543 657 1806 716 intertur-

214 738 331 795 hare
357 740 651 809 sapientia.
681 741 782 810 Qui
804 751 984 798 autem
1016 743 1178 800 habet
1195 759 1310 809 cor.
1343 755 1526 802 servat
1552 750 1805 805 mandata

217 829 297 884 Dei
322 847 336 884 ;
363 831 824 901 quemadmodum
871 835 1048 906 legisti
1094 837 1162 892 de
1193 837 1393 906 Maria,
1423 854 1544 910 quae
1583 855 1808 897 conscr-

215 919 360 974 vabat
411 921 602 976 omnia
642 922 859 979 Domini
910 924 1213 982 Salvatoris
1268 926 1320 982 in
1369 929 1535 985 corde
1580 945 1681 986 suo
1718 930 1804 987 vel

215 1011 344 1067 dicta
363 1053 379 1078 ,
404 1013 492 1069 vel
522 1023 679 1086 gesta
709 1015 867 1087 (Luc.
897 1033 936 1073 ιι
957 1059 972 1084 ,
1001 1019 1122 1089 5i).

271 1104 324 1159 2.
365 1105 841 1165 Circumcidamus
869 1125 1002 1181 ergo
1029 1125 1126 1167 cor
1179 1121 1426 1169 nostrum
1460 1131 1472 1168 :
1520 1114 1656 1170 nihil
1684 1129 1805 1171 cor-

213 1214 460 1271 poreum,
503 1199 639 1256 nihil
683 1202 788 1257 vile
835 1219 1142 1275 quaeramus
1192 1224 1205 1259 :
1259 1207 1364 1262 vile
1411 1215 1590 1264 autem
1641 1223 1804 1264 omne

212 1303 501 1348 terrenum.
535 1292 683 1350 Nihil
708 1309 840 1365 ergo
875 1305 1150 1352 terrenum
1177 1339 1192 1367 ,
1219 1298 1356 1355 nihil
1395 1302 1683 1370 saecularc,
1717 1305 1802 1359 ni-

213 1384 274 1440 hil
293 1400 652 1457 corporeum,
684 1389 818 1445 nihil
843 1391 963 1448 leve
989 1403 1152 1464 atque
1198 1396 1459 1453 mutabile
1488 1397 1540 1452 in
1569 1398 1802 1469 eloquiis

210 1481 595 1539 constituamus
631 1483 968 1541 cmlestibus.
999 1484 1227 1558 Eloquia
1256 1488 1401 1546 enim
1431 1489 1665 1555 Domini.
1695 1494 1804 1549 elo-

207 1581 307 1649 quia
331 1590 484 1635 easta
513 1579 695 1653 (Psal.
725 1598 780 1638 ιι
799 1624 814 1650 ,
855 1582 944 1654 7);
977 1593 1036 1640 ιιι
1063 1583 1146 1640 his
1188 1586 1579 1658 mysteriorum
1605 1588 1802 1645 caeles-

208 1669 320 1725 tium
340 1669 701 1727 immaculata
729 1683 783 1729 et
815 1675 1009 1744 pudica
1038 1677 1324 1732 sinceritas
1353 1679 1582 1750 spiritali
1632 1681 1801 1736 inter—

207 1764 503 1833 pretatione
531 1765 896 1837 resplendeat.
924 1767 1044 1825 Non
1084 1769 1391 1828 adulterina
1419 1772 1651 1843 quadam
1679 1774 1800 1844 opi-

1910 571 2075 627 corde
2114 584 2225 639 tuo,
2252 584 2308 630 et
2336 575 2406 631 ita
2437 592 2616 644 serva,
2646 594 2715 635 ne
2754 580 3114 639 obliviscaris.
3143 585 3308 640 Serva
3331 586 3504 658 legem

1912 661 2150 729 Domini,
2186 674 2240 720 et
2270 667 2570 736 meditare;
2617 686 2685 726 ne
2723 671 3144 740 jttStiIicationes
3178 675 3388 732 Domini
3437 678 3508 735 de

1910 763 2004 810 tuo
2033 757 2200 812 corde
2241 759 2512 817 labantur.
2559 762 2725 819 Docet
2767 774 2820 820 te
2844 767 3040 822 litterae
3091 770 3504 841 interpretatio,

1910 856 1966 901 ut
1994 862 2179 903 serves
2209 850 2516 920 diligenter.
2550 854 2716 910 Docet
2744 863 2797 910 te
2840 857 3112 926 Propheta
3145 861 3196 916 in
3230 861 3463 919 subditis
3487 906 3505 933 ,

1907 938 2138 995 dicens:
2171 940 2292 995 Nisi
2333 945 2455 1013 quia
2502 946 2588 999 lea:
2631 954 2718 999 tua
2748 949 3014 1004 meditatio
3065 968 3179 1006 mea
3224 964 3334 1020 est,
3385 965 3507 1010 tunc

1906 1033 2124 1103 forsitan
2156 1035 2424 1104 periissem
2468 1037 2522 1090 in
2551 1037 2846 1094 humilitate
2874 1059 3004 1096 mea.
3041 1042 3106 1097 In
3126 1055 3376 1100 a’ternum
3401 1063 3504 1102 non

1905 1125 2180 1179 obliviscar
2209 1127 2662 1197 'justiﬁcationum
2711 1142 2920 1188 tuarum
2961 1135 3097 1208 (Inf.
3127 1155 3173 1192 υ.
3200 1138 3270 1195 92
3303 1149 3351 1194 et
3385 1141 3500 1212 95).

1903 1215 2064 1288 Legis
2090 1234 2219 1290 ergo
2247 1220 2525 1276 meditatio
2550 1223 2676 1278 facit
2698 1266 2713 1290 ,
2747 1235 2809 1280 ut
2837 1234 3077 1295 tempora
3105 1231 3498 1299 tribulationis,

1905 1319 2148 1380 tempora
2178 1313 2372 1383 quibus
2396 1313 2747 1372 humiliamnr
2769 1319 3042 1389 aliquibus
3079 1321 3323 1378 adversis
3346 1367 3359 1388 ,
3384 1340 3504 1380 sus-

1903 1402 2080 1458 tinere
2124 1415 2179 1458 et
2241 1405 2477 1463 tolerare
2527 1411 2825 1478 possimus;
2878 1423 2936 1468 ut
2994 1429 3170 1484 neque
3216 1415 3504 1474 humiliato

1901 1493 2093 1560 nimis,
2149 1511 2324 1567 neque
2369 1498 2583 1567 dejecto
2632 1500 2944 1574 frangamur
2987 1504 3206 1560 allecto.
3261 1507 3500 1579 Denique

1901 1585 2161 1642 Dominus
2193 1603 2297 1643 non
2329 1588 2504 1662 frangi
2536 1607 2634 1646 nos
2667 1592 2977 1651 humilitate
3019 1611 3191 1667 usque
3215 1597 3281 1652 ad
3303 1597 3502 1670 despec

1901 1681 2166 1734 rationem
2196 1683 2343 1748 vult,
2375 1683 2473 1738 sed
2507 1700 2676 1756 usque
2701 1688 2766 1741 ad
2790 1689 3210 1756 correptionem.

1971 1770 2025 1825 6.
2068 1770 2224 1829 Unde
2246 1784 2300 1828 et
2331 1775 2630 1833 Hieremias
2661 1781 2925 1850 propheta
2955 1781 3057 1836 sub
3103 1781 3204 1838 hac
3232 1783 3410 1839 littera
3441 1785 3496 1841 in

204 1858 348 1914 nione
376 1858 712 1916 misceamus
761 1872 978 1918 terrena
1009 1860 1238 1932 divinis,
1277 1874 1334 1922 et
1379 1865 1516 1921 illud
1565 1866 1794 1922 inviola-
1828 1860 1875 1920 B
1902 1863 2137 1920 Threnis
2159 1866 2234 1920 ait
2266 1885 2278 1920 :
2317 1865 2387 1922 Ut
2417 1869 2716 1926 humiliaret
2741 1872 2833 1926 sub
2855 1873 3070 1940 pedibus
3099 1889 3273 1928 omnes
3305 1875 3504 1931 vinctos

203 1949 296 2006 bile
318 1961 733 2008 sacramentum
761 1954 1098 2025 prophetica;
1124 1956 1382 2022 visionis,
1417 1966 1508 2013 aut
1539 1959 1791 2028 perennis

203 2044 392 2098 oraculi
423 2055 643 2100 natura:
673 2056 873 2102 nosmr:
919 2048 1281 2104 aestimatione
1329 2048 1617 2105 violemus.
1664 2049 1792 2107 Ideo

203 2136 327 2192 cnim
355 2137 577 2194 addidit
605 2157 618 2192 :
651 2140 936 2212 Argentum
953 2142 1072 2213 igne
1100 2144 1473 2211 examinatum,
1509 2154 1791 2216 purgatum

200 2237 352 2298 terra,
390 2233 675 2302 probatum
700 2235 993 2305 septuplum
1017 2234 1245 2307 (lbid.);
1270 2247 1328 2291 ut
1359 2245 1631 2307 tamquam
1661 2235 1790 2292 boni

202 2323 537 2379 nummularii
569 2325 767 2396 spiritu
791 2328 1167 2385 examinetnus
1189 2329 1496 2401 prophetici
1517 2330 1790 2387 sermonis

198 2427 468 2487 argentum
490 2460 507 2487 ,
535 2429 886 2477 secernentes
928 2421 1138 2476 Domini
1169 2424 1452 2492 pecuniam
1477 2465 1492 2489 ,
1521 2431 1689 2495 atque
1717 2423 1787 2480 ab

201 2512 331 2564 omni
381 2511 506 2567 labe
560 2520 778 2569 terrena
827 2515 1083 2570 salutaris
1121 2515 1291 2572 fontis
1337 2517 1607 2573 inlusione
1655 2533 1786 2589 pur-

198 2612 404 2672 gantes;
438 2614 498 2659 ut
527 2604 752 2662 Christo
780 2606 938 2678 digna
962 2608 1168 2665 sentire
1197 2609 1500 2679 videamur,
1531 2610 1624 2681 qui
1660 2612 1734 2665 ait
1770 2629 1784 2665 :

200 2693 365 2750 Nolite
388 2697 747 2753 tltesaurizare
789 2699 928 2754 vobis
968 2701 1021 2753 in
1048 2708 1208 2766 terra,
1238 2702 1325 2756 ubi
1349 2718 1524 2773 aerugo
1561 2712 1609 2756 et
1647 2704 1786 2758 tinea

196 2788 622 2844 exterminant...
653 2791 746 2845 sed
787 2790 1132 2847 tltesaurizate
1159 2791 1300 2848 vobis
1323 2793 1375 2848 in
1406 2795 1533 2848 ctelo
1567 2793 1778 2864 (Matth.

195 2891 269 2944 vt,
302 2879 366 2936 19
395 2889 455 2936 ει
480 2880 604 2951 20).

257 2972 306 3028 5.
345 2967 673 3032 Thesanrué
697 2983 820 3032 tuus
839 2986 923 3033 est
949 2977 1115 3044 ﬁdes,
1143 2978 1346 3049 pietas,
1371 2977 1778 3035 miserlcordia:

195 3065 475 3125 thesaurus
503 3078 630 3125 tuus
663 3071 913 3128 Christus
954 3082 1057 3128 est.
1087 3072 1209 3129 Noli
1240 3089 1362 3128 eum
1396 3073 1668 3129 aestimare
1715 3073 1784 3130 de

195 3160 361 3229 terris,
407 3161 520 3217 hoc
553 3172 673 3229 est,
704 3163 772 3220 de
798 3166 1102 3233 creaturis;
1145 3167 1268 3237 quia
1311 3167 1571 3223 Dominus
1615 3169 1782 3225 totius

1899 1965 2071 2022 term,
2101 1967 2148 2010 et
2180 1959 2464 2014 declinaret
2484 1963 2751 2034 judicium
2780 1963 2878 2018 uiri
2906 1975 3088 2019 contra
3118 1968 3303 2037 faciem
3332 1969 3496 2024 Altis-

1895 2051 2049 2120 simi,
2079 2050 2147 2104 ad
2175 2054 2623 2109 condemnandum
2669 2057 2949 2124 hominem,
2977 2074 3094 2111 cum
3137 2060 3430 2129 judicatur,
3462 2059 3494 2100 ιι

1896 2144 2149 2198 Dominus
2177 2163 2278 2200 non
2307 2147 2440 2201 dixit
2463 2146 2678 2220 (Thren.
2715 2165 2804 2214 ιιι,
2835 2151 2903 2205 5t
2934 2161 2981 2204 et
3010 2150 3168 2222 seq.).
3204 2151 3266 2206 Et
3309 2151 3447 2209 infra
3478 2172 3493 2209 :

1893 2233 1974 2290 De
1999 2253 2085 2290 ore
2115 2237 2366 2293 Altissimi
2397 2255 2500 2293 non
2530 2241 2738 2294 exibunt
2775 2243 2917 2297 mala
2946 2239 3137 2314 (Ibid.,
3165 2243 3280 2316 38).
3307 2243 3497 2300 llutni-

1893 2326 2017 2382 litas
2043 2343 2174 2398 ergo
2201 2345 2321 2400 qua:
2357 2344 2387 2384 a
2436 2330 2666 2386 Domino
2705 2343 2822 2400 est,
2851 2333 3007 2404 plena
3050 2334 3300 2404 justitim,
3337 2338 3496 2406 plena

1892 2421 2304 2490 esttequitatis;
2337 2423 2592 2492 quianon
2625 2436 2822 2480 exeunt
2855 2425 2996 2480 mala
3020 2426 3089 2482 de
3123 2444 3218 2483 ore
3247 2428 3486 2488 Domini.

1894 2510 2135 2582 Denique
2161 2512 2252 2584 qui
2279 2513 2666 2570 liumiliabatur
2711 2531 2740 2568 a
2788 2515 3041 2580 Domino,
3084 2517 3298 2575 dicebat
3330 2537 3345 2576 :
3375 2519 3494 2575 Hu-

1891 2603 2118 2657 ntiliatus
2139 2620 2274 2670 sum,
2304 2615 2351 2660 et
2374 2606 2574 2660 soluunt
2604 2621 2686 2660 me
2712 2607 2832 2676 fecit
2857 2605 3031 2678 (Psal.
3056 2623 3201 2674 CXIV,
3226 2609 3303 2680 6).

1963 2697 2016 2750 7.
2059 2698 2203 2768 Ergo
2267 2699 2408 2753 sicut
2482 2697 2777 2767 prudenter
2851 2698 3306 2756 considerandum
3371 2714 3487 2770 est,

1888 2790 2105 2860 quando
2137 2790 2411 2846 humilitas
2463 2807 2492 2844 a
2543 2791 2774 2846 Domino
2817 2793 2886 2847 sit
2915 2807 3074 2848 causa
3119 2795 3485 2864 probationis,

1887 2883 2106 2954 quando
2146 2883 2310 2940 etiam
2338 2885 2450 2955 ipsa
2482 2883 2550 2939 ab
2575 2883 2795 2940 homine
2838 2885 3136 2941 inferendae
3163 2887 3487 2945 humilitatis

1886 2975 2196 3046 impressio,
2219 2990 2339 3046 qua:
2368 2985 2549 3031 tamen
2575 2976 2688 3046 ipsa
2730 2976 2870 3032 solet
2900 2977 3156 3046 patientia
3183 2991 3236 3033 et
3266 2994 3485 3050 magna-

1886 3068 2133 3124 nimitate
2152 3068 2370 3124 tolerari
2405 3086 2416 3122 :
2449 3069 2520 3123 ita
2538 3069 2702 3123 etiam
2727 3070 3002 3140 sapienter
3023 3071 3483 3128 considerandum

1885 3161 2012 3230 quid
2053 3159 2160 3226 sit,
2194 3160 2250 3214 in
2282 3169 2544 3216 aeternum
2576 3160 2630 3215 in
2661 3160 2804 3217 caelo
2830 3161 3056 3217 verbum
3105 3163 3320 3218 Domini
3362 3179 3487 3233 per-

190 3261 444 3308 creatura:
467 3264 577 3308 est.
611 3253 952 3322 Maledictus,
990 3257 1200 3328 inquit,
1224 3259 1378 3313 homo
1399 3259 1489 3330 qui
1514 3275 1658 3331 spem
1686 3261 1778 3313 Ita-
1809 3248 1855 3312 C
1887 3269 2108 3310 manere
2133 3271 2148 3309 :
2181 3255 2265 3309 vel
2285 3254 2426 3310 sicut
2446 3255 2611 3324 aliqui
2635 3255 2855 3310 codices
2885 3255 3109 3314 habent.
3135 3258 3188 3310 in
3211 3257 3483 3324 steculum,

190 3342 260 3396 bet
285 3345 338 3398 in
370 3346 586 3402 homine
610 3345 828 3419 (Jcrem.
860 3365 998 3416 xvn,
1031 3349 1087 3421 5)
1134 3369 1146 3404 :
1181 3351 1272 3407 sed
1328 3351 1460 3407 mihi
1508 3352 1657 3408 salus
1685 3368 1784 3422 per

188 3435 460 3494 hominem
493 3439 666 3495 venit.
701 3439 831 3496 Vide
859 3450 1039 3498 tamen
1067 3443 1196 3514 quid
1217 3443 1495 3515 Scriptura
1523 3453 1676 3500 vetus
1697 3445 1780 3501 di-

188 3531 315 3587 xerit
345 3552 359 3588 :
388 3532 462 3588 Et
489 3533 644 3588 homo
673 3544 782 3598 est,
813 3545 858 3591 et
883 3537 998 3607 quis
1025 3551 1290 3609 cognoscet
1309 3555 1427 3593 eum
1450 3537 1640 3609 (lbid.,
1674 3540 1780 3610 9)?

185 3619 270 3678 Ille
297 3624 470 3695 igitur
502 3624 667 3680 homo
697 3641 805 3682 non
859 3627 1090 3683 humana
1136 3629 1297 3696 mihi,
1332 3629 1428 3686 sed
1470 3630 1650 3686 divina
1681 3647 1778 3702 po-

186 3721 368 3772 testate
398 3720 620 3792 1115
647 3720 830 3775 enmia
860 3731 1082 3792 peccata
1114 3722 1375 3786 donavit,
1407 3724 1546 3779 Deus
1571 3723 1624 3779 in
1656 3739 1778 3780 cor-

181 3825 305 3880 pore
343 3813 616 3869 Dominus
667 3813 851 3883 Jesus,
909 3815 1170 3872 mundum
1215 3818 1576 3874 reconcilians
1636 3820 1774 3886 sibi,

183 3918 328 3974 quem
357 3907 672 3965 redimebat
696 3925 727 3964 a
756 3909 936 3980 culpa.

244 3997 298 4050 ι.
328 3997 655 4055 'I‘hesaurus
699 4007 888 4056 noster
935 4002 1206 4070 pretiosus
1244 4001 1556 4058 intellectus
1585 4008 1686 4057 est.
1718 4001 1775 4058 Si

183 4096 420 4148 terrenus
446 4093 767 4150 intellectus
797 4093 960 4148 fuerit
979 4137 994 4162 ,
1035 4094 1078 4149 si
1107 4095 1339 4166 fragilis,
1371 4096 1625 4150 lneretica
1649 4110 1772 4151 eum

181 4181 315 4236 tinea
338 4225 352 4249 ,
377 4195 430 4238 et
468 4184 770 4255 impietatis
796 4199 980 4255 aerugo
1019 4196 1320 4242 consmnet.
1349 4186 1615 4243 Levemns
1643 4201 1774 4257 ergo

177 4281 230 4328 et
253 4277 530 4347 erigamus
555 4291 749 4333 sensus
791 4287 1032 4344 nostros,
1079 4295 1177 4335 nec
1210 4280 1541 4350 impossibile
1563 4280 1773 4350 judice-

177 4386 327 4437 mns,
380 4383 439 4428 ut
470 4371 592 4428 inec
617 4373 841 4429 humani
879 4373 1124 4444 corporis
1164 4373 1453 4430 inﬁrmitas
1481 4374 1547 4428 atl
1587 4373 1774 4444 cogni-

177 4465 373 4523 tionem
433 4471 822 4540 mysteriorum
879 4470 1177 4525 cmlestium
1229 4469 1595 4540 provehatur;
1648 4483 1771 4523 cum

168 4555 273 4625 jam
301 4559 368 4614 ad
402 4575 510 4615 nos
529 4560 796 4615 Dominus
823 4559 983 4616 Jesns
1007 4601 1022 4628 ,
1053 4561 1107 4616 in
1136 4577 1242 4631 quo
1275 4559 1580 4615 absconditi
1613 4568 1772 4616 erant

1883 3348 2009 3419 quia
2035 3347 2258 3404 Grmcus
2295 3353 2367 3410 sic
2406 3350 2494 3404 τὸν
2525 3351 2688 3404 αἰῶνα
2727 3349 2937 3419 posuit,
2970 3348 3114 3419 quod
3143 3349 3358 3406 diverse
3392 3351 3483 3406 in-

1885 3440 2166 3512 terpretati
2195 3450 2322 3496 sunt
2366 3441 2759 3497 translatores:
2792 3441 2883 3496 alii
2912 3444 2966 3495 in
3003 3452 3273 3510 internum,
3307 3443 3396 3498 alii
3429 3445 3491 3521 in.

1881 3537 2144 3592 saeculum.
2172 3535 2238 3590 In
2263 3536 2508 3590 saeculum
2532 3550 2663 3605 ergo
2689 3546 2971 3606 permanet,
2997 3535 3238 3601 Domine,
3272 3539 3478 3593 verbum

1882 3639 2028 3683 tuum
2055 3630 2108 3684 in
2153 3629 2298 3683 caelo.
2351 3629 2416 3684 Et
2465 3628 2738 3697 quomodo
2769 3629 2885 3700 ipse
2931 3628 3117 3684 dixisti
3165 3628 3408 3684 :Cwlum
3433 3646 3483 3686 et

1880 3733 2017 3780 terra
2049 3724 2342 3779 transibunt
2387 3741 2404 3778 :
2456 3723 2609 3778 verba
2646 3734 2816 3779 autem
2846 3741 2960 3780 mea
3007 3741 3111 3780 non
3137 3725 3478 3797 prteteribunt

1880 3814 2098 3886 (Matth.
2125 3831 2274 3882 xxiv,
2317 3814 2453 3884 '55)?
2497 3815 2557 3870 In
2589 3817 2844 3872 sarculum
2878 3825 3162 3886 permanet
3213 3817 3474 3881 verbum,

1879 3922 1986 3962 non
2020 3907 2159 3962 ultra
2188 3907 2444 3963 sarculum
2475 3916 2530 3960 et
2559 3907 2791 3971 saecula;
2824 3907 3018 3962 sarcula
3043 3907 3188 3961 enim
3214 3909 3478 3975 temporis

1877 4008 2026 4056 sunt.
2055 3999 2264 4055 Caelum
2291 4013 2420 4068 ergo
2440 4007 2494 4053 et
2525 4007 2667 4053 terra
2686 4039 2700 4063 ,
2731 3998 2782 4052 id
2806 4006 2927 4064 est,
2951 3997 3105 4052 istius
3133 3997 3314 4052 mundi
3339 4012 3474 4068 ope-

1879 4107 1934 4146 ra
1969 4089 2354 4159 pra'terihunt,
2385 4099 2440 4144 et
2467 4100 2710 4160 tempora
2744 4089 3158 4156 permanebunt.
3187 4088 3338 4144 Alius
3381 4091 3474 4158 qui

1875 4183 2138 4256 spiritalis
2177 4191 2295 4248 est,
2344 4191 2397 4237 ct
2446 4181 2705 4250 diiudicat
2744 4182 2959 4255 1116
3001 4181 3168 4237 verba
3197 4181 3332 4254 legis
3361 4199 3376 4235 :
3405 4182 3473 4237 In

1875 4289 2144 4341 a’ternum,
2197 4277 2389 4346 inquit,
2423 4275 2666 4342 Domine,
2717 4285 2981 4347 permanet
3009 4275 3214 4330 verbum
3246 4287 3388 4330 tuum
3416 4278 3473 4332 in

1875 4372 2020 4428 cwlo.
2045 4370 2344 4427 IEternitas
2356 4371 2500 4426 enim
2523 4385 2604 4424 vei
2620 4370 2672 4425 bi
2694 4371 2964 4425 manentis
2985 4370 3297 4440 opinionem
3320 4369 3472 4424 verbi

1876 4463 2260 4537 praetereuntis
2311 4461 2572 4519 excludit.
2626 4460 2913 4529 Quomodo
2960 4471 3140 4515 autem
3193 4469 3475 4526 permanet

1875 4558 2100 4614 verbum
2134 4557 2186 4610 itt
2213 4554 2382 4620 caelo,
2424 4555 2468 4608 si
2499 4553 2673 4623 ipsum
2698 4553 2895 4608 coelum
2922 4551 3205 4622 praeterit?
3233 4551 3300 4605 Et
3336 4566 3470 4622 quo-

171 4651 410 4708 scientia:
463 4654 856 4724 sapientiaque
905 4654 1186 4721 thesauri,
1233 4653 1411 4708 divina
1464 4669 1558 4709 sua
1606 4653 1770 4710 mise-

1892 4651 2038 4706 nodo
2061 4658 2285 4720 possunt
2314 4656 2458 4702 stare
2483 4645 2716 4700 culmina
2735 4687 2750 4711 ,
2782 4647 2826 4700 si
2855 4645 3054 4701 cedant
3079 4644 3428 4699 fundamenta
3447 4646 3473 4699 Ἰ

167 4744 380 4803 ratione
423 4746 820 4811 descenderit;
866 4755 924 4800 ut
966 4747 1150 4801 clausa
1199 4753 1497 4810 reseraret,
1526 4750 1769 4813 aperiret

172 4835 412 4907 latentia,
440 4840 714 4896 revelaret
737 4839 969 4895 occulta.
1017 4838 1154 4895 Veni
1181 4854 1334 4909 ergo,
1361 4839 1587 4894 Domine
1616 4837 1765 4905 Jcsu,

169 4932 312 5001 aperi
360 4933 524 4988 nobis
551 4945 609 4990 et
653 4933 810 4989 istius
849 4932 1152 5003 prophetici
1201 4931 1470 4987 sermonis
1509 4931 1764 5001 januam;

171 5022 346 5080 multis
367 5026 520 5080 enim
560 5025 746 5080 clausa
773 5031 894 5092 est,
939 5023 1042 5079 etsi
1073 5022 1244 5094 prima
1271 5024 1453 5094 specie
1479 5030 1661 5092 aperta
1686 5022 1769 5077 vi-

167 5109 522 5278 degnzVerS.
547 5204 668 5278 89.)
716 5203 786 5258 In
813 5213 1062 5260 aeternum
1081 5245 1098 5271 ,
1133 5205 1347 5274 inquit,
1380 5203 1624 5274 Domine,
1653 5222 1761 5277 per--

166 5308 332 5356 me!
353 5301 572 5357 uerbum
599 5311 747 5355 tuum
773 5300 830 5354 in
873 5300 1021 5354 coelo.
1056 5297 1224 5356 Vides
1253 5300 1414 5355 etiam
1456 5300 1508 5354 in
1559 5313 1611 5356 te
1638 5315 1764 5370 per-

163 5404 387 5450 manere
435 5393 681 5458 debere,
727 5391 873 5464 quod
921 5392 1170 5448 etiamin
1210 5393 1352 5449 ctelo
1379 5403 1662 5463 permanet
1707 5407 1770 5447 ac

233 5566 460 5648 180m.
663 5569 777 5648 sola
801 5609 817 5635 ,
848 5567 1257 5648 cor_un_um,-tvel
1302 5583 1392 5648 cor
1439 5566 1604 5648 aliud,
1637 5566 1775 5635 quod

169 5638 360 5706 suum,
387 5649 513 5695 etc.
541 5638 810 5694 Nimirum
834 5649 894 5693 ut
925 5637 1198 5693 Ambrosii
1229 5639 1402 5691 verba
1429 5637 1600 5705 magis
1621 5650 1776 5690 acce-

166 5710 358 5790 derent
370 5711 452 5790 ad
483 5710 614 5790 illud
643 5711 841 5790 Ezeeh.
871 5724 994 5790 siti,
1021 5709 1126 5772 19.:
1159 5712 1254 5764 ttat
1273 5708 1424 5765 δώσω
1449 5710 1629 5790 atoma.-
1655 5727 1779 5783 καρ-

166 5775 517 5905 βῂίξιτέραν.
564 5781 672 5838 Sed
712 5795 850 5836 eone
896 5783 980 5835 vir
1023 5791 1246 5836 sanctus
1291 5780 1627 5850 respexerit,
1669 5775 1775 5832 non

190 5861 240 5905 ta
311 5862 473 5905 auct.

190 5861 240 5908 la
271 5851 473 5924 liquet.

1879 4752 1982 4803 Ant
2007 4745 2282 4816 quomodo
2312 4751 2487 4812 potest
2517 4754 2839 4810 permanere
2869 4738 3139 4793 habitator
3174 4738 3230 4793 in
3263 4737 3473 4793 habita-

1879 4840 2026 4893 tione
2054 4851 2189 4903 sna,
2234 4833 2337 4889 nisi
2381 4841 2438 4887 et
2485 4830 2749 4886 habitatio
2796 4830 3150 4901 perseveret?
3179 4828 3284 4885 Sed
3328 4831 3466 4888 forte

1878 4930 2008 4987 illud
2039 4934 2292 4984 occurrat
2316 4966 2330 4986 ,
2375 4925 2498 4996 quia
2525 4923 2786 4992 scriptum
2831 4931 2955 4977 est:
2986 4918 3106 4974 Erit
3145 4921 3327 4975 caelum
3373 4937 3469 4975 uo-

1875 5038 1992 5078 vum
2015 5019 2187 5096 (Esai.
2219 5033 2346 5084 va,
2379 5015 2492 5087 I7).
2517 5015 2718 5069 Verum
2745 5029 2843 5069 nec
2870 5013 2952 5068 sic
2981 5011 3317 5077 absolubile;
3343 5013 3472 5082 quia

1873 5129 1977 5178 nec
2029 5116 2084 5169 in
2115 5112 2220 5167 hoc
2249 5117 2432 5183 potest
2485 5120 2806 5179 permanere
2857 5104 3001 5176 quod
3043 5102 3319 5174 praeterit,
3373 5117 3473 5158 nec

1867 5206 2000 5263 illud
2058 5212 2236 5274 potest
2283 5201 2390 5256 dici
2443 5197 2733 5265 mansisse,
2786 5197 2928 5269 quod
2993 5194 3240 5266 coeperit.
3298 5193 3467 5250 Tinea

1874 5295 2209 5353 intellectum
2279 5302 2430 5348 tuum
2473 5291 2716 5359 scindet,
2767 5291 2811 5345 si
2860 5299 3016 5361 putes
3070 5289 3294 5344 verbum
3335 5288 3477 5344 sicut

1874 5389 2112 5453 coelum,
2142 5386 2228 5443 vel
2264 5386 2532 5456 incipere,
2564 5384 2649 5441 vel
2678 5383 2977 5454 praeterire.

1952 5561 1980 5601 ι’
2015 5561 2271 5616 Dominus
2299 5577 2400 5615 non
2447 5562 2610 5627 dixit,
2664 5560 2806 5631 quod
2847 5560 3048 5617 habent
3079 5562 3212 5618 edit.
3245 5579 3436 5620 omnes
3460 5607 3478 5632 ,
3505 5555 3514 5565 ’

1881 5635 1934 5690 in
1962 5647 2093 5688 mss.
2131 5634 2411 5687 nonnullis
2443 5635 2908 5700 praetermittitur;
2957 5635 3010 5689 in
3061 5635 3252 5702 majori
3295 5643 3479 5690 autem

1883 5721 2129 5778 numero
2163 5705 2230 5758 ita
2284 5705 2500 5778 legitur,
2548 5720 2671 5778 cum
2702 5703 2973 5771 judicatur
3018 5705 3292 5761 Dominus.
3340 5706 3481 5778 Nam

1885 5776 2017 5831 dixit
2040 5785 2092 5848 et
2114 5776 2275 5843 infra,
2301 5787 2405 5848 etc.
2433 5774 2633 5848 Verum
2661 5775 3180 5848 integritassensus
3216 5792 3280 5832 ac
3321 5774 3478 5832 testié

1888 5842 2052 5903 μιαιιῆ
2081 5842 2386 5912 prophetici
2415 5860 2535 5901 cum
2566 5847 2707 5905 aliis.
2735 5842 2895 5912 atoue
2924 5847 3051 5901 edit.
3085 5848 3229 5901 facit.
