3948 6360
398 306 422 359 1
434 301 538 360 365

1743 295 1987 352 SANCTI
2027 293 2347 351 AMBRUSli

3561 285 3708 343 1564

467 426 523 480 8.
567 423 726 482 Unde
749 425 798 481 si
827 425 1081 480 virtutem
1123 423 1424 493 prOphetici
1446 433 1639 478 sensus
1666 432 1995 493 cognoscere
2022 425 2078 483 Α
2105 421 2276 489 possit
2303 421 2354 474 in
2379 420 2570 484 nobis,-
2626 418 2714 474 ubi
2769 427 2948 473 tantos
2974 417 3198 488 laqueos
3228 417 3476 472 diabolus
3505 423 3712 487 asper-

396 521 674 585 volumus,
733 521 964 589 primum
1007 519 1058 572 in
1093 516 1180 573 bis
1223 533 1342 587 quae
1372 516 1602 573 visibilia
1633 524 1691 572 et
1720 516 1997 572 sensibilis

396 623 525 669 sunt
566 623 592 650 ιι
625 611 870 669 .ethicum
901 611 1341 678 consideremus;
1393 621 1449 667 ttt
1494 627 1561 666 ex
1593 621 1659 667 eo
1701 625 1823 680 qua:
1872 619 1997 664 sunt

399 706 766 775 i‘ntelligibilia
817 703 1246 760 manifesteinus.
1281 705 1337 762 Si
1379 705 1602 760 verbum
1634 703 1728 759 Dei
1772 703 1824 757 in
1857 703 1999 759 creto

396 806 718 869 permanet,
755 796 1036 853 imitemur
1062 798 1260 853 caelum
1292 797 1382 852 ubi
1413 805 1697 868 permanet
1741 797 1997 862 verbum,

393 899 682 959 permanet
729 890 864 943 ordo
913 890 1176 944 solemnis
1203 889 1508 944 caelestium
1540 897 1876 944 statutorum
1899 927 1914 951 ,
1947 895 2004 943 et

396 983 788 1039 beneficiorum
839 982 1054 1037 Domini
1083 983 1294 1038 crebrae
1323 984 1473 1037 vices
1504 981 1838 1037 solemnibus
1887 997 2004 1036 mu-

396 1075 619 1130 neribus
651 1077 1041 1145 ,perSeverant.
1085 1075 1358 1144 Supernis
1409 1081 1604 1144 nempe
1649 1075 1734 1129 vel
1777 1074 2000 1146 pluviis,

396 1169 484 1223 vel
511 1167 716 1234 calore,
748 1168 835 1223 vel
888 1168 999 1223 fotu
1031 1169 1174 1224 aeris
1204 1168 1370 1239 hujus
1396 1168 1704 1222 infunditur
1731 1169 1894 1223 terris
1925 1167 2004 1224 at-

397 1278 504 1333 que
534 1262 694 1316 alitur
717 1261 866 1332 larga
896 1255 1221 1318 fecunditas.
1271 1260 1423 1317 Caelo
1462 1277 1638 1317 annus
1671 1261 1867 1316 labitur
1909 1276 2006 1331 per

398 1355 551 1420 dies,
587 1368 651 1408 ac
683 1367 932 1420 menses,
964 1363 1018 1409 et
1049 1362 1291 1424 tempora
1321 1354 1566 1409 autumni
1590 1362 1752 1424 atque
1785 1353 2003 1420 hiemis,

400 1447 543 1503 veris
565 1461 782 1518 quoque
805 1455 860 1503 et
884 1461 1034 1518 pura:
1061 1449 1307 1518 digestus
1333 1449 1560 1504 aestatis.
1607 1448 1682 1504 De
1708 1448 1849 1504 coelo
1881 1450 2004 1503 vitae

401 1549 504 1595 tua:
555 1539 842 1610 imaginem
891 1556 1046 1610 cape.
1099 1542 1270 1596 Etiam
1321 1541 1539 1612 quando
1576 1557 1682 1596 non
1730 1541 2005 1611 germinas

399 1633 663 1701 fructum,
689 1649 811 1690 sere
835 1641 1019 1691 tamen
1046 1649 1232 1691 semen
1261 1636 1327 1692 ad
1355 1635 1607 1691 fructum.
1637 1637 1777 1692 Sunt
1798 1635 2006 1692 semina

400 1747 521 1800 quae
552 1731 620 1785 de
659 1731 799 1785 casio
845 1732 1006 1797 sttnt,
1040 1739 1095 1786 et
1141 1742 1397 1788 seruntur
1426 1732 1479 1785 in
1511 1731 1690 1787 terris.
1723 1723 1822 1784 Est
1842 1731 2004 1785 etiam

2104 513 2210 579 sit,
2251 513 2341 582 qui
2369 513 2496 567 dum
2522 519 2670 567 esset
2700 511 2754 566 in
2786 511 2926 566 coelo
2953 552 2968 576 ,
3009 511 3202 566 necibi
3244 509 3483 565 Verbum
3545 518 3713 580 pote-

2103 613 2188 660 rat
2226 619 2565 674 permanere.
2609 604 2855 673 Deniqite
2899 603 3021 675 quia
3070 612 3125 658 et
3152 602 3268 673 ipse
3304 602 3538 658 Verbum
3593 609 3707 658 non

2102 699 2312 765 tenuit,
2348 698 2547 753 cecidit
2583 713 2613 753 e
2639 697 2800 754 cutio.-

2177 792 2264 847 11.
2305 792 2362 846 In
2397 793 2536 847 cmlo
2578 807 2708 862 ergo
2739 790 2979 846 Verbum
3010 797 3311 860 permanet,
3355 798 3409 845 et
3440 788 3584 859 quod
3609 803 3711 845 sc-

2103 886 2340 941 cundum
2369 887 2534 942 Verbi
2565 885 2982 957 dispositionem
3017 883 3226 956 regitur
3254 894 3310 939 et
3341 884 3710 955 gubernatur.

2103 982 2208 1038 Sed
2242 983 2366 1052 quia
2410 991 2467 1038 et
2513 982 2689 1050 ipsum
2713 981 2912 1035 omium
2947 979 3188 1049 praeterit
3213 1021 3226 1043 ,
3273 977 3394 1033 ideo
3433 983 3539 1033 non
3569 977 3715 1032 dixit

2105 1075 2158 1129 in
2208 1075 2407 1130 saecula
2441 1088 2780 1144 permanere,
2841 1071 2939 1126 sed
2967 1070 3019 1124 in
3051 1070 3298 1125 sa‘ct’tlum
3328 1086 3346 1124 :
3376 1083 3710 1141 quamquam

2109 1180 2430 1244 praetereat,
2463 1181 2522 1227 ut
2553 1171 2646 1225 ﬁat
2673 1186 2868 1226 novum
2899 1169 3120 1233 coelum,
3147 1177 3202 1223 et
3232 1183 3368 1222 nova
3403 1176 3568 1232 terra,
3602 1180 3711 1220 no-

2104 1283 2232 1321 vum
2268 1271 2682 1338 testamentum;
2733 1275 2791 1318 ut
2837 1262 2978 1318 facie
3013 1261 3079 1317 ad
3120 1257 3312 1315 faciem
3341 1259 3569 1330 gloriam
3597 1257 3713 1313 Do-

2109 1357 2240 1412 mini
2267 1356 2452 1411 videre
2480 1355 2773 1425 possimus.

2179 1448 2265 1504 12.
2309 1447 2702 1503 Verumtamen
2733 1447 2858 1516 quia
2907 1454 2960 1500 et
2988 1445 3040 1499 in
3072 1443 3214 1501 creto
3246 1441 3343 1498 fuit
3374 1442 3520 1497 vitiis
3552 1440 3715 1496 locus

2109 1540 2271 1612 (na‘in
2305 1540 2491 1610 utique
2521 1555 2627 1594 non
2650 1538 2938 1594 cecidisset
2971 1537 3098 1592 inde
3126 1537 3494 1600 adversarius,
3525 1535 3628 1590 nisi
3653 1535 3710 1590 in

2107 1633 2429 1689 criminibus
2473 1633 2846 1703 deprehensus
2871 1675 2884 1697 ,
2937 1647 3060 1686 nam
3091 1639 3146 1684 et
3187 1615 3383 1684 stultus
3412 1628 3553 1683 sicut
3581 1627 3713 1682 luna

2108 1733 2368 1791 mutatur,
2402 1734 2458 1781 et
2479 1727 2676 1782 coelum
2703 1726 2876 1795 ipsum
2903 1724 3139 1779 tenebris
3160 1722 3472 1791 obducitur)
3493 1721 3714 1776 videtur

406 1830 643 1892 superna
675 1822 981 1887 vindemia;
1016 1822 1158 1877 unde
1198 1823 1274 1877 ait
1320 1823 1589 1892 PrOpheta
1626 1840 1638 1877 :
1671 1823 1840 1877 Serite
1869 1823 2006 1877 vobis
2037 1825 2082 1888 Β
2112 1821 2298 1890 utique
2347 1836 2455 1872 non
2495 1819 2564 1873 de
2593 1818 2867 1874 elemento
2898 1817 3136 1883 dictum,
3181 1814 3276 1870 Sed
3305 1815 3375 1870 de
3399 1813 3712 1870 Virtutibus

297 1929 304 1935 '
403 1914 474 1968 ad
511 1915 799 1985 justitiam,
847 1913 1156 1971 vindemiate‘
1205 1916 1274 1970 ad
1304 1916 1531 1988 fructum
1576 1916 1722 1988 (Ose.
1775 1933 1841 1982 x,
1891 1915 2002 1987 12).

407 1995 476 2060 Et
505 2008 722 2076 quahdu
752 2023 858 2061 non
883 2006 1080 2063 ﬂorent
1101 2021 1265 2076 opera
1291 2017 1378 2062 tua
1398 2051 1412 2074 ,
1441 2007 1561 2062 l'ovc
1587 2003 1763 2062 tamen
1798 2007 2006 2062 semina

408 2110 497 2152 tua
519 2140 534 2166 ,
579 2113 645 2154 ne
670 2083 1003 2153 lascivientia
1034 2088 1326 2154 luxurient.
1352 2097 1506 2167 Quod
1535 2099 1766 2152 luxuriat
1797 2099 1851 2151 in
1875 2095 2008 2152 ﬂore

407 2189 711 2255 sermonis,
747 2199 1005 2245 tenuatur
1050 2199 1106 2245 et
1135 2190 1419 2246 hebetatur
1446 2192 1499 2245 in
1540 2189 1738 2245 fructu.
1774 2189 2010 2245 Fructus

406 2282 557 2352 ipsos
581 2299 754 2352 usque
783 2284 850 2339 ad
876 2285 1252 2339 maturitatem
1275 2283 1538 2354 decoq0e.

480 2375 535 2431 9.
578 2375 884 2430 imitatores
939 2375 1103 2432 etiam
1153 2377 1323 2448 ipsius
1378 2376 1620 2431 caelestis
1673 2377 1844 2432 simus
1900 2376 2013 2432 eie-

411 2469 582 2536 menti
613 2485 629 2526 :
663 2469 770 2524 non
799 2469 1014 2541 semper
1041 2471 1158 2526 sole
1188 2471 1360 2526 fervet
1402 2470 1612 2526 ardenti
1641 2515 1653 2535 ,
1695 2471 2012 2542 frequenter

412 2560 648 2614 nubibus
699 2557 922 2625 texitur,
958 2561 1156 2632 pluviis
1201 2557 1617 2618 vehementibus
1645 2563 2008 2632 inhorrescit,

401 2653 564 2721 jactis
596 2651 816 2707 nivibus
841 2650 971 2726 tegit
1003 2650 1226 2711 terram.
1252 2653 1368 2710 Non
1391 2671 1523 2727 ergo
1545 2658 1616 2712 sit
1637 2659 1690 2713 in
1715 2667 1766 2714 te
1796 2673 2014 2729 quoque

411 2745 667 2800 diutttrria
699 2746 943 2814 lascivia,
996 2748 1292 2804 succedant
1339 2759 1533 2806 mcesta
1579 2751 1830 2805 senilinm
1857 2763 2016 2807 eura-

407 2837 530 2890 rum
565 2845 806 2906 tempora
831 2880 843 2902 ,
878 2845 930 2894 e‘t
963 2845 1240 2909 tamquam
1277 2843 1468 2896 incana
1498 2844 1782 2898 maturitas
1823 2857 2011 2915 agrum

401 2929 556 2983 nunc
583 2928 657 2982 tui
680 2931 929 2998 corporis
958 2933 1238 3000 reprimat.
1266 2933 1463 2988 Utiiior
1489 2949 1633 3000 StDpe
1664 2937 1878 2991 tristitia
1907 2945 2012 3002 est,

411 3023 532 3090 qua:
585 3021 840 3076 co’ntitem
894 3021 1032 3078 solet
1083 3023 1284 3080 habere
1333 3025 1678 3093 gravitatem.
1743 3027 2014 3097 Numquid

413 3114 519 3168 ulla
558 3114 610 3168 in
659 3114 778 3184 ipsd
809 3123 891 3170 est
919 3117 1036 3170 sole
1084 3115 1492 3185 praevaricatio?
1520 3117 1710 3172 Nonne
1742 3119 2014 3188 quotidia-

2110 1913 2590 1983 Potestatibusque
2619 1911 2960 1967 cmlestibus.
3016 1910 3155 1967 Sunt
3185 1909 3329 1964 enim
3354 1917 3560 1962 sanctae
3588 1907 3717 1962 Vir-

2114 2013 2252 2060 tutes
2286 2007 2339 2059 in
2364 2005 2524 2067 ccelo,
2575 2005 2628 2058 in
2654 2005 2851 2075 quibus
2875 2002 3008 2058 nihil
3041 2002 3311 2057 lubricum
3351 2007 3516 2071 atque
3539 2009 3717 2056 terre-

2111 2115 2237 2153 num
2269 2099 2357 2152 sit.
2389 2099 2529 2154 Sunt
2559 2098 2722 2154 etiam
2753 2099 2807 2151 in
2834 2098 2996 2152 terris
3018 2097 3161 2159 coeli,
3196 2096 3286 2166 qui
3313 2101 3570 2150 enarrant
3595 2094 3717 2163 glo-

2112 2191 2248 2245 riam
2282 2188 2396 2244 Dei.
2423 2190 2525 2257 Qui
2565 2199 2694 2244 sunt
2737 2189 2825 2245 ἱειί
2861 2188 3019 2244 creti?
3047 2187 3188 2244 Audi
3216 2187 3491 2242 dicentem
3521 2202 3538 2241 ι
3565 2184 3719 2240 Sicut

2114 2285 2432 2352 portavimus
2450 2283 2726 2352 imaginem
2751 2283 2894 2337 illius
2920 2282 3137 2346 terreni,
3165 2290 3424 2351 portemus
3452 2286 3500 2332 et
3525 2279 3717 2351 imagi-

2114 2382 2230 2429 nent
2274 2375 2430 2446 hujus
2472 2375 2692 2428 cazlestis
2725 2376 2767 2447 ti
2793 2374 2912 2429 Cor.
2959 2389 3052 2440 xv,
3086 2371 3200 2439 49).
3235 2372 3324 2428 lsti
3383 2372 3549 2442 igitur
3589 2382 3721 2426 sunt

2114 2469 2259 2534 caeli,
2290 2469 2382 2537 qui
2419 2468 2582 2524 etiam
2615 2469 2666 2522 in
2697 2469 2858 2522 terris
2894 2467 3052 2535 positi
3083 2468 3285 2521 audent
3313 2465 3500 2520 dicere
3531 2483 3543 2518 :
3579 2463 3722 2518 Nos-

2115 2573 2194 2615 tra
2222 2570 2394 2614 autem
2425 2561 2744 2614 conversatio
2769 2561 2822 2613 in
2850 2560 2991 2613 caelis
3018 2565 3089 2613 est
3115 2557 3338 2628 (Philip.
3369 2565 3447 2622 nt,
3475 2553 3589 2626 ΩΟ).
3621 2555 3722 2611 Isti

2116 2651 2240 2708 sunt
2270 2653 2414 2719 cceii,
2437 2655 2490 2707 in
2519 2653 2714 2720 quibus
2743 2652 2896 2719 ﬁdes,
2920 2653 3176 2722 gravitas,
3200 2649 3558 2715 continentia,
3587 2649 3725 2703 doc~

2119 2750 2280 2815 trina,
2299 2750 2404 2803 vita
2424 2747 2664 2804 cmiestis
2683 2755 2785 2802 est.
2805 2746 2935 2800 Nam
2954 2743 3413 2815 quemadmodum
3437 2750 3579 2797 terra
3599 2741 3724 2795 die-

2119 2851 2202 2895 tus
2225 2851 2327 2902 est,
2353 2843 2441 2910 qui
2465 2842 2645 2909 lapsus
2669 2856 2734 2894 ex
2752 2839 2840 2893 illa
2862 2837 3309 2916 praevaricatione
3335 2834 3576 2891 etelestis
3597 2851 3728 2904 gra-

2121 2935 2226 3000 tiae,
2253 2945 2301 2988 et
2337 2923 2387 2988 in
2414 2935 2528 2988 haec
2560 2942 2776 2988 terrena
2805 2933 2933 2986 vitia
2960 2930 3225 3000 deiectus,
3251 2929 3727 2998 [mevaricationis

2119 3043 2230 3083 suae
2259 3045 2317 3083 se
2338 3029 2566 3084 vinculis
2590 3028 2776 3098 ligavit
2800 3043 2812 3079 :
2838 3027 2910 3081 ita
2935 3043 2963 3081 e
2985 3025 3262 3080 contrario
3282 3020 3473 3079 caelum
3494 3022 3725 3090 dicitur,

2119 3125 2208 3194 qni
2251 3124 2414 3176 vitam
2458 3123 2773 3192 angelorum
2805 3120 3049 3175 custodia
3093 3119 3420 3190 integritatis
3463 3123 3727 3185 exercet,

414 3211 515 3259 n‘o‘s
538 3219 728 3261 cursus
775 3221 904 3263 suos
935 3209 1159 3264 servm?
1190 3208 1509 3279 l‘lutilq'uidh
1551 3212 1838 3267 continuos
1867 3215 2012 3268 novit
2039 3215 2084 3276 C
2117 3225 2171 3271 et
2218 3231 2416 3285 corpus
2470 3230 2625 3270 suum
2670 3215 2972 3270 continenti
3019 3213 3316 3268 sobrietate
3369 3211 3725 3276 moderatur,

409 3299 537 3352 luna
564 3299 831 3367 delectus,
858 3311 912 3356 et
934 3303 1214 3356 cointnissi
1245 3305 1439 3356 multus
1469 3303 1672 3358 deserit
1702 3305 2015 3360 ministerii?

413 3390 610 3445 Iisdem
654 3392 855 3462 nempe
881 3393 1091 3448 vicibus
1129 3395 1307 3448 annus
1338 3393 1510 3459 redit,
1545 3391 1736 3450 eodem
1761 3404 1902 3450 statu
1933 3412 2019 3450 re-

415 3487 677 3551 paranttn'
725 3483 1000 3553 tempera,
1053 3485 1243 3540 iisdem
1301 3484 1578 3556 obsequiis
1630 3487 2013 3543 reformantur.

421 3575 514 3630 Sdl
566 3575 712 3631 diem
764 3575 1070 3645 illuminat,
1124 3587 1366 3649 tempora
1431 3577 1630 3636 statuta
1682 3582 2012 3639 custodiens.

420 3668 615 3737 Fulget
653 3668 1036 3739 splendenti-us
1083 3670 1206 3724 luna
1251 3672 1551 3740 nocturnis,
1576 3679 1631 3728 et
1673 3673 1763 3728 lux
1795 3675 1913 3744 ejus
1962 3675 2016 3729 in

419 3761 661 3816 tenebris
709 3761 894 3817 ritlca't.
923 3761 1217 3818 Stellarum
1252 3764 1537 3819 nitentium
1568 3766 1758 3821 rutilat
1785 3765 1976 3836 globus
2001 3808 2015 3833 ,

420 3854 765 3923 soletnttiqtt'e
796 3854 1034 3910 'statione
1071 3865 1126 3911 et
1158 3858 1516 3912 conversione
1560 3865 1622 3912 ac
1650 3858 2019 3914 demutatione

418 3946 734 4017 funguntur.
785 3946 899 4003 Lex
945 3963 1052 4004 una
1083 3939 1335 4018 diversis,
1382 3952 1802 4007 canstitutorutn
1850 3952 2019 4008 semel

415 4043 565 4099 vices
614 4045 870 4098 cursuum
919 4046 1224 4114 custodire,
1276 4051 1374 4102 nec
1420 4049 1557 4104 lines
1604 4050 1836 4105 transire
1877 4064 2019 4120 prae-

419 4134 670 4203 scriptos.
705 4131 884 4190 Manet
909 4136 1023 4205 ipsa
1054 4125 1407 4193 immutabilis
1437 4139 1739 4196 demutatio
1760 4182 1773 4205 ,
1812 4152 1866 4196 et
1890 4147 2021 4195 coit-

420 4224 605 4279 versio
644 4231 859 4280 vertere
889 4226 1136 4282 ordinem
1176 4243 1334 4283 suum
1381 4231 1573 4284 nescit.
1626 4232 1745 4286 Una
1775 4236 2018 4288 omnium

417 4307 765 4382 obedientia,
810 4314 1059 4373 discretis
1116 4318 1437 4374 muneribus
1482 4320 1832 4378 indiscretam
1885 4339 2022 4394 prte-

417 4407 638 4476 sertpta:
663 4409 1069 4478 constitutionis
1101 4415 1290 4468 tenere
1328 4412 1697 4469 concordiam.

421 4489 709 4571 H1117
753 4497 839 4556 10.
882 4501 938 4556 in
973 4503 1111 4560 eicio
1137 4509 1267 4574 ergo
1299 4513 1584 4573 permanet
1624 4505 1864 4563 Verbum
1889 4510 2017 4580 quia

2121 3321 2360 3368 mentem
2387 3327 2603 3383 quoque
2646 3327 2800 3366 suam
2836 3311 2951 3365 miti
2985 3307 3375 3380 tranquillitate
3415 3304 3727 3376 comparuit,

2122 3405 2407 3475 pecuniam
2454 3405 2780 3475 pauperibus
2833 3401 3171 3457 misericordi
3224 3400 3557 3455 liberalitate
3607 3398 3730 3453 dis-

2122 3497 2332 3566 pensat.
2367 3495 2460 3551 Est
2483 3512 2612 3565 ergo
2640 3505 2692 3550 et
2727 3495 2780 3550 in
2818 3497 2977 3550 terris
3002 3496 3235 3560 caelum,
3271 3496 3322 3547 in
3348 3505 3457 3564 quo
3489 3502 3732 3562 possunt

2120 3590 2352 3644 virtutes
2392 3602 2513 3643 esse
2559 3587 2837 3643 caelestes.
2885 3585 3082 3642 Cretum
3119 3585 3246 3638 mihi
3283 3585 3502 3638 thronus
3547 3574 3728 3655 (Esni.

2124 3699 2268 3749 vat,
2307 3681 2383 3753 1),
2418 3697 2518 3750 ego
2556 3681 2724 3751 magis
2746 3681 2878 3750 justi
2906 3679 3159 3735 allectum
3192 3685 3354 3749 quam
3387 3677 3730 3733 elementum

2123 3775 2388 3844 intelligo.
2415 3773 2568 3828 illunt
2601 3782 2729 3843 puto
2752 3773 2950 3829 omium
2973 3815 2987 3839 ,
3033 3773 3098 3827 ad
3124 3772 3279 3841 cujus
3302 3771 3541 3824 animant
3574 3771 3734 3825 venit

2123 3867 2395 3932 Christus,
2420 3875 2474 3922 et
2500 3867 2678 3936 pulsat
2703 3867 2957 3936 januam,
2983 3869 3037 3920 et
3065 3866 3109 3920 si
3139 3863 3447 3934 aperuerit,
3483 3863 3732 3932 ingredi-

2125 3967 2229 4015 tur.
2274 3959 2384 4015 Nec
2415 3960 2566 4016 solus
2599 3959 2929 4030 ingreditur;
2979 3957 3075 4014 sed
3102 3959 3266 4013 etiam
3293 3965 3414 4011 cttm
3439 3955 3628 4018 Patre,
3657 3956 3736 4010 si-

2123 4063 2212 4108 cut
2240 4055 2354 4124 ipse
2380 4054 2493 4109 ait:
2522 4052 2634 4124 Ego
2683 4062 2729 4107 et
2785 4052 2941 4107 Pater
2979 4052 3261 4118 veniemus,
3317 4061 3364 4103 et
3402 4050 3735 4103 mansionem

2123 4147 2267 4217 apud
2293 4163 2408 4200 eum
2434 4147 2685 4217 faciemus
2713 4143 2898 4214 (Joan.
2931 4161 3044 4213 xtv,
3075 4143 3194 4215 25).

2197 4241 2284 4294 15.
2331 4239 2492 4294 Vides
2543 4239 2703 4310 igitur
2751 4239 2894 4310 quod
2924 4238 3161 4295 Verbum
3211 4237 3348 4293 Deus
3395 4246 3450 4291 et
3479 4237 3733 4291 otiosum

2125 4338 2401 4401 provocat,
2436 4341 2490 4386 et
2520 4329 2881 4386 dormientem
2903 4332 3123 4386 excitat.
3157 4329 3257 4396 Qui
3280 4328 3423 4384 enim
3450 4329 3625 4397 venit,
3675 4337 3735 4384 et

2123 4424 2342 4494 ianuam
2367 4423 2564 4492 pulsat,
2595 4423 2709 4478 vult
2733 4439 2949 4494 semper
2980 4425 3205 4478 intrare.
3234 4421 3343 4478 Sed
3372 4421 3426 4476 in
3457 4421 3616 4477 nobis
3643 4430 3737 4478 cst

2126 4515 2273 4586 quod
2303 4529 2409 4571 non
2462 4529 2681 4586 semper
2719 4516 3053 4586 ingreditur,
3106 4531 3211 4569 non
3253 4528 3473 4582 semper
3511 4521 3730 4568 manet.

419 4599 640 4647 satanas
663 4579 732 4648 de
753 4589 892 4649 occid
919 4595 1115 4651 cecidit
1146 4615 1158 4652 ε
1189 4612 1294 4652 ηοη
1319 4597 1549 4655 habebat
1581 4601 1633 4654 in
1656 4600 1796 4656 caelo
1816 4579 2016 4672 locum,
2045 4608 2100 4669 D
2128 4579 2314 4663 i’ateat
2344 4579 2831 4678 advenientijanua
2859 4616 2969 4674 tua,
2998 4579 3145 4677 aperi
3170 4579 3409 4660 animam
3428 4613 3602 4668 tuam,
3633 4619 3727 4659 ex-

418 4691 712 4753 propterea
743 4685 964 4742 deeidil.
1014 4688 1134 4756 Quo
1164 4689 1368 4745 cecidit
1405 4691 1508 4745 nisi
1545 4692 1598 4746 in
1634 4695 1841 4748 terras?
1894 4694 2022 4750 ideo

425 4775 514 4833 hic
539 4765 826 4846 attinens,
852 4780 1143 4839 homicidia
1164 4826 1177 4849 ,
1210 4783 1506 4842 ebrietates
1533 4787 1814 4844 abundare
1840 4804 2022 4859 coepe-

423 4883 573 4929 runt.
597 4869 732 4928 inde
754 4867 1011 4930 exclusus
1036 4876 1215 4932 acrior
1235 4876 1302 4932 ad
1337 4881 1436 4933 nos
1463 4877 1614 4934 Venit
1636 4921 1649 4946 ,
1680 4887 1735 4936 et
1764 4882 2022 4938 tentatio—

422 4977 524 5017 nes
567 4962 732 5019 solito
778 4963 1088 5036 asperiores
1147 4978 1417 5040 tamquam
1474 4970 1645 5025 iratus
1689 4983 1926 5029 exercet.
1957 4972 2014 5032 in

423 5057 566 5136 coelo
597 5049 761 5129 igitur
785 5061 1073 5129 permanet
1128 5061 1401 5129 Verbum;
1452 5065 1576 5134 quia
1618 5064 1746 5120 inde
1771 5066 2017 5136 dejectus

421 5159 507 5208 est
537 5135 788 5206 diabolus
819 5157 831 5204 ξ
865 5151 920 5206 in
951 5155 1112 5220 {terra
1142 5161 1248 5210 non
1296 5161 1613 5226 permanet;
1645 5161 1771 5229 quia
1798 5135 1904 5217 huc
1937 5171 2018 5217 to;

424 5244 512 5298 tti's
541 5240 778 5298 adteltit.
822 5245 887 5298 Et
924 5243 1048 5301 vide
1072 5251 1249 5301 'utrum
1295 5246 1730 5320 hicjpermanere
1772 5249 2012 5309 Verbum

491 5449 520 5480 ι
547 5439 690 5494 Edit.
711 5448 849 5508 vet.,
879 5439 947 5494 Et
973 5441 1055 5510 hic
1080 5457 1196 5495 eum
1211 5443 1375 5496 locum
1399 5443 1799 5499 consideremus.
1825 5443 2010 5510 Rom.,

425 5525 542 5564 eum
587 5499 984 5565 consideremus.
1013 5499 1142 5567 Mss.
1186 5513 1428 5568 nonnulli
1456 5554 1470 5578 ,
1523 5523 1570 5567 et
1601 5515 1682 5568 Iti‘c
1729 5533 1844 5569 cum
1886 5499 2013 5569 loco

426 5581 827 5653 consideremus.
879 5583 980 5636 Alii
1014 5599 1143 5638 vero
1189 5583 1505 5653 frequentes
1543 5595 1598 5639 ut
1639 5586 1690 5639 in
1733 5595 2008 5641 contextu.

426 5649 495 5703 Et
524 5663 644 5724 eam
689 5652 974 5724 lectionem
1018 5649 1329 5724 germanam
1370 5670 1490 5710 esse
1526 5657 1658 5710 illud
1687 5657 1969 5712 conﬁrmat
1993 5698 2008 5723 ,

428 5721 570 5785 qutld
598 5722 872 5788 extetnpio
901 5723 964 5775 ad
995 5721 1211 5778 sensum
1236 5728 1495 5780 moralem
1536 5743 1717 5781 sermo
1743 5721 2011 5782 converti-

429 5799 536 5848 tur.
568 5806 596 5846 a
620 5807 728 5864 quo
758 5791 952 5849 deinde
982 5796 1235 5853 transitus
1264 5796 1320 5854 lit
1342 5797 1407 5857 ad
1437 5796 1826 5870 intclligibilem
1853 5839 1867 5870 ,
1913 5814 2009 5859 seu

2126 4699 2303 4770 pande
2331 4701 2599 4771 gremium
2632 4700 2830 4755 mentis
2855 4709 2992 4765 tum;
3047 4709 3102 4754 ut
3134 4697 3312 4754 videat
3336 4697 3565 4752 divitias
3597 4698 3735 4751 sim-

2125 4793 2399 4863 plicitatis,
2431 4793 2715 4849 thesauros
2741 4793 2907 4862 pacis,
2951 4790 3272 4846 suavitatem
3303 4789 3514 4859 gratiae.
3543 4788 3734 4844 Dilata

2122 4901 2219 4942 cor
2239 4889 2412 4953 tuum,
2436 4893 2663 4941 occtirre
2688 4886 2791 4940 soli
2825 4885 2960 4939 lucis
2993 4893 3210 4940 mternaa
3235 4926 3248 4949 ,
3300 4898 3420 4953 quas
3449 4882 3739 4936 illuminat

2123 4993 2338 5033 omnem
2361 4978 2656 5033 hominem.
2689 4977 2754 5030 Et
2777 4975 2908 5030 illttd
2945 4976 3162 5047 quidem
3187 4989 3374 5030 verum
3398 4975 3586 5029 lumen
3608 4989 3738 5028 om~

2122 5070 2282 5124 nibus
2312 5069 2618 5124 lucetzsed
2665 5065 2711 5124 si
2757 5069 2881 5138 quis
2925 5069 3193 5124 fenestras
3245 5082 3372 5127 suas
3430 5067 3732 5136 clauserit,

2119 5167 2328 5220 aeterno
2361 5159 2567 5217 lumine
2590 5159 2789 5231 seipse
2819 5160 3112 5217 fraudabit.
3135 5153 3481 5233 {Excluditur
3506 5175 3649 5230 ergo
3679 5169 3740 5216 et

2119 5252 2394 5320 Chrislus,
2418 5254 2462 5308 si
2488 5261 2541 5309 tu
2565 5255 2760 5309 mentis
2785 5261 2888 5309 tua:
2903 5253 3122 5323 januat‘n
3145 5252 3402 5308 claudas:
3426 5252 3532 5308 etsi
3553 5254 3743 5321 possit

2121 5444 2428 5514 mysticum.
2462 5441 2632 5514 Porro
2661 5439 2776 5493 hzcc
2800 5440 3034 5514 varietas
3055 5455 3159 5495 non
3184 5439 3404 5514 aliunde
3421 5451 3543 5514 orta
3573 5445 3741 5502 vide-

2118 5509 2222 5580 tur,
2260 5527 2420 5583 quam
2465 5512 2532 5565 ab
2573 5511 2880 5583 ignorantia
2910 5509 3338 5583 Amanucnsium
3368 5511 3464 5579 qui
3498 5516 3737 5573 ttnicam

2117 5581 2304 5639 vocem
2333 5582 2559 5638 criticum
2605 5587 2654 5636 in
2697 5581 2832 5636 duas
2874 5582 2961 5637 vel
2999 5592 3108 5637 tres
3153 5591 3489 5652 pra-pestere
3521 5587 3746 5646 divis&

2119 5664 2454 5781 ru{sublimes
2481 5725 2636 5792 edit.,
2669 5725 2936 5779 continuos
2965 5740 3066 5780 non
3093 5725 3255 5790 novit;
3283 5723 3379 5783 sed
3411 5727 3620 5796 melius
3640 5747 3752 5791 ne.

2114 5800 2260 5872 gatio
2288 5797 2633 5876 praemittitur
2671 5796 2727 5886 in
2756 5811 2889 5857 mss.
