3948 6360
224 309 370 367 1568

1298 307 1367 362 IN
1406 305 1735 364 Ρειιιιιιυιι
1769 304 1980 364 CXV!“
2016 303 2401 363 EXPOSITIO.

3381 310 3521 366 1566

220 426 454 495 intrare,
475 436 589 483 non
613 426 735 484 vult
754 435 939 482 amen
959 424 1303 495 importunus
1321 422 1554 491 irruere,
1576 438 1685 480 non
1706 423 1824 480 vult
1848 424 1905 483 Α
1925 422 2022 479 cit.
2052 422 2185 481 inde
2210 424 2541 496 intelligibili
2564 434 2746 492 utero,
2772 426 2829 483 in
2864 439 2975 497 quo
3004 433 3090 483 est
3120 427 3528 496 receptaculum

221 517 424 575 invites
455 532 680 589 cogere.
716 516 883 574 Ortus
919 531 986 573 ex
1016 515 1228 587 virgine
1267 514 1536 586 processit
1569 530 1636 570 ex
1664 515 1820 583 alvo,

221 611 475 667 universa
515 611 685 667 totius
713 610 865 668 orbis
887 607 1157 665 irradiaus
1176 649 1193 675 ,
1231 617 1290 664 ut
1317 608 1525 662 luceret
1545 607 1822 665 omnibus.

229 705 445 779 1118
484 704 743 776 Capiunt,
788 703 881 775 qui
929 701 1249 759 desiderant
1297 699 1525 772 fulgoris
1572 700 1825 772 perpetui

221 799 530 855 claritatem
557 837 574 865 ,
627 810 790 867 quam
842 810 950 852 nox
991 794 1141 850 nulla
1180 792 1495 863 interpolat.
1530 792 1648 847 Soli
1677 793 1821 848 enim

220 890 351 948 huic
373 907 535 963 quem
561 889 808 961 quotidie
836 889 1139 955 cernimus,
1170 903 1279 943 nox
1310 886 1603 943 tenebrosa
1632 900 1824 942 succe-

220 984 338 1051 dit;
374 984 667 1039 solantem
705 980 932 1052 iustitia;
978 993 1272 1050 numquam
1306 976 1540 1044 occidit,
1585 977 1712 1048 quia
1737 991 1824 1032 sa-

222 1078 444 1150 pientia:
476 1092 588 1133 non
618 1074 867 1133 succedit
891 1074 1119 1130 malitia.

298 1173 385 1226 ll.
428 1170 626 1226 Beatus
656 1184 789 1241 ergo
818 1169 914 1225 ille
937 1208 952 1237 ,
1005 1168 1161 1239 cujus
1189 1167 1371 1239 pulsat
1384 1165 1609 1238 ianuam
1636 1164 1824 1222 Chris-

222 1272 328 1318 tus.
358 1261 533 1319 Janus
570 1272 760 1317 nostra
789 1260 924 1317 ﬁdes
964 1269 1070 1325 est,
1109 1275 1231 1331 quae
1274 1269 1441 1316 totam
1490 1259 1735 1324 domum,
1774 1257 1821 1312 si

223 1354 387 1412 luerit
411 1355 636 1412 robusta
660 1355 985 1411 communit.
1015 1353 1119 1409 Per
1150 1354 1310 1410 istam
1325 1353 1547 1424 ianuam
1575 1351 1822 1408 Christus

224 1446 552 1518 ingreditur.
572 1446 731 1504 Unde
767 1456 826 1503 et
852 1445 1094 1502 Ecclesia
1125 1446 1261 1501 dicit
1288 1446 1343 1501 in
1382 1446 1625 1501 Canticis
1655 1462 1669 1499 :
1708 1444 1822 1502 νοω

221 1544 407 1615 fratris
425 1542 524 1597 seei
549 1542 725 1613 pulsat
752 1540 821 1596 ad
830 1544 1053 1613 januam
1064 1539 1240 1612 (Cant.
1260 1555 1315 1606 v,
1334 1538 1415 1611 2).
1431 1539 1576 1595 Audi
1600 1540 1823 1609 pulsan-

221 1643 356 1702 tem,
387 1634 517 1690 audi
548 1634 777 1691 introire
796 1634 1103 1704 cupientem
1132 1646 1146 1687 :
1173 1633 1326 1705 Aperi
1352 1631 1482 1686 mihi
1497 1674 1511 1700 ,
1540 1648 1689 1687 soror
1708 1648 1822 1687 mea

221 1727 454 1799 Sponsa,
499 1726 741 1782 columba
756 1742 891 1791 mea,
916 1730 1143 1797 perfecta
1165 1742 1278 1781 mea
1295 1766 1308 1791 ,
1338 1726 1463 1798 quia
1483 1736 1636 1793 caput
1651 1740 1821 1781 meum

1926 516 2101 578 verbi.
2118 516 2418 573 seminibus
2440 516 2560 587 ejus
2584 518 2800 584 inlusis,
2833 517 3228 588 plenitudinem
3253 517 3377 588 ejus
3404 533 3529 574 cor-

1930 607 2192 676 poraliter
2222 608 2621 664 inhabitantem
2649 608 2870 666 haurire
2894 610 3073 666 anima
3104 619 3293 665 nostra
3312 608 3528 667 deside-

1926 708 2034 754 rat.
2058 698 2176 756 Non
2200 701 2345 756 enim
2378 702 2631 758 turbatur
2669 712 2858 759 uterus
2887 701 3239 767 feminarum,
3279 701 3383 758 nisi
3406 716 3530 773 qua:

1926 792 2133 850 iuerint
2161 794 2287 849 alvo
2315 810 2530 866 graves.

2000 888 2087 943 17.
2132 888 2315 959 Surgit
2361 889 2524 959 igitur
2553 890 2777 957 anima,
2827 900 2889 946 ut
2934 890 3146 962 aperiat
3192 890 3291 947 Dei
3322 889 3525 958 Verbo,

1926 980 2023 1038 sed
2043 982 2173 1037 dum
2203 997 2265 1038 se
2302 983 2564 1053 expandit
2594 994 2758 1054 atque
2786 986 3005 1055 aperit;
3056 993 3116 1039 ut
3139 999 3306 1055 opera
3338 984 3525 1040 mundi

1926 1074 2089 1145 hujus
2117 1076 2271 1132 verbi
2294 1077 2612 1147 receptione
2633 1078 2952 1145 mortilieet,
3003 1078 3149 1133 sicut
3168 1077 3268 1134 ille
3294 1077 3385 1147 qui
3413 1079 3529 1133 ait:

1926 1168 1980 1222 Μ
1988 1170 2385 1239 orti/icationem
2402 1170 2615 1226 Domini
2635 1169 2766 1227 Iesu
2787 1174 2845 1226 in
2864 1188 3080 1242 corpore
3102 1182 3277 1228 nostro
3303 1175 3526 1229 circum-

1925 1264 2141 1333 ferimus
2169 1263 2237 1337 (ll
2264 1263 2386 1319 Cor.
2420 1281 2494 1332 tv,
2541 1264 2656 1337 10).
2692 1266 2837 1335 Ergo
2858 1264 2987 1321 dum
3015 1265 3224 1335 aperit,
3278 1267 3532 1322 transivit

1924 1356 2190 1428 Sponsus.
2227 1360 2442 1431 1119
2471 1359 2598 1414 Vult
2624 1359 2770 1413 enim
2804 1373 3022 1428 semper
3042 1358 3236 1429 quaeri,
3270 1358 3526 1429 frequen-

1925 1456 2034 1512 tius
2058 1456 2291 1512 inveniri
2321 1497 2337 1523 ,
2369 1466 2424 1512 et
2448 1457 2496 1512 si
2526 1457 2770 1512 clausam
2802 1454 3075 1512 invenerit
3101 1454 3322 1524 januam
3344 1496 3360 1522 ,
3402 1454 3525 1524 pul-

1925 1558 2050 1613 sat,
2089 1558 2145 1604 et
2171 1548 2216 1603 si
2251 1563 2347 1618 per
2375 1564 2585 1604 moram
2617 1548 2781 1605 luerit
2808 1548 3067 1605 exclusus
3091 1589 3106 1613 ,
3161 1548 3389 1603 recedit.
3417 1546 3522 1603 Sed

1924 1640 2034 1695 cito
2059 1639 2242 1705 redit,
2285 1648 2341 1694 et
2368 1639 2568 1704 iterum
2601 1640 2812 1711 pulsat;
2845 1648 2903 1695 ut
2931 1639 3020 1694 vel
3048 1648 3237 1709 postea
3268 1654 3526 1709 sponsam

1925 1732 2172 1788 inveniat
2210 1742 2593 1802 praeparatam.
2627 1732 2815 1788 Potest
2857 1731 3076 1801 quidem
3123 1740 3177 1787 et
3208 1731 3287 1787 sic
3308 1733 3481 1802 accipi
3510 1750 3521 1785 :

216 1820 474 1888 repluunt
500 1828 579 1875 est
606 1836 723 1875 rore
743 1858 762 1886 ,
799 1829 851 1874 et
879 1820 1048 1875 crines
1089 1820 1187 1873 mei
1225 1820 1383 1890 guttis
1409 1820 1573 1873 noctis
1596 1817 1815 1890 (Ibid)
1849 1829 1898 1891 Β
1929 1821 2115 1878 Frater
2141 1839 2280 1878 meus
2303 1821 2725 1892 transivit(Cant.
2746 1838 2806 1891 v,
2836 1823 2914 1894 6),
2937 1824 3082 1879 sicut
3108 1822 3523 1894 legimus,quod

218 1914 520 1970 Considera
547 1912 767 1986 quando
798 1912 1038 1969 maxime
1062 1912 1239 1982 pulsat
1256 1912 1479 1980 janttam
1510 1922 1655 1966 tuam
1680 1912 1820 1967 Deus

223 2005 468 2061 Verbum
491 2047 507 2072 ,
568 2020 696 2062 cum
734 2005 1007 2075 repletum
1035 2016 1120 2061 est
1161 2015 1329 2076 caput
1370 2004 1492 2074 ejus
1521 2019 1650 2059 rore
1682 2019 1819 2060 noc-

218 2109 405 2157 turno.
456 2099 514 2155 In
552 2099 910 2156 tribulatione
931 2101 1134 2155 etenim
1165 2108 1221 2155 et
1260 2098 1652 2154 tentationibus
1678 2097 1825 2168 posi-

216 2199 306 2249 tos
334 2191 565 2248 visitare
607 2191 898 2262 dignatur;
957 2206 1029 2248 ne
1051 2192 1172 2264 quis
1195 2190 1334 2247 forte
1359 2190 1679 2247 succumbat
1706 2189 1820 2246 vic-

216 2290 309 2337 tus
362 2282 644 2338 aerumnis.
704 2280 969 2351 Répletur
1021 2297 1156 2352 ergo
1209 2289 1373 2353 caput
1396 2281 1516 2350 ejus
1540 2295 1693 2345 rore,
1737 2280 1821 2336 vel

214 2375 411 2446 guttis,
437 2375 656 2446 quando
681 2390 880 2445 corpus
912 2374 1034 2445 ejus
1065 2375 1296 2430 laborat.
1333 2374 1486 2430 Tunc
1515 2388 1648 2444 ergo
1678 2373 1820 2444 vigi-

216 2466 475 2533 landum;
507 2483 576 2522 ne
601 2483 725 2523 cum
748 2467 998 2537 Sponsus
1018 2466 1255 2533 venerit,
1291 2465 1515 2522 recedat
1540 2466 1817 2523 exclusus.

216 2560 278 2615 Si
309 2559 455 2614 enim
482 2559 746 2627 dormias,
790 2568 848 2615 et
876 2574 970 2615 cor
994 2569 1147 2614 tuum
1178 2575 1284 2613 non
1317 2559 1536 2630 vigilet,
1590 2558 1823 2615 discedit

214 2660 509 2722 antequam
535 2653 753 2722 pulset:
783 2652 829 2707 si
855 2667 952 2708 cor
975 2664 1124 2708 tuum
1150 2651 1355 2722 vigilet,
1386 2652 1583 2721 pulsat,
1614 2660 1671 2707 et
1691 2666 1823 2721 ape-

216 2743 323 2800 riri
362 2744 468 2799 sibi
503 2744 727 2814 jauuam
758 2743 954 2814 poscit.
989 2743 1265 2799 Habemus
1301 2758 1433 2813 ergo
1460 2743 1658 2799 animae
1690 2758 1819 2798 nos-

217 2844 319 2897 tra:
342 2835 565 2904 januam
588 2875 605 2902 ,
656 2833 929 2891 habemus
970 2845 1025 2889 ct
1068 2845 1253 2904 portas
1281 2835 1349 2889 de
1377 2834 1574 2904 quibus
1611 2832 1817 2888 dictum

210 2941 303 2985 est
332 2947 344 2981 :
379 2927 570 2984 Tollite
598 2938 782 3001 portas
809 2928 1068 3000 principes
1092 2937 1310 2995 vestras,
1338 2936 1383 2980 et
1405 2926 1675 2981 elevamini
1695 2942 1820 2994 por-

210 3033 282 3079 tte
308 3023 619 3091 teteraoles,
659 3033 709 3079 et
734 3024 970 3077 introibit
1011 3017 1311 3092 rex‘glorite
1335 3020 1514 3090 (Psal.
1547 3035 1700 3087 χχιιι,
1736 3018 1815 3091 7).

212 3116 476 3186 Emergo
527 3123 583 3170 et
631 3114 833 3170 coelum
880 3114 935 3169 in
977 3113 1098 3181 his,
1149 3112 1204 3168 in
1235 3114 1434 3184 quibus
1484 3122 1655 3183 porta:
1689 3119 1818 3167 sunt

1927 1916 2233 1985 penetravit
2283 1915 2500 1971 dilectm
2525 1915 2716 1970 intima
2755 1914 3136 1979 medullarum,
3175 1922 3230 1970 et
3258 1915 3525 1985 quemad-

1924 2008 2146 2064 modum
2201 2008 2267 2063 ad
2299 2008 2522 2063 Mariam
2555 2008 2760 2063 dictum
2795 2018 2879 2064 est
2909 2026 2921 2061 :
2954 2007 3025 2061 Et
3047 2018 3187 2062 tuam
3217 2009 3387 2079 ipsius
3409 2008 3525 2064 ani-

1924 2118 2060 2156 mant
2114 2102 2449 2169 pertransibit
2497 2102 2744 2175 gladius;
2796 2112 2852 2156 ut
2902 2103 3195 2157 revelantur
3241 2102 3525 2157 multorum

1923 2194 2159 2251 sordium
2205 2194 2541 2265 cogitationes
2573 2194 2729 2264 (Luc.
2757 2210 2795 2249 ιι
2823 2234 2838 2260 ,
2889 2192 3001 2265 55).
3046 2194 3290 2264 Denique
3315 2194 3527 2249 addidit

1921 2285 2132 2356 Sponsa
2162 2288 2398 2343 animam
2424 2302 2577 2342 suam
2610 2288 2797 2343 exisse
2833 2287 2886 2342 iu
2919 2286 3091 2343 verbo
3112 2287 3257 2356 elus,
3289 2287 3432 2357 quod
3467 2287 3525 2340 lit

1922 2377 2140 2448 quando
2168 2380 2353 2435 anima
2384 2380 2762 2450 peregrinatur
2791 2394 2822 2434 a
2847 2393 3115 2449 corpore,
3155 2387 3213 2434 et
3235 2379 3348 2435 Deo
3378 2393 3523 2449 prm-

1923 2485 2052 2526 sens
2079 2481 2166 2527 est
2192 2471 2369 2541 (Cant.
2396 2488 2446 2537 v,
2484 2471 2564 2543 6).

1996 2562 2086 2618 18.
2114 2562 2542 2633 Explanavimus
2561 2564 2745 2634 igitur,
2778 2572 2836 2620 ut
2865 2564 3160 2633 potuimus,
3185 2562 3315 2633 quid
3342 2571 3521 2617 esset:

1924 2653 1991 2708 In
2017 2664 2288 2722 aeternum,
2314 2654 2564 2722 Domine,
2598 2665 2859 2725 permanet
2885 2656 3092 2711 verbum
3123 2665 3266 2709 tuum
3290 2656 3342 2708 in
3370 2656 3518 2712 coelo.

1923 2745 2223 2802 Possumus
2273 2755 2452 2802 tamen
2506 2757 2561 2803 et
2599 2748 2678 2801 sic
2731 2746 3074 2815 intelligere,
3134 2744 3259 2815 quia
3290 2745 3345 2801 in
3375 2746 3518 2801 cmlo

1922 2837 2093 2907 magis
2121 2846 2406 2907 permanet
2453 2837 2507 2891 in
2528 2846 2817 2902 arternum,
2859 2835 2949 2891 ubi
2976 2835 3171 2906 Augeli
3196 2847 3248 2891 et
3274 2834 3524 2891 Archan-

1919 2929 2050 3001 geli,
2069 2929 2362 2985 Cherubim
2380 2939 2435 2985 et
2449 2929 2733 2999 Seraphim
2753 2929 3044 2998 ;quouiam
3070 2929 3320 2984 homines
3333 2944 3523 2996 quam-

1921 3019 2004 3076 vis
2033 3021 2209 3077 sancti
2240 3029 2399 3088 sunt,
2458 3029 2639 3076 tamen
2690 3019 2918 3076 allectus
2955 3036 3143 3077 eorum
3175 3036 3322 3091 saepe
3347 3032 3523 3078 muta-

1923 3113 2199 3186 tur..Nunc
2225 3112 2546 3183 gaudemus,
2575 3112 2839 3167 continuo
2868 3127 3185 3180 niteremus,
3216 3113 3524 3180 irascimur,

211 3207 526 3263 mternales.
557 3205 619 3264 Si
648 3207 745 3260 has
767 3205 889 3263 lidei
922 3217 1027 3262 tuae
1053 3217 1238 3279 portas
1262 3206 1395 3263 velis
1425 3206 1699 3272 attollere,
1723 3204 1811 3259 in-
1841 3212 1887 3276 ί]
1918 3206 2347 3278 ingemiscimus.
2380 3205 2435 3261 In
2480 3206 2595 3275 ipsa
2624 3203 2944 3275 pmnitentia
2972 3219 3081 3260 non
3112 3202 3228 3259 vult
3259 3220 3358 3259 nos
3389 3206 3522 3260 satis

212 3299 386 3353 trahit
414 3298 482 3353 ad
510 3308 562 3354 te
588 3314 686 3353 rex
716 3298 929 3368 gloria),
964 3299 1295 3367 triumphum
1326 3306 1555 3369 portans
1583 3298 1818 3368 propriae

210 3392 512 3465 passionis.
564 3391 742 3447 [labet
783 3391 947 3446 etiam
974 3392 1189 3461 justitia
1234 3400 1441 3461 portas.
1481 3390 1615 3445 Nam
1647 3392 1817 3445 etiam

215 3486 291 3542 de
313 3486 401 3541 his
444 3485 679 3557 legimus
709 3485 1000 3559 scriptum,
1045 3485 1264 3540 dicente
1308 3485 1536 3540 Domino
1562 3482 1692 3540 Jesu
1725 3499 1822 3554 per

211 3579 546 3651 Prophetam
586 3595 748 3635 suum
783 3596 795 3632 :
826 3579 1036 3648 Aperite
1072 3578 1199 3632 mihi
1242 3586 1421 3647 portas
1446 3578 1669 3651 justitite
1699 3574 1816 3647 (Ps.

209 3690 383 3741 cxvu,
412 3673 528 3745 19).
556 3672 783 3729 Etinira
811 3673 886 3727 ait
910 3674 1172 3741 propheta
1203 3671 1373 3726 David
1401 3688 1413 3723 :
1447 3668 1652 3736 Lauda,
1688 3668 1818 3723 Hie-

211 3768 478 3835 rusalem,
513 3765 804 3821 Dominum
836 3780 853 3819 :
880 3766 1039 3821 lauda
1068 3762 1236 3819 Deum
1274 3773 1448 3831 tuum,
1482 3764 1612 3819 Sion
1638 3779 1656 3829 ;
1687 3779 1817 3833 quo-

211 3859 360 3914 niam
411 3858 725 3930 confortavit
765 3873 911 3913 seras
938 3866 1208 3928 portarum
1234 3865 1443 3911 tuarum
1470 3854 1591 3929 (Ps.
1615 3869 1816 3921 exuli,

213 3952 290 4008 13
316 3962 368 4009 et
396 3951 510 4021 15).

292 4046 385 4101 15.
428 4045 526 4101 Εει
561 4057 697 4115 ergo
727 4043 908 4098 anima
936 4057 1058 4113 qua:
1089 4041 1255 4098 habet
1278 4041 1534 4111 januam,
1589 4050 1822 4111 estquae

212 4136 389 4192 habet
414 4149 626 4207 portas.
658 4135 741 4191 Ad
768 4134 911 4190 hanc
937 4135 1155 4205 ianuam
1178 4132 1326 4190 venit
1351 4131 1605 4190 Chrisms
1626 4141 1681 4189 et
1704 4133 1823 4203 pul-

208 4236 330 4290 sat,
366 4229 547 4296 pulsat
576 4238 632 4283 et
664 4237 870 4297 portas.
901 4226 1069 4297 Aperi
1095 4240 1226 4297 ergo
1254 4226 1333 4281 illi
1368 4242 1382 4281 :
1415 4226 1532 4283 vult
1571 4226 1817 4293 introire,

213 4319 337 4375 vult
368 4318 637 4388 Sponsam
676 4318 923 4375 invenire
964 4318 1306 4390 vigilantem.
1337 4317 1458 4374 Noli
1496 4319 1641 4373 bono
1670 4332 1823 4373 ama-

213 4414 328 4468 tori
352 4411 537 4469 l‘acere
560 4426 745 4469 moras
765 4450 782 4477 ,
822 4412 932 4467 cito
957 4409 1166 4467 recedit
1190 4427 1205 4464 :
1237 4419 1294 4464 et
1320 4418 1373 4463 tu
1396 4424 1591 4465 somno
1620 4424 1820 4479 corpo-

211 4506 299 4562 ris
347 4505 427 4559 tui
449 4504 656 4560 videris
682 4503 992 4560 exclusisse
1022 4502 1352 4571 pulsantem.
1388 4499 1648 4556 Excludis
1674 4500 1820 4555 enim

1902 3299 2238 3356 'coustritari
2272 3298 2570 3368 Apostolus
2592 3338 2606 3364 ,
2658 3314 2726 3353 ne
2760 3296 2979 3353 tristitia
3024 3296 3417 3353 absorbeamur
3454 3295 3523 3365 (ιι

1923 3392 2044 3448 Cor.
2070 3390 2331 3462 tt,7).Ubi
2349 3406 2482 3461 ergo
2509 3390 2813 3456 iracundia,
2833 3389 2925 3444 ubi
2946 3387 3163 3443 tristitia
3187 3389 3389 3458 gravis,
3415 3402 3523 3442 non

1922 3494 2209 3554 permanet
2232 3484 2303 3540 ibi
2333 3482 2593 3539 Verbum.
2626 3481 2874 3551 Denique
2901 3480 2969 3536 de
2999 3480 3117 3536 solo
3139 3478 3366 3541 Dom‘no
3391 3477 3522 3534 Jesu

1923 3578 2126 3633 dictum
2172 3574 2266 3632 ἐει
2324 3591 2355 3630 a
2408 3576 2620 3631 Joanne
2677 3575 2809 3645 quid
2847 3571 3188 3628 Vidit........
3263 3571 3520 3642 Spiritum

1922 3682 2160 3726 sanctum
2184 3669 2575 3725 descendentem
2597 3665 2660 3723 de
2679 3666 2809 3721 creto
2834 3666 2968 3720 sicut
2995 3662 3304 3728 columbam,
3338 3671 3385 3717 et
3415 3679 3525 3715 ma-

1923 3773 2127 3819 nentem
2183 3777 2342 3833 super
2386 3776 2503 3814 eum
2534 3758 2729 3830 (Marc.
2763 3773 2804 3825 t,
2839 3758 2950 3827 10).
2980 3755 3115 3813 Nam
3146 3765 3203 3812 et
3235 3754 3521 3825 prophetae

1924 3871 2031 3908 non
2086 3868 2305 3922 semper
2347 3851 2773 3922 prophetabant,
2815 3851 2910 3906 sed
2941 3864 3064 3905 eum
3097 3846 3412 3903 inlunderet
3440 3847 3525 3900 his

1923 3947 2155 4016 gratiam
2190 3945 2431 4015 Spiritus
2486 3942 2874 4013 prophetaudi.
2933 3942 3174 4009 Denique
3213 3955 3315 3994 nec
3354 3940 3522 3994 David

1925 4037 2201 4108 praescivit
2228 4035 2357 4106 quid
2383 4036 2733 4089 annuntiaret
2763 4032 2975 4088 Nathan
3000 4032 3200 4089 missus
3221 4045 3250 4085 a
3270 4030 3523 4094 Domino,

1925 4140 1979 4187 et
2028 4130 2216 4201 utique
2267 4128 2497 4185 inferior
2532 4126 2747 4183 Nathan
2789 4125 3052 4197 propheta
3092 4123 3347 4195 cognovit
3376 4123 3521 4195 quod

1925 4221 2095 4278 David
2130 4220 2480 4293 praestantior
2521 4217 3191 4291 nesciebat(lchg.xxu,
3236 4218 3270 4272 5
3298 4226 3345 4273 et
3365 4216 3520 4290 δρψ).

1924 4314 1993 4369 Ει
2012 4314 2154 4372 alius
2178 4313 2314 4369 dixit
2348 4311 2615 4384 prOpheta
2633 4330 2646 4367 :
2665 4309 2861 4367 Celatvit
2880 4326 2960 4367 me
2986 4307 3243 4366 Dominus
3274 4309 3363 4382 (IV
3388 4308 3523 4384 Reg.

1923 4421 1998 4471 sv,
2026 4404 2307 4475 27).Undc
2330 4413 2386 4460 et
2405 4404 2652 4475 plerique
2665 4403 2944 4473 accipiunt
2968 4401 3181 4457 ittcmlo
3206 4415 3524 4469 permanere

1926 4497 2022 4553 Dei
2042 4496 2301 4563 Verbum,
2318 4497 2373 4550 in
2386 4495 2755 4551 Potestatibus
2769 4493 3102 4558 caelestibus,
3122 4492 3175 4547 iu
3199 4492 3395 4562 quibus
3412 4507 3522 4546 non

208 4613 367 4665 eum,
401 4612 529 4653 eum
548 4596 859 4653 desidiosus
882 4611 968 4663 es,
995 4611 1117 4650 cum
1149 4595 1323 4667 piger,
1355 4610 1478 4650 cum
1507 4595 1821 4651 somnolen-
1847 4600 1898 4660 ι)
1924 4598 2053 4646 sunt
2071 4589 2363 4644 all‘cctuum
2391 4588 2703 4642 varietates.
2736 4585 2916 4656 Aliqui
2940 4591 3125 4638 autem
3156 4580 3360 4651 deipsa
3380 4580 3524 4637 acci-

210 4702 339 4759 tus,
373 4691 460 4749 his
490 4688 763 4761 repagulis
789 4688 1045 4744 Christus
1071 4688 1411 4752 excluditur;
1453 4688 1557 4743 etsi
1600 4697 1816 4752 castus,

206 4786 327 4842 etsi
376 4785 600 4840 sobrius
633 4783 752 4849 sis,
799 4797 934 4840 cave
980 4797 1050 4838 ne
1097 4781 1385 4852 negligens
1431 4779 1530 4836 sis.
1562 4779 1819 4848 Maiorem

207 4876 447 4937 Christo
475 4875 606 4933 facit
632 4874 915 4946 injuriam,
939 4874 1028 4945 qui
1056 4873 1437 4929 advenientem
1464 4871 1697 4942 repellit.

294 4969 389 5025 16.
423 4968 823 5039 Nonnunquam
858 4966 1052 5029 etiam,
1101 4965 1148 5021 si
1179 4966 1412 5021 moraris
1438 5006 1451 5029 ,
1512 4964 1678 5018 mittit
1707 4978 1821 5017 ma-

209 5074 353 5117 num
385 5072 543 5118 suam
571 5072 669 5132 per
699 5056 999 5115 fenestram
1019 5100 1033 5122 ,
1083 5059 1223 5112 sicut
1243 5055 1321 5111 ait
1342 5055 1555 5127 Sponsa
1590 5072 1603 5109 :
1640 5052 1825 5108 Frater

209 5170 369 5209 meus
395 5154 536 5208 misit
555 5169 769 5207 manum
796 5167 946 5205 suam
973 5151 1039 5205 de‘
1068 5160 1378 5225 prospectu,
1409 5160 1455 5204 et
1484 5160 1657 5205 venter
1683 5164 1827 5203 meus

207 5245 557 5300 nuntiatus
599 5254 675 5298 est
697 5258 855 5314 super
883 5257 1020 5296 cum.
1051 5241 1339 5296 Επαιννηί
1363 5257 1459 5311 ego
1478 5240 1685 5312 aperire
1711 5239 1824 5307 fra-

207 5338 287 5393 tri
316 5350 455 5392 meo.
492 5332 682 5392 Manus
719 5350 847 5391 mete
896 5335 1277 5389 distillaverunt
1335 5337 1643 5406 myrrham:
1674 5332 1826 5401 digiti

208 5426 324 5487 sui
370 5429 582 5501 myrrha
628 5428 770 5501 pleni
818 5426 993 5500 (Cant.
1027 5443 1084 5495 v,
1136 5418 1356 5499 Aetli).
1411 5427 1653 5483 Primum
1693 5441 1825 5498 ergo

210 5534 508 5594 numam
536 5538 566 5576 a
597 5529 891 5594 prospectu
918 5521 1085 5575 mittit
1113 5536 1335 5576 manum
1366 5535 1522 5576 suam
1551 5560 1566 5585 ,
1610 5518 1828 5588 quando

208 5612 379 5673 Deus
427 5626 549 5671 esse
599 5614 860 5687 operibus
907 5614 1225 5668 n-stimatur.
1261 5612 1418 5670 Unde
1456 5613 1533 5666 ait
1564 5628 1577 5665 :
1614 5610 1674 5667 Si
1704 5609 1832 5666 mihi

208 5716 333 5764 ιισπ
360 5702 596 5775 creditis,
628 5704 711 5761 vel
741 5704 983 5776 operibus
1012 5706 1205 5760 credite
1223 5703 1402 5779 (Joan.
1430 5701 1830 5776 x,’58).Dcinde

212 5807 468 5883 negetur
489 5814 665 5877 amor,
688 5808 746 5855 et
766 5798 972 5855 intimis
996 5796 1300 5883 visceribus
1319 5807 1616 5874 conceptus
1635 5796 1836 5857 inoles—

1925 4686 2081 4753 piunt
2103 4680 2391 4745 Trinitate,
2423 4694 2543 4749 qua:
2569 4678 2683 4732 sola
2707 4674 3066 4733 immutabilis
3091 4675 3191 4740 sit;
3224 4683 3279 4729 ct
3304 4673 3431 4729 ideo
3466 4677 3519 4729 in

1924 4775 2064 4829 cmlo
2092 4782 2372 4843 permanet
2403 4770 2671 4836 Verbum,
2702 4770 2755 4823 id
2783 4778 2886 4832 est,
2918 4768 2970 4822 in
3012 4766 3206 4834 Patre,
3240 4766 3365 4837 quia
3394 4765 3525 4821 Ver-

1927 4868 2052 4922 bum
2080 4866 2251 4921 dixit:
2272 4863 2380 4935 Ego
2398 4864 2451 4917 in
2468 4861 2647 4931 Patre,
2667 4871 2711 4915 et
2736 4859 2894 4914 Pater
2911 4861 2965 4914 in
2988 4876 3067 4914 me
3086 4857 3263 4932 (Joan.
3281 4875 3393 4926 xw,
3410 4858 3499 4930 10)
3513 4899 3525 4911 .

2003 4960 2087 5015 19.
2132 4957 2316 5028 (Vers.
2351 4955 2468 5021 90.)
2519 4954 2585 5009 In
2628 4955 3005 5025 generationem
3054 4961 3104 5010 et
3150 4952 3531 5022 generationem

1927 5051 2113 5107 veritas
2144 5061 2253 5105 tua.
2275 5042 2426 5104 Multi
2453 5055 2579 5102 sunt
2601 5046 2690 5119 qui
2716 5046 2975 5101 dicuntur
2997 5044 3093 5110 dii,
3115 5044 3212 5099 sed
3245 5056 3352 5099 non
3375 5054 3524 5101 sunt.

1931 5147 2073 5215 Ergo
2100 5147 2151 5199 in
2180 5142 2431 5213 gentibus
2448 5140 2790 5195 mendacium
2816 5147 2930 5204 est;
2955 5137 3008 5193 in
3034 5135 3276 5193 Ecclesia
3301 5135 3525 5192 veritas.

1928 5236 2080 5290 lianc
2110 5244 2289 5288 taliten
2311 5232 2596 5287 veritatem
2627 5231 2818 5286 habuit
2851 5231 3026 5299 primo
3055 5228 3340 5300 Syuagoga
3364 5267 3380 5294 ,
3406 5242 3530 5296 qum

1934 5324 2166 5380 habebat
2187 5323 2399 5394 eloquia
2420 5322 2545 5388 Dei;
2564 5332 2649 5377 est
2680 5324 2824 5377 cnim
2849 5322 3048 5377 veritas
3065 5328 3120 5375 et
3141 5321 3193 5374 in
3211 5319 3383 5375 veteri
3398 5321 3533 5374 Tes—

1930 5426 2195 5484 tamento,
2226 5431 2347 5488 quae
2373 5412 2474 5471 fuit
2504 5426 2629 5471 ante
2663 5416 2716 5469 in
2750 5414 2951 5485 popqu
2979 5412 3315 5470 indecorum.
3348 5411 3527 5469 Notus

1933 5514 2080 5569 enim
2111 5513 2167 5566 in
2191 5508 2378 5566 Iudam
2405 5508 2547 5565 Deus
2569 5508 2692 5580 (Ps.
2728 5523 2873 5562 Lxxv
2894 5548 2909 5574 ,
2941 5507 3016 5577 1).
3048 5508 3190 5562 Deus
3218 5514 3399 5562 autem
3433 5521 3529 5563 ve-

1937 5607 2065 5662 ritas
2086 5616 2163 5660 est
2191 5647 2205 5670 ,
2254 5614 2387 5675 ergo
2416 5603 2469 5657 in
2498 5601 2685 5657 Judaea
2713 5601 2937 5656 veritas.
2973 5594 3097 5654 Fuit
3140 5599 3304 5669 igitur
3331 5600 3535 5656 veritas

1938 5702 1991 5759 in
2026 5697 2290 5770 patribus,
2324 5696 2530 5769 Moyse,
2554 5702 2609 5749 et
2633 5693 2761 5751 Jcsu
2789 5692 2959 5761 Nave,
2986 5692 3037 5751 in
3072 5692 3320 5759 Samuel,
3343 5692 3397 5749 in
3427 5688 3536 5747 Da-

1944 5792 2055 5859 vid,
2079 5792 2217 5862 Elia,
2249 5790 2473 5859 Elisaeo,
2499 5788 2632 5847 etin
2658 5787 2767 5846 illis
2793 5795 3003 5860 septem
3024 5785 3266 5843 millibus
3296 5783 3537 5861 virorum
