3948 6354
1745 26 2032 35 νς--ηὴνι-κτ-

489 294 626 350 1567
717 326 720 329 π

1843 290 2088 347 SANCTI
2127 289 2447 347 AMBROSII

3649 290 3671 343 i
3682 289 3790 344 568

479 413 567 482 qui
602 425 707 466 non
733 419 1099 466 curvaverant
1123 423 1298 480 genua
1333 407 1482 463 Baal.
1515 409 1622 466 Sed
1646 408 1770 478 quia
1804 409 2084 478 posterior
2116 409 2157 470 Α
2187 406 2232 480 (1
2259 408 2380 463 Cor.
2415 423 2452 475 ι,
2479 408 2558 477 5),
2584 422 2691 463 non
2718 408 2769 462 in
2815 406 3062 477 pecuniis
3091 405 3276 478 utique
3297 447 3312 474 ,
3348 420 3454 461 non
3477 406 3533 460 in
3562 420 3702 461 auro
3735 417 3796 462 et

485 504 706 560 soboles
737 502 1050 559 Jndtcorum
1077 518 1106 556 a
1131 509 1340 569 patrum
1391 499 1638 556 moribus
1665 500 1905 555 deviavit
1928 541 1943 561 .
1996 515 2086 555 re-

484 599 655 653 cessit
683 598 750 652 ab
774 597 882 651 illis
911 596 1134 658 veritas,
1167 602 1224 650 et
1251 593 1318 648 ad
1349 593 1654 649 Ecclesiam
1686 593 1854 649 venit.
1888 593 2090 649 Reces-

487 691 559 745 sit
587 689 728 745 enim
759 689 826 742 ab
851 688 982 749 illis,
1017 685 1236 754 quando
1265 687 1523 741 dixerunt
1561 686 1630 740 de
1656 686 1886 741 Domino
1915 686 2046 742 Jesu
2074 704 2087 741 :

487 781 656 846 Tolle,
690 781 813 836 tolle
835 821 849 844 ,
897 780 1148 850 cruciﬁge
1175 796 1288 834 eum
1322 778 1500 851 (Joan.
1535 795 1658 841 XIX,
1695 780 1817 849 15);
1852 779 2091 836 tradide-

490 883 623 929 runt
648 873 791 928 enim
823 873 1131 940 veritatem,
1185 881 1241 927 et
1264 872 1551 943 elegerunt
1572 873 1934 942 iniquitatem.
1962 873 2093 928 Om-

493 982 592 1022 nes
622 982 752 1038 ergo
791 966 910 1021 alia:
939 966 1326 1036 generationes
1355 965 1601 1021 veritatis
1631 976 1877 1021 exsortes
1911 1007 1925 1031 ,
1968 981 2089 1020 om-

493 1060 642 1114 nium
678 1060 1058 1114 haereticorum
1103 1059 1488 1128 generationes
1532 1073 1642 1112 non
1674 1067 1860 1114 tenent
1893 1059 2092 1114 verita-

492 1163 600 1211 tem
634 1171 646 1207 :
681 1155 799 1207 sola
851 1153 1099 1208 Ecclesia
1129 1153 1413 1208 veritatem
1445 1153 1537 1222 pio
1573 1151 1774 1208 affectu
1807 1152 2090 1223 possidet;

492 1247 617 1316 quia
647 1246 923 1316 generatio
952 1245 1264 1300 Iudaeorum
1294 1289 1308 1313 ,
1358 1261 1482 1315 qua:
1527 1255 1652 1301 ante
1682 1261 1798 1300 eam
1842 1246 2090 1316 posside-

494 1337 610 1402 bat,
633 1338 834 1391 amisit.
867 1337 1102 1406 Populus
1124 1352 1253 1407 ergo
1277 1337 1587 1392 Iudaeorum
1616 1339 1760 1408 prior
1784 1339 1907 1392 ﬁdei
1932 1355 2092 1407 gene-

494 1431 654 1492 ratio,
687 1438 743 1483 et
772 1428 894 1483 ideo
921 1427 1182 1484 infantior
1208 1437 1262 1482 et
1290 1429 1580 1496 infirmior,
1612 1431 1701 1500 qui
1726 1431 1936 1485 lubrico
1954 1430 2088 1485 ado-

490 1525 768 1579 lesct-ntiaz
809 1534 953 1578 stare
994 1540 1099 1578 non
1131 1525 1345 1595 1120
1377 1524 1586 1593 patuit;
1638 1526 1874 1593 pepulus
1909 1534 2088 1581 autem

493 1616 836 1672 Christianus
863 1616 983 1671 fidei
1009 1617 1248 1671 secunda
1277 1618 1557 1685 generatio
1582 1633 1596 1683 ;
1639 1617 1760 1672 ideo
1787 1619 2088 1687 robustior,

493 1720 545 1766 et
582 1709 880 1766 venerabili
911 1710 1173 1764 maturior
1204 1719 1508 1764 senectute.
1559 1709 1648 1765 llla
1675 1712 1959 1780 generatio
1990 1712 2090 1767 Lc-

2193 511 2438 574 argento,
2460 501 2553 558 sed
2567 504 2619 556 in
2638 503 2779 556 omni
2791 501 2962 566 verbo,
2987 501 3184 568 inquit,
3203 509 3249 555 et
3267 499 3791 575 cognitione(lbid.).

2192 594 2260 650 Et
2287 593 2416 648 alibi
2443 593 2516 647 ait
2546 611 2558 647 :
2603 592 2670 647 In
2697 593 2889 649 divitiis
2931 593 3281 664 simplicitatis
3303 592 3375 660 (ll
3401 590 3520 648 Cor.
3552 608 3671 655 vm,
3704 593 3788 667 2).

2194 687 2288 743 lla:
2315 685 2521 741 divitia:
2539 697 2663 742 sunt
2694 685 2973 751 salubres;
3018 701 3142 740 nam
3185 685 3356 755 copiae
3377 685 3674 741 smeulares
3698 701 3792 740 sa-

2191 779 2356 833 lutem
2385 778 2580 834 afferre
2608 793 2713 834 non
2747 787 2992 847 possunt.
3008 777 3110 846 Qui
3135 786 3313 832 autem
3345 777 3598 833 habuerit
3619 779 3798 834 abun-

2194 871 2434 927 dantiam
2480 871 2806 942 spiritalem,
2855 871 3016 940 hujus
3059 880 3202 926 terra
3245 869 3530 927 fructifera
3577 881 3687 926 stat
3737 872 3798 928 in

2193 968 2458 1022 saeculum
2482 1010 2495 1030 ,
2551 967 2689 1022 bene
2727 967 2944 1022 fundata
2978 967 3160 1021 radice
3179 966 3460 1032 virtutum,
3502 965 3587 1021 vel
3611 967 3800 1021 anima

2190 1061 2363 1117 bonos
2389 1060 2571 1128 utique
2585 1061 2898 1132 germinans
2927 1060 3129 1116 fructm
3150 1103 3165 1127 ,
3184 1060 3270 1115 vel
3288 1075 3416 1115 caro
3442 1059 3611 1115 nullis
3637 1061 3800 1130 cupi-

2193 1155 2454 1210 ditatibus
2481 1155 2702 1210 mobilis
2727 1154 2792 1209 ad
2817 1155 3243 1224 prolapsionem.

2263 1247 2354 1302 22.
2372 1248 2520 1303 lianc
2543 1258 2742 1303 terram
2760 1247 3048 1303 circuitsol
3064 1247 3288 1317 jnstitiae
3306 1246 3589 1314 Salutaris,
3605 1245 3676 1302 de
3689 1261 3804 1318 quo

2193 1340 2455 1410 scriptum
2479 1349 2564 1394 est
2586 1358 2597 1393 :
2624 1338 2695 1394 Et
2712 1340 2880 1394 oritur
2902 1340 3002 1406 sol,
3022 1349 3067 1394 et
3086 1340 3293 1400 occidit,
3319 1350 3366 1394 et
3389 1341 3441 1394 in
3459 1339 3629 1394 locum
3645 1355 3805 1393 suum

2193 1432 2368 1487 trahit.
2401 1431 2525 1504 Ipse
2557 1433 2727 1488 oriens
2753 1433 2882 1487 illuc
2908 1432 3050 1487 vadit
3079 1433 3148 1485 ad
3177 1442 3429 1497 austrum,
3464 1441 3511 1486 et
3544 1441 3700 1502 gyrat
3734 1431 3807 1483 ad

2193 1526 2486 1597 aquilonem
2515 1541 2534 1580 :
2558 1537 2580 1565 ε
2611 1527 2844 1598 gyrando
2867 1536 3017 1599 ggrat
3044 1523 3307 1594 Spiritus,
3339 1534 3386 1578 et
3413 1525 3466 1578 in
3495 1541 3652 1597 gyros
3683 1527 3807 1598 ejus

2193 1618 2503 1672 convertitur
2524 1617 2756 1690 Spiritus
2778 1616 2946 1686 (Eccl.
2981 1633 3018 1682 ι,
3049 1615 3083 1669 5
3104 1625 3154 1670 et
3177 1614 3258 1687 6).
3292 1615 3476 1670 Oritur
3503 1616 3583 1672 sol
3615 1615 3806 1683 iustis,

2195 1711 2587 1766 occiditautem
2612 1711 2824 1780 injustis
2841 1727 2853 1763 :
2873 1709 3045 1765 oritttr
3063 1708 3438 1778 tranquillitati
3458 1709 3557 1778 piae
3573 1706 3807 1773 mentis,

493 1805 595 1874 gis,
629 1804 744 1858 hare
784 1805 995 1874 gratia}.
1024 1803 1180 1860 Unde
1219 1813 1275 1858 et
1324 1805 1449 1859 alibi
1469 1805 1543 1858 ait
1569 1822 1579 1858 :
1612 1803 1678 1858 In
1707 1806 2087 1876 generationem
2116 1798 2163 1858 B
2191 1801 2386 1857 occidit
2412 1801 2728 1857 iracundia).
2754 1801 2904 1856 Unde
2922 1801 3032 1855 ait:
3059 1799 3154 1855 Sol
3179 1816 3279 1854 non
3302 1800 3502 1853 occidat
3519 1816 3676 1870 super
3695 1799 3810 1853 ira-

495 1907 544 1950 et
569 1899 949 1969 generationem
973 1897 1356 1952 annuntiabunt
1391 1901 1656 1954 veritatem
1688 1909 1829 1954 tuam
1860 1898 2084 1967 (Psalm.

495 2005 766 2052 LXXXVIII,
797 1989 877 2059 2).

567 2080 659 2136 20.
695 2081 951 2152 Sequitur
989 2097 1183 2137 versus
1227 2083 1420 2138 tertius
1451 2101 1464 2138 :
1494 2081 1751 2138 Fundasti
1803 2093 2014 2151 terram,
2050 2094 2096 2137 et

496 2182 779 2241 permanet.
837 2172 1194 2245 Dispositione
1234 2185 1320 2228 tua
1347 2189 1612 2247 permanet
1648 2176 1776 2230 dies.
1810 2177 2096 2245 Quomodo

497 2267 803 2323 fundaverit
821 2268 966 2323 Deus
990 2277 1190 2324 terram
1213 2269 1496 2340 Scriptura
1523 2284 1624 2325 nos
1643 2269 1846 2336 docuit,
1880 2270 2098 2326 dicente

493 2359 810 2429 Propheta:
853 2357 997 2414 Deus
1049 2361 1302 2431 sapientia
1350 2361 1588 2430 fundavit
1630 2371 1845 2427 terram,
1897 2364 2098 2432 paravit

495 2464 668 2508 autem
696 2454 848 2508 caelos
879 2455 932 2507 in
961 2454 1221 2509 intellectu
1251 2455 1438 2526 (Prov.
1479 2471 1559 2521 tu,
1601 2455 1716 2526 l9).
1771 2455 1938 2511 Terra
1967 2471 2097 2527 ergo

499 2557 775 2616 tamquam
807 2545 1220 2602 fundamentum
1253 2556 1366 2614 est,
1409 2549 1463 2602 in
1492 2562 1596 2618 qua
1623 2548 2004 2613 consistimus;
2036 2549 2095 2604 li-

498 2645 587 2693 cet
634 2645 660 2673 η
702 2637 876 2707 ipsam
910 2637 963 2691 in
997 2635 1305 2709 hemicyclo
1326 2638 1452 2695 coeli
1481 2653 1606 2694 esse
1629 2681 1642 2700 ,
1687 2649 1740 2694 et
1774 2639 1818 2694 is
1849 2640 1939 2709 qui
1967 2640 2101 2696 foris

493 2739 579 2784 est
608 2743 790 2783 sermo
812 2729 1183 2796 concelebret,
1211 2742 1265 2786 et
1289 2730 2098 2802 Scripturasigniﬁcarevidea-

495 2833 604 2888 tur,
652 2823 868 2878 dicente
898 2823 1001 2878 Job
1034 2843 1047 2879 :
1078 2824 1415 2898 Suspendens
1456 2836 1646 2881 terram
1684 2828 1738 2882 in
1760 2828 1925 2882 nihilo
1950 2827 2094 2900 (Job.

500 2933 658 2983 xxvr,
690 2916 766 2986 7).
797 2914 1097 2974 htcluditur
1140 2935 1268 2990 ergo
1307 2920 1440 2975 orbe
1485 2921 1727 2987 caelesti;
1769 2929 1825 2976 et
1870 2921 1993 2977 ideo
2015 2923 2098 2978 sol

500 3010 750 3066 noctibus
773 3028 877 3068 non
912 3013 1148 3076 videtur,
1179 3012 1303 3080 quia
1329 3011 1570 3081 gyrando
1602 3011 1860 3068 inferiore
1885 3013 2097 3067 inveni-

502 3110 587 3156 tur
608 3102 758 3157 orbis
801 3114 956 3174 parte
999 3103 1261 3158 caelestis.
1299 3101 1406 3158 Sed
1461 3117 1568 3157 non
1598 3113 1682 3157 est
1736 3117 1866 3157 cura
1891 3105 2094 3159 sanctis

2198 1897 2677 1950 eundiamvestram
2715 1893 2934 1968 (Ep/tes.
2975 1909 3048 1962 tv,
3081 1894 3198 1964 26).
3237 1893 3371 1948 llinc
3407 1902 3587 1964 potest
3613 1893 3807 1962 colligi

2200 1988 2324 2058 quia
2341 1987 2530 2042 iisdem
2549 1989 2754 2043 oriatur
2770 1996 2826 2043 et
2842 1987 3072 2051 occidat,
3089 2001 3318 2056 quorum
3331 1997 3386 2042 et
3399 1987 3527 2061 vitia
3543 1986 3804 2058 sepeliat,

2200 2088 2255 2134 et
2285 2079 2555 2134 illuminet
2592 2079 2848 2150 gratiam.
2885 2079 3127 2134 Mortuus
3144 2087 3229 2134 est
3274 2079 3417 2134 enim
3448 2092 3675 2150 peccato
3701 2122 3718 2145 ,
3748 2091 3809 2136 ut

2205 2173 2315 2228 Deo
2341 2175 2584 2240 viveret;
2619 2175 2722 2229 hoc
2748 2182 2871 2240 est,
2903 2180 3128 2243 peccato
3151 2186 3337 2227 sumus
3370 2173 3423 2226 in
3461 2172 3554 2226 illo
3579 2172 3806 2239 mortui,

2203 2275 2259 2321 ιιι
2288 2266 2399 2321 Deo
2449 2265 2502 2319 in
2531 2275 2855 2335 perpetuum
2899 2265 3228 2320 viveremus.
3265 2263 3402 2320 Vide
3444 2264 3620 2334 ipsum
3651 2280 3810 2337 mys—

2202 2361 2392 2415 terium
2413 2359 2854 2430 prmnuntiatum.
2876 2358 2940 2412 Et
2962 2359 3145 2424 oritur,
3164 2357 3362 2428 inquit,
3386 2357 3465 2412 sol
3480 2399 3494 2422 ,
3519 2368 3567 2412 et
3584 2358 3808 2425 occidit,

2200 2463 2249 2506 et
2270 2455 2324 2506 in
2355 2454 2526 2506 locum
2546 2469 2700 2507 suum
2732 2453 2910 2506 trahit.
2955 2451 3068 2506 Hoc
3093 2461 3174 2506 est
3211 2450 3356 2521 quod
3391 2452 3467 2504 ait
3487 2448 3762 2506 Dominus
3794 2468 3808 2505 :

2202 2544 2333 2599 Cum
2373 2545 2633 2600 exaltatus
2683 2548 2948 2616 fuero.....
2983 2545 3154 2597 omnia
3191 2543 3394 2596 traham
3423 2540 3493 2596 ad
3516 2557 3596 2596 me
3625 2542 3809 2612 ipsum

2203 2638 2383 2710 (Joan.
2417 2653 2515 2706 ιιι,
2540 2638 2655 2711 '52).
2688 2638 2879 2693 Traxit
2921 2637 3064 2692 enim
3097 2635 3163 2691 ad
3195 2651 3257 2692 se
3296 2635 3537 2691 omnium
3587 2635 3805 2700 studia,

2202 2745 2261 2791 ut
2289 2735 2371 2790 vel
2395 2743 2617 2805 peccata
2647 2741 2832 2788 nostra
2857 2731 3224 2802 crnciﬁgeret,
3258 2730 3340 2785 vel
3363 2731 3560 2784 bonum
3586 2732 3806 2802 1121

2203 2827 2475 2896 ingenium
2503 2825 2570 2881 ad
2597 2825 2863 2897 justitiam
2893 2833 3238 2894 provocaret.
3269 2823 3507 2878 Adverte
3529 2822 3808 2891 quemad-

2202 2918 2422 2974 modum
2446 2917 2625 2975 trahat
2654 2917 2722 2971 ad
2746 2933 2804 2972 se
2837 2934 2849 2970 :
2887 2915 3164 2970 Pater.....
3199 2915 3314 2969 volo
3338 2921 3394 2967 ut
3416 2913 3502 2966 ubi
3528 2927 3619 2984 ego
3649 2928 3807 2977 sum,

2200 3023 2248 3069 et
2294 3014 2378 3067 isti
2432 3014 2534 3067 sint
2581 3029 2777 3068 mecum
2809 3010 2988 3083 (Joan.
3019 3026 3150 3074 xvtt,
3181 3009 3299 3080 24).
3334 3009 3401 3062 Et
3432 3005 3499 3061 ad
3529 3006 3805 3061 latronem

2199 3104 2274 3158 ait
2304 3121 2316 3157 :
2346 3103 2521 3158 Hodie
2569 3120 2767 3157 merum
2803 3103 2904 3157 eris
2949 3103 3000 3156 in
3045 3100 3292 3172 paradiso
3314 3098 3468 3169 (Luc.
3500 3112 3650 3152 χχιιι.
3678 3095 3805 3168 45).

497 3206 656 3246 axem
708 3195 866 3260 coeli,
926 3204 983 3250 et
1028 3195 1428 3250 elementorum
1491 3194 1662 3264 spatia
1713 3195 2096 3265 pltiloSOphico
2123 3185 2169 3248 C
2204 3195 2438 3250 Adverte
2459 3195 2731 3264 quomodo
2760 3194 2940 3249 omnia
2971 3191 3166 3248 trahat.
3200 3191 3480 3246 Exaltatus
3512 3197 3803 3255 estcruce,

502 3299 677 3350 more,
704 3302 1070 3358 numerosque
1087 3286 1397 3342 describere
1413 3286 1560 3357 (quid
1580 3287 1726 3341 enim
1753 3287 1855 3342 hoc
1878 3288 2100 3358 prodest

499 3379 687 3450 saluti)
732 3380 856 3450 quia
901 3380 1073 3435 sancti
1105 3379 1446 3450 spiritalibus
1467 3393 1688 3450 semper
1710 3379 2019 3447 intendunt,
2045 3389 2099 3435 et

499 3469 627 3524 vitae
653 3478 872 3526 aeterna:
898 3474 1179 3541 profutura
1202 3471 1288 3526 vel
1317 3485 1651 3542 cognoscere
1688 3474 1953 3544 gestiunt,
2010 3475 2095 3530 vel

499 3562 719 3617 docere.

570 3653 662 3708 2i.
698 3655 935 3724 Denique
963 3655 1107 3710 hunc
1132 3656 1308 3710 locum
1331 3655 1557 3726 pulchre
1581 3657 1736 3712 nobis
1758 3659 1973 3726 aperuit
1995 3657 2096 3712 Ec-

499 3746 784 3802 clesiastes
817 3747 1121 3817 Spiritalem
1152 3761 1297 3812 esse,
1322 3762 1428 3801 non
1459 3747 1818 3814 ntaterialem,
1863 3747 2049 3802 dicens
2078 3766 2091 3801 :

502 3837 634 3904 Qua:
651 3837 970 3893 abundantia
993 3840 1188 3894 homini
1214 3841 1268 3892 in
1297 3841 1436 3893 omni
1459 3840 1633 3894 labore
1657 3857 1751 3895 suo
1771 3857 1872 3910 quo
1897 3840 2096 3894 laborat

497 3933 590 3986 sub
617 3934 763 3988 sole?
783 3932 1060 3988 Generatio
1089 3934 1260 4001 vadit,
1308 3945 1356 3990 et
1381 3937 1643 4005 generatio
1665 3935 1798 3988 venit
1821 3977 1834 4000 ,
1879 3945 1927 3989 et
1958 3945 2094 3989 terra

496 4037 593 4080 stat
624 4029 678 4081 in
706 4028 952 4082 steculum
971 4028 1170 4096 (Eccle.
1196 4045 1244 4093 ι,
1275 4031 1372 4085 5et
1399 4029 1488 4097 4);
1515 4027 1620 4083 hoc
1643 4039 1748 4094 est,
1773 4045 1893 4099 quae
1923 4029 2095 4086 abun-

499 4121 685 4175 dantia
725 4120 952 4186 Spiritali
987 4119 1196 4174 homini
1240 4121 1507 4175 laboranti
1557 4122 1658 4176 sub
1695 4122 2094 4189 solejustitim?

501 4211 568 4266 Et
593 4211 826 4280 subjecit
855 4229 867 4263 :
899 4210 1174 4265 Generatio
1199 4212 1366 4275 vadit,
1395 4223 1441 4265 et
1474 4215 1734 4281 generatio
1757 4215 1910 4268 venit.
1934 4214 2096 4270 Vadit

497 4307 812 4375 generatio,
859 4306 982 4373 quia
1024 4305 1205 4359 divites
1249 4314 1494 4375 eguerunt
1521 4316 1566 4359 et
1603 4305 2091 4379 esurieruut(Psal.

497 4411 687 4460 χχχιιι,
714 4396 823 4467 ll).
844 4397 949 4465 Qui
967 4407 1096 4452 ante
1121 4397 1470 4452 abundabant
1487 4398 1678 4467 gratia,
1701 4411 1888 4468 postea
1913 4410 2090 4456 tamen

497 4499 720 4562 propter
755 4489 1037 4559 perﬁdiam
1072 4503 1224 4543 suam
1252 4504 1413 4559 egere
1436 4500 1741 4558 cmpernnt.
1773 4489 1876 4558 Qui
1908 4501 2089 4547 autem

2202 3299 2255 3343 et
2281 3297 2424 3342 toms
2449 3286 2679 3342 credidit
2702 3287 2956 3342 mundus.

2270 3383 2363 3438 23.
2394 3383 2517 3454 Ipse
2546 3384 2739 3448 oriens,
2767 3381 2962 3452 inquit,
2993 3380 3134 3434 vadit
3169 3381 3238 3433 ad
3278 3386 3534 3440 austrum,
3564 3386 3615 3431 et
3647 3384 3807 3447 gyrat

2200 3474 2269 3529 ad
2295 3477 2608 3546 aquilonem.
2639 3475 2731 3529 Ille
2757 3474 2941 3543 utique
2968 3474 3173 3536 oriens,
3203 3471 3292 3540 qui
3331 3469 3409 3524 ait
3441 3487 3454 3524 :
3485 3467 3674 3522 Oriens
3703 3483 3803 3522 no-

2199 3586 2317 3624 men
2346 3579 2418 3624 est
2443 3570 2568 3624 mihi
2600 3568 2786 3640 (Zach.
2819 3584 2892 3631 u,
2925 3567 3014 3637 l2)
3045 3585 3058 3620 :
3085 3565 3177 3637 qui
3217 3578 3432 3633 semper
3458 3563 3637 3619 oritur
3669 3563 3802 3633 piis,

2200 3678 2492 3733 numquam
2525 3661 2741 3717 occidit.
2772 3659 2896 3731 Ipse
2923 3662 3105 3714 oriens
3128 3657 3328 3728 populo
3351 3656 3710 3712 Hebraeorum
3735 3655 3803 3708 ad

2199 3765 2445 3831 austrum
2476 3753 2596 3820 ivit,
2631 3753 2697 3807 ad
2728 3752 3030 3808 molliorem
3061 3750 3342 3820 populum,
3378 3745 3593 3802 luxuria
3627 3745 3805 3817 magis

2201 3847 2461 3903 ferventis
2491 3847 2740 3916 corporis
2769 3845 3058 3907 lubricum,
3089 3857 3250 3914 quam
3282 3839 3806 3910 impietatis‘Limmao

2200 3942 2368 3997 nitate
2392 3940 2698 4011 przedurum
2732 3957 2744 3992 :
2777 3947 2870 3992 aut
2913 3946 3065 3991 certe
3093 3937 3158 3989 ad
3204 3933 3524 3989 nobiliorem
3555 3932 3801 4001 plebem,

2197 4052 2317 4107 quae
2357 4046 2471 4090 erat
2498 4049 2670 4104 genus
2713 4032 2970 4095 electum,
3005 4027 3286 4084 vindicans
3315 4025 3416 4080 sibi
3462 4023 3802 4094 patriarcha-

2196 4144 2313 4182 rum
2333 4126 2660 4197 prosapiam.
2687 4123 2794 4179 Sed
2838 4123 2960 4187 quia
2998 4118 3382 4191 perseverabat
3407 4115 3461 4171 in
3492 4115 3664 4177 vitiis,
3699 4128 3802 4168 nec

2195 4221 2520 4276 emendabat
2568 4234 2844 4278 errorem:
2898 4217 3018 4272 ideo
3061 4216 3143 4270 sol
3182 4213 3405 4283 iustitia:
3462 4212 3683 4281 gyravit
3732 4211 3798 4265 ad

2195 4321 2404 4382 gentes,
2457 4326 2578 4379 quae
2624 4319 2751 4365 ante
2798 4309 3029 4378 eloquiis
3071 4305 3386 4363 cmlestibus
3433 4302 3799 4369 defraudatur,

2196 4402 2512 4459 dimmanes
2557 4412 2614 4459 et
2667 4403 2930 4473 ignobiles
2983 4400 3359 4464 habebantur;
3413 4397 3598 4469 aquilo
3649 4398 3799 4453 enim

2196 4497 2374 4568 gravis
2401 4507 2616 4564 ventus,
2667 4505 2725 4550 ut
2749 4495 2984 4567 populus
3026 4494 3327 4548 nationum.
3361 4490 3468 4547 Sed
3500 4489 3592 4561 qui
3639 4498 3804 4545 erant

494 4597 764 4654 pauperes
809 4590 967 4637 erant
1011 4582 1192 4652 pepuli
1245 4582 1562 4647 nationum,
1615 4583 1728 4652 jam
1783 4598 1880 4653 per
1927 4582 2087 4639 ﬁdem
2117 4576 2387 4658 Dgraves
2430 4598 2554 4644 ante
2598 4588 2846 4659 perﬁdia,
2899 4601 3042 4642 nunc
3087 4599 3252 4656 super
3295 4582 3503 4654 aquilas
3557 4581 3804 4636 leviores

490 4678 693 4735 Christi
736 4677 1000 4734 satiantur
1048 4687 1102 4733 et
1143 4678 1452 4745 abttndant,
1501 4679 1643 4734 sicut
1669 4680 1934 4749 scriptum
1958 4690 2084 4736 est:

489 4770 662 4824 Edent
690 4788 960 4844 pauperes,
989 4781 1035 4825 et
1062 4772 1432 4826 saturabuntur
1455 4770 1575 4842 (Ps.
1603 4789 1716 4839 xxr,
1746 4773 1864 4844 27).
1889 4773 2087 4827 Audie-

491 4872 618 4917 runt
647 4865 794 4917 enim
836 4862 1114 4918 dicentem
1145 4879 1159 4917 :
1190 4863 1594 4918 Abundantes...
1630 4863 1656 4900 ι)
1688 4865 1742 4918 in
1769 4867 1907 4919 omni
1935 4866 2085 4920 verba

561 5007 587 5035 ιι
627 4996 774 5051 Edit.
829 4995 1008 5060 Rom.,
1045 4996 1162 5049 licet
1189 4997 1354 5065 ipsam
1382 4998 1438 5050 in
1468 4997 1757 5051 meditullio
1792 4999 1928 5062 caeli,
1967 5009 2074 5052 etc.

486 5071 610 5139 Vet.
645 5082 707 5121 ac
737 5067 1324 5139 mss..__in_hemicyclo,
1359 5067 1636 5134 nonnulli,
1662 5069 1719 5121 in
1753 5069 2074 5139 hemicyclio.

487 5138 629 5196 Nihil
652 5146 833 5191 autem
866 5137 1012 5190 aliud
1038 5140 1149 5189 vult
1176 5146 1396 5192 sanctus
1429 5150 1645 5202 noster,
1702 5140 1802 5194 nisi
1847 5137 2074 5204 terram,

485 5213 540 5266 in
572 5225 674 5275 qua
695 5207 1053 5272 consistimus;
1085 5207 1188 5261 hoc
1209 5217 1326 5274 est,
1360 5210 1799 5278 hemisphaerium
1831 5220 2076 5264 uestrum

489 5283 909 5350 medimtatttutn
943 5280 1087 5350 parti
1107 5278 1252 5333 Orbis
1274 5279 1512 5334 cmlestis
1544 5281 1907 5350 respondere;
1930 5281 2078 5336 ideo-

487 5368 591 5423 que
627 5349 844 5423 solent,
885 5348 976 5423 ubi
1024 5349 1091 5402 ad
1135 5351 1294 5404 aliam
1347 5348 1664 5423 transierit,
1702 5367 1730 5403 a
1781 5352 1935 5405 nobis
1973 5367 2074 5406 non

486 5417 648 5494 posse
679 5419 868 5494 videri.
920 5417 1185 5473 (lu-terum
1233 5435 1331 5494 per
1352 5436 1414 5474 ea
1443 5437 1562 5494 qum
1589 5422 1863 5492 subjungit
1893 5423 2080 5494 verba,

487 5490 532 5546 Et
559 5493 603 5562 is
627 5492 715 5558 qui
737 5493 866 5559 {oris
894 5499 967 5562 est
991 5505 1178 5562 sermo,
1210 5490 1616 5562 philosophicas
1632 5490 2082 5547 ratiocinationes

485 5561 759 5630 designari
809 5563 878 5614 ah
903 5559 1196 5616 Ambrosio
1215 5559 1330 5631 jam
1353 5559 1461 5616 non
1485 5562 1655 5617 semel
1702 5563 1852 5619 licuit
1887 5562 2078 5620 adver-

491 5643 626 5688 tere.

530 5701 590 5783 Hb
629 5699 830 5756 Omnes
874 5699 988 5756 fere
1018 5715 1175 5770 mss.,
1222 5703 1277 5756 in
1296 5703 1434 5756 omni
1460 5702 1610 5772 bono,
1640 5721 1742 5759 non
1763 5705 1818 5759 in
1848 5707 2081 5772 pecuniis

489 5779 680 5841 utique.

2195 4670 2479 4736 facti'sunt
2513 4681 2638 4749 ﬁde,
2670 4692 2833 4751 atque
2873 4680 3093 4751 pietate,
3126 4686 3475 4748 posteaquam
3505 4674 3660 4729 venit
3703 4675 3801 4744 qui

2194 4773 2400 4829 diceret
2431 4793 2442 4827 :
2483 4784 2505 4810 ε·
2529 4773 2613 4828 Ab
2642 4773 2893 4844 aquilone
2923 4771 3097 4826 adduc
3128 4769 3297 4844 (Esai.
3333 4784 3486 4835 mn,
3517 4767 3601 4840 6).
3638 4766 3712 4822 Ει
3745 4769 3799 4823 in

2196 4866 2533 4936 Evangelio:
2579 4865 2791 4921 Venient
2838 4866 2900 4920 ab
2945 4864 3154 4920 Oriente
3197 4871 3247 4918 et
3295 4861 3587 4928 Occidente,
3637 4871 3692 4916 et
3734 4861 3801 4916 ab

2260 5011 2280 5038 ε
2307 5001 2382 5056 lla
2406 5002 2538 5057 edit.
2566 5017 2781 5067 omnes,
2803 5002 3000 5072 quibus
3023 5001 3290 5057 accedunt
3307 5016 3440 5056 mss.
3467 5015 3575 5056 non
3599 5003 3796 5069 pauci.

2183 5070 2320 5146 Qcto
2353 5082 2531 5128 tamen
2575 5070 2833 5141 prohatte
2867 5088 3058 5128 n‘tanus
3106 5073 3290 5144 legunt
3321 5090 3334 5125 :
3362 5074 3598 5146 gyrando
3634 5084 3799 5144 gyrat

2183 5141 2437 5216 Christus,
2470 5155 2519 5198 et
2544 5146 2597 5198 in
2619 5160 2797 5216 gyros,
2821 5153 2930 5198 etc.

2255 5217 2281 5250 α
2310 5215 2435 5286 Mss.
2488 5231 2594 5269 non
2621 5213 2805 5286 pauci,
2847 5216 3027 5286 inanes
3070 5224 3118 5269 et
3146 5213 3398 5286 ignobiles
3443 5215 3796 5272 habebantur.

2259 5294 2282 5320 θ
2308 5285 2466 5339 Rom.
2499 5284 2639 5340 edit.
2665 5287 2801 5352 sola,
2822 5285 2897 5339 Ab
2922 5287 3114 5340 oriente
3137 5284 3397 5339 adducam
3418 5301 3588 5339 semen
3614 5297 3796 5354 tuum;

2187 5365 2231 5410 et
2254 5357 2317 5410 ab
2341 5357 2606 5411 occidente
2632 5358 2950 5428 congregabo
2981 5367 3028 5410 te
3059 5374 3078 5411 :
3101 5358 3268 5411 dicam
3295 5356 3542 5424 aquiloni,
3575 5358 3796 5424 adduc;

2188 5436 2234 5481 et
2260 5428 2445 5498 africa,
2469 5444 2532 5480 ne
2561 5426 2854 5494 prohibeas.
2894 5426 3094 5482 Verum
3143 5438 3200 5481 ut
3241 5429 3473 5481 maxime
3503 5429 3796 5495 probabile

2185 5499 2253 5552 sit
2282 5513 2347 5553 eo
2399 5501 2708 5569 respexisse
2739 5499 3082 5553 Ambrosium
3126 5507 3392 5564 nostrum,
3441 5498 3661 5553 videtur
3704 5510 3793 5555 ta-

2186 5585 2308 5623 men
2337 5583 2442 5622 non
2470 5579 2577 5624 tam
2617 5571 2729 5638 ipsa
2763 5570 3043 5638 propheta:
3075 5569 3234 5624 verba
3267 5569 3505 5624 voluisse
3535 5572 3796 5637 proferre

2181 5640 2237 5762 ἔῃ
2277 5639 2535 5706 mediutn,
2578 5656 2737 5711 quam
2777 5641 2958 5696 tecum
2999 5640 3164 5697 veluti
3201 5649 3448 5696 extremo
3479 5638 3658 5712 digito
3705 5644 3795 5699 in-

2221 5721 2386 5762 teare.

2221 5721 2386 5765 tcare.‘
