3948 6350
160 265 186 320 1
197 264 308 321 369

1246 261 1311 317 IN
1351 261 1680 320 PSALMUM
1719 260 1931 319 CXVIII
1975 259 2359 318 EXPOSITIO.

3337 262 3475 320 1570

165 383 446 452 Aquilone,
480 389 529 436 et
561 381 771 446 Austro,
800 389 846 434 et
873 381 1167 434 recumbent
1187 396 1302 434 cum
1329 380 1590 434 Abraham
1614 381 1668 434 in
1686 396 1771 434 re-
1800 384 1850 443 Α
1877 394 2124 444 occasus,
2171 388 2226 435 et
2253 378 2345 433 flat
2377 377 2550 434 noctis
2600 377 2917 434 successio?
2945 378 3053 434 Sed
3107 387 3236 434 sunt
3278 362 3476 452 quibus

165 490 265 547 gna
294 473 395 528 Dei
423 473 584 543 (Luc.
619 489 735 539 xm,
765 473 879 542 29).
915 473 980 528 Et
1008 487 1138 529 ecce
1179 482 1304 528 sunt
1349 474 1650 541 novissimi,
1681 474 1771 545 qui

167 578 323 622 erant
374 567 540 637 primi
583 576 678 621 :et
724 575 851 621 sunt
908 565 1104 636 primi,
1157 567 1247 637 qui
1297 574 1453 622 erant
1495 565 1773 621 novissimi

175 659 395 733 (Matth.
435 676 535 723 xx,
580 658 691 728 16).
750 658 992 728 Denique
1047 665 1104 713 et
1145 659 1260 728 ipse
1307 657 1598 712 Psalmista
1652 657 1771 712 ait:

173 752 330 808 Mons
361 753 518 816 Sion,
540 752 703 806 latera
724 751 1004 821 aquilonis,
1032 751 1207 804 ciuitas
1234 751 1370 821 regis
1396 751 1569 822 magni
1598 749 1772 822 (Paul.

173 859 339 910 van,
375 843 432 915 '5)
456 860 472 908 ;
503 843 608 898 hoc
635 853 740 907 est,
767 843 858 913 qui
879 854 1035 897 erant
1057 842 1327 913 aquilonis
1352 842 1517 907 latus,
1542 843 1776 914 populus

169 936 348 991 factus
388 944 476 991 est
520 933 686 1005 Regis
730 934 940 1001 aeterni,
967 934 1233 1004 quisnlus
1280 943 1365 990 est
1416 949 1640 1004 magnus
1673 934 1778 990 Do-

173 1031 377 1085 minus.

244 1123 338 1177 ει.
370 1121 478 1178 Sed
527 1121 667 1177 forte
711 1120 903 1177 dicas:
930 1120 1212 1191 Quomodo
1263 1124 1317 1178 in
1365 1120 1604 1178 Canticis
1645 1133 1774 1179 est:

173 1213 439 1286 Exsurge,
459 1213 675 1285 aquilo;
705 1223 754 1269 et
782 1215 918 1281 veni,
955 1225 1129 1269 auster
1150 1215 1322 1287 (Cant.
1345 1231 1422 1279 tv,
1459 1215 1573 1288 16).
1606 1216 1780 1273 Pleri-

174 1323 280 1378 que
305 1308 454 1364 enim
478 1307 756 1378 accipiunt
783 1307 935 1378 quasi
969 1307 1285 1377 projiciatur
1320 1307 1521 1378 aquilo,
1553 1316 1608 1362 et
1641 1307 1780 1363 invi-

175 1409 323 1456 tetur
360 1409 566 1454 auster.
615 1397 769 1466 Quod
817 1399 860 1453 si
907 1399 980 1452 ita
1012 1399 1284 1469 accipiunt
1309 1416 1322 1453 :
1352 1399 1668 1455 exturbatur
1710 1399 1779 1454 ab

176 1494 418 1550 Ecclesia
467 1493 707 1563 perfidiae
753 1491 994 1562 glacialis
1037 1494 1301 1562 asperitas
1340 1510 1352 1546 :
1393 1492 1478 1547 Ne
1521 1494 1611 1560 fiat
1652 1493 1779 1564 fuga

177 1598 358 1642 nostra
387 1587 588 1651 hieme,
621 1587 698 1642 vel
728 1587 936 1642 sabbato
966 1586 1182 1659 (Matth.
1219 1603 1375 1655 xxw,
1403 1588 1523 1658 20),
1555 1598 1610 1644 et
1642 1588 1774 1643 invi-

176 1689 327 1734 tatur
353 1679 609 1733 australis
631 1694 798 1733 verna
830 1681 1138 1749 temperies.
1164 1679 1270 1733 Aut
1296 1688 1445 1735 certe
1470 1698 1482 1732 :
1514 1679 1774 1753 Exsurge,

1879 485 2097 542 semper
2135 470 2254 525 dies
2291 478 2397 536 est,
2430 469 2538 525 illis
2567 468 2753 538 utique
2783 468 2984 540 quibus
3024 467 3274 527 Christus
3297 471 3475 540 adest,

1877 565 1970 635 qui
2015 564 2185 619 dicit:
2211 561 2502 629 Ambulate,
2547 563 2672 616 dum
2712 562 2882 617 lucem
2929 563 3128 618 habetis
3161 563 3343 634 (Joan.
3377 581 3474 632 xtl,

1878 657 1993 728 55).
2021 658 2119 713 Hic
2159 666 2240 712 est
2271 656 2391 712 dies
2426 672 2584 728 quem
2630 657 2767 711 vidit
2795 655 3094 723 Abraham,
3124 656 3245 713 dies
3286 659 3478 714 remis-

1878 750 2048 805 sionis
2076 758 2419 820 peccatorum
2444 746 2625 822 (Joan.
2659 764 2776 813 vtn,
2812 745 2928 819 56),
2953 747 3025 804 de
3045 764 3153 819 quo
3177 749 3310 819 legis
3336 766 3348 803 :
3374 749 3478 803 Hic

1878 853 1952 898 est
1976 843 2086 897 dies
2112 858 2262 912 quem
2284 843 2404 914 fecit
2433 841 2712 909 Dominus,
2741 841 3059 896 exsultemus
3085 851 3134 896 et
3165 842 3400 896 ltetemur
3422 844 3478 898 in

1878 951 1936 988 eo
1977 934 2152 1007 (Psal.
2198 933 2507 1004 cxvn,2t).
2554 934 2692 990 Sunt
2734 948 2866 1005 ergo
2913 932 3109 999 sancti,
3155 934 3349 1003 quibus
3396 935 3478 989 sol

1880 1041 2172 1097 numquam
2201 1027 2432 1082 occidit:
2462 1027 2586 1098 quia
2626 1028 2890 1082 Dominus
2918 1025 3008 1082 lux
3030 1040 3219 1082 eorum
3251 1035 3358 1094 est,
3405 1027 3480 1082 si-

1879 1130 1970 1176 cut
2011 1122 2276 1190 scriptum
2304 1128 2424 1176 est:
2459 1118 2528 1175 Et
2569 1119 2666 1174 erit
2694 1119 2802 1174 illis
2836 1118 3088 1174 Dominus
3113 1119 3289 1173 lumen
3329 1128 3478 1174 teter-

1880 1231 2004 1268 uum
2031 1211 2204 1284 (Esai.
2240 1229 2329 1278 ως,
2362 1211 2475 1284 19).

1950 1307 2041 1362 27.
2087 1307 2154 1362 Et
2181 1305 2455 1374 expressit
2492 1321 2709 1361 causam
2740 1305 3112 1376 permanentis
3141 1304 3273 1371 diei,
3316 1314 3479 1375 atque

1879 1402 2196 1458 subtexuit:
2232 1399 2588 1467 Dispositione
2635 1409 2725 1453 tua
2754 1408 3020 1469 permanet
3065 1397 3211 1463 dies;
3236 1398 3480 1469 quoniam

1881 1496 2120 1549 universa
2147 1493 2375 1549 serviunt
2405 1492 2514 1546 tibi.
2543 1491 2776 1547 Videtur
2804 1494 2986 1561 itaque
3009 1491 3316 1563 significare
3339 1491 3480 1546 futu-

1883 1606 2000 1644 rtun
2032 1589 2186 1652 illud,
2219 1588 2439 1658 quando
2467 1585 2594 1641 No.1:
2621 1604 2726 1641 non
2747 1587 2846 1641 erit
2872 1586 3102 1656 amplius
3121 1626 3136 1652 ,
3183 1596 3235 1641 et
3264 1601 3367 1640 non
3395 1585 3481 1640 in-

1882 1683 2136 1754 digebitur
2153 1683 2403 1748 lacerum,
2445 1681 2522 1736 vel
2552 1680 2677 1736 salis
2704 1681 2938 1745 lumine;
2965 1679 3208 1750 quoniam
3230 1679 3483 1735 Dominus

177 1771 377 1838 aquila,
404 1770 506 1824 hoc
527 1778 632 1836 est,
653 1786 822 1840 surge,
857 1769 946 1840 qui
970 1770 1185 1835 dormis,
1203 1780 1249 1823 et
1272 1787 1489 1840 exsurge
1511 1787 1542 1823 a
1566 1771 1778 1824 mortuis
1811 1783 1854 1843 Β
1882 1774 2196 1832 illuminabit
2239 1791 2324 1830 eos
2357 1772 2546 1847 (Apoc.
2600 1789 2738 1840 xxn,
2767 1772 2848 1844 5).
2898 1771 2999 1841 Qui
3044 1774 3152 1828 sint
3197 1771 3274 1827 illi
3318 1787 3482 1843 supra

177 1862 403 1935 (Ephes.
426 1878 477 1927 v,
511 1863 622 1934 Η).
656 1864 888 1933 Populus
924 1865 1225 1927 nationum,
1252 1863 1340 1933 qui
1372 1862 1461 1917 diu
1507 1874 1630 1919 ante
1656 1864 1780 1919 dor-

179 1955 353 2020 misti,
399 1955 591 2026 evigila
624 1956 939 2026 aliquando,
984 1965 1040 2010 et
1069 1955 1352 2011 illucescet
1383 1956 1479 2010 tibi
1503 1954 1775 2012 Christus.

181 2048 471 2105 Postremo
507 2063 701 2104 omnes
740 2049 1032 2104 invitantur
1068 2049 1132 2103 ad
1164 2048 1495 2114 Ecclesiam,
1532 2057 1588 2104 et
1615 2049 1784 2120 Syna-

186 2156 342 2215 gogre
379 2142 632 2212 populus,
665 2151 718 2197 et
759 2141 1037 2210 gentilium
1075 2159 1087 2194 :
1124 2141 1218 2196 sed
1263 2142 1411 2212 prius
1454 2141 1780 2215 Synagugm;

181 2232 311 2304 quia
356 2233 563 2302 priores
609 2247 674 2288 ex
721 2231 921 2288 Judteis
959 2232 1188 2302 apostoli
1242 2232 1623 2298 crediderunt,
1690 2248 1784 2302 per

185 2328 338 2395 ipsos
373 2333 562 2396 postea
601 2325 877 2380 nationum
910 2325 1088 2396 populi
1116 2325 1428 2396 congregati
1455 2336 1601 2378 sunt.

259 2416 354 2474 25.
384 2417 513 2472 Vide
549 2432 682 2488 ergo
723 2419 1030 2471 venientem
1063 2416 1232 2472 solem
1266 2425 1510 2471 nostrum
1541 2416 1608 2471 ad
1654 2431 1783 2470 aus-

185 2524 359 2577 trum,
395 2522 579 2582 postea
626 2520 910 2582 gyrantem
950 2509 1018 2565 ad
1058 2511 1388 2581 aquilonem.
1425 2507 1782 2576 Hierusalem,

188 2603 526 2659 Hierusalem
555 2601 729 2674 (venit
779 2595 963 2672 utique
1004 2601 1069 2656 ad
1117 2616 1259 2666 eam,
1293 2617 1451 2671 quam
1503 2600 1665 2655 etiam
1692 2617 1785 2655 vo-

185 2713 319 2753 care
349 2697 603 2767 dignatus
631 2706 748 2761 est;
791 2695 886 2750 sed
919 2694 1034 2749 haec
1065 2693 1404 2749 Hierusalem
1431 2702 1645 2750 terrena
1676 2700 1782 2760 est,

182 2806 310 2862 qua:
355 2789 556 2845 occidit
586 2787 906 2860 prophetas,
957 2789 1059 2842 hoc
1107 2795 1211 2852 est,
1263 2787 1545 2858 Synagoga
1572 2785 1787 2841 ,1υάωο-

185 2883 360 2956 rum),
394 2883 618 2954 quoties,
648 2881 849 2952 inquit,
881 2879 1022 2934 volui
1042 2893 1360 2950 congregare
1387 2875 1526 2947 ﬁlios
1557 2887 1693 2944 tuos,
1719 2879 1791 2931 si-

183 2985 272 3031 cut
299 2974 494 3048 gallina
524 2972 699 3043 pullos
744 2987 891 3036 suos,
947 2981 994 3025 et
1022 2969 1273 3024 noluisti!
1300 2967 1439 3022 Ecce
1467 2969 1788 3039 relinquetur

184 3068 330 3123 tabis
363 3069 548 3121 damus
595 3075 761 3120 vestra
803 3065 1004 3120 deserta
1045 3063 1262 3137 (Matth.
1298 3077 1456 3127 xxut,
1483 3060 1553 3116 37
1583 3070 1635 3116 et
1668 3062 1783 3127 58).

1882 1872 1977 1934 ait,
2012 1870 2200 1926 dicens
2234 1889 2247 1922 :
2279 1868 2344 1923 Et
2374 1870 2506 1923 servi
2546 1872 2660 1940 ejus
2704 1868 2925 1922 servient
2952 1868 2997 1920 ei
3027 1865 3224 1939 (ΗΜ,
3255 1864 3333 1937 3),
3380 1865 3484 1920 hoc

1883 1974 1988 2030 est,
2018 1963 2233 2018 Domini
2261 1963 2460 2017 facient
2487 1961 2841 2016 voluntatem.
2872 1959 3026 2014 Nunc
3055 1958 3200 2015 enim
3233 1973 3339 2013 non
3367 1972 3485 2014 om-

1886 2072 1980 2113 nes
2006 2057 2275 2112 servimus
2301 2073 2314 2108 :
2345 2052 2475 2109 Cum
2515 2061 2694 2108 autem
2723 2051 2998 2106 tradiderit
3025 2065 3242 2124 regnum
3288 2048 3391 2103 Deo
3434 2058 3484 2103 et

1888 2150 2132 2204 Patri....
2157 2158 2276 2203 tunc
2301 2147 2534 2222 subjecta
2559 2154 2707 2200 erunt
2750 2145 2924 2199 omnia
2963 2147 3008 2198 ei
3039 2142 3084 2216 (Ι
3115 2140 3237 2196 Cor.
3271 2157 3360 2207 xv,
3387 2141 3482 2208 24,

1883 2243 2001 2316 '18),
2042 2243 2136 2314 'qui
2165 2241 2268 2297 sibi
2319 2243 2567 2298 universa
2612 2238 2867 2309 subjecit,
2910 2237 3201 2307 acquirens
3241 2234 3483 2290 omnium

1886 2339 2044 2392 (idem
2077 2352 2174 2406 per
2195 2334 2455 2406 unigenili
2480 2334 2811 2404 passionem.
2841 2329 3124 2400 Subjectio
3150 2330 3313 2399 igitur
3334 2344 3486 2383 mcu-

1886 2433 2016 2486 tium
2077 2429 2204 2484 facit
2249 2427 2490 2484 sedulam
2539 2426 2878 2481 servitutem.
2924 2424 3067 2495 Ergo
3120 2437 3244 2477 cum
3292 2437 3486 2478 omnes

1886 2521 2220 2578 crediderint
2254 2522 2304 2574 in
2356 2519 2640 2575 Dominum
2670 2516 2883 2581 Jesum,
2917 2525 3044 2570 tunc
3086 2515 3342 2568 universa
3374 2512 3484 2568 Deo

1885 2619 2153 2683 servient;
2186 2624 2245 2670 ut
2291 2616 2361 2669 sit
2405 2614 2546 2668 Deus
2573 2610 2776 2676 omnia,
2825 2617 2880 2663 et
2909 2608 2962 2662 in
3003 2608 3257 2662 omnibus
3286 2624 3298 2660 :
3331 2621 3478 2660 nunc

1887 2720 2066 2766 autem
2096 2723 2203 2764 non
2232 2721 2422 2764 oumes
2441 2705 2583 2760 servi
2611 2704 2741 2768 Dei;
2771 2703 2894 2770 quia
2925 2699 3166 2771 plerique
3183 2699 3325 2754 servi
3352 2712 3482 2768 pec-

1887 2802 2017 2858 cati.
2063 2800 2166 2868 Qui
2221 2800 2363 2854 enim
2415 2808 2684 2867 peccatum
2733 2795 2887 2866 facit,
2939 2807 3113 2847 seruus
3163 2800 3239 2844 est
3289 2789 3485 2859 peccati

1889 2891 2074 2965 (Jaan.
2106 2907 2217 2956 vnt,
2244 2889 2365 2960 54).
2407 2888 2664 2943 Dominus
2715 2897 2897 2941 autem
2931 2899 3037 2938 non
3065 2883 3178 2936 vult
3206 2895 3328 2936 cum
3361 2881 3482 2935 aliis

1889 2983 2223 3040 consortium
2257 2980 2459 3036 habere
2499 2977 2832 3034 dominatus.
2866 2976 3158 3030 Permanet
3199 2987 3330 3042 ergo
3366 2971 3484 3027 dies

1891 3075 2264 3134 immutabilis.
2306 3073 2492 3128 Potuit
2526 3087 2658 3140 ergo
2705 3071 2918 3133 dicere,
2967 3069 3310 3140 permanebit
3341 3085 3354 3119 :
3388 3066 3485 3120 sed

186 3163 417 3234 Gyravit
439 3162 602 3231 igitur
631 3174 693 3214 se
722 3159 790 3213 ad
821 3167 1012 3227 gentes
1042 3175 1054 3212 :
1079 3156 1322 3228 gyrando
1360 3167 1542 3209 autem
1577 3152 1781 3225 gyravit

1891 3169 2170 3242 prophetis
2201 3167 2378 3224 futura
2404 3180 2502 3239 pro
2525 3163 2886 3236 praesentibus
2917 3171 3116 3233 praesto
3141 3175 3262 3216 esse
3292 3158 3482 3215 viden-

183 3255 422 3324 Spiritus
456 3254 568 3317 Dei,
619 3262 675 3307 et
705 3253 757 3306 in
785 3267 920 3323 gyro
951 3266 1052 3306 suo
1080 3265 1378 3306 conversus
1405 3259 1518 3313 est;
1543 3257 1602 3302 ut
1628 3247 1784 3302 lierct

188 3347 336 3400 Deus
355 3347 556 3412 outnia,
586 3345 710 3398 etin
737 3344 1010 3398 omnibus.
1041 3342 1166 3398 Ideo
1189 3352 1407 3397 sanctus
1429 3341 1630 3396 ctelum
1647 3339 1783 3394 dici-

186 3448 300 3504 tur,
323 3438 444 3508 quia
475 3437 708 3493 vicinior
732 3451 855 3491 eum
885 3435 1104 3491 claritas
1123 3435 1256 3490 solis
1277 3448 1493 3504 semper
1519 3431 1778 3486 illustrat.

184 3531 359 3586 [labet
391 3531 738 3602 splendorem
786 3543 942 3584 suum
982 3529 1376 3592 domesticum;
1431 3535 1491 3580 ut
1529 3527 1782 3581 tenebras

185 3625 364 3679 noctis
395 3637 500 3677 non
527 3622 753 3678 sentiat.
798 3616 926 3677 Ideo
961 3621 1204 3676 Ecclesia
1250 3629 1304 3675 et
1334 3619 1532 3676 caelum
1563 3618 1780 3687 dicitur,

183 3725 243 3770 et
275 3714 526 3780 mundus,
557 3713 704 3783 quod
734 3714 932 3768 habeat
961 3722 1179 3768 sanctos
1225 3711 1435 3782 angelis
1465 3719 1518 3766 et
1547 3711 1782 3765 archan-

183 3808 322 3880 geli:
345 3805 768 3878 comparandos,
792 3806 986 3861 habeat
1004 3807 1169 3871 etiam
1200 3806 1486 3874 plerosque
1510 3811 1780 3857 terrenus.

188 3903 396 3957 Dicitur
438 3911 495 3956 et
542 3901 694 3957 orbis
724 3910 1014 3967 terrarum,
1050 3901 1139 3970 qui
1185 3910 1265 3953 est
1315 3897 1571 3952 fundatus
1621 3911 1785 3966 super

185 3998 380 4065 maria,
413 4008 465 4052 et
492 4012 659 4068 super
701 3995 925 4050 ﬂumina
974 4003 1327 4064 purpuratus.
1363 3994 1600 4059 Denique
1628 3988 1787 4062 quasi

183 4090 337 4146 orbis
377 4097 650 4145 terrarum
681 4088 816 4142 dicit
857 4085 1096 4142 Ecclesia
1128 4104 1140 4138 :
1175 4088 1383 4157 1122
1425 4082 1604 4137 Nolite
1644 4083 1784 4152 aspi-

181 4202 302 4240 cere
330 4201 426 4250 me,
458 4184 705 4252 quoniam
729 4185 877 4250 fusca
904 4198 1017 4236 sum
1040 4196 1064 4246 ;‘
1083 4182 1204 4250 quia
1233 4197 1333 4234 non
1366 4177 1587 4246 respexit
1613 4192 1690 4229 me
1705 4177 1786 4228 sol

185 4279 366 4354 (Cant.
399 4296 445 4342 ι,
478 4279 570 4350 5);
607 4295 673 4333 eo
707 4276 850 4347 quod
881 4277 1026 4331 velut
1061 4275 1270 4345 pruinis
1312 4272 1656 4335 bietna'ibus,
1685 4285 1783 4340 ge-

1891 3271 1979 3317 tur
2006 3264 2057 3316 in
2086 3261 2299 3332 spiritu.

1959 3353 2050 3409 28.
2084 3353 2265 3422 (Vers.
2291 3351 2410 3424 92.)
2429 3350 2687 3422 Sequitur
2707 3361 2900 3404 versus
2921 3354 3150 3417 quartus
3174 3361 3189 3399 :
3219 3342 3341 3398 Nisi
3361 3342 3483 3412 quia

1887 3443 1995 3499 Lex
2023 3454 2113 3498 tua
2151 3444 2420 3498 meditatio
2448 3458 2566 3497 mea
2593 3449 2694 3504 est,
2726 3449 2848 3493 tunc
2878 3438 3097 3508 forsitan
3135 3435 3399 3504 periissem
3434 3435 3486 3488 in

1886 3535 2181 3590 humilitate
2206 3551 2339 3590 mea.
2372 3534 2615 3590 Lucebat
2637 3531 2914 3602 Propheta
2946 3539 3002 3583 ιιι
3031 3528 3168 3592 dies,
3199 3525 3284 3581 cui
3317 3525 3488 3581 medi-

1888 3629 2019 3683 tatio
2047 3628 2158 3683 Lex
2200 3637 2348 3692 erat;
2393 3626 2589 3682 etenim
2623 3626 2802 3679 oleum
2831 3621 3050 3677 luminis
3083 3616 3390 3689 accipiebat
3417 3632 3481 3672 ex

1886 3721 2047 3792 Lege.
2079 3721 2327 3790 Denique
2347 3735 2414 3774 ne
2441 3734 2672 3788 corpore
2703 3716 2894 3771 mortis
2923 3715 3011 3769 lux
3041 3713 3148 3766 diei
3179 3719 3362 3781 posset
3391 3725 3468 3766 ex-

1885 3812 2119 3883 stingui,
2148 3811 2458 3867 ambulabat
2500 3811 2553 3863 in
2594 3808 2768 3878 Lege,
2814 3805 2938 3860 ideo
2969 3801 3277 3858 ambulabat
3311 3805 3362 3854 in
3402 3801 3476 3855 lu-

1887 3905 2052 3959 mine.
2097 3904 2362 3974 Alioquin,
2392 3902 2584 3972 inquit,
2627 3899 2894 3967 periissem
2934 3897 2989 3949 in
3019 3892 3308 3946 humilitate
3347 3905 3481 3944 mea.

1887 3997 2174 4052 llumilitas
2202 4010 2310 4050 non
2349 4007 2568 4062 semper
2602 3989 2818 4046 virtutis
2845 3996 2954 4051 est,
2995 3984 3091 4040 sed
3122 3982 3284 4038 etiam
3314 3980 3486 4036 afﬂic-

1889 4089 2084 4154 tionis;
2137 4086 2241 4142 hoc
2275 4097 2379 4147 est,
2422 4099 2531 4139 non
2589 4096 2805 4150 semper
2846 4076 3175 4140 voluntaria,
3224 4073 3318 4128 sed
3359 4088 3481 4144 quae

1886 4181 2049 4236 etiam
2076 4195 2140 4234 ex
2176 4179 2500 4232 necessitate
2523 4174 2838 4244 suscipitur,
2866 4170 3082 4240 quando
3105 4167 3282 4237 aliqua
3318 4166 3489 4222 afﬂic-

1888 4273 2033 4328 tione
2062 4281 2354 4326 tentanmr.
2385 4268 2641 4339 Alioquin
2694 4283 2854 4321 nemo
2891 4263 3029 4334 perit
3072 4263 3126 4316 in
3157 4259 3482 4324 humilitate,

182 4374 352 4442 tuque
399 4349 748 4427 constt-ictam
793 4369 1012 4439 gentilis
1054 4367 1258 4424 erroris
1309 4365 1783 4436 congregationem
1884 4380 2004 4436 qnte
2037 4365 2209 4432 magis
2233 4375 2456 4420 servare
2483 4358 2783 4416 consuevit.
2814 4356 2964 4426 Ergo
2991 4353 3210 4425 quando
3233 4353 3284 4406 in
3313 4349 3482 4404 afﬂic-

180 4467 428 4538 gcntium
493 4465 588 4520 Sol
640 4462 866 4532 iustitia:
914 4462 1002 4515 diu
1066 4460 1340 4529 indignam
1389 4455 1781 4522 mstimaverit,

1887 4456 2048 4511 tionis
2077 4464 2322 4526 tempore
2365 4468 2574 4515 sumus.
2607 4459 2661 4506 et
2692 4451 2970 4518 quatimur
3008 4443 3274 4508 adversis,
3306 4441 3476 4497 medi-

181 4577 348 4632 quam
394 4575 589 4615 serena
641 4557 824 4613 vultus
855 4557 937 4612 sui
981 4557 1098 4610 luce
1147 4555 1424 4608 lustraret.
1473 4551 1662 4607 Nonne
1691 4551 1783 4604 tibi
1813 4554 1864 4612 Ι)
1894 4551 2025 4606 latio
2053 4550 2210 4604 nobis
2236 4549 2288 4602 in
2331 4548 2451 4617 lege
2478 4547 2578 4609 sit;
2612 4559 2680 4598 ne
2723 4543 3014 4610 imparatos
3047 4534 3280 4605 procella
3313 4541 3484 4586 tenta-

181 4657 470 4713 ridebatur
503 4654 718 4710 hiberni
752 4655 900 4726 rigor
930 4650 1209 4722 temporis,
1233 4649 1450 4720 quando
1484 4658 1642 4701 notus
1667 4653 1788 4699 erat

177 4752 238 4808 in
265 4750 458 4807 ludaea
489 4747 867 4804 tantummodo
894 4746 1070 4802 Deus?
1097 4743 1250 4799 Nunc
1285 4755 1464 4797 autem
1508 4739 1785 4810 plenitudo

181 4847 323 4900 lucis
344 4843 570 4912 etiulget
617 4842 843 4908 aestivae,
886 4838 1102 4909 quando
1146 4836 1324 4891 omnia
1357 4842 1413 4888 et
1443 4835 1494 4886 in
1527 4832 1784 4885 omnibus

180 4935 459 4992 Christus.
494 4934 688 4989 Nonne
719 4942 860 4987 terra
891 4927 1124 4994 Domini,
1151 4937 1203 4983 ct
1227 4923 1505 4998 plenitudo
1535 4920 1688 4993 ejus?
1719 4919 1785 4974 Et

180 5045 318 5086 vero
341 5028 496 5083 orbis
521 5035 792 5081 terrarum
831 5025 883 5078 in
914 5020 1184 5085 Ecclesia,
1217 5020 1269 5074 in
1294 5033 1400 5089 qua
1429 5034 1534 5070 non
1565 5015 1784 5070 Judaeus

180 5117 564 5176 tantummodo
595 5127 690 5172 aut
719 5117 958 5177 Graecus.
991 5129 1098 5168 non
1145 5111 1412 5166 Barbarus
1440 5119 1532 5163 aut
1560 5105 1781 5179 Scytha,

181 5226 294 5268 non
318 5227 516 5268 servus
543 5221 638 5266 aut
669 5211 806 5264 liber
837 5226 851 5260 :
881 5207 976 5262 sed
1025 5219 1217 5261 omnes
1249 5206 1301 5259 in
1347 5203 1571 5259 Christo
1615 5218 1781 5257 unum

177 5317 398 5360 sumus.
427 5304 522 5360 Sol
546 5302 801 5357 omnibus
828 5299 1018 5369 fulget,
1044 5299 1160 5352 dies
1186 5297 1438 5351 omnibus
1471 5295 1638 5350 lucet.

253 5393 353 5450 ΞΒ.
381 5394 562 5466 (Vera.
592 5392 711 5463 91.)
743 5389 978 5461 Ideoque
1003 5388 1080 5443 ait
1110 5406 1123 5447 :
1160 5387 1514 5458 Dispositione
1556 5395 1644 5440 tua
1669 5401 1787 5457 per-

181 5489 520 5544 maeldies.
553 5484 688 5540 Nam
731 5485 836 5538 nisi
866 5484 940 5537 ita
967 5482 1222 5552 accipias,
1257 5478 1534 5552 quomodo
1573 5491 1789 5548 perma-

180 5591 280 5640 net
305 5581 468 5648 dies;
499 5593 627 5635 cum
657 5586 780 5650 post
823 5576 991 5632 breve
1028 5583 1361 5630 momentum
1391 5572 1498 5628 diei
1527 5578 1790 5642 sequatur

1891 4642 2054 4696 tionis
2081 4638 2306 4708 afﬂigat.
2349 4637 2568 4692 Athleta
2602 4633 2703 4688 nisi
2741 4629 2954 4704 1123
2994 4625 3259 4682 exercitio
3290 4623 3485 4692 palaes-

1889 4745 1988 4789 tra:
2043 4733 2190 4802 prius
2243 4729 2408 4784 fuerit
2468 4726 2848 4787 assuefactus,
2912 4736 3018 4775 non
3081 4716 3246 4771 audet
3294 4714 3484 4770 subire

1887 4835 2186 4882 certamen.
2249 4819 2524 4890 tingamus
2575 4817 2736 4888 igitur
2801 4814 2922 4868 oleo
2971 4809 3218 4866 lectionis
3283 4817 3485 4860 nostra:

1890 4915 2088 4972 mentis
2115 4915 2371 4968 lacertos.
2397 4910 2478 4965 Sit
2507 4909 2662 4964 nobis
2693 4913 2801 4961 tota
2833 4902 2921 4959 die
2958 4916 3021 4956 ac
3053 4910 3211 4954 noete
3235 4895 3484 4952 exercitii

1891 5024 2019 5064 usus
2064 5010 2116 5061 in
2148 5003 2379 5076 quadam
2411 5001 2718 5057 caelestium
2758 4997 3167 5065 Scripturarum
3207 4989 3483 5061 palmstra,

1887 5111 2146 5170 artusque
2173 5099 2476 5152 animorum
2522 5100 2835 5147 nostrorum
2879 5085 3113 5141 salubris
3156 5078 3483 5151 spiritalium

1888 5194 2225 5251 ferculorum
2256 5204 2380 5245 esca
2421 5187 2749 5249 conﬁrmet;
2783 5190 2840 5235 ut
2871 5195 2992 5235 cum
3024 5171 3370 5231 adversarius
3399 5183 3486 5224 as-

1889 5288 2082 5342 sistere
2131 5281 2383 5353 coeperit,
2440 5291 2496 5335 et
2539 5287 2566 5316 α
2599 5277 2820 5348 pulvere
2859 5287 2958 5328 nos
3013 5286 3124 5325 suae
3174 5262 3488 5322 tentationis

1893 5368 2194 5448 aSperserit
2215 5417 2231 5442 ,
2263 5385 2471 5431 stemus
2500 5369 2789 5440 intrepidi,
2819 5366 3053 5420 nitamur
3084 5374 3188 5414 non
3224 5365 3285 5411 ut
3321 5354 3375 5409 in
3408 5355 3488 5407 in-

1897 5446 2131 5536 certum,
2177 5485 2280 5525 nec
2311 5479 2368 5523 ut
2407 5481 2532 5522 aera
2578 5462 2874 5519 caedentes.
2933 5454 3122 5511 Melius
3157 5446 3489 5522 percutitnus

1895 5566 2188 5632 verberati,
2221 5563 2267 5618 si
2308 5557 2633 5634 percutienti
2676 5553 2953 5610 maxillam
2991 5549 3217 5603 alteram
3253 5539 3493 5614 praebea-

251 5735 282 5805 ’⁸
321 5723 673 5825 ‘i‘ranslatum
723 5731 790 5818 si
830 5731 994 5819 arena
1033 5753 1142 5815 :de
1181 5751 1287 5828 quo
1313 5746 1439 5814 'vide
1489 5756 1670 5810 n‘otam
1705 5745 1772 5808 ad

1889 5755 2006 5810 cem
2034 5748 2143 5805 col.
2173 5745 2300 5802 560.
