3948 6314
469 225 604 281 1371

1793 222 2040 280 SANCTI
2080 219 2400 280 AMBROSII

3639 221 3773 280 l37i

469 351 612 404 mus,
644 339 690 394 si
713 337 1006 395 vindictam
1027 345 1134 393 non
1162 338 1503 408 requiramus
1534 354 1546 391 :
1574 335 1672 392 sed
1699 335 1748 392 ei
1777 339 1870 407 qui
1899 337 2067 392 dixit:
2098 341 2151 402 Α
2177 337 2503 408 Ᾱεέεγριίοεῖ
2530 337 2624 393 Est
2648 336 3001 393 consolabilis
3027 337 3284 403 servitus,
3311 339 3520 396 servire
3557 337 3778 413 1125.

475 433 609 488 Mihi
650 433 948 498 vindictam,
1012 439 1060 486 et
1101 448 1194 504 ego
1239 431 1520 485 retribuam
1559 428 1739 502 (Rom.
1797 445 1897 497 xu,
1951 430 2065 502 19),

473 543 695 584 causam
738 527 991 582 vindicta:
1045 526 1308 594 integram
1369 537 1738 580 reservemus.
1795 521 2096 580 Caedimus.

472 622 652 677 aerias
683 626 1001 688 potestates,
1036 619 1080 673 si
1113 633 1212 672 nos
1245 619 1394 685 ipsos
1421 619 1690 687 castigare
1734 618 2066 672 noverimus.

473 711 787 782 Castigabat
812 725 1030 766 carnem
1059 725 1213 765 suam
1243 709 1468 776 Paulus,-
1490 720 1550 764 ut
1573 709 1920 765 adversarios
1944 725 2070 764 vero

475 805 691 860 beraret
725 821 738 857 :
764 813 820 857 et
865 802 1110 858 servituti
1141 802 1422 872 redigebat
1445 816 1646 871 corpus
1675 817 1856 869 suum,
1885 808 1944 857 ut
1970 801 2070 856 do-

476 899 776 953 minaretur
825 897 1060 951 inimicis
1098 896 1142 967 (l
1166 893 1287 951 Cor.
1323 896 1543 968 tx,27).
1580 897 1942 952 Exerceamur
1969 897 2072 968 igi-

479 1001 564 1047 tur
588 990 860 1047 iudefesso
887 990 1256 1046 meditationis
1288 1005 1408 1056 usu,
1433 1005 1789 1046 exerceamur
1812 999 1938 1046 ante
1958 1005 2076 1045 cer-

479 1091 698 1149 tamen;
746 1090 805 1138 ut
833 1083 1003 1138 simus
1037 1083 1318 1138 certamini
1359 1097 1578 1151 semper
1620 1083 1792 1152 parati
1824 1099 1836 1135 ς
1870 1091 1925 1138 et
1953 1098 2075 1138 cum

449 1159 820 1246 frequentior
858 1174 1158 1230 adversarii
1212 1175 1350 1229 ictus
1396 1175 1660 1244 ingruerit
1691 1190 1832 1230 nunc
1871 1175 2076 1244 inopia,

480 1284 623 1324 nunc
667 1269 880 1337 rapina,
911 1284 1054 1323 nunc
1085 1267 1345 1336 orbitate,
1377 1283 1520 1323 nunc
1569 1268 1814 1338 corporis
1861 1269 2080 1338 aegritu-

481 1360 632 1426 dine,
663 1375 806 1416 uunc
834 1374 1074 1416 most-ore
1125 1361 1316 1427 animi,
1361 1375 1504 1416 nunc
1541 1372 1749 1416 terrore
1780 1362 1994 1424 mortis,
2025 1368 2081 1415 et

483 1452 779 1507 acerbitate
829 1467 1147 1520 prunarum;
1199 1452 1346 1506 dicat
1399 1453 1770 1522 unusquisque
1811 1464 2078 1515 nostrum,

482 1546 571 1616 qui
605 1544 843 1614 potuerit
885 1544 1159 1599 sustinere
1195 1560 1258 1598 ac
1285 1544 1537 1614 perpeti:
1565 1543 1689 1597 Nisi
1715 1545 1838 1611 quia
1868 1544 1953 1598 lea:
1993 1553 2082 1597 tua

484 1639 750 1692 meditatio
781 1653 893 1691 mea
939 1647 1035 1704 est,
1060 1643 1200 1707 ,tunc
1227 1639 1447 1707 forsitan
1496 1636 1762 1707 periissem
1805 1635 1857 1689 in
1911 1634 2083 1689 humi-

485 1731 629 1797 litate
661 1746 794 1784 utea.

555 1821 649 1877 29.
683 1823 893 1887 Quanta
939 1820 1102 1876 simul
1145 1833 1465 1877 coacervata
1510 1830 1671 1886 sunt;
1700 1830 1758 1876 ut
1796 1821 1849 1876 in
1881 1820 1972 1875 illa
2001 1818 2083 1874 af-

487 1912 726 1968 flictione
753 1912 857 1968 Job
901 1922 1120 1968 sanctus
1165 1912 1410 1982 periret?
1451 1911 1557 1966 Sed
1583 1912 1704 1982 quia
1749 1911 2081 1981 patriarcha-

487 2022 605 2060 rum
636 2005 878 2060 moribus
901 2005 1245 2071 informatus,
1278 2005 1732 2075 oraculoruntque
1753 2005 2080 2072 cmlestium,

489 2108 543 2154 ct
581 2100 846 2154 naturalis
886 2100 1020 2170 legis
1069 2110 1185 2155 erat
1208 2108 1233 2135 ιι
1267 2099 1609 2155 institutione
1643 2097 1933 2165 formatus,
1965 2100 2085 2153 ideo

488 2195 545 2249 in
595 2193 983 2249 tentationibus
1027 2193 1195 2248 tantis
1240 2194 1418 2263 perire
1460 2208 1566 2248 non
1605 2194 1799 2263 potuit.
1843 2193 2085 2261 Denique

486 2303 610 2341 eum
642 2287 914 2342 amisisset
945 2297 1053 2341 tam
1083 2287 1289 2356 amplas
1315 2287 1493 2341 subito
1526 2286 1834 2352 facultates,
1866 2287 2087 2341 charis-

488 2379 658 2435 simos
692 2379 854 2445 filios,
881 2379 1034 2450 quasi
1080 2379 1126 2433 is
1152 2379 1238 2434 cui
1281 2379 1560 2434 meditatio
1585 2378 1899 2449 quotidiana
1943 2387 2091 2435 esset

489 2474 542 2527 in
571 2474 692 2542 lege
711 2473 920 2537 divina,
949 2476 1024 2528 ait
1056 2489 1068 2526 :
1098 2471 1290 2527 Nudus
1308 2475 1443 2528 exivi
1467 2474 1531 2527 de
1559 2482 1708 2527 utero
1730 2474 1910 2528 matris
1937 2489 2087 2540 ntere,

489 2565 659 2618 nudus
686 2565 774 2619 ibo
796 2582 877 2619 eo.
912 2563 1167 2619 Dominus
1199 2567 1362 2629 dedit,
1390 2568 1644 2621 Dominus
1681 2566 1892 2622 abstulit
1917 2583 1935 2622 :
1958 2569 2090 2622 sicut

490 2657 715 2712 Domino
739 2659 959 2728 placuit,
984 2659 1057 2712 ita
1077 2659 1274 2728 factum
1303 2669 1377 2714 est
1408 2675 1425 2714 :
1452 2661 1516 2713 sit
1548 2675 1731 2714 nomen
1758 2659 1970 2713 Domini
2001 2661 2089 2713 be-

493 2751 752 2804 nedictum
782 2750 926 2821 (Job.
957 2767 998 2817 ι,
1027 2751 1145 2822 ill).
1176 2751 1432 2806 Perfusus
1458 2752 1624 2808 etiam
1652 2753 1898 2820 corporis
1931 2752 2092 2807 totius

494 2843 792 2908 ulceribus,
823 2857 947 2898 cum
977 2852 1276 2899 tentaretur
1318 2845 1506 2899 uxoris
1542 2844 1818 2914 alloquiis,
1849 2844 1943 2915 qui
1974 2857 2090 2898 nte-

496 2935 744 2990 minisset
797 2937 966 2991 Adam
1017 2935 1098 2992 sic
1151 2952 1273 2993 esse
1327 2940 1637 3007 dejectum,
1691 2939 1820 2994 dum
1859 2940 2093 3009 pr0pri:e

495 3027 726 3084 credidit
751 3031 932 3094 uxori,
967 3030 1286 3100 reSpondit:
1323 3032 1471 3088 Sicut
1504 3049 1608 3086 una
1637 3049 1700 3086 ea:
1735 3033 2094 3102 insipientibus

2172 432 2255 486 vel
2280 431 2466 500 justis.
2498 430 2777 500 {Equitate
2821 430 3030 486 domini
3061 431 3274 487 levatur
3314 431 3508 502 injuria
3539 435 3783 488 servitu-

2173 525 2262 580 tis.
2288 524 2464 580 Tanto
2495 526 2657 595 igitur
2684 540 2885 596 genere
2910 525 3180 594 dejectus,
3207 527 3345 582 satis
3367 537 3577 598 gratum
3611 527 3781 584 liabe-

2171 618 2284 684 bat,
2301 615 2328 654 ι)
2357 619 2404 672 si
2434 618 2685 672 ministro
2709 618 2860 687 regio
2887 634 3049 674 suum
3074 619 3397 689 obsequium
3422 623 3779 691 probaretur.

2173 709 2253 766 Ne
2283 709 2387 766 hoc
2406 711 2628 782 quidem
2658 712 2792 768 satis
2822 711 2921 766 fuit
2949 712 3016 767 ad
3043 715 3359 768 tentationis
3389 714 3780 770 acerbitatem:

2174 804 2316 860 redit
2343 804 2684 860 adversarius
2713 805 2780 860 ad
2809 819 2935 860 snas
2964 815 3131 872 artes,
3175 816 3442 878 notasque
3467 809 3614 863 vires
3643 822 3780 862 suas

2176 899 2326 952 omni
2360 897 2548 953 fraude
2590 900 2921 963 commovit;
2968 909 3026 954 ut
3076 915 3174 970 per
3219 900 3501 954 mulierem
3549 901 3786 971 laqueos

2179 991 2416 1046 innoxiae
2459 999 2702 1047 nectcrct
2726 992 3102 1047 conscientiae.
3129 990 3436 1047 Concitavit
3465 993 3519 1046 in
3549 1008 3673 1047 eum
3719 992 3787 1048 li-

2179 1082 2383 1138 bidinis
2409 1084 2648 1138 stimulis
2674 1099 2898 1138 uxorem
2921 1083 3123 1139 domini
3147 1085 3228 1139 sui
3255 1083 3409 1156 (Gen.
3445 1101 3631 1152 xxxix,
3667 1086 3782 1159 12),

2179 1191 2300 1247 qua:
2332 1176 2681 1232 .adulterinos
2729 1192 2758 1230 a
2789 1177 3005 1232 servulo
3040 1178 3360 1232 concubitus
3389 1177 3688 1246 flagitaret;
3728 1189 3790 1234 ut

2182 1268 2224 1322 si
2254 1269 2644 1338 acquiesceret,
2690 1269 2898 1323 crimen
2951 1269 3204 1338 impleret
3233 1287 3246 1322 :
3274 1271 3320 1325 si
3367 1277 3665 1337 recusaret,
3704 1271 3793 1324 in—

2181 1362 2390 1418 cideret
2430 1363 2718 1428 oflensam,
2747 1375 2769 1402 ο
2803 1379 3004 1418 nexum
3043 1363 3326 1418 calumniae
3362 1378 3470 1418 non
3501 1363 3788 1420 evaderet.

2183 1455 2424 1525 Denique
2455 1464 2638 1509 trusus
2664 1456 2715 1510 in
2745 1469 3021 1511 carcerem
3055 1454 3247 1527 (Ibid.,
3289 1454 3405 1526 9.0),
3437 1465 3489 1510 et
3522 1458 3795 1510 innocens

2185 1545 2330 1600 inter
2357 1547 2555 1600 noxios
2578 1547 2902 1610 aestimatus,
2937 1547 3004 1601 ab
3027 1563 3094 1602 eo
3123 1547 3358 1616 amplius
3383 1547 3545 1618 carpit
3578 1549 3790 1618 urgeri,

2186 1638 2272 1692 cui
2307 1637 2466 1693 fidem
2498 1654 2650 1693 suam
2689 1655 2810 1694 cum
2846 1640 3102 1709 periculis
3132 1641 3496 1710 priestitisset.
3529 1640 3634 1695 Sed
3659 1640 3796 1708 quia

2114 1732 2162 1794 B
2186 1731 2529 1786 contumeliae
2558 1733 2732 1786 virum
2767 1731 3022 1802 frangere
3053 1733 3437 1802 nequiverunt,
3469 1742 3670 1786 mutata
3706 1741 3798 1786 est

2186 1829 2436 1891 tentatio,
2469 1824 2494 1862 ἀ
2527 1827 2688 1897 longe
2719 1827 2965 1897 asperior
2993 1827 3176 1896 specie
3207 1841 3614 1896 prosperorum.
3661 1824 3798 1879 Plu-

2187 1921 2354 1974 rimos
2379 1919 2519 1972 enim
2553 1919 3043 1990 supplantaverunt
3072 1918 3326 1974 secunda:
3365 1932 3471 1982 res,
3497 1932 3637 1986 quos
3660 1931 3799 1986 sup-

2189 2014 2346 2082 plicia
2389 2013 2588 2068 acerba
2644 2028 2747 2067 non
2799 2010 3092 2082 fregerant.
3142 2009 3465 2066 Producitur
3504 2025 3536 2064 e
3565 2025 3800 2066 carcere

2188 2117 2322 2161 nutu
2349 2106 2520 2176 regio,
2570 2105 2962 2176 interpretatur
3000 2105 3298 2170 somnium,
3340 2103 3562 2174 eligitur
3593 2115 3648 2158 ut
3695 2105 3798 2156 Itu-

2191 2213 2322 2254 nore
2353 2198 2698 2267 praestantior
2739 2206 2888 2253 esset
2914 2196 3164 2251 omnibus
3206 2195 3498 2267 Egyptiis,
3542 2197 3655 2266 regi
3709 2211 3800 2252 se-

2191 2290 2440 2356 cundus,
2500 2290 2867 2344 esurientibus
2926 2289 3141 2359 populis
3205 2289 3463 2342 alimenta
3520 2288 3803 2343 divideret

2193 2383 2347 2455 (Gen.
2381 2399 2486 2447 xu,
2523 2384 2607 2449 H,
2641 2383 2674 2438 8
2697 2392 2742 2436 et
2771 2385 2925 2453 seq.).
2961 2381 3302 2452 Objiciuntnr
3342 2381 3392 2436 ei
3432 2379 3646 2446 fratres,
3699 2381 3798 2450 qui

2193 2487 2316 2531 eum
2343 2475 2406 2530 ad
2439 2475 2716 2531 servitutis
2757 2474 3007 2543 injuriam
3058 2489 3162 2526 non
3195 2472 3433 2528 fraterno
3460 2487 3646 2527 amore
3670 2488 3802 2527 ven-

2195 2567 2474 2622 dideranl:
2507 2575 2563 2621 ut
2587 2568 2667 2621 vel
2708 2565 3054 2621 contumelia}
3083 2573 3138 2620 et
3181 2567 3437 2635 appetita:
3480 2567 3674 2620 salutis
3701 2567 3806 2619 do-

2197 2658 2314 2714 lore
2345 2667 2582 2714 tentatus
2617 2665 2904 2713 excuteret
2943 2657 3322 2727 germanitatis
3350 2656 3603 2714 affectum
3640 2657 3803 2729 (Gen.

2196 2767 2326 2818 xm,
2357 2753 2389 2807 6
2417 2764 2463 2808 et
2491 2750 2649 2823 seq.).
2689 2751 2796 2806 Sed
2838 2752 2922 2804 vir
2948 2751 3129 2820 justus
3159 2750 3362 2805 oblitus
3403 2761 3485 2804 est
3512 2761 3807 2805 contume-

2198 2845 2345 2911 liam,
2398 2844 2690 2899 cumulavit
2732 2843 2997 2914 gratiam;
3045 2857 3220 2910 eoque
3269 2856 3329 2896 se
3374 2842 3544 2911 magis
3571 2841 3806 2896 fratrem

2199 2938 2369 2992 voluit
2397 2938 2685 3000 exhibere,
2719 2952 2824 3006 quo
2852 2936 3050 2990 fratres
3082 2936 3194 3004 ipse
3231 2949 3338 2988 non
3371 2934 3564 2988 fuisset
3603 2950 3807 3004 exper-

2202 3041 2286 3086 tus
2316 3031 2471 3103 (Gen.
2515 3046 2658 3096 xuv,
2688 3030 2723 3084 2
2752 3039 2798 3083 et
2836 3027 2988 3099 seq.).
3023 3028 3267 3098 Denique
3293 3027 3396 3082 hoc
3438 3041 3664 3081 munere
3696 3036 3720 3063 ο
3749 3038 3808 3083 et

496 3127 802 3181 mulieribus
844 3127 1018 3182 locuta
1056 3145 1109 3182 es
1157 3127 1302 3197 (Job.
1367 3143 1425 3192 ιι,
1483 3128 1594 3199 10).
1643 3128 1796 3196 Quod
1853 3130 1898 3184 si
1948 3129 2092 3183 illam
2121 3122 2165 3184 C
2201 3123 2397 3180 fratres
2429 3125 2652 3193 recepit,
2697 3135 2750 3180 et
2787 3134 2991 3194 patrem
3019 3125 3101 3194 pia
3134 3123 3322 3178 fraude
3350 3124 3620 3193 quaesivit.
3655 3123 3805 3190 Quid

495 3221 650 3290 quasi
682 3221 982 3290 sapientem
1034 3220 1291 3276 voluisset
1334 3221 1543 3287 audire,
1583 3220 1701 3290 ipse
1729 3222 1951 3292 sapiens
1989 3237 2094 3276 non

497 3311 707 3366 fuisset.
733 3311 999 3367 Tentatus
1034 3312 1196 3367 etiam
1239 3312 1470 3366 diversis
1511 3312 1764 3381 alloquiis
1795 3314 2093 3367 amicorum

498 3400 641 3472 (Job.
675 3419 786 3466 xix,
822 3403 902 3473 '5),
929 3418 1052 3458 cum
1099 3404 1222 3460 fidei
1272 3405 1506 3468 stabilis,
1553 3403 1957 3475 immobilisque
1997 3421 2088 3474 pa-

500 3495 702 3550 tientia:
734 3497 954 3564 praemia
985 3496 1271 3550 meruisset
1293 3513 1320 3548 a
1353 3496 1602 3561 Domino,
1633 3512 1813 3551 nonne
1838 3496 2090 3550 dicebat:

503 3587 624 3642 Nisi
654 3591 775 3660 quia
807 3587 917 3643 Lex
948 3599 1036 3643 tua
1056 3590 1321 3644 meditatio
1352 3606 1465 3643 mea
1481 3599 1577 3655 est,
1608 3600 1725 3644 tunc
1753 3590 1974 3659 forsitan
2008 3607 2097 3660 pc-

497 3683 696 3738 riissem
716 3683 772 3736 in
798 3681 1094 3736 humilitate
1124 3682 1274 3736 mea?

569 3775 659 3830 50.
692 3773 865 3842 Quam
897 3783 1050 3843 grate
1081 3773 1183 3828 hoc
1221 3773 1356 3829 dicit
1396 3772 1580 3839 hodie,
1610 3774 1700 3845 qui
1749 3774 1800 3828 in
1834 3773 2096 3845 martyrio

499 3867 730 3936 plurima
742 3865 952 3938 ﬂagella
971 3867 1247 3930 sustinuit,
1266 3867 1498 3937 equuleo
1517 3875 1573 3923 et
1591 3867 1828 3937 ungulis,
1847 3868 2091 3938 plumbo,

498 3961 714 4015 laminis
733 3961 1073 4028 ardentibus,
1099 3961 1278 4031 gladio
1300 3962 1722 4032 comprobatus?
1745 3962 1926 4017 Potuit
1947 3963 2095 4016 enim

500 4054 696 4122 perire,
731 4052 835 4106 nisi
864 4053 1154 4107 meditatus
1183 4054 1235 4106 in
1257 4053 1423 4124 Lege,
1454 4055 1702 4124 graviora
1733 4049 2096 4124 praesentibus

501 4145 675 4198 futura
707 4145 972 4213 supplicia
1000 4144 1341 4199 credidisset.

571 4234 664 4288 5|.
690 4233 899 4298 Quanta
929 4244 1148 4289 sanctus
1177 4235 1379 4304 Joseplt
1412 4236 1656 4305 pertulit,
1684 4252 1843 4307 quam
1871 4238 2087 4306 acerba,

499 4338 658 4394 quam
703 4325 868 4379 dura!
903 4325 1085 4381 Primo
1116 4325 1341 4382 fratrum
1381 4328 1501 4383 odia
1533 4328 1688 4400 (Gen.
1734 4345 1943 4394 xxxvn,
1971 4331 2092 4403 28),

498 4417 783 4488 degeneris
811 4420 1092 4475 servitutis
1132 4437 1425 4488 aerumnas,
1466 4423 1782 4492 parentibus
1811 4423 2098 4481 defrauda-

2203 3219 2364 3287 igitur
2390 3216 2536 3271 aliud
2572 3217 2764 3271 melius
2795 3217 2999 3271 diceret
3028 3224 3250 3270 sanctus
3279 3214 3506 3286 Josepb,
3533 3229 3694 3284 quant
3734 3217 3810 3268 is-

2203 3310 2292 3366 tud
2321 3311 2386 3364 ad
2438 3309 2762 3364 Dominum:
2799 3308 2918 3364 Nisi
2967 3309 3091 3379 quia
3122 3309 3206 3362 (ex
3234 3317 3323 3361 tua
3368 3308 3635 3362 meditatio
3688 3323 3811 3360 mea

2199 3416 2293 3465 est,
2329 3415 2448 3458 tunc
2473 3407 2689 3476 forsitan
2713 3403 2977 3472 periissem
3006 3404 3058 3455 in
3088 3400 3372 3455 humilitate
3397 3401 3556 3454 mea?

2271 3497 2358 3552 ⁸52.
2398 3497 2590 3551 Fertur
2621 3495 2896 3566 propheta:
2930 3493 3142 3548 cuidam
3181 3496 3257 3566 (et
3297 3494 3541 3565 plerique
3568 3491 3585 3528 τ
3615 3492 3805 3548 fcruut

2197 3589 2339 3656 quod
2365 3587 2538 3643 Esaiae
2570 3589 2621 3642 in
2653 3601 2872 3642 carcere
2901 3587 3100 3658 posito)
3134 3601 3257 3641 cum
3285 3587 3428 3641 mule
3458 3586 3808 3640 imminentis

2198 3691 2481 3753 urgeretur
2523 3679 2696 3745 exitii,
2728 3680 2934 3735 dixisse
2975 3677 3250 3733 diabolum
3283 3677 3418 3733 :Dic
3461 3679 3586 3749 quia
3623 3691 3738 3732 n0n
3770 3692 3799 3731 a

2201 3776 2429 3831 Domino
2452 3777 2663 3829 locutus
2693 3787 2754 3829 es
2775 3788 2893 3842 qua:
2916 3772 3118 3838 dixisti,
3147 3783 3201 3826 et
3227 3771 3468 3826 omnium
3494 3771 3547 3825 in
3571 3779 3626 3826 te
3653 3785 3813 3826 men-

2200 3877 2282 3926 tes
2305 3870 2638 3938 affectusque
2669 3865 2923 3930 mutabo;
2954 3865 3122 3932 utqui
3149 3863 3498 3934 indignantur
3522 3863 3810 3932 injuriam,

2199 3946 2598 4023 absolutionem
2652 3959 2959 4017 conferant.
3016 3955 3124 4014 Sed
3165 3958 3255 4012 ille
3303 3957 3508 4028 gratius
3535 3955 3818 4025 judicavit.

2202 4075 2300 4130 pro
2335 4057 2561 4113 veritate
2583 4054 2928 4124 supplicium,
2954 4066 3112 4121 quam
3141 4062 3238 4118 pro
3261 4048 3576 4103 adulatione
3599 4048 3814 4103 benefi-

2201 4153 2368 4207 cium.
2390 4149 2543 4217 Quod
2575 4153 2759 4217 utique
2786 4161 2891 4200 non
2921 4143 3160 4206 fecisset,
3185 4142 3286 4196 nisi
3314 4140 3674 4196 meditatione
3705 4139 3813 4194 Lc-

2201 4248 2282 4316 gis
2314 4243 2506 4298 fuisset
2531 4241 2882 4295 exercitatus.

2273 4338 2363 4395 55.
2397 4337 2480 4392 Sit
2506 4349 2636 4405 ergo
2664 4333 2818 4388 nobis
2847 4330 3158 4402 quotidiana
3189 4329 3351 4384 lectio
3378 4339 3474 4396 pro
3512 4325 3811 4390 exercitio,

2204 4443 2258 4487 ut
2283 4447 2401 4501 quae
2429 4430 2682 4500 legimus,
2721 4427 3048 4482 meditemur
3090 4422 3308 4478 imitari.
3349 4420 3406 4475 In
3448 4418 3551 4474 ltac
3574 4419 3817 4474 desuda-

500 4521 618 4576 tus,
665 4511 945 4582 ablegatus
1001 4514 1194 4568 exsilio
1221 4556 1234 4578 ,
1279 4515 1676 4584 negotiatorum
1733 4519 1986 4582 vernula,
2039 4531 2093 4575 et
2120 4535 2320 4596 Dmns
2351 4525 2613 4578 virtutum
2652 4521 2938 4590 palmstra;
2984 4529 3039 4573 ut
3067 4514 3587 4584 cumiucrepuerint
3628 4522 3815 4568 tenta-

500 4602 743 4676 IEgyptii
769 4605 1024 4676 ignobilis
1053 4607 1157 4663 vile
1183 4609 1536 4679 mancipium.
1567 4611 1700 4676 Quae
1735 4611 1908 4680 potuit
1937 4611 2093 4667 nobi-

498 4696 562 4750 lis
587 4699 849 4767 prosapiae
896 4714 1066 4767 puero
1113 4700 1329 4770 gravior
1369 4716 1490 4756 esse
1543 4703 1788 4766 tentatio,
1832 4717 1992 4774 quam
2038 4714 2096 4759 ut

500 4797 648 4845 tanto
702 4789 917 4847 familiae
971 4793 1264 4862 splendore
1319 4794 1603 4866 dejectus,
1662 4798 1897 4854 serviret
1953 4799 2094 4869 apud

571 4985 597 5051 ξι
624 4976 780 5051 flom.
812 4977 972 5044 edit.,
999 4981 1321 5036 institutione
1351 4983 1608 5051 firmatus.

569 5046 751 5125 {’Mss.
789 5051 1017 5125 aliquot,
1059 5054 1103 5105 si
1133 5046 1413 5108 ministerio
1457 5055 1620 5125 regio.
1657 5053 1722 5108 Et
1753 5063 1872 5124 post
1896 5069 2090 5125 pauca,

499 5117 588 5172 ubi
620 5134 810 5175 omnes
837 5117 994 5185 edit.,
1025 5132 1254 5194 totasque
1296 5127 1430 5179 vires
1452 5117 1605 5193 suas,
1636 5117 1826 5181 omnes
1854 5117 1984 5181 m'ss.
2022 5117 2097 5181 le?

495 5200 650 5260 gunt,
682 5202 936 5262 notasque
963 5196 1095 5246 vires
1122 5212 1265 5250 suas.

569 5295 598 5364 ,ο
627 5283 718 5337 Sic
760 5298 954 5364 omnes
990 5303 1119 5364 mss.
1164 5302 1226 5342 ac
1256 5298 1364 5344 vet.
1395 5288 1559 5351 edit.;
1594 5289 1750 5344 Rom.
1783 5304 1912 5346 vero
1941 5305 2100 5360 repu-

501 5357 628 5414 suit,
664 5371 850 5408 noxam
874 5357 1162 5413 calumnia}.

573 5439 600 5479 δ
624 5445 752 5500 Mss.
786 5463 882 5502 sex
924 5449 1064 5524 haud
1114 5452 1270 5506 mala:
1314 5461 1453 5507 not:u
1486 5471 1499 5508 :
1528 5452 1676 5524 longe
1721 5453 1955 5522 asperior
1991 5455 2101 5508 acie

504 5529 892 5594 prosperorum.
946 5521 1061 5575 Non
1113 5524 1367 5578 absurde.
1419 5521 1673 5579 Diabolus
1729 5527 1872 5580 enim
1924 5526 2099 5594 primo

502 5586 757 5710 Ξὶιινῖξνείι,
783 5590 907 5715 dei?
935 5607 1189 5661 prospera
1219 5596 1372 5666 quasi
1399 5596 1644 5650 diversas
1666 5597 1810 5652 acies
1830 5586 2098 5651 instruere

526 5671 556 5706 ιι
583 5673 612 5708 e
637 5672 697 5709 ee
725 5675 785 5714 os
815 5677 874 5713 so
899 5675 972 5716 et.

580 5735 602 5764 °
627 5727 715 5789 Sic
743 5731 872 5790 edit.
905 5749 1126 5812 omnes,
1155 5751 1218 5796 ac
1249 5752 1381 5802 mss.
1411 5738 1641 5820 aliqum.
1683 5735 1791 5808 Alii
1823 5753 1952 5800 vero
1980 5738 2098 5822 plu-

2204 4627 2405 4682 tnenta,
2430 4624 2454 4661 ε
2485 4629 2590 4668 non
2623 4623 2894 4682 tamquam
2937 4609 3339 4673 inexercitatos,
3387 4621 3493 4660 non
3529 4615 3816 4677 tamquam

2201 4716 2454 4777 expertes
2485 4705 2809 4778 spiritalium
2853 4703 3120 4767 ciborum,
3151 4708 3208 4756 et
3249 4707 3558 4754 attenuatos
3598 4699 3819 4768 jejunio

2205 4799 2485 4866 lectionis,
2538 4798 2895 4854 tentationmn
2950 4803 3166 4864 tempus
3229 4790 3491 4846 inveniat.
3555 4790 3721 4858 Quod
3770 4790 3820 4843 si

2199 4999 2312 5051 res,
2348 4998 2521 5054 neque
2551 4982 2854 5038 deteriores
2885 4997 2897 5033 :
2933 4977 3000 5034 Et
3030 4989 3228 5049 patrem
3257 4977 3474 5048 recepit,
3517 4986 3566 5030 et
3590 4979 3819 5046 fratrem

2202 5057 2290 5125 pia
2316 5055 2500 5123 fraude
2523 5054 2778 5125 quaesivit.

2280 5147 2298 5184 ί
2323 5146 2419 5202 llic.
2433 5145 2714 5200 evidenter
2737 5141 3238 5198 innuitAmbrosius
3255 5152 3608 5196 communem
3632 5138 3818 5206 scrip-

2205 5227 2380 5272 torum
2415 5218 2496 5272 sui
2523 5215 2785 5286 temporis
2818 5214 2985 5286 fuisse
3022 5213 3356 5279 opinionem,
3395 5209 3614 5286 Esaiam
3646 5209 3812 5286 jussu

2205 5289 2468 5343 Manassis
2518 5279 2660 5356 regis
2707 5286 2758 5339 in
2803 5285 2935 5356 duas
2971 5292 3149 5353 partes
3178 5290 3402 5356 sectum
3456 5279 3816 5356 occubuisse.

2204 5359 2309 5414 Sed
2342 5359 2466 5412 huic
2487 5349 2770 5412 sen'tentim
2791 5349 3008 5423 quidam
3034 5369 3156 5408 cum
3178 5351 3404 5423 Tostato
3434 5349 3819 5423 refragantur,

2204 5430 2400 5512 quibus
2431 5427 2656 5512 proinde
2685 5421 2852 5512 relata
2877 5427 2947 5512 ab
2976 5425 3266 5512 Ambrosio
3295 5421 3500 5478 diaboli
3540 5422 3716 5476 verba
3750 5423 3822 5476 de

2204 5502 2313 5556 alio
2335 5498 2597 5571 propheta
2624 5498 2942 5570 explicanda
2970 5505 3113 5553 sunt.

2279 5595 2522 5649 SOmncs
2565 5594 2722 5657 edit.,
2766 5610 2869 5646 non
2918 5601 3179 5659 tamquam
3222 5589 3555 5670 ineapertes;
3613 5588 3822 5670 melius

2201 5681 2390 5722 onnies
2423 5680 2579 5740 mss.,
2606 5683 2707 5719 non
2735 5676 2992 5740 tamquam
3019 5670 3272 5736 expertes,
3305 5664 3360 5715 id
3387 5665 3493 5723 cst,
3525 5670 3642 5712 non
3672 5664 3824 5720 tam-

2201 5753 2360 5819 quati“.
2393 5737 2650 5818 privatos.
