  <div class='ocr_page' id='page_1' title='image "/cluster/home/n/w/nwhite01/storage/ocr_20150623/15/uva.x000826533/102.png"; bbox 0 0 3948 6374; ppageno 0'>
   <div class='ocr_carea' id='block_1_1' title="bbox 207 341 329 398">
    <p class='ocr_par' dir='ltr' id='par_1_1' title="bbox 207 341 329 398">
     <span class='ocr_line' id='line_1_1' title="bbox 207 341 329 398; baseline 0.008 -1"><span class='ocrx_word' id='word_1_1' title='bbox 207 341 329 398; x_wconf 76' lang='grc'><strong>1573</strong></span> 
     </span>
    </p>
   </div>
   <div class='ocr_carea' id='block_1_2' title="bbox 1242 337 2355 398">
    <p class='ocr_par' dir='ltr' id='par_1_2' title="bbox 1242 337 2355 398">
     <span class='ocr_line' id='line_1_2' title="bbox 1242 337 2355 398; baseline 0.003 -5"><span class='ocrx_word' id='word_1_2' title='bbox 1242 339 1308 396; x_wconf 78' lang='lat' dir='ltr'><strong>IN</strong></span> <span class='ocrx_word' id='word_1_3' title='bbox 1348 337 1676 395; x_wconf 72' lang='lat' dir='ltr'><strong>PSALMUM</strong></span> <span class='ocrx_word' id='word_1_4' title='bbox 1719 337 1932 396; x_wconf 69' lang='lat' dir='ltr'><strong>CXVIII</strong></span> <span class='ocrx_word' id='word_1_5' title='bbox 1971 339 2355 398; x_wconf 77' lang='lat' dir='ltr'><strong>EXPOSITIO.</strong></span> 
     </span>
    </p>
   </div>
   <div class='ocr_carea' id='block_1_3' title="bbox 3313 344 3452 404">
    <p class='ocr_par' dir='ltr' id='par_1_3' title="bbox 3313 344 3452 404">
     <span class='ocr_line' id='line_1_3' title="bbox 3313 344 3452 404; baseline 0 0"><span class='ocrx_word' id='word_1_6' title='bbox 3313 344 3452 404; x_wconf 66' lang='lat'><strong>1374</strong></span> 
     </span>
    </p>
   </div>
   <div class='ocr_carea' id='block_1_4' title="bbox 203 447 3452 519">
    <p class='ocr_par' dir='ltr' id='par_1_4' title="bbox 203 447 3452 519">
     <span class='ocr_line' id='line_1_4' title="bbox 203 447 3452 519; baseline 0.003 -15"><span class='ocrx_word' id='word_1_7' title='bbox 203 459 225 487; x_wconf 75' lang='grc' dir='ltr'><strong><em>ι</em></strong></span> <span class='ocrx_word' id='word_1_8' title='bbox 246 449 486 505; x_wconf 78' lang='lat' dir='ltr'><strong>athleticis</strong></span> <span class='ocrx_word' id='word_1_9' title='bbox 516 449 688 519; x_wconf 85' lang='lat' dir='ltr'><strong>epulis</strong></span> <span class='ocrx_word' id='word_1_10' title='bbox 729 457 933 519; x_wconf 88' lang='lat' dir='ltr'><strong>pastam</strong></span> <span class='ocrx_word' id='word_1_11' title='bbox 973 449 1206 503; x_wconf 83' lang='lat' dir='ltr'><strong>animam</strong></span> <span class='ocrx_word' id='word_1_12' title='bbox 1238 457 1480 504; x_wconf 84' lang='lat' dir='ltr'><strong>nostram</strong></span> <span class='ocrx_word' id='word_1_13' title='bbox 1513 447 1749 517; x_wconf 72' lang='lat' dir='ltr'><strong>potuerit</strong></span> <span class='ocrx_word' id='word_1_14' title='bbox 1774 452 1827 512; x_wconf 78' lang='grc' dir='ltr'><strong>Α</strong></span> <span class='ocrx_word' id='word_1_15' title='bbox 1852 459 2116 506; x_wconf 79' lang='lat' dir='ltr'><strong>aeternum</strong></span> <span class='ocrx_word' id='word_1_16' title='bbox 2146 469 2160 518; x_wconf 90' lang='lat'><strong>;</strong></span> <span class='ocrx_word' id='word_1_17' title='bbox 2195 460 2254 506; x_wconf 92' lang='lat' dir='ltr'><strong>ut</strong></span> <span class='ocrx_word' id='word_1_18' title='bbox 2273 453 2396 507; x_wconf 82' lang='lat' dir='ltr'><strong>cum</strong></span> <span class='ocrx_word' id='word_1_19' title='bbox 2449 453 2756 509; x_wconf 74' lang='lat' dir='ltr'><strong>venerimus</strong></span> <span class='ocrx_word' id='word_1_20' title='bbox 2799 455 2854 510; x_wconf 89' lang='lat' dir='ltr'><strong>in</strong></span> <span class='ocrx_word' id='word_1_21' title='bbox 2905 456 3054 512; x_wconf 83' lang='lat' dir='ltr'><strong>illam</strong></span> <span class='ocrx_word' id='word_1_22' title='bbox 3087 453 3217 513; x_wconf 83' lang='lat' dir='ltr'><strong>vere</strong></span> <span class='ocrx_word' id='word_1_23' title='bbox 3248 459 3452 515; x_wconf 83' lang='lat' dir='ltr'><strong>terram</strong></span> 
     </span>
    </p>
   </div>
   <div class='ocr_carea' id='block_1_5' title="bbox 204 542 1747 614">
    <p class='ocr_par' dir='ltr' id='par_1_5' title="bbox 204 542 1747 614">
     <span class='ocr_line' id='line_1_5' title="bbox 204 542 1747 614; baseline 0 -17"><span class='ocrx_word' id='word_1_24' title='bbox 204 545 452 599; x_wconf 84' lang='lat' dir='ltr'><strong>invenire:</strong></span> <span class='ocrx_word' id='word_1_25' title='bbox 498 542 540 597; x_wconf 88' lang='lat' dir='ltr'><strong>si</strong></span> <span class='ocrx_word' id='word_1_26' title='bbox 588 542 657 597; x_wconf 89' lang='lat' dir='ltr'><strong>sit</strong></span> <span class='ocrx_word' id='word_1_27' title='bbox 703 543 1056 614; x_wconf 84' lang='lat' dir='ltr'><strong>Evangelicus</strong></span> <span class='ocrx_word' id='word_1_28' title='bbox 1101 557 1293 598; x_wconf 88' lang='lat' dir='ltr'><strong>succus</strong></span> <span class='ocrx_word' id='word_1_29' title='bbox 1343 542 1400 598; x_wconf 86' lang='lat' dir='ltr'><strong>in</strong></span> <span class='ocrx_word' id='word_1_30' title='bbox 1448 542 1605 598; x_wconf 89' lang='lat' dir='ltr'><strong>nobis</strong></span> <span class='ocrx_word' id='word_1_31' title='bbox 1653 543 1747 597; x_wconf 89' lang='lat' dir='ltr'><strong>:si</strong></span> 
     </span>
    </p>
   </div>
   <div class='ocr_carea' id='block_1_6' title="bbox 198 633 1750 708">
    <p class='ocr_par' dir='ltr' id='par_1_6' title="bbox 198 633 1750 708">
     <span class='ocr_line' id='line_1_6' title="bbox 198 633 1750 708; baseline -0.002 -17"><span class='ocrx_word' id='word_1_32' title='bbox 198 636 470 708; x_wconf 79' lang='lat' dir='ltr'><strong>apostolicis</strong></span> <span class='ocrx_word' id='word_1_33' title='bbox 499 636 636 691; x_wconf 85' lang='lat' dir='ltr'><strong>escis</strong></span> <span class='ocrx_word' id='word_1_34' title='bbox 660 636 946 691; x_wconf 91' lang='lat' dir='ltr'><strong>maturitas</strong></span> <span class='ocrx_word' id='word_1_35' title='bbox 976 644 1176 690; x_wconf 75' lang='lat' dir='ltr'><strong>nostrm</strong></span> <span class='ocrx_word' id='word_1_36' title='bbox 1208 636 1404 690; x_wconf 88' lang='lat' dir='ltr'><strong>mentis</strong></span> <span class='ocrx_word' id='word_1_37' title='bbox 1436 642 1604 696; x_wconf 88' lang='lat' dir='ltr'><strong>toros,</strong></span> <span class='ocrx_word' id='word_1_38' title='bbox 1633 633 1750 688; x_wconf 89' lang='lat' dir='ltr'><strong>ani-</strong></span> 
     </span>
    </p>
   </div>
   <div class='ocr_carea' id='block_1_7' title="bbox 201 727 1744 798">
    <p class='ocr_par' dir='ltr' id='par_1_7' title="bbox 201 727 1744 798">
     <span class='ocr_line' id='line_1_7' title="bbox 201 727 1744 798; baseline -0.002 -12"><span class='ocrx_word' id='word_1_39' title='bbox 201 747 283 786; x_wconf 69' lang='lat' dir='ltr'><strong>mai</strong></span> <span class='ocrx_word' id='word_1_40' title='bbox 327 731 531 786; x_wconf 86' lang='lat' dir='ltr'><strong>robusta</strong></span> <span class='ocrx_word' id='word_1_41' title='bbox 587 729 944 785; x_wconf 85' lang='lat' dir='ltr'><strong>solidaverit:</strong></span> <span class='ocrx_word' id='word_1_42' title='bbox 977 730 1021 783; x_wconf 93' lang='lat' dir='ltr'><strong>si</strong></span> <span class='ocrx_word' id='word_1_43' title='bbox 1069 727 1341 798; x_wconf 77' lang='lat' dir='ltr'><strong>frequenti</strong></span> <span class='ocrx_word' id='word_1_44' title='bbox 1391 728 1744 784; x_wconf 68' lang='lat' dir='ltr'><strong>meditatione</strong></span> 
     </span>
    </p>
   </div>
   <div class='ocr_carea' id='block_1_8' title="bbox 199 819 1747 891">
    <p class='ocr_par' dir='ltr' id='par_1_8' title="bbox 199 819 1747 891">
     <span class='ocr_line' id='line_1_8' title="bbox 199 819 1747 891; baseline -0.002 -14"><span class='ocrx_word' id='word_1_45' title='bbox 199 823 421 877; x_wconf 86' lang='lat' dir='ltr'><strong>memoria</strong></span> <span class='ocrx_word' id='word_1_46' title='bbox 464 831 621 876; x_wconf 84' lang='lat' dir='ltr'><strong>tenax</strong></span> <span class='ocrx_word' id='word_1_47' title='bbox 669 829 1061 891; x_wconf 66' lang='lat' dir='ltr'><strong>praeceptorum</strong></span> <span class='ocrx_word' id='word_1_48' title='bbox 1109 819 1412 876; x_wconf 75' lang='lat' dir='ltr'><strong>cmlestium</strong></span> <span class='ocrx_word' id='word_1_49' title='bbox 1454 830 1637 890; x_wconf 88' lang='lat' dir='ltr'><strong>parata</strong></span> <span class='ocrx_word' id='word_1_50' title='bbox 1679 820 1747 874; x_wconf 89' lang='lat' dir='ltr'><strong>ad</strong></span> 
     </span>
    </p>
   </div>
   <div class='ocr_carea' id='block_1_9' title="bbox 195 913 1740 985">
    <p class='ocr_par' dir='ltr' id='par_1_9' title="bbox 195 913 1740 985">
     <span class='ocr_line' id='line_1_9' title="bbox 195 913 1740 985; baseline -0.001 -15"><span class='ocrx_word' id='word_1_51' title='bbox 195 926 372 985; x_wconf 86' lang='lat' dir='ltr'><strong>tempus</strong></span> <span class='ocrx_word' id='word_1_52' title='bbox 421 915 659 983; x_wconf 87' lang='lat' dir='ltr'><strong>exempla</strong></span> <span class='ocrx_word' id='word_1_53' title='bbox 699 914 1135 984; x_wconf 89' lang='lat' dir='ltr'><strong>deprompserit,</strong></span> <span class='ocrx_word' id='word_1_54' title='bbox 1190 913 1339 968; x_wconf 87' lang='lat' dir='ltr'><strong>nulla</strong></span> <span class='ocrx_word' id='word_1_55' title='bbox 1382 913 1740 969; x_wconf 88' lang='lat' dir='ltr'><strong>tentationum</strong></span> 
     </span>
    </p>
   </div>
   <div class='ocr_carea' id='block_1_10' title="bbox 194 1008 1170 1079">
    <p class='ocr_par' dir='ltr' id='par_1_10' title="bbox 194 1008 1170 1079">
     <span class='ocr_line' id='line_1_10' title="bbox 194 1008 1170 1079; baseline -0.005 -15"><span class='ocrx_word' id='word_1_56' title='bbox 194 1010 358 1079; x_wconf 90' lang='lat' dir='ltr'><strong>poterit</strong></span> <span class='ocrx_word' id='word_1_57' title='bbox 383 1022 476 1062; x_wconf 87' lang='lat' dir='ltr'><strong>nos</strong></span> <span class='ocrx_word' id='word_1_58' title='bbox 501 1009 816 1078; x_wconf 87' lang='lat' dir='ltr'><strong>perturbare</strong></span> <span class='ocrx_word' id='word_1_59' title='bbox 839 1008 1170 1078; x_wconf 81' lang='lat' dir='ltr'><strong>congressio.</strong></span> 
     </span>
    </p>
   </div>
   <div class='ocr_carea' id='block_1_11' title="bbox 249 1099 1739 1174">
    <p class='ocr_par' dir='ltr' id='par_1_11' title="bbox 249 1099 1739 1174">
     <span class='ocr_line' id='line_1_11' title="bbox 249 1099 1739 1174; baseline -0.003 -16"><span class='ocrx_word' id='word_1_60' title='bbox 249 1104 325 1158; x_wconf 76' lang='lat' dir='ltr'><strong>5i.</strong></span> <span class='ocrx_word' id='word_1_61' title='bbox 354 1102 523 1174; x_wconf 81' lang='lat' dir='ltr'><strong>(Vere.</strong></span> <span class='ocrx_word' id='word_1_62' title='bbox 549 1103 668 1167; x_wconf 78' lang='grc'><strong>95.)</strong></span> <span class='ocrx_word' id='word_1_63' title='bbox 697 1102 954 1171; x_wconf 80' lang='lat' dir='ltr'><strong>Sequitur</strong></span> <span class='ocrx_word' id='word_1_64' title='bbox 983 1115 1174 1156; x_wconf 89' lang='lat' dir='ltr'><strong>versus</strong></span> <span class='ocrx_word' id='word_1_65' title='bbox 1207 1101 1427 1172; x_wconf 88' lang='lat' dir='ltr'><strong>quintus</strong></span> <span class='ocrx_word' id='word_1_66' title='bbox 1452 1117 1464 1152; x_wconf 91' lang='lat'><strong>:</strong></span> <span class='ocrx_word' id='word_1_67' title='bbox 1496 1099 1564 1154; x_wconf 85' lang='lat' dir='ltr'><strong>In</strong></span> <span class='ocrx_word' id='word_1_68' title='bbox 1591 1109 1739 1155; x_wconf 77' lang='lat' dir='ltr'><strong>teter-</strong></span> 
     </span>
    </p>
   </div>
   <div class='ocr_carea' id='block_1_12' title="bbox 192 1195 1744 1269">
    <p class='ocr_par' dir='ltr' id='par_1_12' title="bbox 192 1195 1744 1269">
     <span class='ocr_line' id='line_1_12' title="bbox 192 1195 1744 1269; baseline -0.001 -19"><span class='ocrx_word' id='word_1_69' title='bbox 192 1214 292 1251; x_wconf 85' lang='lat' dir='ltr'><strong>mnn</strong></span> <span class='ocrx_word' id='word_1_70' title='bbox 328 1212 418 1249; x_wconf 86' lang='lat' dir='ltr'><strong>non</strong></span> <span class='ocrx_word' id='word_1_71' title='bbox 464 1196 736 1249; x_wconf 79' lang='lat' dir='ltr'><strong>obliviscar</strong></span> <span class='ocrx_word' id='word_1_72' title='bbox 755 1196 1194 1269; x_wconf 84' lang='lat' dir='ltr'><strong>justiﬁcationum</strong></span> <span class='ocrx_word' id='word_1_73' title='bbox 1233 1204 1474 1258; x_wconf 85' lang='lat' dir='ltr'><strong>tuarum;</strong></span> <span class='ocrx_word' id='word_1_74' title='bbox 1501 1195 1744 1264; x_wconf 86' lang='lat' dir='ltr'><strong>quoniam</strong></span> 
     </span>
    </p>
   </div>
   <div class='ocr_carea' id='block_1_13' title="bbox 190 1284 1746 1356">
    <p class='ocr_par' dir='ltr' id='par_1_13' title="bbox 190 1284 1746 1356">
     <span class='ocr_line' id='line_1_13' title="bbox 190 1284 1746 1356; baseline 0.001 -16"><span class='ocrx_word' id='word_1_75' title='bbox 190 1289 234 1341; x_wconf 78' lang='lat' dir='ltr'><strong>in</strong></span> <span class='ocrx_word' id='word_1_76' title='bbox 252 1288 361 1355; x_wconf 79' lang='lat' dir='ltr'><strong>ipsis</strong></span> <span class='ocrx_word' id='word_1_77' title='bbox 384 1287 648 1356; x_wconf 81' lang='lat' dir='ltr'><strong>viviﬁcasti</strong></span> <span class='ocrx_word' id='word_1_78' title='bbox 689 1302 788 1340; x_wconf 88' lang='lat' dir='ltr'><strong>me.</strong></span> <span class='ocrx_word' id='word_1_79' title='bbox 818 1285 932 1341; x_wconf 90' lang='lat' dir='ltr'><strong>Lex</strong></span> <span class='ocrx_word' id='word_1_80' title='bbox 959 1285 1259 1342; x_wconf 91' lang='lat' dir='ltr'><strong>secundum</strong></span> <span class='ocrx_word' id='word_1_81' title='bbox 1292 1284 1611 1356; x_wconf 84' lang='lat' dir='ltr'><strong>Apostoium</strong></span> <span class='ocrx_word' id='word_1_82' title='bbox 1636 1301 1746 1356; x_wconf 70' lang='lat' dir='ltr'><strong>pa:-</strong></span> 
     </span>
    </p>
   </div>
   <div class='ocr_carea' id='block_1_14' title="bbox 189 1377 1744 1451">
    <p class='ocr_par' dir='ltr' id='par_1_14' title="bbox 189 1377 1744 1451">
     <span class='ocr_line' id='line_1_14' title="bbox 189 1377 1744 1451; baseline 0.001 -18"><span class='ocrx_word' id='word_1_83' title='bbox 189 1379 389 1450; x_wconf 76' lang='lat' dir='ltr'><strong>dagogus</strong></span> <span class='ocrx_word' id='word_1_84' title='bbox 422 1379 631 1451; x_wconf 66' lang='lat'><strong>1125</strong></span> <span class='ocrx_word' id='word_1_85' title='bbox 660 1388 746 1434; x_wconf 87' lang='lat' dir='ltr'><strong>est</strong></span> <span class='ocrx_word' id='word_1_86' title='bbox 787 1379 1164 1448; x_wconf 82' lang='lat' dir='ltr'><strong>parvulorum,</strong></span> <span class='ocrx_word' id='word_1_87' title='bbox 1193 1379 1369 1434; x_wconf 89' lang='lat' dir='ltr'><strong>donec</strong></span> <span class='ocrx_word' id='word_1_88' title='bbox 1398 1378 1463 1434; x_wconf 85' lang='lat' dir='ltr'><strong>ad</strong></span> <span class='ocrx_word' id='word_1_89' title='bbox 1491 1377 1744 1448; x_wconf 66' lang='lat' dir='ltr'><strong>perfectas</strong></span> 
     </span>
    </p>
   </div>
   <div class='ocr_carea' id='block_1_15' title="bbox 187 1471 1738 1542">
    <p class='ocr_par' dir='ltr' id='par_1_15' title="bbox 187 1471 1738 1542">
     <span class='ocr_line' id='line_1_15' title="bbox 187 1471 1738 1542; baseline 0.001 -16"><span class='ocrx_word' id='word_1_90' title='bbox 187 1473 286 1526; x_wconf 80' lang='lat' dir='ltr'><strong>ﬁdei</strong></span> <span class='ocrx_word' id='word_1_91' title='bbox 305 1475 641 1527; x_wconf 88' lang='lat' dir='ltr'><strong>maturiorem</strong></span> <span class='ocrx_word' id='word_1_92' title='bbox 671 1472 961 1542; x_wconf 79' lang='lat' dir='ltr'><strong>quamdam</strong></span> <span class='ocrx_word' id='word_1_93' title='bbox 994 1473 1274 1526; x_wconf 85' lang='lat' dir='ltr'><strong>veniamus</strong></span> <span class='ocrx_word' id='word_1_94' title='bbox 1304 1482 1519 1527; x_wconf 78' lang='lat' dir='ltr'><strong>:etalem</strong></span> <span class='ocrx_word' id='word_1_95' title='bbox 1541 1471 1738 1542; x_wconf 80' lang='lat' dir='ltr'><strong>(Galat.</strong></span> 
     </span>
    </p>
   </div>
   <div class='ocr_carea' id='block_1_16' title="bbox 186 1564 1744 1635">
    <p class='ocr_par' dir='ltr' id='par_1_16' title="bbox 186 1564 1744 1635">
     <span class='ocr_line' id='line_1_16' title="bbox 186 1564 1744 1635; baseline 0 -15"><span class='ocrx_word' id='word_1_96' title='bbox 186 1565 374 1634; x_wconf 71' lang='lat' dir='ltr'><strong>111,2l).</strong></span> <span class='ocrx_word' id='word_1_97' title='bbox 406 1564 458 1618; x_wconf 87' lang='lat'><strong>111</strong></span> <span class='ocrx_word' id='word_1_98' title='bbox 506 1564 654 1635; x_wconf 87' lang='lat' dir='ltr'><strong>Lege</strong></span> <span class='ocrx_word' id='word_1_99' title='bbox 699 1573 878 1620; x_wconf 84' lang='lat' dir='ltr'><strong>autem</strong></span> <span class='ocrx_word' id='word_1_100' title='bbox 926 1565 1179 1620; x_wconf 89' lang='lat' dir='ltr'><strong>mandata</strong></span> <span class='ocrx_word' id='word_1_101' title='bbox 1223 1565 1744 1634; x_wconf 87' lang='lat' dir='ltr'><strong>sunt,justilicatio-</strong></span> 
     </span>
    </p>
   </div>
   <div class='ocr_carea' id='block_1_17' title="bbox 185 1658 1742 1730">
    <p class='ocr_par' dir='ltr' id='par_1_17' title="bbox 185 1658 1742 1730">
     <span class='ocr_line' id='line_1_17' title="bbox 185 1658 1742 1730; baseline 0.002 -18"><span class='ocrx_word' id='word_1_102' title='bbox 185 1673 276 1722; x_wconf 83' lang='lat' dir='ltr'><strong>nes,</strong></span> <span class='ocrx_word' id='word_1_103' title='bbox 305 1659 628 1724; x_wconf 89' lang='lat' dir='ltr'><strong>testimonia,</strong></span> <span class='ocrx_word' id='word_1_104' title='bbox 649 1658 897 1729; x_wconf 71' lang='lat' dir='ltr'><strong>iustitiae,</strong></span> <span class='ocrx_word' id='word_1_105' title='bbox 929 1666 1219 1730; x_wconf 64' lang='lat' dir='ltr'><strong>praecepta.</strong></span> <span class='ocrx_word' id='word_1_106' title='bbox 1241 1658 1593 1714; x_wconf 83' lang='lat' dir='ltr'><strong>Vivificamur</strong></span> <span class='ocrx_word' id='word_1_107' title='bbox 1613 1674 1742 1730; x_wconf 90' lang='lat' dir='ltr'><strong>ergo</strong></span> 
     </span>
    </p>
   </div>
   <div class='ocr_carea' id='block_1_18' title="bbox 184 1750 1742 1821">
    <p class='ocr_par' dir='ltr' id='par_1_18' title="bbox 184 1750 1742 1821">
     <span class='ocr_line' id='line_1_18' title="bbox 184 1750 1742 1821; baseline 0.001 -18"><span class='ocrx_word' id='word_1_108' title='bbox 184 1752 224 1804; x_wconf 89' lang='lat' dir='ltr'><strong>in</strong></span> <span class='ocrx_word' id='word_1_109' title='bbox 249 1750 408 1821; x_wconf 84' lang='lat' dir='ltr'><strong>Lege;</strong></span> <span class='ocrx_word' id='word_1_110' title='bbox 442 1750 586 1806; x_wconf 86' lang='lat' dir='ltr'><strong>unde</strong></span> <span class='ocrx_word' id='word_1_111' title='bbox 613 1761 667 1806; x_wconf 89' lang='lat' dir='ltr'><strong>et</strong></span> <span class='ocrx_word' id='word_1_112' title='bbox 695 1751 770 1805; x_wconf 85' lang='lat' dir='ltr'><strong>ait</strong></span> <span class='ocrx_word' id='word_1_113' title='bbox 799 1750 1093 1820; x_wconf 80' lang='lat' dir='ltr'><strong>Apostolus</strong></span> <span class='ocrx_word' id='word_1_114' title='bbox 1127 1767 1140 1802; x_wconf 92' lang='lat'><strong>:</strong></span> <span class='ocrx_word' id='word_1_115' title='bbox 1174 1750 1286 1806; x_wconf 72' lang='lat' dir='ltr'><strong>Lex</strong></span> <span class='ocrx_word' id='word_1_116' title='bbox 1323 1761 1499 1805; x_wconf 87' lang='lat' dir='ltr'><strong>autem</strong></span> <span class='ocrx_word' id='word_1_117' title='bbox 1539 1767 1641 1804; x_wconf 87' lang='lat' dir='ltr'><strong>non</strong></span> <span class='ocrx_word' id='word_1_118' title='bbox 1668 1759 1742 1804; x_wconf 81' lang='lat' dir='ltr'><strong>est</strong></span> 
     </span>
    </p>
   </div>
   <div class='ocr_carea' id='block_1_19' title="bbox 1851 545 3455 619">
    <p class='ocr_par' dir='ltr' id='par_1_19' title="bbox 1851 545 3455 619">
     <span class='ocr_line' id='line_1_19' title="bbox 1851 545 3455 619; baseline 0.007 -22"><span class='ocrx_word' id='word_1_119' title='bbox 1851 545 2316 614; x_wconf 83' lang='lat' dir='ltr'><strong>repromissionis,</strong></span> <span class='ocrx_word' id='word_1_120' title='bbox 2341 547 2432 602; x_wconf 91' lang='lat' dir='ltr'><strong>ubi</strong></span> <span class='ocrx_word' id='word_1_121' title='bbox 2453 557 2535 601; x_wconf 91' lang='lat' dir='ltr'><strong>est</strong></span> <span class='ocrx_word' id='word_1_122' title='bbox 2565 550 2714 618; x_wconf 84' lang='lat' dir='ltr'><strong>regio</strong></span> <span class='ocrx_word' id='word_1_123' title='bbox 2741 550 3007 619; x_wconf 88' lang='lat' dir='ltr'><strong>vivorum,</strong></span> <span class='ocrx_word' id='word_1_124' title='bbox 3041 554 3455 609; x_wconf 86' lang='lat' dir='ltr'><strong>meminerimus</strong></span> 
     </span>
    </p>
   </div>
   <div class='ocr_carea' id='block_1_20' title="bbox 1850 637 3457 716">
    <p class='ocr_par' dir='ltr' id='par_1_20' title="bbox 1850 637 3457 716">
     <span class='ocr_line' id='line_1_20' title="bbox 1850 637 3457 716; baseline 0.009 -28"><span class='ocrx_word' id='word_1_125' title='bbox 1850 646 2048 704; x_wconf 88' lang='lat' dir='ltr'><strong>quanta</strong></span> <span class='ocrx_word' id='word_1_126' title='bbox 2077 637 2164 691; x_wconf 91' lang='lat' dir='ltr'><strong>hic</strong></span> <span class='ocrx_word' id='word_1_127' title='bbox 2193 639 2347 694; x_wconf 88' lang='lat' dir='ltr'><strong>nobis</strong></span> <span class='ocrx_word' id='word_1_128' title='bbox 2393 639 2602 693; x_wconf 84' lang='lat' dir='ltr'><strong>Pharao</strong></span> <span class='ocrx_word' id='word_1_129' title='bbox 2655 641 2807 696; x_wconf 85' lang='lat' dir='ltr'><strong>dirus</strong></span> <span class='ocrx_word' id='word_1_130' title='bbox 2850 643 3118 710; x_wconf 78' lang='lat' dir='ltr'><strong>intulerit,</strong></span> <span class='ocrx_word' id='word_1_131' title='bbox 3148 653 3276 715; x_wconf 84' lang='lat' dir='ltr'><strong>quot</strong></span> <span class='ocrx_word' id='word_1_132' title='bbox 3329 661 3457 716; x_wconf 50' lang='lat' dir='ltr'><strong>pera</strong></span> 
     </span>
    </p>
   </div>
   <div class='ocr_carea' id='block_1_21' title="bbox 1850 730 3452 811">
    <p class='ocr_par' dir='ltr' id='par_1_21' title="bbox 1850 730 3452 811">
     <span class='ocr_line' id='line_1_21' title="bbox 1850 730 3452 811; baseline 0.008 -28"><span class='ocrx_word' id='word_1_133' title='bbox 1850 731 1995 798; x_wconf 89' lang='lat' dir='ltr'><strong>pessi</strong></span> <span class='ocrx_word' id='word_1_134' title='bbox 2039 731 2092 785; x_wconf 91' lang='lat' dir='ltr'><strong>in</strong></span> <span class='ocrx_word' id='word_1_135' title='bbox 2132 730 2238 787; x_wconf 87' lang='lat' dir='ltr'><strong>hoc</strong></span> <span class='ocrx_word' id='word_1_136' title='bbox 2263 733 2464 788; x_wconf 65' lang='lat' dir='ltr'><strong>saeculo</strong></span> <span class='ocrx_word' id='word_1_137' title='bbox 2516 734 2718 800; x_wconf 87' lang='lat' dir='ltr'><strong>simus,</strong></span> <span class='ocrx_word' id='word_1_138' title='bbox 2775 739 2972 806; x_wconf 86' lang='lat' dir='ltr'><strong>quibus</strong></span> <span class='ocrx_word' id='word_1_139' title='bbox 3021 739 3236 794; x_wconf 80' lang='lat' dir='ltr'><strong>tandem</strong></span> <span class='ocrx_word' id='word_1_140' title='bbox 3277 741 3452 811; x_wconf 85' lang='lat' dir='ltr'><strong>erepti</strong></span> 
     </span>
    </p>
   </div>
   <div class='ocr_carea' id='block_1_22' title="bbox 1849 821 3454 897">
    <p class='ocr_par' dir='ltr' id='par_1_22' title="bbox 1849 821 3454 897">
     <span class='ocr_line' id='line_1_22' title="bbox 1849 821 3454 897; baseline 0.009 -23"><span class='ocrx_word' id='word_1_141' title='bbox 1849 821 2006 877; x_wconf 83' lang='lat' dir='ltr'><strong>malis</strong></span> <span class='ocrx_word' id='word_1_142' title='bbox 2057 839 2071 889; x_wconf 92' lang='lat'>;</span> <span class='ocrx_word' id='word_1_143' title='bbox 2119 832 2173 878; x_wconf 93' lang='lat' dir='ltr'><strong>et</strong></span> <span class='ocrx_word' id='word_1_144' title='bbox 2221 839 2445 895; x_wconf 80' lang='lat' dir='ltr'><strong>agamus</strong></span> <span class='ocrx_word' id='word_1_145' title='bbox 2499 826 2704 895; x_wconf 87' lang='lat' dir='ltr'><strong>gratias</strong></span> <span class='ocrx_word' id='word_1_146' title='bbox 2754 830 3005 897; x_wconf 85' lang='lat' dir='ltr'><strong>eripienti</strong></span> <span class='ocrx_word' id='word_1_147' title='bbox 3065 844 3166 886; x_wconf 86' lang='lat' dir='ltr'><strong>nos</strong></span> <span class='ocrx_word' id='word_1_148' title='bbox 3222 831 3454 889; x_wconf 86' lang='lat' dir='ltr'><strong>Domino</strong></span> 
     </span>
    </p>
   </div>
   <div class='ocr_carea' id='block_1_23' title="bbox 1847 914 3457 997">
    <p class='ocr_par' dir='ltr' id='par_1_23' title="bbox 1847 914 3457 997">
     <span class='ocr_line' id='line_1_23' title="bbox 1847 914 3457 997; baseline 0.006 -27"><span class='ocrx_word' id='word_1_149' title='bbox 1847 914 1973 970; x_wconf 68' lang='lat' dir='ltr'><strong>Iesu</strong></span> <span class='ocrx_word' id='word_1_150' title='bbox 2005 951 2021 984; x_wconf 85' lang='lat'><strong>,</strong></span> <span class='ocrx_word' id='word_1_151' title='bbox 2074 917 2166 986; x_wconf 85' lang='lat' dir='ltr'><strong>qui</strong></span> <span class='ocrx_word' id='word_1_152' title='bbox 2217 918 2650 988; x_wconf 89' lang='lat' dir='ltr'><strong>perturbatorem</strong></span> <span class='ocrx_word' id='word_1_153' title='bbox 2709 921 2956 978; x_wconf 85' lang='lat' dir='ltr'><strong>omnittm</strong></span> <span class='ocrx_word' id='word_1_154' title='bbox 2989 921 3256 980; x_wconf 86' lang='lat' dir='ltr'><strong>fecitesse</strong></span> <span class='ocrx_word' id='word_1_155' title='bbox 3285 926 3457 997; x_wconf 51' lang='lat' dir='ltr'><strong>capti:</strong></span> 
     </span>
    </p>
   </div>
   <div class='ocr_carea' id='block_1_24' title="bbox 1850 1021 1997 1063">
    <p class='ocr_par' dir='ltr' id='par_1_24' title="bbox 1850 1021 1997 1063">
     <span class='ocr_line' id='line_1_24' title="bbox 1850 1021 1997 1063; baseline 0.02 -3"><span class='ocrx_word' id='word_1_156' title='bbox 1850 1021 1997 1063; x_wconf 72' lang='lat' dir='ltr'><strong>VIIII].</strong></span> 
     </span>
    </p>
   </div>
   <div class='ocr_carea' id='block_1_25' title="bbox 1918 1099 3452 1172">
    <p class='ocr_par' dir='ltr' id='par_1_25' title="bbox 1918 1099 3452 1172">
     <span class='ocr_line' id='line_1_25' title="bbox 1918 1099 3452 1172; baseline 0.004 -16"><span class='ocrx_word' id='word_1_157' title='bbox 1918 1101 2008 1156; x_wconf 73' lang='lat'><strong>57.</strong></span> <span class='ocrx_word' id='word_1_158' title='bbox 2034 1099 2216 1171; x_wconf 88' lang='lat' dir='ltr'><strong>(Vers.</strong></span> <span class='ocrx_word' id='word_1_159' title='bbox 2253 1100 2374 1172; x_wconf 82' lang='grc'><strong>94.)</strong></span> <span class='ocrx_word' id='word_1_160' title='bbox 2403 1101 2659 1171; x_wconf 86' lang='lat' dir='ltr'><strong>Sequitur</strong></span> <span class='ocrx_word' id='word_1_161' title='bbox 2683 1116 2874 1160; x_wconf 88' lang='lat' dir='ltr'><strong>versus</strong></span> <span class='ocrx_word' id='word_1_162' title='bbox 2904 1113 3090 1160; x_wconf 80' lang='lat' dir='ltr'><strong>sextus</strong></span> <span class='ocrx_word' id='word_1_163' title='bbox 3123 1122 3135 1159; x_wconf 94' lang='lat'>:</span> <span class='ocrx_word' id='word_1_164' title='bbox 3169 1106 3308 1162; x_wconf 86' lang='lat' dir='ltr'><strong>Tuus</strong></span> <span class='ocrx_word' id='word_1_165' title='bbox 3337 1123 3452 1163; x_wconf 82' lang='lat' dir='ltr'><strong>sitm</strong></span> 
     </span>
    </p>
   </div>
   <div class='ocr_carea' id='block_1_26' title="bbox 1847 1191 3451 1265">
    <p class='ocr_par' dir='ltr' id='par_1_26' title="bbox 1847 1191 3451 1265">
     <span class='ocr_line' id='line_1_26' title="bbox 1847 1191 3451 1265; baseline 0.006 -21"><span class='ocrx_word' id='word_1_166' title='bbox 1847 1206 1958 1257; x_wconf 86' lang='lat' dir='ltr'><strong>ego,</strong></span> <span class='ocrx_word' id='word_1_167' title='bbox 1991 1191 2133 1245; x_wconf 83' lang='lat' dir='ltr'><strong>salva</strong></span> <span class='ocrx_word' id='word_1_168' title='bbox 2173 1207 2271 1255; x_wconf 87' lang='lat' dir='ltr'><strong>me,</strong></span> <span class='ocrx_word' id='word_1_169' title='bbox 2306 1191 2566 1257; x_wconf 80' lang='lat' dir='ltr'><strong>Domine;</strong></span> <span class='ocrx_word' id='word_1_170' title='bbox 2604 1195 2851 1262; x_wconf 88' lang='lat' dir='ltr'><strong>quoniam</strong></span> <span class='ocrx_word' id='word_1_171' title='bbox 2877 1197 3288 1265; x_wconf 82' lang='lat' dir='ltr'><strong>justiﬁcationes</strong></span> <span class='ocrx_word' id='word_1_172' title='bbox 3333 1208 3451 1253; x_wconf 83' lang='lat' dir='ltr'><strong>tuas</strong></span> 
     </span>
    </p>
   </div>
   <div class='ocr_carea' id='block_1_27' title="bbox 1847 1284 3450 1360">
    <p class='ocr_par' dir='ltr' id='par_1_27' title="bbox 1847 1284 3450 1360">
     <span class='ocr_line' id='line_1_27' title="bbox 1847 1284 3450 1360; baseline 0.004 -20"><span class='ocrx_word' id='word_1_173' title='bbox 1847 1284 2113 1355; x_wconf 70' lang='lat' dir='ltr'><strong>exquisivi.</strong></span> <span class='ocrx_word' id='word_1_174' title='bbox 2147 1285 2345 1342; x_wconf 82' lang='lat' dir='ltr'><strong>Facilis</strong></span> <span class='ocrx_word' id='word_1_175' title='bbox 2368 1301 2495 1352; x_wconf 90' lang='lat' dir='ltr'><strong>vox,</strong></span> <span class='ocrx_word' id='word_1_176' title='bbox 2521 1295 2576 1342; x_wconf 90' lang='lat' dir='ltr'><strong>et</strong></span> <span class='ocrx_word' id='word_1_177' title='bbox 2601 1288 2907 1342; x_wconf 89' lang='lat' dir='ltr'><strong>communis</strong></span> <span class='ocrx_word' id='word_1_178' title='bbox 2935 1287 3169 1351; x_wconf 86' lang='lat' dir='ltr'><strong>videtur,</strong></span> <span class='ocrx_word' id='word_1_179' title='bbox 3195 1290 3290 1345; x_wconf 86' lang='lat' dir='ltr'><strong>sed</strong></span> <span class='ocrx_word' id='word_1_180' title='bbox 3321 1305 3450 1360; x_wconf 83' lang='lat' dir='ltr'><strong>pau-</strong></span> 
     </span>
    </p>
   </div>
   <div class='ocr_carea' id='block_1_28' title="bbox 1846 1377 3453 1452">
    <p class='ocr_par' dir='ltr' id='par_1_28' title="bbox 1846 1377 3453 1452">
     <span class='ocr_line' id='line_1_28' title="bbox 1846 1377 3453 1452; baseline 0.007 -23"><span class='ocrx_word' id='word_1_181' title='bbox 1846 1390 2034 1430; x_wconf 90' lang='lat' dir='ltr'><strong>corum</strong></span> <span class='ocrx_word' id='word_1_182' title='bbox 2067 1386 2169 1432; x_wconf 90' lang='lat' dir='ltr'><strong>est.</strong></span> <span class='ocrx_word' id='word_1_183' title='bbox 2205 1377 2348 1434; x_wconf 89' lang='lat' dir='ltr'><strong>Satis</strong></span> <span class='ocrx_word' id='word_1_184' title='bbox 2397 1394 2554 1434; x_wconf 90' lang='lat' dir='ltr'><strong>rarus</strong></span> <span class='ocrx_word' id='word_1_185' title='bbox 2582 1387 2666 1435; x_wconf 90' lang='lat' dir='ltr'><strong>est</strong></span> <span class='ocrx_word' id='word_1_186' title='bbox 2713 1381 2858 1435; x_wconf 90' lang='lat' dir='ltr'><strong>enim</strong></span> <span class='ocrx_word' id='word_1_187' title='bbox 2913 1382 3002 1452; x_wconf 91' lang='lat' dir='ltr'><strong>qui</strong></span> <span class='ocrx_word' id='word_1_188' title='bbox 3034 1389 3210 1452; x_wconf 89' lang='lat' dir='ltr'><strong>potest</strong></span> <span class='ocrx_word' id='word_1_189' title='bbox 3267 1383 3453 1441; x_wconf 85' lang='lat' dir='ltr'><strong>dicere</strong></span> 
     </span>
    </p>
   </div>
   <div class='ocr_carea' id='block_1_29' title="bbox 1847 1466 3452 1543">
    <p class='ocr_par' dir='ltr' id='par_1_29' title="bbox 1847 1466 3452 1543">
     <span class='ocr_line' id='line_1_29' title="bbox 1847 1466 3452 1543; baseline 0.007 -23"><span class='ocrx_word' id='word_1_190' title='bbox 1847 1466 1997 1524; x_wconf 89' lang='lat' dir='ltr'><strong>Deo:</strong></span> <span class='ocrx_word' id='word_1_191' title='bbox 2027 1467 2171 1523; x_wconf 85' lang='lat' dir='ltr'><strong>Tuus</strong></span> <span class='ocrx_word' id='word_1_192' title='bbox 2209 1486 2344 1524; x_wconf 84' lang='lat' dir='ltr'><strong>sum.</strong></span> <span class='ocrx_word' id='word_1_193' title='bbox 2395 1469 2492 1525; x_wconf 89' lang='lat' dir='ltr'><strong>Ille</strong></span> <span class='ocrx_word' id='word_1_194' title='bbox 2524 1472 2672 1527; x_wconf 90' lang='lat' dir='ltr'><strong>enim</strong></span> <span class='ocrx_word' id='word_1_195' title='bbox 2703 1472 2878 1536; x_wconf 89' lang='lat' dir='ltr'><strong>dicit,</strong></span> <span class='ocrx_word' id='word_1_196' title='bbox 2913 1474 3002 1543; x_wconf 88' lang='lat' dir='ltr'><strong>qui</strong></span> <span class='ocrx_word' id='word_1_197' title='bbox 3045 1473 3287 1530; x_wconf 70' lang='lat' dir='ltr'><strong>adhaeret</strong></span> <span class='ocrx_word' id='word_1_198' title='bbox 3342 1476 3452 1531; x_wconf 90' lang='lat' dir='ltr'><strong>Deo</strong></span> 
     </span>
    </p>
   </div>
   <div class='ocr_carea' id='block_1_30' title="bbox 1845 1559 3453 1634">
    <p class='ocr_par' dir='ltr' id='par_1_30' title="bbox 1845 1559 3453 1634">
     <span class='ocr_line' id='line_1_30' title="bbox 1845 1559 3453 1634; baseline 0.006 -20"><span class='ocrx_word' id='word_1_199' title='bbox 1845 1559 1976 1616; x_wconf 88' lang='lat' dir='ltr'><strong>totis</strong></span> <span class='ocrx_word' id='word_1_200' title='bbox 2025 1561 2300 1627; x_wconf 81' lang='lat' dir='ltr'><strong>sensibus,</strong></span> <span class='ocrx_word' id='word_1_201' title='bbox 2351 1563 2444 1633; x_wconf 90' lang='lat' dir='ltr'><strong>qui</strong></span> <span class='ocrx_word' id='word_1_202' title='bbox 2472 1563 2617 1619; x_wconf 88' lang='lat' dir='ltr'><strong>aliud</strong></span> <span class='ocrx_word' id='word_1_203' title='bbox 2640 1566 2882 1634; x_wconf 88' lang='lat' dir='ltr'><strong>cogitare</strong></span> <span class='ocrx_word' id='word_1_204' title='bbox 2910 1581 3016 1620; x_wconf 90' lang='lat' dir='ltr'><strong>non</strong></span> <span class='ocrx_word' id='word_1_205' title='bbox 3070 1566 3303 1622; x_wconf 88' lang='lat' dir='ltr'><strong>noverit.</strong></span> <span class='ocrx_word' id='word_1_206' title='bbox 3361 1567 3453 1623; x_wconf 90' lang='lat' dir='ltr'><strong>ille</strong></span> 
     </span>
    </p>
   </div>
   <div class='ocr_carea' id='block_1_31' title="bbox 1845 1651 3452 1725">
    <p class='ocr_par' dir='ltr' id='par_1_31' title="bbox 1845 1651 3452 1725">
     <span class='ocr_line' id='line_1_31' title="bbox 1845 1651 3452 1725; baseline 0.006 -20"><span class='ocrx_word' id='word_1_207' title='bbox 1845 1651 1948 1707; x_wconf 85' lang='lat' dir='ltr'><strong>hac</strong></span> <span class='ocrx_word' id='word_1_208' title='bbox 1974 1667 2109 1708; x_wconf 89' lang='lat' dir='ltr'><strong>voce</strong></span> <span class='ocrx_word' id='word_1_209' title='bbox 2159 1654 2349 1719; x_wconf 86' lang='lat' dir='ltr'><strong>utitur,</strong></span> <span class='ocrx_word' id='word_1_210' title='bbox 2406 1657 2498 1725; x_wconf 87' lang='lat' dir='ltr'><strong>qtti</strong></span> <span class='ocrx_word' id='word_1_211' title='bbox 2554 1663 2732 1725; x_wconf 88' lang='lat' dir='ltr'><strong>potest</strong></span> <span class='ocrx_word' id='word_1_212' title='bbox 2774 1656 2994 1712; x_wconf 88' lang='lat' dir='ltr'><strong>dicere:</strong></span> <span class='ocrx_word' id='word_1_213' title='bbox 3031 1657 3257 1713; x_wconf 80' lang='lat' dir='ltr'><strong>Ostende</strong></span> <span class='ocrx_word' id='word_1_214' title='bbox 3306 1659 3452 1714; x_wconf 86' lang='lat' dir='ltr'><strong>nobis</strong></span> 
     </span>
    </p>
   </div>
   <div class='ocr_carea' id='block_1_32' title="bbox 1847 1743 3446 1821">
    <p class='ocr_par' dir='ltr' id='par_1_32' title="bbox 1847 1743 3446 1821">
     <span class='ocr_line' id='line_1_32' title="bbox 1847 1743 3446 1821; baseline 0.008 -25"><span class='ocrx_word' id='word_1_215' title='bbox 1847 1743 2076 1809; x_wconf 83' lang='lat' dir='ltr'><strong>Putrem,</strong></span> <span class='ocrx_word' id='word_1_216' title='bbox 2111 1756 2159 1800; x_wconf 87' lang='lat' dir='ltr'><strong>et</strong></span> <span class='ocrx_word' id='word_1_217' title='bbox 2185 1747 2382 1818; x_wconf 79' lang='lat' dir='ltr'><strong>sufﬁcit</strong></span> <span class='ocrx_word' id='word_1_218' title='bbox 2411 1748 2556 1802; x_wconf 85' lang='lat' dir='ltr'><strong>nobis</strong></span> <span class='ocrx_word' id='word_1_219' title='bbox 2587 1747 2768 1819; x_wconf 82' lang='lat' dir='ltr'><strong>(Joan.</strong></span> <span class='ocrx_word' id='word_1_220' title='bbox 2803 1764 2915 1816; x_wconf 84' lang='lat' dir='ltr'><strong>x1v,</strong></span> <span class='ocrx_word' id='word_1_221' title='bbox 2950 1749 3025 1820; x_wconf 85' lang='lat'><strong>8).</strong></span> <span class='ocrx_word' id='word_1_222' title='bbox 3053 1750 3322 1821; x_wconf 87' lang='lat' dir='ltr'><strong>Numquid</strong></span> <span class='ocrx_word' id='word_1_223' title='bbox 3344 1754 3446 1808; x_wconf 83' lang='lat' dir='ltr'><strong>hac</strong></span> 
     </span>
    </p>
   </div>
   <div class='ocr_carea' id='block_1_33' title="bbox 180 1838 3447 1914">
    <p class='ocr_par' dir='ltr' id='par_1_33' title="bbox 180 1838 3447 1914">
     <span class='ocr_line' id='line_1_33' title="bbox 180 1838 3447 1914; baseline 0.001 -19"><span class='ocrx_word' id='word_1_224' title='bbox 180 1860 230 1897; x_wconf 71' lang='lat' dir='ltr'><strong>ex</strong></span> <span class='ocrx_word' id='word_1_225' title='bbox 253 1844 343 1912; x_wconf 77' lang='lat' dir='ltr'><strong>ﬁde</strong></span> <span class='ocrx_word' id='word_1_226' title='bbox 371 1859 388 1896; x_wconf 92' lang='lat'><strong><em>:</em></strong></span> <span class='ocrx_word' id='word_1_227' title='bbox 414 1844 504 1896; x_wconf 81' lang='lat' dir='ltr'><strong>sed</strong></span> <span class='ocrx_word' id='word_1_228' title='bbox 557 1844 647 1912; x_wconf 87' lang='lat' dir='ltr'><strong>qui</strong></span> <span class='ocrx_word' id='word_1_229' title='bbox 678 1842 803 1911; x_wconf 69' lang='lat' dir='ltr'><strong>facit</strong></span> <span class='ocrx_word' id='word_1_230' title='bbox 842 1841 1010 1909; x_wconf 80' lang='lat' dir='ltr'><strong>illam,</strong></span> <span class='ocrx_word' id='word_1_231' title='bbox 1042 1843 1172 1896; x_wconf 81' lang='lat' dir='ltr'><strong>vivet</strong></span> <span class='ocrx_word' id='word_1_232' title='bbox 1212 1843 1265 1896; x_wconf 86' lang='lat' dir='ltr'><strong>in</strong></span> <span class='ocrx_word' id='word_1_233' title='bbox 1292 1859 1352 1896; x_wconf 87' lang='lat' dir='ltr'><strong>ea</strong></span> <span class='ocrx_word' id='word_1_234' title='bbox 1393 1842 1585 1913; x_wconf 74' lang='lat' dir='ltr'><strong>(lbid.,</strong></span> <span class='ocrx_word' id='word_1_235' title='bbox 1616 1842 1728 1914; x_wconf 71' lang='grc'><strong>12).</strong></span> <span class='ocrx_word' id='word_1_236' title='bbox 1764 1839 1810 1900; x_wconf 85' lang='grc' dir='ltr'><strong>Β</strong></span> <span class='ocrx_word' id='word_1_237' title='bbox 1844 1851 1974 1892; x_wconf 86' lang='lat' dir='ltr'><strong>voce</strong></span> <span class='ocrx_word' id='word_1_238' title='bbox 1995 1838 2159 1892; x_wconf 89' lang='lat' dir='ltr'><strong>utitur</strong></span> <span class='ocrx_word' id='word_1_239' title='bbox 2180 1839 2368 1894; x_wconf 85' lang='lat' dir='ltr'><strong>avidus</strong></span> <span class='ocrx_word' id='word_1_240' title='bbox 2390 1840 2654 1908; x_wconf 66' lang='lat' dir='ltr'><strong>pecuniae,</strong></span> <span class='ocrx_word' id='word_1_241' title='bbox 2687 1841 2932 1907; x_wconf 86' lang='lat' dir='ltr'><strong>honoris,</strong></span> <span class='ocrx_word' id='word_1_242' title='bbox 2959 1844 3282 1912; x_wconf 82' lang='lat' dir='ltr'><strong>potestatis?</strong></span> <span class='ocrx_word' id='word_1_243' title='bbox 3311 1843 3447 1899; x_wconf 71' lang='grc' dir='ltr'><strong>Μαι-</strong></span> 
     </span>
    </p>
   </div>
   <div class='ocr_carea' id='block_1_34' title="bbox 180 1935 1742 2007">
    <p class='ocr_par' dir='ltr' id='par_1_34' title="bbox 180 1935 1742 2007">
     <span class='ocr_line' id='line_1_34' title="bbox 180 1935 1742 2007; baseline 0 -16"><span class='ocrx_word' id='word_1_244' title='bbox 180 1936 264 1991; x_wconf 83' lang='lat' dir='ltr'><strong>Sed</strong></span> <span class='ocrx_word' id='word_1_245' title='bbox 282 1937 392 2006; x_wconf 88' lang='lat' dir='ltr'><strong>quia</strong></span> <span class='ocrx_word' id='word_1_246' title='bbox 421 1936 566 1991; x_wconf 87' lang='lat' dir='ltr'><strong>idem</strong></span> <span class='ocrx_word' id='word_1_247' title='bbox 602 1950 763 2005; x_wconf 89' lang='lat' dir='ltr'><strong>supra</strong></span> <span class='ocrx_word' id='word_1_248' title='bbox 792 1935 868 1990; x_wconf 87' lang='lat' dir='ltr'><strong>ait</strong></span> <span class='ocrx_word' id='word_1_249' title='bbox 895 1953 908 1991; x_wconf 90' lang='lat'><strong>:</strong></span> <span class='ocrx_word' id='word_1_250' title='bbox 941 1935 1200 2001; x_wconf 84' lang='lat' dir='ltr'><strong>Quoniam</strong></span> <span class='ocrx_word' id='word_1_251' title='bbox 1224 1937 1276 1990; x_wconf 90' lang='lat' dir='ltr'><strong>in</strong></span> <span class='ocrx_word' id='word_1_252' title='bbox 1300 1936 1432 2007; x_wconf 83' lang='lat' dir='ltr'><strong>Lege</strong></span> <span class='ocrx_word' id='word_1_253' title='bbox 1454 1953 1599 1990; x_wconf 87' lang='lat' dir='ltr'><strong>nemo</strong></span> <span class='ocrx_word' id='word_1_254' title='bbox 1621 1938 1742 2007; x_wconf 78' lang='lat' dir='ltr'><strong>jus-</strong></span> 
     </span>
    </p>
   </div>
   <div class='ocr_carea' id='block_1_35' title="bbox 177 2031 1736 2104">
    <p class='ocr_par' dir='ltr' id='par_1_35' title="bbox 177 2031 1736 2104">
     <span class='ocr_line' id='line_1_35' title="bbox 177 2031 1736 2104; baseline 0.002 -20"><span class='ocrx_word' id='word_1_255' title='bbox 177 2035 368 2100; x_wconf 74' lang='lat' dir='ltr'><strong>tiﬁcatnr</strong></span> <span class='ocrx_word' id='word_1_256' title='bbox 393 2031 587 2104; x_wconf 76' lang='lat' dir='ltr'><strong>(Ibid.,</strong></span> <span class='ocrx_word' id='word_1_257' title='bbox 625 2032 738 2101; x_wconf 82' lang='grc' dir='ltr'><strong>Η),</strong></span> <span class='ocrx_word' id='word_1_258' title='bbox 773 2031 1031 2102; x_wconf 76' lang='lat' dir='ltr'><strong>intelligis</strong></span> <span class='ocrx_word' id='word_1_259' title='bbox 1056 2033 1244 2102; x_wconf 90' lang='lat' dir='ltr'><strong>utique</strong></span> <span class='ocrx_word' id='word_1_260' title='bbox 1270 2033 1391 2101; x_wconf 86' lang='lat' dir='ltr'><strong>quia</strong></span> <span class='ocrx_word' id='word_1_261' title='bbox 1419 2032 1736 2102; x_wconf 83' lang='lat' dir='ltr'><strong>jnstiﬁcalio</strong></span> 
     </span>
    </p>
   </div>
   <div class='ocr_carea' id='block_1_36' title="bbox 175 2124 1735 2195">
    <p class='ocr_par' dir='ltr' id='par_1_36' title="bbox 175 2124 1735 2195">
     <span class='ocr_line' id='line_1_36' title="bbox 175 2124 1735 2195; baseline 0.001 -17"><span class='ocrx_word' id='word_1_262' title='bbox 175 2124 302 2195; x_wconf 82' lang='lat' dir='ltr'><strong>Legis</strong></span> <span class='ocrx_word' id='word_1_263' title='bbox 325 2125 532 2195; x_wconf 88' lang='lat' dir='ltr'><strong>species</strong></span> <span class='ocrx_word' id='word_1_264' title='bbox 565 2136 654 2180; x_wconf 88' lang='lat' dir='ltr'><strong>est</strong></span> <span class='ocrx_word' id='word_1_265' title='bbox 699 2135 753 2180; x_wconf 90' lang='lat' dir='ltr'><strong>et</strong></span> <span class='ocrx_word' id='word_1_266' title='bbox 781 2125 977 2194; x_wconf 80' lang='lat' dir='ltr'><strong>imago,</strong></span> <span class='ocrx_word' id='word_1_267' title='bbox 1023 2140 1128 2179; x_wconf 92' lang='lat' dir='ltr'><strong>non</strong></span> <span class='ocrx_word' id='word_1_268' title='bbox 1173 2125 1395 2181; x_wconf 89' lang='lat' dir='ltr'><strong>veritas.</strong></span> <span class='ocrx_word' id='word_1_269' title='bbox 1429 2125 1735 2181; x_wconf 89' lang='lat' dir='ltr'><strong>Secundum</strong></span> 
     </span>
    </p>
   </div>
   <div class='ocr_carea' id='block_1_37' title="bbox 172 2217 1736 2288">
    <p class='ocr_par' dir='ltr' id='par_1_37' title="bbox 172 2217 1736 2288">
     <span class='ocr_line' id='line_1_37' title="bbox 172 2217 1736 2288; baseline 0.003 -20"><span class='ocrx_word' id='word_1_270' title='bbox 172 2219 413 2272; x_wconf 84' lang='lat' dir='ltr'><strong>veritatem</strong></span> <span class='ocrx_word' id='word_1_271' title='bbox 441 2232 578 2288; x_wconf 87' lang='lat' dir='ltr'><strong>ergo</strong></span> <span class='ocrx_word' id='word_1_272' title='bbox 607 2217 676 2272; x_wconf 91' lang='lat' dir='ltr'><strong>ad</strong></span> <span class='ocrx_word' id='word_1_273' title='bbox 711 2218 1099 2288; x_wconf 89' lang='lat' dir='ltr'><strong>perfectionem</strong></span> <span class='ocrx_word' id='word_1_274' title='bbox 1134 2233 1292 2272; x_wconf 89' lang='lat' dir='ltr'><strong>nemo</strong></span> <span class='ocrx_word' id='word_1_275' title='bbox 1319 2217 1652 2286; x_wconf 87' lang='lat' dir='ltr'><strong>justificatttr</strong></span> <span class='ocrx_word' id='word_1_276' title='bbox 1682 2219 1736 2273; x_wconf 90' lang='lat' dir='ltr'><strong>in</strong></span> 
     </span>
    </p>
   </div>
   <div class='ocr_carea' id='block_1_38' title="bbox 173 2309 1738 2381">
    <p class='ocr_par' dir='ltr' id='par_1_38' title="bbox 173 2309 1738 2381">
     <span class='ocr_line' id='line_1_38' title="bbox 173 2309 1738 2381; baseline 0.001 -17"><span class='ocrx_word' id='word_1_277' title='bbox 173 2309 308 2381; x_wconf 79' lang='lat' dir='ltr'><strong>Lege,</strong></span> <span class='ocrx_word' id='word_1_278' title='bbox 336 2311 631 2366; x_wconf 84' lang='lat' dir='ltr'><strong>secundum</strong></span> <span class='ocrx_word' id='word_1_279' title='bbox 672 2311 910 2381; x_wconf 91' lang='lat' dir='ltr'><strong>speciem</strong></span> <span class='ocrx_word' id='word_1_280' title='bbox 950 2310 1300 2380; x_wconf 87' lang='lat' dir='ltr'><strong>justificatur.</strong></span> <span class='ocrx_word' id='word_1_281' title='bbox 1335 2311 1478 2381; x_wconf 87' lang='lat' dir='ltr'><strong>Ergo</strong></span> <span class='ocrx_word' id='word_1_282' title='bbox 1518 2321 1738 2367; x_wconf 90' lang='lat' dir='ltr'><strong>sanctus</strong></span> 
     </span>
    </p>
   </div>
   <div class='ocr_carea' id='block_1_39' title="bbox 172 2401 1739 2473">
    <p class='ocr_par' dir='ltr' id='par_1_39' title="bbox 172 2401 1739 2473">
     <span class='ocr_line' id='line_1_39' title="bbox 172 2401 1739 2473; baseline 0.002 -17"><span class='ocrx_word' id='word_1_283' title='bbox 172 2403 422 2472; x_wconf 79' lang='lat' dir='ltr'><strong>Propheta.</strong></span> <span class='ocrx_word' id='word_1_284' title='bbox 451 2403 544 2473; x_wconf 90' lang='lat' dir='ltr'><strong>qui</strong></span> <span class='ocrx_word' id='word_1_285' title='bbox 577 2402 756 2457; x_wconf 83' lang='lat' dir='ltr'><strong>adhuc</strong></span> <span class='ocrx_word' id='word_1_286' title='bbox 785 2403 838 2456; x_wconf 90' lang='lat' dir='ltr'><strong>in</strong></span> <span class='ocrx_word' id='word_1_287' title='bbox 882 2401 1042 2473; x_wconf 80' lang='lat' dir='ltr'><strong>Legis</strong></span> <span class='ocrx_word' id='word_1_288' title='bbox 1066 2403 1550 2472; x_wconf 85' lang='lat' dir='ltr'><strong>jttstilicationibus</strong></span> <span class='ocrx_word' id='word_1_289' title='bbox 1590 2404 1739 2459; x_wconf 86' lang='lat' dir='ltr'><strong>vive-</strong></span> 
     </span>
    </p>
   </div>
   <div class='ocr_carea' id='block_1_40' title="bbox 170 2494 1737 2568">
    <p class='ocr_par' dir='ltr' id='par_1_40' title="bbox 170 2494 1737 2568">
     <span class='ocr_line' id='line_1_40' title="bbox 170 2494 1737 2568; baseline 0.003 -21"><span class='ocrx_word' id='word_1_290' title='bbox 170 2494 262 2563; x_wconf 97' lang='lat' dir='ltr'><strong>bat,</strong></span> <span class='ocrx_word' id='word_1_291' title='bbox 290 2496 313 2534; x_wconf 76' lang='grc' dir='ltr'>δ</span> <span class='ocrx_word' id='word_1_292' title='bbox 341 2497 559 2552; x_wconf 82' lang='lat' dir='ltr'><strong>videbat</strong></span> <span class='ocrx_word' id='word_1_293' title='bbox 590 2505 773 2552; x_wconf 87' lang='lat' dir='ltr'><strong>autem</strong></span> <span class='ocrx_word' id='word_1_294' title='bbox 801 2496 1064 2568; x_wconf 89' lang='lat' dir='ltr'><strong>fulgorem</strong></span> <span class='ocrx_word' id='word_1_295' title='bbox 1092 2497 1365 2568; x_wconf 80' lang='lat' dir='ltr'><strong>Evangelii</strong></span> <span class='ocrx_word' id='word_1_296' title='bbox 1393 2515 1406 2560; x_wconf 86' lang='lat'><strong>;</strong></span> <span class='ocrx_word' id='word_1_297' title='bbox 1439 2498 1590 2566; x_wconf 89' lang='lat' dir='ltr'><strong>quasi</strong></span> <span class='ocrx_word' id='word_1_298' title='bbox 1624 2513 1737 2552; x_wconf 90' lang='lat' dir='ltr'><strong>me-</strong></span> 
     </span>
    </p>
   </div>
   <div class='ocr_carea' id='block_1_41' title="bbox 167 2587 1736 2660">
    <p class='ocr_par' dir='ltr' id='par_1_41' title="bbox 167 2587 1736 2660">
     <span class='ocr_line' id='line_1_41' title="bbox 167 2587 1736 2660; baseline 0.002 -19"><span class='ocrx_word' id='word_1_299' title='bbox 167 2601 268 2642; x_wconf 87' lang='lat' dir='ltr'><strong>mor</strong></span> <span class='ocrx_word' id='word_1_300' title='bbox 315 2590 508 2645; x_wconf 78' lang='lat' dir='ltr'><strong>veteris</strong></span> <span class='ocrx_word' id='word_1_301' title='bbox 565 2587 893 2658; x_wconf 70' lang='lat' dir='ltr'><strong>discipiinas,</strong></span> <span class='ocrx_word' id='word_1_302' title='bbox 940 2587 1070 2659; x_wconf 89' lang='lat' dir='ltr'><strong>Legi</strong></span> <span class='ocrx_word' id='word_1_303' title='bbox 1119 2597 1389 2658; x_wconf 84' lang='lat' dir='ltr'><strong>tamquam</strong></span> <span class='ocrx_word' id='word_1_304' title='bbox 1442 2588 1736 2660; x_wconf 64' lang='lat' dir='ltr'><strong>paedagogo</strong></span> 
     </span>
    </p>
   </div>
   <div class='ocr_carea' id='block_1_42' title="bbox 165 2681 1736 2751">
    <p class='ocr_par' dir='ltr' id='par_1_42' title="bbox 165 2681 1736 2751">
     <span class='ocr_line' id='line_1_42' title="bbox 165 2681 1736 2751; baseline 0.003 -19"><span class='ocrx_word' id='word_1_305' title='bbox 165 2681 260 2734; x_wconf 88' lang='lat' dir='ltr'><strong>utili</strong></span> <span class='ocrx_word' id='word_1_306' title='bbox 296 2683 511 2748; x_wconf 78' lang='lat' dir='ltr'><strong>gratiam</strong></span> <span class='ocrx_word' id='word_1_307' title='bbox 568 2683 907 2736; x_wconf 84' lang='lat' dir='ltr'><strong>reservabat.</strong></span> <span class='ocrx_word' id='word_1_308' title='bbox 955 2681 1254 2736; x_wconf 87' lang='lat' dir='ltr'><strong>Considera</strong></span> <span class='ocrx_word' id='word_1_309' title='bbox 1297 2682 1530 2751; x_wconf 84' lang='lat' dir='ltr'><strong>aliquem</strong></span> <span class='ocrx_word' id='word_1_310' title='bbox 1569 2695 1736 2737; x_wconf 67' lang='lat' dir='ltr'><strong>exceo</strong></span> 
     </span>
    </p>
   </div>
   <div class='ocr_carea' id='block_1_43' title="bbox 163 2772 1734 2844">
    <p class='ocr_par' dir='ltr' id='par_1_43' title="bbox 163 2772 1734 2844">
     <span class='ocr_line' id='line_1_43' title="bbox 163 2772 1734 2844; baseline 0.001 -18"><span class='ocrx_word' id='word_1_311' title='bbox 163 2772 352 2829; x_wconf 86' lang='lat' dir='ltr'><strong>dentem</strong></span> <span class='ocrx_word' id='word_1_312' title='bbox 376 2789 437 2830; x_wconf 85' lang='lat' dir='ltr'><strong>ex</strong></span> <span class='ocrx_word' id='word_1_313' title='bbox 466 2774 704 2844; x_wconf 84' lang='lat' dir='ltr'><strong>ephebis</strong></span> <span class='ocrx_word' id='word_1_314' title='bbox 732 2776 785 2828; x_wconf 90' lang='lat' dir='ltr'><strong>in</strong></span> <span class='ocrx_word' id='word_1_315' title='bbox 818 2773 1022 2828; x_wconf 80' lang='lat' dir='ltr'><strong>divitiis</strong></span> <span class='ocrx_word' id='word_1_316' title='bbox 1063 2783 1113 2828; x_wconf 88' lang='lat' dir='ltr'><strong>et</strong></span> <span class='ocrx_word' id='word_1_317' title='bbox 1142 2773 1434 2829; x_wconf 87' lang='lat' dir='ltr'><strong>honoribus</strong></span> <span class='ocrx_word' id='word_1_318' title='bbox 1466 2773 1734 2829; x_wconf 83' lang='lat' dir='ltr'><strong>constitu-</strong></span> 
     </span>
    </p>
   </div>
   <div class='ocr_carea' id='block_1_44' title="bbox 165 2866 1732 2939">
    <p class='ocr_par' dir='ltr' id='par_1_44' title="bbox 165 2866 1732 2939">
     <span class='ocr_line' id='line_1_44' title="bbox 165 2866 1732 2939; baseline 0.001 -20"><span class='ocrx_word' id='word_1_319' title='bbox 165 2876 278 2931; x_wconf 88' lang='lat' dir='ltr'><strong>tum,</strong></span> <span class='ocrx_word' id='word_1_320' title='bbox 327 2868 624 2939; x_wconf 65' lang='lat' dir='ltr'><strong>paedagogo</strong></span> <span class='ocrx_word' id='word_1_321' title='bbox 679 2884 780 2924; x_wconf 90' lang='lat' dir='ltr'><strong>suo</strong></span> <span class='ocrx_word' id='word_1_322' title='bbox 827 2866 1298 2922; x_wconf 79' lang='lat' dir='ltr'><strong>honoriﬁcentiam</strong></span> <span class='ocrx_word' id='word_1_323' title='bbox 1340 2873 1732 2931; x_wconf 83' lang='lat' dir='ltr'><strong>reservantem,</strong></span> 
     </span>
    </p>
   </div>
   <div class='ocr_carea' id='block_1_45' title="bbox 160 2959 1737 3030">
    <p class='ocr_par' dir='ltr' id='par_1_45' title="bbox 160 2959 1737 3030">
     <span class='ocr_line' id='line_1_45' title="bbox 160 2959 1737 3030; baseline 0.002 -18"><span class='ocrx_word' id='word_1_324' title='bbox 160 2959 289 3030; x_wconf 83' lang='lat' dir='ltr'><strong>cujus</strong></span> <span class='ocrx_word' id='word_1_325' title='bbox 323 2961 516 3016; x_wconf 87' lang='lat' dir='ltr'><strong>ofliciis</strong></span> <span class='ocrx_word' id='word_1_326' title='bbox 571 2961 923 3015; x_wconf 86' lang='lat' dir='ltr'><strong>informatum</strong></span> <span class='ocrx_word' id='word_1_327' title='bbox 969 2975 1030 3015; x_wconf 90' lang='lat' dir='ltr'><strong>se</strong></span> <span class='ocrx_word' id='word_1_328' title='bbox 1073 2974 1195 3014; x_wconf 87' lang='lat' dir='ltr'><strong>esse</strong></span> <span class='ocrx_word' id='word_1_329' title='bbox 1235 2963 1628 3029; x_wconf 85' lang='lat' dir='ltr'><strong>cognosceret:</strong></span> <span class='ocrx_word' id='word_1_330' title='bbox 1680 2969 1737 3015; x_wconf 92' lang='lat' dir='ltr'><strong>ut</strong></span> 
     </span>
    </p>
   </div>
   <div class='ocr_carea' id='block_1_46' title="bbox 160 3053 1189 3122">
    <p class='ocr_par' dir='ltr' id='par_1_46' title="bbox 160 3053 1189 3122">
     <span class='ocr_line' id='line_1_46' title="bbox 160 3053 1189 3122; baseline 0.002 -21"><span class='ocrx_word' id='word_1_331' title='bbox 160 3053 475 3107; x_wconf 84' lang='lat' dir='ltr'><strong>maturiorem</strong></span> <span class='ocrx_word' id='word_1_332' title='bbox 509 3067 709 3122; x_wconf 84' lang='lat' dir='ltr'><strong>regere</strong></span> <span class='ocrx_word' id='word_1_333' title='bbox 739 3061 927 3122; x_wconf 89' lang='lat' dir='ltr'><strong>posset</strong></span> <span class='ocrx_word' id='word_1_334' title='bbox 955 3059 1189 3106; x_wconf 62' lang='lat' dir='ltr'><strong>nitatem.</strong></span> 
     </span>
    </p>
   </div>
   <div class='ocr_carea' id='block_1_47' title="bbox 216 3141 1734 3216">
    <p class='ocr_par' dir='ltr' id='par_1_47' title="bbox 216 3141 1734 3216">
     <span class='ocr_line' id='line_1_47' title="bbox 216 3141 1734 3216; baseline -0.001 -16"><span class='ocrx_word' id='word_1_335' title='bbox 216 3146 294 3201; x_wconf 76' lang='lat'><strong>55.</strong></span> <span class='ocrx_word' id='word_1_336' title='bbox 321 3147 500 3202; x_wconf 81' lang='lat' dir='ltr'><strong>Monet</strong></span> <span class='ocrx_word' id='word_1_337' title='bbox 531 3145 804 3216; x_wconf 89' lang='lat' dir='ltr'><strong>siquidem</strong></span> <span class='ocrx_word' id='word_1_338' title='bbox 860 3145 1023 3200; x_wconf 90' lang='lat' dir='ltr'><strong>etiam</strong></span> <span class='ocrx_word' id='word_1_339' title='bbox 1072 3144 1189 3214; x_wconf 89' lang='lat' dir='ltr'><strong>ipsa</strong></span> <span class='ocrx_word' id='word_1_340' title='bbox 1231 3144 1365 3207; x_wconf 90' lang='lat' dir='ltr'><strong>Lex,</strong></span> <span class='ocrx_word' id='word_1_341' title='bbox 1401 3152 1458 3197; x_wconf 92' lang='lat' dir='ltr'><strong>ut</strong></span> <span class='ocrx_word' id='word_1_342' title='bbox 1508 3141 1593 3196; x_wconf 89' lang='lat' dir='ltr'><strong>bis</strong></span> <span class='ocrx_word' id='word_1_343' title='bbox 1639 3144 1734 3214; x_wconf 90' lang='lat' dir='ltr'><strong>qui</strong></span> 
     </span>
    </p>
   </div>
   <div class='ocr_carea' id='block_1_48' title="bbox 1846 1929 3441 2006">
    <p class='ocr_par' dir='ltr' id='par_1_48' title="bbox 1846 1929 3441 2006">
     <span class='ocr_line' id='line_1_48' title="bbox 1846 1929 3441 2006; baseline 0.006 -24"><span class='ocrx_word' id='word_1_344' title='bbox 1846 1929 1914 1983; x_wconf 89' lang='lat' dir='ltr'><strong>tis</strong></span> <span class='ocrx_word' id='word_1_345' title='bbox 1943 1943 2048 1983; x_wconf 90' lang='lat' dir='ltr'><strong>non</strong></span> <span class='ocrx_word' id='word_1_346' title='bbox 2082 1938 2166 1984; x_wconf 87' lang='lat' dir='ltr'><strong>est</strong></span> <span class='ocrx_word' id='word_1_347' title='bbox 2208 1931 2340 1985; x_wconf 89' lang='lat' dir='ltr'><strong>satis</strong></span> <span class='ocrx_word' id='word_1_348' title='bbox 2393 1931 2562 1986; x_wconf 90' lang='lat' dir='ltr'><strong>Deum</strong></span> <span class='ocrx_word' id='word_1_349' title='bbox 2605 1932 2771 2000; x_wconf 89' lang='lat' dir='ltr'><strong>seire,</strong></span> <span class='ocrx_word' id='word_1_350' title='bbox 2801 1942 2858 1988; x_wconf 92' lang='lat' dir='ltr'><strong>et</strong></span> <span class='ocrx_word' id='word_1_351' title='bbox 2911 1934 3131 2003; x_wconf 88' lang='lat' dir='ltr'><strong>quidem</strong></span> <span class='ocrx_word' id='word_1_352' title='bbox 3172 1935 3441 2006; x_wconf 90' lang='lat' dir='ltr'><strong>pluribus.</strong></span> 
     </span>
    </p>
   </div>
   <div class='ocr_carea' id='block_1_49' title="bbox 1844 2023 3451 2097">
    <p class='ocr_par' dir='ltr' id='par_1_49' title="bbox 1844 2023 3451 2097">
     <span class='ocr_line' id='line_1_49' title="bbox 1844 2023 3451 2097; baseline 0.004 -19"><span class='ocrx_word' id='word_1_353' title='bbox 1844 2023 2002 2078; x_wconf 89' lang='lat' dir='ltr'><strong>Tanti</strong></span> <span class='ocrx_word' id='word_1_354' title='bbox 2036 2024 2244 2094; x_wconf 68' lang='lat' dir='ltr'><strong>populi,</strong></span> <span class='ocrx_word' id='word_1_355' title='bbox 2303 2025 2516 2097; x_wconf 74' lang='lat'><strong>1126</strong></span> <span class='ocrx_word' id='word_1_356' title='bbox 2542 2033 2705 2080; x_wconf 75' lang='lat' dir='ltr'><strong>tanta:</strong></span> <span class='ocrx_word' id='word_1_357' title='bbox 2751 2027 3022 2093; x_wconf 85' lang='lat' dir='ltr'><strong>nationes,</strong></span> <span class='ocrx_word' id='word_1_358' title='bbox 3077 2029 3209 2082; x_wconf 90' lang='lat' dir='ltr'><strong>tanti</strong></span> <span class='ocrx_word' id='word_1_359' title='bbox 3253 2028 3451 2084; x_wconf 74' lang='lat' dir='ltr'><strong>divites</strong></span> 
     </span>
    </p>
   </div>
   <div class='ocr_carea' id='block_1_50' title="bbox 1841 2118 3449 2189">
    <p class='ocr_par' dir='ltr' id='par_1_50' title="bbox 1841 2118 3449 2189">
     <span class='ocr_line' id='line_1_50' title="bbox 1841 2118 3449 2189; baseline 0.004 -21"><span class='ocrx_word' id='word_1_360' title='bbox 1841 2125 2212 2185; x_wconf 85' lang='lat' dir='ltr'><strong>paupertatem</strong></span> <span class='ocrx_word' id='word_1_361' title='bbox 2246 2125 2436 2186; x_wconf 87' lang='lat' dir='ltr'><strong>putant</strong></span> <span class='ocrx_word' id='word_1_362' title='bbox 2491 2118 2721 2172; x_wconf 90' lang='lat' dir='ltr'><strong>Domino</strong></span> <span class='ocrx_word' id='word_1_363' title='bbox 2764 2118 2970 2173; x_wconf 88' lang='lat' dir='ltr'><strong>servire</strong></span> <span class='ocrx_word' id='word_1_364' title='bbox 3003 2129 3092 2173; x_wconf 90' lang='lat' dir='ltr'><strong>:et</strong></span> <span class='ocrx_word' id='word_1_365' title='bbox 3147 2119 3239 2189; x_wconf 88' lang='lat' dir='ltr'><strong>qui</strong></span> <span class='ocrx_word' id='word_1_366' title='bbox 3287 2134 3449 2189; x_wconf 88' lang='lat' dir='ltr'><strong>supra</strong></span> 
     </span>
    </p>
   </div>
   <div class='ocr_carea' id='block_1_51' title="bbox 1841 2209 3446 2281">
    <p class='ocr_par' dir='ltr' id='par_1_51' title="bbox 1841 2209 3446 2281">
     <span class='ocr_line' id='line_1_51' title="bbox 1841 2209 3446 2281; baseline 0.002 -18"><span class='ocrx_word' id='word_1_367' title='bbox 1841 2223 2033 2263; x_wconf 89' lang='lat' dir='ltr'><strong>onmes</strong></span> <span class='ocrx_word' id='word_1_368' title='bbox 2081 2219 2164 2264; x_wconf 90' lang='lat' dir='ltr'><strong>est</strong></span> <span class='ocrx_word' id='word_1_369' title='bbox 2196 2249 2210 2275; x_wconf 95' lang='lat'><strong>,</strong></span> <span class='ocrx_word' id='word_1_370' title='bbox 2245 2209 2351 2263; x_wconf 89' lang='lat' dir='ltr'><strong>illis</strong></span> <span class='ocrx_word' id='word_1_371' title='bbox 2377 2209 2603 2280; x_wconf 85' lang='lat' dir='ltr'><strong>exiguus</strong></span> <span class='ocrx_word' id='word_1_372' title='bbox 2654 2218 2711 2265; x_wconf 88' lang='lat' dir='ltr'><strong>et</strong></span> <span class='ocrx_word' id='word_1_373' title='bbox 2736 2219 2997 2281; x_wconf 84' lang='lat' dir='ltr'><strong>angustus</strong></span> <span class='ocrx_word' id='word_1_374' title='bbox 3030 2221 3152 2265; x_wconf 89' lang='lat' dir='ltr'><strong>est:</strong></span> <span class='ocrx_word' id='word_1_375' title='bbox 3183 2211 3286 2265; x_wconf 90' lang='lat' dir='ltr'><strong>illis</strong></span> <span class='ocrx_word' id='word_1_376' title='bbox 3339 2226 3446 2267; x_wconf 92' lang='lat' dir='ltr'><strong>non</strong></span> 
     </span>
    </p>
   </div>
   <div class='ocr_carea' id='block_1_52' title="bbox 1840 2301 3449 2376">
    <p class='ocr_par' dir='ltr' id='par_1_52' title="bbox 1840 2301 3449 2376">
     <span class='ocr_line' id='line_1_52' title="bbox 1840 2301 3449 2376; baseline 0.002 -20"><span class='ocrx_word' id='word_1_377' title='bbox 1840 2301 2078 2356; x_wconf 80' lang='lat' dir='ltr'><strong>estsatis</strong></span> <span class='ocrx_word' id='word_1_378' title='bbox 2105 2301 2201 2356; x_wconf 87' lang='lat' dir='ltr'><strong>Dei</strong></span> <span class='ocrx_word' id='word_1_379' title='bbox 2237 2301 2400 2363; x_wconf 89' lang='lat' dir='ltr'><strong>filius,</strong></span> <span class='ocrx_word' id='word_1_380' title='bbox 2427 2302 2482 2356; x_wconf 92' lang='lat' dir='ltr'><strong>in</strong></span> <span class='ocrx_word' id='word_1_381' title='bbox 2526 2318 2632 2372; x_wconf 92' lang='lat' dir='ltr'><strong>quo</strong></span> <span class='ocrx_word' id='word_1_382' title='bbox 2677 2313 2804 2358; x_wconf 91' lang='lat' dir='ltr'><strong>sunt</strong></span> <span class='ocrx_word' id='word_1_383' title='bbox 2845 2304 3047 2358; x_wconf 89' lang='lat' dir='ltr'><strong>omnia.</strong></span> <span class='ocrx_word' id='word_1_384' title='bbox 3081 2304 3326 2376; x_wconf 88' lang='lat' dir='ltr'><strong>Denique</strong></span> <span class='ocrx_word' id='word_1_385' title='bbox 3356 2305 3449 2360; x_wconf 91' lang='lat' dir='ltr'><strong>ille</strong></span> 
     </span>
    </p>
   </div>
   <div class='ocr_carea' id='block_1_53' title="bbox 1840 2393 3449 2466">
    <p class='ocr_par' dir='ltr' id='par_1_53' title="bbox 1840 2393 3449 2466">
     <span class='ocr_line' id='line_1_53' title="bbox 1840 2393 3449 2466; baseline 0.002 -17"><span class='ocrx_word' id='word_1_386' title='bbox 1840 2393 1992 2449; x_wconf 88' lang='lat' dir='ltr'><strong>dives</strong></span> <span class='ocrx_word' id='word_1_387' title='bbox 2023 2394 2075 2448; x_wconf 89' lang='lat' dir='ltr'><strong>in</strong></span> <span class='ocrx_word' id='word_1_388' title='bbox 2107 2393 2423 2464; x_wconf 86' lang='lat' dir='ltr'><strong>Evangelio,</strong></span> <span class='ocrx_word' id='word_1_389' title='bbox 2455 2395 2538 2449; x_wconf 89' lang='lat' dir='ltr'><strong>cui</strong></span> <span class='ocrx_word' id='word_1_390' title='bbox 2589 2395 2796 2450; x_wconf 89' lang='lat' dir='ltr'><strong>dictum</strong></span> <span class='ocrx_word' id='word_1_391' title='bbox 2845 2405 2966 2450; x_wconf 83' lang='lat' dir='ltr'><strong>est:</strong></span> <span class='ocrx_word' id='word_1_392' title='bbox 2998 2395 3058 2450; x_wconf 87' lang='lat' dir='ltr'><strong>Si</strong></span> <span class='ocrx_word' id='word_1_393' title='bbox 3088 2397 3162 2450; x_wconf 91' lang='lat' dir='ltr'><strong>vis</strong></span> <span class='ocrx_word' id='word_1_394' title='bbox 3193 2399 3449 2466; x_wconf 78' lang='lat' dir='ltr'><strong>perfectus</strong></span> 
     </span>
    </p>
   </div>
   <div class='ocr_carea' id='block_1_54' title="bbox 1840 2486 3444 2561">
    <p class='ocr_par' dir='ltr' id='par_1_54' title="bbox 1840 2486 3444 2561">
     <span class='ocr_line' id='line_1_54' title="bbox 1840 2486 3444 2561; baseline 0.004 -21"><span class='ocrx_word' id='word_1_395' title='bbox 1840 2502 1965 2549; x_wconf 80' lang='lat' dir='ltr'><strong>esse,</strong></span> <span class='ocrx_word' id='word_1_396' title='bbox 2001 2486 2159 2541; x_wconf 78' lang='lat' dir='ltr'><strong>vende</strong></span> <span class='ocrx_word' id='word_1_397' title='bbox 2183 2488 2356 2540; x_wconf 81' lang='lat' dir='ltr'><strong>omnia</strong></span> <span class='ocrx_word' id='word_1_398' title='bbox 2378 2501 2494 2554; x_wconf 69' lang='lat' dir='ltr'><strong>quia</strong></span> <span class='ocrx_word' id='word_1_399' title='bbox 2512 2487 2686 2554; x_wconf 85' lang='lat' dir='ltr'><strong>habes,</strong></span> <span class='ocrx_word' id='word_1_400' title='bbox 2717 2498 2763 2542; x_wconf 88' lang='lat' dir='ltr'><strong>et</strong></span> <span class='ocrx_word' id='word_1_401' title='bbox 2787 2488 2856 2542; x_wconf 88' lang='lat' dir='ltr'><strong>da</strong></span> <span class='ocrx_word' id='word_1_402' title='bbox 2885 2489 3196 2557; x_wconf 78' lang='lat' dir='ltr'><strong>pauperibus</strong></span> <span class='ocrx_word' id='word_1_403' title='bbox 3225 2489 3444 2561; x_wconf 80' lang='lat' dir='ltr'><strong>(Matth.</strong></span> 
     </span>
    </p>
   </div>
   <div class='ocr_carea' id='block_1_55' title="bbox 1841 2578 3447 2650">
    <p class='ocr_par' dir='ltr' id='par_1_55' title="bbox 1841 2578 3447 2650">
     <span class='ocr_line' id='line_1_55' title="bbox 1841 2578 3447 2650; baseline 0.002 -18"><span class='ocrx_word' id='word_1_404' title='bbox 1841 2593 1950 2646; x_wconf 84' lang='lat' dir='ltr'><strong>xtx,</strong></span> <span class='ocrx_word' id='word_1_405' title='bbox 1976 2578 2091 2650; x_wconf 65' lang='lat' dir='ltr'><strong>Si),</strong></span> <span class='ocrx_word' id='word_1_406' title='bbox 2127 2579 2294 2634; x_wconf 91' lang='lat' dir='ltr'><strong>Deum</strong></span> <span class='ocrx_word' id='word_1_407' title='bbox 2339 2579 2445 2634; x_wconf 89' lang='lat' dir='ltr'><strong>sibi</strong></span> <span class='ocrx_word' id='word_1_408' title='bbox 2474 2595 2579 2635; x_wconf 80' lang='grc' dir='ltr'><strong>ηοω</strong></span> <span class='ocrx_word' id='word_1_409' title='bbox 2608 2581 2862 2636; x_wconf 83' lang='lat' dir='ltr'><strong>sufficere</strong></span> <span class='ocrx_word' id='word_1_410' title='bbox 2884 2580 3167 2648; x_wconf 88' lang='lat' dir='ltr'><strong>judicavit.</strong></span> <span class='ocrx_word' id='word_1_411' title='bbox 3200 2580 3447 2650; x_wconf 87' lang='lat' dir='ltr'><strong>Denique</strong></span> 
     </span>
    </p>
   </div>
   <div class='ocr_carea' id='block_1_56' title="bbox 1839 2671 3446 2745">
    <p class='ocr_par' dir='ltr' id='par_1_56' title="bbox 1839 2671 3446 2745">
     <span class='ocr_line' id='line_1_56' title="bbox 1839 2671 3446 2745; baseline 0.002 -19"><span class='ocrx_word' id='word_1_412' title='bbox 1839 2681 1894 2726; x_wconf 88' lang='lat' dir='ltr'><strong>et</strong></span> <span class='ocrx_word' id='word_1_413' title='bbox 1917 2672 2269 2727; x_wconf 86' lang='lat' dir='ltr'><strong>contristatus</strong></span> <span class='ocrx_word' id='word_1_414' title='bbox 2321 2683 2405 2728; x_wconf 90' lang='lat' dir='ltr'><strong>est</strong></span> <span class='ocrx_word' id='word_1_415' title='bbox 2434 2671 2628 2745; x_wconf 83' lang='lat' dir='ltr'><strong>(Ibid.,</strong></span> <span class='ocrx_word' id='word_1_416' title='bbox 2660 2672 2780 2744; x_wconf 74' lang='lat'><strong>22),</strong></span> <span class='ocrx_word' id='word_1_417' title='bbox 2812 2674 2962 2743; x_wconf 90' lang='lat' dir='ltr'><strong>quasi</strong></span> <span class='ocrx_word' id='word_1_418' title='bbox 2985 2673 3128 2743; x_wconf 90' lang='lat' dir='ltr'><strong>quod</strong></span> <span class='ocrx_word' id='word_1_419' title='bbox 3159 2674 3278 2744; x_wconf 90' lang='lat' dir='ltr'><strong>plus</strong></span> <span class='ocrx_word' id='word_1_420' title='bbox 3300 2683 3446 2729; x_wconf 89' lang='lat' dir='ltr'><strong>esset</strong></span> 
     </span>
    </p>
   </div>
   <div class='ocr_carea' id='block_1_57' title="bbox 1839 2765 3448 2836">
    <p class='ocr_par' dir='ltr' id='par_1_57' title="bbox 1839 2765 3448 2836">
     <span class='ocr_line' id='line_1_57' title="bbox 1839 2765 3448 2836; baseline 0.002 -17"><span class='ocrx_word' id='word_1_421' title='bbox 1839 2765 2149 2834; x_wconf 85' lang='lat' dir='ltr'><strong>relinquere</strong></span> <span class='ocrx_word' id='word_1_422' title='bbox 2173 2765 2456 2835; x_wconf 91' lang='lat' dir='ltr'><strong>juberetur</strong></span> <span class='ocrx_word' id='word_1_423' title='bbox 2489 2785 2502 2821; x_wconf 92' lang='lat'>:</span> <span class='ocrx_word' id='word_1_424' title='bbox 2531 2765 2672 2836; x_wconf 92' lang='lat' dir='ltr'><strong>quod</strong></span> <span class='ocrx_word' id='word_1_425' title='bbox 2703 2766 2883 2821; x_wconf 89' lang='lat' dir='ltr'><strong>minus</strong></span> <span class='ocrx_word' id='word_1_426' title='bbox 2927 2775 3074 2821; x_wconf 86' lang='lat' dir='ltr'><strong>esset</strong></span> <span class='ocrx_word' id='word_1_427' title='bbox 3101 2767 3320 2836; x_wconf 82' lang='lat' dir='ltr'><strong>eligere.</strong></span> <span class='ocrx_word' id='word_1_428' title='bbox 3350 2767 3448 2824; x_wconf 90' lang='lat' dir='ltr'><strong>ille</strong></span> 
     </span>
    </p>
   </div>
   <div class='ocr_carea' id='block_1_58' title="bbox 1837 2858 3443 2928">
    <p class='ocr_par' dir='ltr' id='par_1_58' title="bbox 1837 2858 3443 2928">
     <span class='ocr_line' id='line_1_58' title="bbox 1837 2858 3443 2928; baseline 0.001 -15"><span class='ocrx_word' id='word_1_429' title='bbox 1837 2872 1969 2928; x_wconf 85' lang='lat' dir='ltr'><strong>ergo</strong></span> <span class='ocrx_word' id='word_1_430' title='bbox 1996 2858 2128 2913; x_wconf 85' lang='lat' dir='ltr'><strong>dicit</strong></span> <span class='ocrx_word' id='word_1_431' title='bbox 2155 2875 2168 2911; x_wconf 90' lang='lat'><strong>:</strong></span> <span class='ocrx_word' id='word_1_432' title='bbox 2202 2858 2342 2912; x_wconf 82' lang='lat' dir='ltr'><strong>Tuus</strong></span> <span class='ocrx_word' id='word_1_433' title='bbox 2371 2875 2509 2925; x_wconf 88' lang='lat' dir='ltr'><strong>sum,</strong></span> <span class='ocrx_word' id='word_1_434' title='bbox 2538 2861 2626 2928; x_wconf 90' lang='lat' dir='ltr'><strong>qtti</strong></span> <span class='ocrx_word' id='word_1_435' title='bbox 2651 2868 2830 2928; x_wconf 83' lang='lat' dir='ltr'><strong>potest</strong></span> <span class='ocrx_word' id='word_1_436' title='bbox 2851 2860 3032 2916; x_wconf 83' lang='lat' dir='ltr'><strong>dicere</strong></span> <span class='ocrx_word' id='word_1_437' title='bbox 3057 2877 3070 2914; x_wconf 92' lang='lat'><strong>:</strong></span> <span class='ocrx_word' id='word_1_438' title='bbox 3104 2859 3243 2914; x_wconf 84' lang='lat' dir='ltr'><strong>Ecce</strong></span> <span class='ocrx_word' id='word_1_439' title='bbox 3269 2862 3443 2915; x_wconf 82' lang='lat' dir='ltr'><strong>omnia</strong></span> 
     </span>
    </p>
   </div>
   <div class='ocr_carea' id='block_1_59' title="bbox 1839 2951 3102 3024">
    <p class='ocr_par' dir='ltr' id='par_1_59' title="bbox 1839 2951 3102 3024">
     <span class='ocr_line' id='line_1_59' title="bbox 1839 2951 3102 3024; baseline 0 -20"><span class='ocrx_word' id='word_1_440' title='bbox 1839 2951 2158 3021; x_wconf 83' lang='lat' dir='ltr'><strong>reliquimus,</strong></span> <span class='ocrx_word' id='word_1_441' title='bbox 2193 2961 2238 3006; x_wconf 84' lang='lat' dir='ltr'><strong>et</strong></span> <span class='ocrx_word' id='word_1_442' title='bbox 2270 2952 2431 3006; x_wconf 86' lang='lat' dir='ltr'><strong>secuti</strong></span> <span class='ocrx_word' id='word_1_443' title='bbox 2461 2968 2638 3006; x_wconf 81' lang='lat' dir='ltr'><strong>sumus</strong></span> <span class='ocrx_word' id='word_1_444' title='bbox 2669 2963 2717 3007; x_wconf 86' lang='lat' dir='ltr'><strong>te</strong></span> <span class='ocrx_word' id='word_1_445' title='bbox 2754 2951 2942 3024; x_wconf 56' lang='grc' dir='ltr'><strong>(ΗΜ,</strong></span> <span class='ocrx_word' id='word_1_446' title='bbox 2984 2952 3102 3024; x_wconf 71' lang='grc'>27).</span> 
     </span>
    </p>
   </div>
   <div class='ocr_carea' id='block_1_60' title="bbox 1910 3044 3440 3114">
    <p class='ocr_par' dir='ltr' id='par_1_60' title="bbox 1910 3044 3440 3114">
     <span class='ocr_line' id='line_1_60' title="bbox 1910 3044 3440 3114; baseline 0.001 -16"><span class='ocrx_word' id='word_1_447' title='bbox 1910 3045 1999 3099; x_wconf 74' lang='lat'><strong>58.</strong></span> <span class='ocrx_word' id='word_1_448' title='bbox 2025 3044 2410 3113; x_wconf 85' lang='lat' dir='ltr'><strong>Apostolorum</strong></span> <span class='ocrx_word' id='word_1_449' title='bbox 2456 3044 2636 3114; x_wconf 87' lang='lat' dir='ltr'><strong>itaque</strong></span> <span class='ocrx_word' id='word_1_450' title='bbox 2666 3061 2768 3100; x_wconf 85' lang='lat' dir='ltr'><strong>vox</strong></span> <span class='ocrx_word' id='word_1_451' title='bbox 2812 3047 2912 3100; x_wconf 89' lang='lat' dir='ltr'><strong>ista</strong></span> <span class='ocrx_word' id='word_1_452' title='bbox 2941 3056 3044 3114; x_wconf 89' lang='lat' dir='ltr'><strong>est,</strong></span> <span class='ocrx_word' id='word_1_453' title='bbox 3077 3061 3180 3102; x_wconf 89' lang='lat' dir='ltr'><strong>nec</strong></span> <span class='ocrx_word' id='word_1_454' title='bbox 3199 3046 3440 3101; x_wconf 89' lang='lat' dir='ltr'><strong>omnium</strong></span> 
     </span>
    </p>
   </div>
   <div class='ocr_carea' id='block_1_61' title="bbox 1841 3136 3445 3208">
    <p class='ocr_par' dir='ltr' id='par_1_61' title="bbox 1841 3136 3445 3208">
     <span class='ocr_line' id='line_1_61' title="bbox 1841 3136 3445 3208; baseline 0.004 -21"><span class='ocrx_word' id='word_1_455' title='bbox 1841 3145 2022 3190; x_wconf 90' lang='lat' dir='ltr'><strong>tamen</strong></span> <span class='ocrx_word' id='word_1_456' title='bbox 2053 3136 2447 3206; x_wconf 87' lang='lat' dir='ltr'><strong>apostolorum.</strong></span> <span class='ocrx_word' id='word_1_457' title='bbox 2478 3136 2610 3190; x_wconf 84' lang='lat' dir='ltr'><strong>Nam</strong></span> <span class='ocrx_word' id='word_1_458' title='bbox 2638 3145 2693 3192; x_wconf 91' lang='lat' dir='ltr'><strong>et</strong></span> <span class='ocrx_word' id='word_1_459' title='bbox 2735 3137 2903 3192; x_wconf 85' lang='lat' dir='ltr'><strong>Judas</strong></span> <span class='ocrx_word' id='word_1_460' title='bbox 2931 3139 3208 3208; x_wconf 85' lang='lat' dir='ltr'><strong>apostolus</strong></span> <span class='ocrx_word' id='word_1_461' title='bbox 3239 3139 3357 3200; x_wconf 88' lang='lat' dir='ltr'><strong>fuit.</strong></span> <span class='ocrx_word' id='word_1_462' title='bbox 3390 3149 3445 3193; x_wconf 85' lang='lat' dir='ltr'><strong>et</strong></span> 
     </span>
    </p>
   </div>
   <div class='ocr_carea' id='block_1_62' title="bbox 159 3227 3439 3310">
    <p class='ocr_par' dir='ltr' id='par_1_62' title="bbox 159 3227 3439 3310">
     <span class='ocr_line' id='line_1_62' title="bbox 159 3227 3439 3310; baseline -0.002 -17"><span class='ocrx_word' id='word_1_463' title='bbox 159 3238 290 3294; x_wconf 84' lang='lat' dir='ltr'><strong>nobis</strong></span> <span class='ocrx_word' id='word_1_464' title='bbox 323 3239 620 3310; x_wconf 85' lang='lat' dir='ltr'><strong>aliquando</strong></span> <span class='ocrx_word' id='word_1_465' title='bbox 646 3237 970 3307; x_wconf 85' lang='lat' dir='ltr'><strong>profuerint,</strong></span> <span class='ocrx_word' id='word_1_466' title='bbox 1023 3251 1363 3307; x_wconf 85' lang='lat' dir='ltr'><strong>nequaquam</strong></span> <span class='ocrx_word' id='word_1_467' title='bbox 1391 3249 1514 3291; x_wconf 88' lang='lat' dir='ltr'><strong>esse</strong></span> <span class='ocrx_word' id='word_1_468' title='bbox 1540 3234 1734 3290; x_wconf 65' lang='lat' dir='ltr'><strong>debeas</strong></span> <span class='ocrx_word' id='word_1_469' title='bbox 1765 3227 1810 3291; x_wconf 89' lang='lat' dir='ltr'><strong><em>C</em></strong></span> <span class='ocrx_word' id='word_1_470' title='bbox 1844 3227 1895 3280; x_wconf 93' lang='lat' dir='ltr'><strong>in</strong></span> <span class='ocrx_word' id='word_1_471' title='bbox 1917 3227 2163 3282; x_wconf 89' lang='lat' dir='ltr'><strong>convivio</strong></span> <span class='ocrx_word' id='word_1_472' title='bbox 2202 3228 2402 3283; x_wconf 86' lang='lat' dir='ltr'><strong>Christi</strong></span> <span class='ocrx_word' id='word_1_473' title='bbox 2441 3229 2581 3284; x_wconf 90' lang='lat' dir='ltr'><strong>inter</strong></span> <span class='ocrx_word' id='word_1_474' title='bbox 2619 3228 2900 3298; x_wconf 84' lang='lat' dir='ltr'><strong>apostolos</strong></span> <span class='ocrx_word' id='word_1_475' title='bbox 2954 3230 3323 3286; x_wconf 88' lang='lat' dir='ltr'><strong>recumbebat.</strong></span> <span class='ocrx_word' id='word_1_476' title='bbox 3353 3232 3439 3285; x_wconf 81' lang='lat' dir='ltr'><strong>Di-</strong></span> 
     </span>
    </p>
   </div>
   <div class='ocr_carea' id='block_1_63' title="bbox 160 3327 1736 3402">
    <p class='ocr_par' dir='ltr' id='par_1_63' title="bbox 160 3327 1736 3402">
     <span class='ocr_line' id='line_1_63' title="bbox 160 3327 1736 3402; baseline 0.001 -21"><span class='ocrx_word' id='word_1_477' title='bbox 160 3343 258 3384; x_wconf 89' lang='lat' dir='ltr'><strong>mus</strong></span> <span class='ocrx_word' id='word_1_478' title='bbox 287 3330 475 3400; x_wconf 81' lang='lat' dir='ltr'><strong>ingrati</strong></span> <span class='ocrx_word' id='word_1_479' title='bbox 511 3329 721 3402; x_wconf 67' lang='lat' dir='ltr'><strong>(Exod.</strong></span> <span class='ocrx_word' id='word_1_480' title='bbox 753 3346 850 3395; x_wconf 83' lang='lat' dir='ltr'><strong>xu,</strong></span> <span class='ocrx_word' id='word_1_481' title='bbox 877 3328 996 3400; x_wconf 66' lang='grc' dir='ltr'><strong>εδ).</strong></span> <span class='ocrx_word' id='word_1_482' title='bbox 1037 3327 1168 3382; x_wconf 84' lang='lat' dir='ltr'><strong>Nam</strong></span> <span class='ocrx_word' id='word_1_483' title='bbox 1211 3329 1350 3382; x_wconf 88' lang='lat' dir='ltr'><strong>sicut</strong></span> <span class='ocrx_word' id='word_1_484' title='bbox 1400 3328 1661 3383; x_wconf 88' lang='lat' dir='ltr'><strong>habemus</strong></span> <span class='ocrx_word' id='word_1_485' title='bbox 1684 3330 1736 3382; x_wconf 90' lang='lat' dir='ltr'><strong>in</strong></span> 
     </span>
    </p>
   </div>
   <div class='ocr_carea' id='block_1_64' title="bbox 157 3421 1738 3494">
    <p class='ocr_par' dir='ltr' id='par_1_64' title="bbox 157 3421 1738 3494">
     <span class='ocr_line' id='line_1_64' title="bbox 157 3421 1738 3494; baseline 0.004 -23"><span class='ocrx_word' id='word_1_486' title='bbox 157 3426 302 3475; x_wconf 73' lang='lat' dir='ltr'><strong>veteri</strong></span> <span class='ocrx_word' id='word_1_487' title='bbox 321 3423 702 3486; x_wconf 81' lang='lat' dir='ltr'><strong>Testamento,</strong></span> <span class='ocrx_word' id='word_1_488' title='bbox 729 3425 929 3491; x_wconf 84' lang='lat' dir='ltr'><strong>pascha</strong></span> <span class='ocrx_word' id='word_1_489' title='bbox 961 3421 1293 3477; x_wconf 87' lang='lat' dir='ltr'><strong>celebratum</strong></span> <span class='ocrx_word' id='word_1_490' title='bbox 1319 3426 1404 3476; x_wconf 88' lang='lat' dir='ltr'><strong>est</strong></span> <span class='ocrx_word' id='word_1_491' title='bbox 1435 3424 1486 3478; x_wconf 87' lang='lat' dir='ltr'><strong>in</strong></span> <span class='ocrx_word' id='word_1_492' title='bbox 1517 3421 1738 3494; x_wconf 61' lang='lat' dir='ltr'><strong>[Egypti</strong></span> 
     </span>
    </p>
   </div>
   <div class='ocr_carea' id='block_1_65' title="bbox 157 3510 1739 3585">
    <p class='ocr_par' dir='ltr' id='par_1_65' title="bbox 157 3510 1739 3585">
     <span class='ocr_line' id='line_1_65' title="bbox 157 3510 1739 3585; baseline 0.005 -23"><span class='ocrx_word' id='word_1_493' title='bbox 157 3510 348 3581; x_wconf 81' lang='lat' dir='ltr'><strong>ﬁnibus,</strong></span> <span class='ocrx_word' id='word_1_494' title='bbox 378 3529 498 3570; x_wconf 87' lang='lat' dir='ltr'><strong>cum</strong></span> <span class='ocrx_word' id='word_1_495' title='bbox 535 3513 724 3569; x_wconf 88' lang='lat' dir='ltr'><strong>adhuc</strong></span> <span class='ocrx_word' id='word_1_496' title='bbox 772 3514 874 3569; x_wconf 86' lang='lat' dir='ltr'><strong>sub</strong></span> <span class='ocrx_word' id='word_1_497' title='bbox 929 3529 1057 3585; x_wconf 82' lang='lat' dir='ltr'><strong>rege</strong></span> <span class='ocrx_word' id='word_1_498' title='bbox 1102 3514 1312 3568; x_wconf 83' lang='lat' dir='ltr'><strong>Pharao</strong></span> <span class='ocrx_word' id='word_1_499' title='bbox 1363 3515 1521 3582; x_wconf 86' lang='lat' dir='ltr'><strong>positi</strong></span> <span class='ocrx_word' id='word_1_500' title='bbox 1556 3523 1739 3582; x_wconf 84' lang='lat' dir='ltr'><strong>patres</strong></span> 
     </span>
    </p>
   </div>
   <div class='ocr_carea' id='block_1_66' title="bbox 157 3596 1739 3675">
    <p class='ocr_par' dir='ltr' id='par_1_66' title="bbox 157 3596 1739 3675">
     <span class='ocr_line' id='line_1_66' title="bbox 157 3596 1739 3675; baseline 0.003 -20"><span class='ocrx_word' id='word_1_501' title='bbox 157 3606 301 3658; x_wconf 86' lang='lat' dir='ltr'><strong>nostri</strong></span> <span class='ocrx_word' id='word_1_502' title='bbox 349 3596 712 3675; x_wconf 81' lang='lat' dir='ltr'><strong>deplorarem</strong></span> <span class='ocrx_word' id='word_1_503' title='bbox 758 3606 972 3662; x_wconf 71' lang='lat' dir='ltr'><strong>misera:</strong></span> <span class='ocrx_word' id='word_1_504' title='bbox 1014 3605 1298 3660; x_wconf 79' lang='lat' dir='ltr'><strong>servitutis</strong></span> <span class='ocrx_word' id='word_1_505' title='bbox 1338 3606 1630 3674; x_wconf 90' lang='lat' dir='ltr'><strong>injuriatn:</strong></span> <span class='ocrx_word' id='word_1_506' title='bbox 1685 3614 1739 3660; x_wconf 89' lang='lat' dir='ltr'><strong>et</strong></span> 
     </span>
    </p>
   </div>
   <div class='ocr_carea' id='block_1_67' title="bbox 158 3697 1740 3766">
    <p class='ocr_par' dir='ltr' id='par_1_67' title="bbox 158 3697 1740 3766">
     <span class='ocr_line' id='line_1_67' title="bbox 158 3697 1740 3766; baseline 0.003 -20"><span class='ocrx_word' id='word_1_507' title='bbox 158 3707 316 3760; x_wconf 87' lang='lat' dir='ltr'><strong>postea</strong></span> <span class='ocrx_word' id='word_1_508' title='bbox 382 3698 607 3752; x_wconf 88' lang='lat' dir='ltr'><strong>liberati</strong></span> <span class='ocrx_word' id='word_1_509' title='bbox 668 3705 908 3752; x_wconf 69' lang='lat' dir='ltr'><strong>rursnsc</strong></span> <span class='ocrx_word' id='word_1_510' title='bbox 967 3699 1018 3752; x_wconf 91' lang='lat' dir='ltr'><strong>in</strong></span> <span class='ocrx_word' id='word_1_511' title='bbox 1085 3706 1229 3752; x_wconf 89' lang='lat' dir='ltr'><strong>terra</strong></span> <span class='ocrx_word' id='word_1_512' title='bbox 1297 3697 1740 3766; x_wconf 87' lang='lat' dir='ltr'><strong>repromissionis</strong></span> 
     </span>
    </p>
   </div>
   <div class='ocr_carea' id='block_1_68' title="bbox 154 3787 1740 3860">
    <p class='ocr_par' dir='ltr' id='par_1_68' title="bbox 154 3787 1740 3860">
     <span class='ocr_line' id='line_1_68' title="bbox 154 3787 1740 3860; baseline 0.002 -21"><span class='ocrx_word' id='word_1_513' title='bbox 154 3789 326 3854; x_wconf 78' lang='lat' dir='ltr'><strong>pascha</strong></span> <span class='ocrx_word' id='word_1_514' title='bbox 350 3790 706 3844; x_wconf 86' lang='lat' dir='ltr'><strong>celebrarunt</strong></span> <span class='ocrx_word' id='word_1_515' title='bbox 736 3787 938 3860; x_wconf 75' lang='lat' dir='ltr'><strong>(Iosue.</strong></span> <span class='ocrx_word' id='word_1_516' title='bbox 968 3805 1020 3856; x_wconf 87' lang='lat' dir='ltr'><strong>v,</strong></span> <span class='ocrx_word' id='word_1_517' title='bbox 1049 3789 1136 3858; x_wconf 84' lang='lat' dir='ltr'><strong>I0)</strong></span> <span class='ocrx_word' id='word_1_518' title='bbox 1169 3805 1181 3843; x_wconf 95' lang='lat'><strong>:</strong></span> <span class='ocrx_word' id='word_1_519' title='bbox 1214 3789 1466 3858; x_wconf 86' lang='lat' dir='ltr'><strong>superius</strong></span> <span class='ocrx_word' id='word_1_520' title='bbox 1501 3788 1568 3842; x_wconf 88' lang='lat' dir='ltr'><strong>ad</strong></span> <span class='ocrx_word' id='word_1_521' title='bbox 1597 3802 1740 3843; x_wconf 87' lang='lat' dir='ltr'><strong>cum-</strong></span> 
     </span>
    </p>
   </div>
   <div class='ocr_carea' id='block_1_69' title="bbox 155 3879 1740 3950">
    <p class='ocr_par' dir='ltr' id='par_1_69' title="bbox 155 3879 1740 3950">
     <span class='ocr_line' id='line_1_69' title="bbox 155 3879 1740 3950; baseline 0.003 -19"><span class='ocrx_word' id='word_1_522' title='bbox 155 3881 509 3947; x_wconf 88' lang='lat' dir='ltr'><strong>monitiouem,</strong></span> <span class='ocrx_word' id='word_1_523' title='bbox 569 3881 843 3950; x_wconf 84' lang='lat' dir='ltr'><strong>posterius</strong></span> <span class='ocrx_word' id='word_1_524' title='bbox 890 3880 956 3934; x_wconf 91' lang='lat' dir='ltr'><strong>ad</strong></span> <span class='ocrx_word' id='word_1_525' title='bbox 1009 3880 1466 3935; x_wconf 83' lang='lat' dir='ltr'><strong>recordationem.</strong></span> <span class='ocrx_word' id='word_1_526' title='bbox 1505 3879 1560 3936; x_wconf 92' lang='lat' dir='ltr'><strong>Si</strong></span> <span class='ocrx_word' id='word_1_527' title='bbox 1617 3881 1740 3950; x_wconf 86' lang='lat' dir='ltr'><strong>quis</strong></span> 
     </span>
    </p>
   </div>
   <div class='ocr_carea' id='block_1_70' title="bbox 152 3970 1734 4043">
    <p class='ocr_par' dir='ltr' id='par_1_70' title="bbox 152 3970 1734 4043">
     <span class='ocr_line' id='line_1_70' title="bbox 152 3970 1734 4043; baseline 0.003 -21"><span class='ocrx_word' id='word_1_528' title='bbox 152 3984 265 4039; x_wconf 86' lang='lat' dir='ltr'><strong>ergo</strong></span> <span class='ocrx_word' id='word_1_529' title='bbox 316 3972 625 4043; x_wconf 86' lang='lat' dir='ltr'><strong>interroget</strong></span> <span class='ocrx_word' id='word_1_530' title='bbox 645 3972 956 4042; x_wconf 74' lang='lat' dir='ltr'><strong>jHebrmum</strong></span> <span class='ocrx_word' id='word_1_531' title='bbox 987 3987 1089 4041; x_wconf 88' lang='lat' dir='ltr'><strong>qua</strong></span> <span class='ocrx_word' id='word_1_532' title='bbox 1135 3972 1344 4026; x_wconf 86' lang='lat' dir='ltr'><strong>ratione</strong></span> <span class='ocrx_word' id='word_1_533' title='bbox 1390 3972 1442 4026; x_wconf 90' lang='lat' dir='ltr'><strong>in</strong></span> <span class='ocrx_word' id='word_1_534' title='bbox 1472 3970 1734 4042; x_wconf 65' lang='lat' dir='ltr'><strong>IEgyplo,</strong></span> 
     </span>
    </p>
   </div>
   <div class='ocr_carea' id='block_1_71' title="bbox 155 4060 1736 4132">
    <p class='ocr_par' dir='ltr' id='par_1_71' title="bbox 155 4060 1736 4132">
     <span class='ocr_line' id='line_1_71' title="bbox 155 4060 1736 4132; baseline 0.004 -20"><span class='ocrx_word' id='word_1_535' title='bbox 155 4060 326 4127; x_wconf 84' lang='lat' dir='ltr'><strong>pascha</strong></span> <span class='ocrx_word' id='word_1_536' title='bbox 352 4065 697 4118; x_wconf 86' lang='lat' dir='ltr'><strong>celebratum</strong></span> <span class='ocrx_word' id='word_1_537' title='bbox 724 4073 828 4128; x_wconf 91' lang='lat' dir='ltr'><strong>est,</strong></span> <span class='ocrx_word' id='word_1_538' title='bbox 861 4063 1213 4132; x_wconf 87' lang='lat' dir='ltr'><strong>respondebit</strong></span> <span class='ocrx_word' id='word_1_539' title='bbox 1244 4077 1258 4117; x_wconf 88' lang='lat'><strong>:</strong></span> <span class='ocrx_word' id='word_1_540' title='bbox 1289 4062 1426 4130; x_wconf 85' lang='lat' dir='ltr'><strong>Quia</strong></span> <span class='ocrx_word' id='word_1_541' title='bbox 1453 4064 1566 4132; x_wconf 89' lang='lat' dir='ltr'><strong>regi</strong></span> <span class='ocrx_word' id='word_1_542' title='bbox 1598 4062 1736 4118; x_wconf 43' lang='lat' dir='ltr'><strong>Pha‘</strong></span> 
     </span>
    </p>
   </div>
   <div class='ocr_carea' id='block_1_72' title="bbox 151 4153 1736 4219">
    <p class='ocr_par' dir='ltr' id='par_1_72' title="bbox 151 4153 1736 4219">
     <span class='ocr_line' id='line_1_72' title="bbox 151 4153 1736 4219; baseline 0.003 -16"><span class='ocrx_word' id='word_1_543' title='bbox 151 4166 235 4206; x_wconf 89' lang='lat' dir='ltr'><strong>rao</strong></span> <span class='ocrx_word' id='word_1_544' title='bbox 263 4153 428 4210; x_wconf 89' lang='lat' dir='ltr'><strong>adhuc</strong></span> <span class='ocrx_word' id='word_1_545' title='bbox 457 4153 752 4209; x_wconf 87' lang='lat' dir='ltr'><strong>servitutis</strong></span> <span class='ocrx_word' id='word_1_546' title='bbox 778 4155 994 4209; x_wconf 91' lang='lat' dir='ltr'><strong>vinculo</strong></span> <span class='ocrx_word' id='word_1_547' title='bbox 1032 4153 1253 4208; x_wconf 86' lang='lat' dir='ltr'><strong>obnoxii</strong></span> <span class='ocrx_word' id='word_1_548' title='bbox 1282 4154 1625 4219; x_wconf 90' lang='lat' dir='ltr'><strong>tenebamur,</strong></span> <span class='ocrx_word' id='word_1_549' title='bbox 1647 4153 1736 4208; x_wconf 88' lang='lat' dir='ltr'><strong>ille</strong></span> 
     </span>
    </p>
   </div>
   <div class='ocr_carea' id='block_1_73' title="bbox 149 4245 1739 4316">
    <p class='ocr_par' dir='ltr' id='par_1_73' title="bbox 149 4245 1739 4316">
     <span class='ocr_line' id='line_1_73' title="bbox 149 4245 1739 4316; baseline 0.004 -22"><span class='ocrx_word' id='word_1_550' title='bbox 149 4257 301 4311; x_wconf 84' lang='lat' dir='ltr'><strong>agnus</strong></span> <span class='ocrx_word' id='word_1_551' title='bbox 322 4256 534 4312; x_wconf 84' lang='lat' dir='ltr'><strong>patrum</strong></span> <span class='ocrx_word' id='word_1_552' title='bbox 573 4247 835 4316; x_wconf 87' lang='lat' dir='ltr'><strong>populum</strong></span> <span class='ocrx_word' id='word_1_553' title='bbox 890 4246 1163 4312; x_wconf 82' lang='lat' dir='ltr'><strong>liberavit,</strong></span> <span class='ocrx_word' id='word_1_554' title='bbox 1200 4246 1296 4301; x_wconf 89' lang='lat' dir='ltr'><strong>ille</strong></span> <span class='ocrx_word' id='word_1_555' title='bbox 1327 4261 1495 4316; x_wconf 87' lang='lat' dir='ltr'><strong>agnus</strong></span> <span class='ocrx_word' id='word_1_556' title='bbox 1524 4245 1739 4301; x_wconf 89' lang='lat' dir='ltr'><strong>vocavit</strong></span> 
     </span>
    </p>
   </div>
   <div class='ocr_carea' id='block_1_74' title="bbox 147 4337 1733 4410">
    <p class='ocr_par' dir='ltr' id='par_1_74' title="bbox 147 4337 1733 4410">
     <span class='ocr_line' id='line_1_74' title="bbox 147 4337 1733 4410; baseline 0.003 -21"><span class='ocrx_word' id='word_1_557' title='bbox 147 4337 206 4390; x_wconf 87' lang='lat' dir='ltr'><strong>ad</strong></span> <span class='ocrx_word' id='word_1_558' title='bbox 234 4338 571 4406; x_wconf 82' lang='lat' dir='ltr'><strong>libertatem,</strong></span> <span class='ocrx_word' id='word_1_559' title='bbox 605 4340 695 4395; x_wconf 88' lang='lat' dir='ltr'><strong>ille</strong></span> <span class='ocrx_word' id='word_1_560' title='bbox 747 4355 918 4410; x_wconf 89' lang='lat' dir='ltr'><strong>agnus</strong></span> <span class='ocrx_word' id='word_1_561' title='bbox 941 4341 1107 4394; x_wconf 90' lang='lat' dir='ltr'><strong>maris</strong></span> <span class='ocrx_word' id='word_1_562' title='bbox 1139 4340 1404 4410; x_wconf 90' lang='lat' dir='ltr'><strong>profunda</strong></span> <span class='ocrx_word' id='word_1_563' title='bbox 1435 4339 1688 4396; x_wconf 88' lang='lat' dir='ltr'><strong>solidavit</strong></span> <span class='ocrx_word' id='word_1_564' title='bbox 1718 4355 1733 4406; x_wconf 89' lang='lat'><strong>;</strong></span> 
     </span>
    </p>
   </div>
   <div class='ocr_carea' id='block_1_75' title="bbox 147 4430 1737 4505">
    <p class='ocr_par' dir='ltr' id='par_1_75' title="bbox 147 4430 1737 4505">
     <span class='ocr_line' id='line_1_75' title="bbox 147 4430 1737 4505; baseline 0.003 -22"><span class='ocrx_word' id='word_1_565' title='bbox 147 4438 200 4483; x_wconf 92' lang='lat' dir='ltr'><strong>ut</strong></span> <span class='ocrx_word' id='word_1_566' title='bbox 219 4430 505 4505; x_wconf 63' lang='lat' dir='ltr'><strong>IEgyptum</strong></span> <span class='ocrx_word' id='word_1_567' title='bbox 532 4435 770 4489; x_wconf 85' lang='lat' dir='ltr'><strong>transire</strong></span> <span class='ocrx_word' id='word_1_568' title='bbox 799 4449 1100 4504; x_wconf 85' lang='lat' dir='ltr'><strong>possemus.</strong></span> <span class='ocrx_word' id='word_1_569' title='bbox 1133 4432 1358 4501; x_wconf 82' lang='lat' dir='ltr'><strong>Quoties</strong></span> <span class='ocrx_word' id='word_1_570' title='bbox 1385 4448 1517 4504; x_wconf 89' lang='lat' dir='ltr'><strong>ergo</strong></span> <span class='ocrx_word' id='word_1_571' title='bbox 1537 4432 1737 4502; x_wconf 88' lang='lat' dir='ltr'><strong>pascha</strong></span> 
     </span>
    </p>
   </div>
   <div class='ocr_carea' id='block_1_76' title="bbox 144 4523 1736 4590">
    <p class='ocr_par' dir='ltr' id='par_1_76' title="bbox 144 4523 1736 4590">
     <span class='ocr_line' id='line_1_76' title="bbox 144 4523 1736 4590; baseline 0.002 -16"><span class='ocrx_word' id='word_1_572' title='bbox 144 4523 494 4590; x_wconf 82' lang='lat' dir='ltr'><strong>celebramus,</strong></span> <span class='ocrx_word' id='word_1_573' title='bbox 529 4525 848 4581; x_wconf 87' lang='lat' dir='ltr'><strong>meminisse</strong></span> <span class='ocrx_word' id='word_1_574' title='bbox 897 4525 1155 4580; x_wconf 86' lang='lat' dir='ltr'><strong>debemus</strong></span> <span class='ocrx_word' id='word_1_575' title='bbox 1195 4525 1400 4580; x_wconf 85' lang='lat' dir='ltr'><strong>veteris</strong></span> <span class='ocrx_word' id='word_1_576' title='bbox 1431 4525 1736 4590; x_wconf 85' lang='lat' dir='ltr'><strong>servitutis,</strong></span> 
     </span>
    </p>
   </div>
   <div class='ocr_carea' id='block_1_77' title="bbox 1842 3320 3438 3391">
    <p class='ocr_par' dir='ltr' id='par_1_77' title="bbox 1842 3320 3438 3391">
     <span class='ocr_line' id='line_1_77' title="bbox 1842 3320 3438 3391; baseline 0.003 -17"><span class='ocrx_word' id='word_1_577' title='bbox 1842 3320 1998 3375; x_wconf 90' lang='lat' dir='ltr'><strong>cebat</strong></span> <span class='ocrx_word' id='word_1_578' title='bbox 2027 3329 2082 3375; x_wconf 92' lang='lat' dir='ltr'><strong>et</strong></span> <span class='ocrx_word' id='word_1_579' title='bbox 2107 3321 2223 3390; x_wconf 89' lang='lat' dir='ltr'><strong>ipse</strong></span> <span class='ocrx_word' id='word_1_580' title='bbox 2244 3337 2257 3373; x_wconf 88' lang='lat'>:</span> <span class='ocrx_word' id='word_1_581' title='bbox 2282 3320 2432 3376; x_wconf 77' lang='lat' dir='ltr'><strong>Tuus</strong></span> <span class='ocrx_word' id='word_1_582' title='bbox 2452 3339 2590 3390; x_wconf 86' lang='lat' dir='ltr'><strong>sum,</strong></span> <span class='ocrx_word' id='word_1_583' title='bbox 2621 3322 2715 3378; x_wconf 90' lang='lat' dir='ltr'><strong>sed</strong></span> <span class='ocrx_word' id='word_1_584' title='bbox 2747 3338 2901 3387; x_wconf 91' lang='lat' dir='ltr'><strong>voce,</strong></span> <span class='ocrx_word' id='word_1_585' title='bbox 2936 3333 3041 3377; x_wconf 86' lang='lat' dir='ltr'><strong>non</strong></span> <span class='ocrx_word' id='word_1_586' title='bbox 3061 3323 3438 3391; x_wconf 76' lang='lat' dir='ltr'><strong>eorde.Venit,</strong></span> 
     </span>
    </p>
   </div>
   <div class='ocr_carea' id='block_1_78' title="bbox 1841 3415 3446 3489">
    <p class='ocr_par' dir='ltr' id='par_1_78' title="bbox 1841 3415 3446 3489">
     <span class='ocr_line' id='line_1_78' title="bbox 1841 3415 3446 3489; baseline 0.004 -21"><span class='ocrx_word' id='word_1_587' title='bbox 1841 3424 1896 3468; x_wconf 89' lang='lat' dir='ltr'><strong>et</strong></span> <span class='ocrx_word' id='word_1_588' title='bbox 1919 3415 2152 3469; x_wconf 81' lang='lat' dir='ltr'><strong>introivit</strong></span> <span class='ocrx_word' id='word_1_589' title='bbox 2179 3416 2232 3469; x_wconf 85' lang='lat' dir='ltr'><strong>in</strong></span> <span class='ocrx_word' id='word_1_590' title='bbox 2280 3432 2398 3469; x_wconf 84' lang='lat' dir='ltr'><strong>eum</strong></span> <span class='ocrx_word' id='word_1_591' title='bbox 2428 3417 2656 3471; x_wconf 83' lang='lat' dir='ltr'><strong>Satanas</strong></span> <span class='ocrx_word' id='word_1_592' title='bbox 2689 3415 2868 3489; x_wconf 83' lang='lat' dir='ltr'><strong>(Joan.</strong></span> <span class='ocrx_word' id='word_1_593' title='bbox 2901 3433 3016 3483; x_wconf 77' lang='lat' dir='ltr'><strong>xm,</strong></span> <span class='ocrx_word' id='word_1_594' title='bbox 3047 3419 3167 3489; x_wconf 67' lang='grc' dir='ltr'><strong>ι27),</strong></span> <span class='ocrx_word' id='word_1_595' title='bbox 3198 3425 3252 3473; x_wconf 85' lang='lat' dir='ltr'><strong>et</strong></span> <span class='ocrx_word' id='word_1_596' title='bbox 3280 3422 3446 3489; x_wconf 69' lang='lat' dir='ltr'><strong>erupit</strong></span> 
     </span>
    </p>
   </div>
   <div class='ocr_carea' id='block_1_79' title="bbox 1841 3506 3445 3581">
    <p class='ocr_par' dir='ltr' id='par_1_79' title="bbox 1841 3506 3445 3581">
     <span class='ocr_line' id='line_1_79' title="bbox 1841 3506 3445 3581; baseline 0.004 -21"><span class='ocrx_word' id='word_1_597' title='bbox 1841 3506 2024 3561; x_wconf 88' lang='lat' dir='ltr'><strong>dicere</strong></span> <span class='ocrx_word' id='word_1_598' title='bbox 2057 3524 2070 3560; x_wconf 90' lang='lat'><strong>:</strong></span> <span class='ocrx_word' id='word_1_599' title='bbox 2100 3507 2216 3561; x_wconf 85' lang='lat' dir='ltr'><strong>Non</strong></span> <span class='ocrx_word' id='word_1_600' title='bbox 2259 3518 2342 3562; x_wconf 91' lang='lat' dir='ltr'><strong>est</strong></span> <span class='ocrx_word' id='word_1_601' title='bbox 2371 3518 2514 3573; x_wconf 90' lang='lat' dir='ltr'><strong>tuus,</strong></span> <span class='ocrx_word' id='word_1_602' title='bbox 2543 3509 2693 3574; x_wconf 83' lang='lat' dir='ltr'><strong>Jesu,</strong></span> <span class='ocrx_word' id='word_1_603' title='bbox 2725 3509 2820 3564; x_wconf 90' lang='lat' dir='ltr'><strong>sed</strong></span> <span class='ocrx_word' id='word_1_604' title='bbox 2871 3525 3025 3565; x_wconf 90' lang='lat' dir='ltr'><strong>meus</strong></span> <span class='ocrx_word' id='word_1_605' title='bbox 3063 3520 3168 3566; x_wconf 90' lang='lat' dir='ltr'><strong>est.</strong></span> <span class='ocrx_word' id='word_1_606' title='bbox 3205 3511 3445 3581; x_wconf 85' lang='lat' dir='ltr'><strong>Denique</strong></span> 
     </span>
    </p>
   </div>
   <div class='ocr_carea' id='block_1_80' title="bbox 1840 3603 3444 3673">
    <p class='ocr_par' dir='ltr' id='par_1_80' title="bbox 1840 3603 3444 3673">
     <span class='ocr_line' id='line_1_80' title="bbox 1840 3603 3444 3673; baseline 0.002 -19"><span class='ocrx_word' id='word_1_607' title='bbox 1840 3614 1902 3654; x_wconf 86' lang='lat' dir='ltr'><strong>ea</strong></span> <span class='ocrx_word' id='word_1_608' title='bbox 1945 3613 2066 3668; x_wconf 62' lang='lat' dir='ltr'><strong>quae</strong></span> <span class='ocrx_word' id='word_1_609' title='bbox 2121 3615 2236 3654; x_wconf 84' lang='lat' dir='ltr'><strong>mea</strong></span> <span class='ocrx_word' id='word_1_610' title='bbox 2284 3611 2429 3666; x_wconf 89' lang='lat' dir='ltr'><strong>sunt,</strong></span> <span class='ocrx_word' id='word_1_611' title='bbox 2463 3603 2708 3672; x_wconf 75' lang='lat' dir='ltr'><strong>cogitat;</strong></span> <span class='ocrx_word' id='word_1_612' title='bbox 2740 3618 2860 3672; x_wconf 64' lang='lat' dir='ltr'><strong>qua:</strong></span> <span class='ocrx_word' id='word_1_613' title='bbox 2890 3616 3009 3657; x_wconf 84' lang='lat' dir='ltr'><strong>mea</strong></span> <span class='ocrx_word' id='word_1_614' title='bbox 3064 3611 3213 3667; x_wconf 89' lang='lat' dir='ltr'><strong>sunt,</strong></span> <span class='ocrx_word' id='word_1_615' title='bbox 3239 3603 3290 3658; x_wconf 91' lang='lat' dir='ltr'><strong>in</strong></span> <span class='ocrx_word' id='word_1_616' title='bbox 3319 3619 3444 3673; x_wconf 87' lang='lat' dir='ltr'><strong>pec-</strong></span> 
     </span>
    </p>
   </div>
   <div class='ocr_carea' id='block_1_81' title="bbox 1842 3692 3441 3764">
    <p class='ocr_par' dir='ltr' id='par_1_81' title="bbox 1842 3692 3441 3764">
     <span class='ocr_line' id='line_1_81' title="bbox 1842 3692 3441 3764; baseline 0.003 -19"><span class='ocrx_word' id='word_1_617' title='bbox 1842 3701 1958 3746; x_wconf 92' lang='lat' dir='ltr'><strong>tore</strong></span> <span class='ocrx_word' id='word_1_618' title='bbox 1987 3706 2086 3746; x_wconf 89' lang='lat' dir='ltr'><strong>suo</strong></span> <span class='ocrx_word' id='word_1_619' title='bbox 2118 3692 2319 3746; x_wconf 84' lang='lat' dir='ltr'><strong>volvit:</strong></span> <span class='ocrx_word' id='word_1_620' title='bbox 2341 3703 2516 3748; x_wconf 90' lang='lat' dir='ltr'><strong>tecum</strong></span> <span class='ocrx_word' id='word_1_621' title='bbox 2549 3696 2816 3764; x_wconf 89' lang='lat' dir='ltr'><strong>epulatur,</strong></span> <span class='ocrx_word' id='word_1_622' title='bbox 2843 3702 2898 3749; x_wconf 88' lang='lat' dir='ltr'><strong>et</strong></span> <span class='ocrx_word' id='word_1_623' title='bbox 2924 3709 3136 3750; x_wconf 89' lang='lat' dir='ltr'><strong>mecum</strong></span> <span class='ocrx_word' id='word_1_624' title='bbox 3169 3697 3441 3764; x_wconf 86' lang='lat' dir='ltr'><strong>pascitur:</strong></span> 
     </span>
    </p>
   </div>
   <div class='ocr_carea' id='block_1_82' title="bbox 1839 3788 3444 3860">
    <p class='ocr_par' dir='ltr' id='par_1_82' title="bbox 1839 3788 3444 3860">
     <span class='ocr_line' id='line_1_82' title="bbox 1839 3788 3444 3860; baseline 0.001 -19"><span class='ocrx_word' id='word_1_625' title='bbox 1839 3800 1870 3840; x_wconf 85' lang='lat' dir='ltr'><strong>a</strong></span> <span class='ocrx_word' id='word_1_626' title='bbox 1899 3795 1952 3841; x_wconf 88' lang='lat' dir='ltr'><strong>te</strong></span> <span class='ocrx_word' id='word_1_627' title='bbox 1979 3802 2170 3856; x_wconf 89' lang='lat' dir='ltr'><strong>panem</strong></span> <span class='ocrx_word' id='word_1_628' title='bbox 2203 3788 2421 3858; x_wconf 84' lang='lat' dir='ltr'><strong>accipit,</strong></span> <span class='ocrx_word' id='word_1_629' title='bbox 2451 3805 2476 3840; x_wconf 86' lang='lat' dir='ltr'><strong>a</strong></span> <span class='ocrx_word' id='word_1_630' title='bbox 2511 3803 2596 3844; x_wconf 85' lang='lat' dir='ltr'><strong>nte</strong></span> <span class='ocrx_word' id='word_1_631' title='bbox 2629 3789 2911 3860; x_wconf 88' lang='lat' dir='ltr'><strong>pecuniam</strong></span> <span class='ocrx_word' id='word_1_632' title='bbox 2946 3807 2958 3842; x_wconf 87' lang='lat'><strong>:</strong></span> <span class='ocrx_word' id='word_1_633' title='bbox 2995 3799 3168 3844; x_wconf 90' lang='lat' dir='ltr'><strong>tecum</strong></span> <span class='ocrx_word' id='word_1_634' title='bbox 3199 3789 3357 3853; x_wconf 88' lang='lat' dir='ltr'><strong>bibit,</strong></span> <span class='ocrx_word' id='word_1_635' title='bbox 3385 3797 3444 3843; x_wconf 76' lang='lat' dir='ltr'><strong>cl.</strong></span> 
     </span>
    </p>
   </div>
   <div class='ocr_carea' id='block_1_83' title="bbox 1841 3879 3441 3949">
    <p class='ocr_par' dir='ltr' id='par_1_83' title="bbox 1841 3879 3441 3949">
     <span class='ocr_line' id='line_1_83' title="bbox 1841 3879 3441 3949; baseline 0.001 -16"><span class='ocrx_word' id='word_1_636' title='bbox 1841 3879 1972 3933; x_wconf 88' lang='lat' dir='ltr'><strong>mihi</strong></span> <span class='ocrx_word' id='word_1_637' title='bbox 1995 3888 2144 3933; x_wconf 91' lang='lat' dir='ltr'><strong>tuum</strong></span> <span class='ocrx_word' id='word_1_638' title='bbox 2185 3880 2501 3949; x_wconf 89' lang='lat' dir='ltr'><strong>sanguinem</strong></span> <span class='ocrx_word' id='word_1_639' title='bbox 2532 3880 2753 3935; x_wconf 88' lang='lat' dir='ltr'><strong>vendit:</strong></span> <span class='ocrx_word' id='word_1_640' title='bbox 2779 3890 2903 3935; x_wconf 91' lang='lat' dir='ltr'><strong>tuus</strong></span> <span class='ocrx_word' id='word_1_641' title='bbox 2931 3891 3017 3935; x_wconf 90' lang='lat' dir='ltr'><strong>est</strong></span> <span class='ocrx_word' id='word_1_642' title='bbox 3065 3881 3360 3949; x_wconf 88' lang='lat' dir='ltr'><strong>apostolus,</strong></span> <span class='ocrx_word' id='word_1_643' title='bbox 3386 3888 3441 3934; x_wconf 84' lang='lat' dir='ltr'><strong>ct</strong></span> 
     </span>
    </p>
   </div>
   <div class='ocr_carea' id='block_1_84' title="bbox 1841 3972 2538 4026">
    <p class='ocr_par' dir='ltr' id='par_1_84' title="bbox 1841 3972 2538 4026">
     <span class='ocr_line' id='line_1_84' title="bbox 1841 3972 2538 4026; baseline -0.001 0"><span class='ocrx_word' id='word_1_644' title='bbox 1841 3985 1997 4026; x_wconf 85' lang='lat' dir='ltr'><strong>meus</strong></span> <span class='ocrx_word' id='word_1_645' title='bbox 2025 3979 2108 4025; x_wconf 89' lang='lat' dir='ltr'><strong>est</strong></span> <span class='ocrx_word' id='word_1_646' title='bbox 2143 3972 2538 4026; x_wconf 84' lang='lat' dir='ltr'><strong>mercenarius.</strong></span> 
     </span>
    </p>
   </div>
   <div class='ocr_carea' id='block_1_85' title="bbox 1912 4062 3438 4132">
    <p class='ocr_par' dir='ltr' id='par_1_85' title="bbox 1912 4062 3438 4132">
     <span class='ocr_line' id='line_1_85' title="bbox 1912 4062 3438 4132; baseline -0.001 -14"><span class='ocrx_word' id='word_1_647' title='bbox 1912 4063 2000 4118; x_wconf 81' lang='lat'><strong>59.</strong></span> <span class='ocrx_word' id='word_1_648' title='bbox 2027 4062 2142 4117; x_wconf 89' lang='lat' dir='ltr'><strong>Non</strong></span> <span class='ocrx_word' id='word_1_649' title='bbox 2169 4072 2346 4132; x_wconf 89' lang='lat' dir='ltr'><strong>potest</strong></span> <span class='ocrx_word' id='word_1_650' title='bbox 2389 4063 2572 4118; x_wconf 89' lang='lat' dir='ltr'><strong>dicere</strong></span> <span class='ocrx_word' id='word_1_651' title='bbox 2599 4063 2876 4118; x_wconf 69' lang='lat' dir='ltr'><strong>smcttlaris</strong></span> <span class='ocrx_word' id='word_1_652' title='bbox 2909 4078 2923 4116; x_wconf 90' lang='lat'>:</span> <span class='ocrx_word' id='word_1_653' title='bbox 2961 4062 3103 4117; x_wconf 84' lang='lat' dir='ltr'><strong>Tuus</strong></span> <span class='ocrx_word' id='word_1_654' title='bbox 3126 4073 3239 4116; x_wconf 80' lang='lat' dir='ltr'><strong>sum</strong></span> <span class='ocrx_word' id='word_1_655' title='bbox 3268 4077 3287 4127; x_wconf 86' lang='lat'><em>;</em></span> <span class='ocrx_word' id='word_1_656' title='bbox 3314 4062 3438 4131; x_wconf 89' lang='lat' dir='ltr'><strong>plu-</strong></span> 
     </span>
    </p>
   </div>
   <div class='ocr_carea' id='block_1_86' title="bbox 1841 4153 3443 4221">
    <p class='ocr_par' dir='ltr' id='par_1_86' title="bbox 1841 4153 3443 4221">
     <span class='ocr_line' id='line_1_86' title="bbox 1841 4153 3443 4221; baseline -0.001 -10"><span class='ocrx_word' id='word_1_657' title='bbox 1841 4170 1929 4211; x_wconf 91' lang='lat' dir='ltr'><strong>res</strong></span> <span class='ocrx_word' id='word_1_658' title='bbox 1949 4155 2093 4210; x_wconf 88' lang='lat' dir='ltr'><strong>enitn</strong></span> <span class='ocrx_word' id='word_1_659' title='bbox 2123 4154 2378 4210; x_wconf 88' lang='lat' dir='ltr'><strong>dominos</strong></span> <span class='ocrx_word' id='word_1_660' title='bbox 2406 4154 2591 4210; x_wconf 89' lang='lat' dir='ltr'><strong>habet.</strong></span> <span class='ocrx_word' id='word_1_661' title='bbox 2617 4154 2779 4210; x_wconf 77' lang='lat' dir='ltr'><strong>Venit</strong></span> <span class='ocrx_word' id='word_1_662' title='bbox 2806 4154 3073 4221; x_wconf 90' lang='lat' dir='ltr'><strong>libido,et</strong></span> <span class='ocrx_word' id='word_1_663' title='bbox 3100 4154 3229 4209; x_wconf 87' lang='lat' dir='ltr'><strong>dicit</strong></span> <span class='ocrx_word' id='word_1_664' title='bbox 3258 4171 3270 4206; x_wconf 93' lang='lat'><strong>:</strong></span> <span class='ocrx_word' id='word_1_665' title='bbox 3296 4153 3443 4209; x_wconf 82' lang='lat' dir='ltr'><strong>Meus</strong></span> 
     </span>
    </p>
   </div>
   <div class='ocr_carea' id='block_1_87' title="bbox 1841 4245 3446 4318">
    <p class='ocr_par' dir='ltr' id='par_1_87' title="bbox 1841 4245 3446 4318">
     <span class='ocr_line' id='line_1_87' title="bbox 1841 4245 3446 4318; baseline -0.002 -14"><span class='ocrx_word' id='word_1_666' title='bbox 1841 4263 1939 4315; x_wconf 87' lang='lat' dir='ltr'><strong>es;</strong></span> <span class='ocrx_word' id='word_1_667' title='bbox 1973 4247 2096 4317; x_wconf 84' lang='lat' dir='ltr'><strong>quia</strong></span> <span class='ocrx_word' id='word_1_668' title='bbox 2143 4262 2207 4302; x_wconf 88' lang='lat' dir='ltr'><strong>ea</strong></span> <span class='ocrx_word' id='word_1_669' title='bbox 2256 4263 2378 4317; x_wconf 83' lang='lat' dir='ltr'><strong>quae</strong></span> <span class='ocrx_word' id='word_1_670' title='bbox 2406 4255 2534 4303; x_wconf 87' lang='lat' dir='ltr'><strong>sunt</strong></span> <span class='ocrx_word' id='word_1_671' title='bbox 2586 4247 2857 4318; x_wconf 89' lang='lat' dir='ltr'><strong>corporis,</strong></span> <span class='ocrx_word' id='word_1_672' title='bbox 2891 4247 3232 4317; x_wconf 88' lang='lat' dir='ltr'><strong>concupiscis</strong></span> <span class='ocrx_word' id='word_1_673' title='bbox 3262 4262 3275 4298; x_wconf 91' lang='lat'><strong>:</strong></span> <span class='ocrx_word' id='word_1_674' title='bbox 3302 4245 3354 4300; x_wconf 89' lang='lat' dir='ltr'><strong>in</strong></span> <span class='ocrx_word' id='word_1_675' title='bbox 3381 4247 3446 4300; x_wconf 84' lang='lat' dir='ltr'><strong>il-</strong></span> 
     </span>
    </p>
   </div>
   <div class='ocr_carea' id='block_1_88' title="bbox 1840 4339 3446 4405">
    <p class='ocr_par' dir='ltr' id='par_1_88' title="bbox 1840 4339 3446 4405">
     <span class='ocr_line' id='line_1_88' title="bbox 1840 4339 3446 4405; baseline -0.002 -9"><span class='ocrx_word' id='word_1_676' title='bbox 1840 4340 1943 4396; x_wconf 89' lang='lat' dir='ltr'><strong>lius</strong></span> <span class='ocrx_word' id='word_1_677' title='bbox 1968 4341 2392 4396; x_wconf 63' lang='lat' dir='ltr'><strong>adulescentula:</strong></span> <span class='ocrx_word' id='word_1_678' title='bbox 2414 4356 2602 4397; x_wconf 88' lang='lat' dir='ltr'><strong>amore</strong></span> <span class='ocrx_word' id='word_1_679' title='bbox 2620 4351 2672 4396; x_wconf 90' lang='lat' dir='ltr'><strong>te</strong></span> <span class='ocrx_word' id='word_1_680' title='bbox 2698 4340 2830 4395; x_wconf 89' lang='lat' dir='ltr'><strong>mihi</strong></span> <span class='ocrx_word' id='word_1_681' title='bbox 2856 4340 3142 4396; x_wconf 89' lang='lat' dir='ltr'><strong>vendidisti</strong></span> <span class='ocrx_word' id='word_1_682' title='bbox 3173 4355 3188 4405; x_wconf 91' lang='lat'><strong>;</strong></span> <span class='ocrx_word' id='word_1_683' title='bbox 3221 4339 3273 4394; x_wconf 93' lang='lat' dir='ltr'><strong>in</strong></span> <span class='ocrx_word' id='word_1_684' title='bbox 3305 4339 3446 4393; x_wconf 88' lang='lat' dir='ltr'><strong>illius</strong></span> 
     </span>
    </p>
   </div>
   <div class='ocr_carea' id='block_1_89' title="bbox 1840 4433 3442 4505">
    <p class='ocr_par' dir='ltr' id='par_1_89' title="bbox 1840 4433 3442 4505">
     <span class='ocr_line' id='line_1_89' title="bbox 1840 4433 3442 4505; baseline -0.001 -17"><span class='ocrx_word' id='word_1_685' title='bbox 1840 4433 2128 4490; x_wconf 86' lang='lat' dir='ltr'><strong>concubitu</strong></span> <span class='ocrx_word' id='word_1_686' title='bbox 2184 4435 2487 4490; x_wconf 88' lang='lat' dir='ltr'><strong>meretricis</strong></span> <span class='ocrx_word' id='word_1_687' title='bbox 2521 4435 2750 4505; x_wconf 88' lang='lat' dir='ltr'><strong>pretium</strong></span> <span class='ocrx_word' id='word_1_688' title='bbox 2813 4451 2910 4504; x_wconf 87' lang='lat' dir='ltr'><strong>pro</strong></span> <span class='ocrx_word' id='word_1_689' title='bbox 2961 4445 3013 4490; x_wconf 88' lang='lat' dir='ltr'><strong>te</strong></span> <span class='ocrx_word' id='word_1_690' title='bbox 3068 4433 3442 4488; x_wconf 73' lang='lat' dir='ltr'><strong>annmeravi.</strong></span> 
     </span>
    </p>
   </div>
   <div class='ocr_carea' id='block_1_90' title="bbox 1845 4525 3442 4598">
    <p class='ocr_par' dir='ltr' id='par_1_90' title="bbox 1845 4525 3442 4598">
     <span class='ocr_line' id='line_1_90' title="bbox 1845 4525 3442 4598; baseline -0.001 -18"><span class='ocrx_word' id='word_1_691' title='bbox 1845 4525 2269 4594; x_wconf 87' lang='lat' dir='ltr'><strong>Venitavaritia,</strong></span> <span class='ocrx_word' id='word_1_692' title='bbox 2318 4538 2374 4583; x_wconf 90' lang='lat' dir='ltr'><strong>et</strong></span> <span class='ocrx_word' id='word_1_693' title='bbox 2424 4528 2922 4598; x_wconf 83' lang='lat' dir='ltr'><strong>dicit:Argentum</strong></span> <span class='ocrx_word' id='word_1_694' title='bbox 2975 4537 3027 4581; x_wconf 91' lang='lat' dir='ltr'><strong>et</strong></span> <span class='ocrx_word' id='word_1_695' title='bbox 3053 4541 3240 4581; x_wconf 88' lang='lat' dir='ltr'><strong>aurum</strong></span> <span class='ocrx_word' id='word_1_696' title='bbox 3299 4525 3442 4594; x_wconf 88' lang='lat' dir='ltr'><strong>quod</strong></span> 
     </span>
    </p>
   </div>
   <div class='ocr_carea' id='block_1_91' title="bbox 146 4615 3441 4692">
    <p class='ocr_par' dir='ltr' id='par_1_91' title="bbox 146 4615 3441 4692">
     <span class='ocr_line' id='line_1_91' title="bbox 146 4615 3441 4692; baseline 0.003 -26"><span class='ocrx_word' id='word_1_697' title='bbox 146 4622 193 4667; x_wconf 88' lang='lat' dir='ltr'><strong>et</strong></span> <span class='ocrx_word' id='word_1_698' title='bbox 218 4631 364 4672; x_wconf 72' lang='lat' dir='ltr'><strong>novre</strong></span> <span class='ocrx_word' id='word_1_699' title='bbox 392 4617 675 4673; x_wconf 83' lang='lat' dir='ltr'><strong>libertatis</strong></span> <span class='ocrx_word' id='word_1_700' title='bbox 701 4635 715 4670; x_wconf 90' lang='lat'><strong>:</strong></span> <span class='ocrx_word' id='word_1_701' title='bbox 745 4616 875 4687; x_wconf 91' lang='lat' dir='ltr'><strong>quid</strong></span> <span class='ocrx_word' id='word_1_702' title='bbox 918 4615 1204 4682; x_wconf 77' lang='lat' dir='ltr'><strong>fuerimus,</strong></span> <span class='ocrx_word' id='word_1_703' title='bbox 1239 4625 1294 4672; x_wconf 92' lang='lat' dir='ltr'><strong>et</strong></span> <span class='ocrx_word' id='word_1_704' title='bbox 1335 4616 1464 4686; x_wconf 90' lang='lat' dir='ltr'><strong>quid</strong></span> <span class='ocrx_word' id='word_1_705' title='bbox 1509 4631 1735 4686; x_wconf 83' lang='lat' dir='ltr'><strong>accepe-</strong></span> <span class='ocrx_word' id='word_1_706' title='bbox 1766 4615 1819 4675; x_wconf 91' lang='lat' dir='ltr'><strong>D</strong></span> <span class='ocrx_word' id='word_1_707' title='bbox 1846 4620 2031 4686; x_wconf 91' lang='lat' dir='ltr'><strong>habes,</strong></span> <span class='ocrx_word' id='word_1_708' title='bbox 2077 4623 2354 4678; x_wconf 84' lang='lat' dir='ltr'><strong>servitutis</strong></span> <span class='ocrx_word' id='word_1_709' title='bbox 2384 4632 2490 4678; x_wconf 77' lang='lat' dir='ltr'><strong>tum</strong></span> <span class='ocrx_word' id='word_1_710' title='bbox 2516 4626 2747 4692; x_wconf 90' lang='lat' dir='ltr'><strong>pretium</strong></span> <span class='ocrx_word' id='word_1_711' title='bbox 2797 4633 2880 4678; x_wconf 88' lang='lat' dir='ltr'><strong>est</strong></span> <span class='ocrx_word' id='word_1_712' title='bbox 2911 4640 2925 4678; x_wconf 84' lang='lat'><strong>:</strong></span> <span class='ocrx_word' id='word_1_713' title='bbox 2961 4623 3235 4692; x_wconf 89' lang='lat' dir='ltr'><strong>possessio</strong></span> <span class='ocrx_word' id='word_1_714' title='bbox 3278 4636 3441 4692; x_wconf 91' lang='lat' dir='ltr'><strong>quam</strong></span> 
     </span>
    </p>
   </div>
   <div class='ocr_carea' id='block_1_92' title="bbox 143 4707 1742 4780">
    <p class='ocr_par' dir='ltr' id='par_1_92' title="bbox 143 4707 1742 4780">
     <span class='ocr_line' id='line_1_92' title="bbox 143 4707 1742 4780; baseline 0.004 -20"><span class='ocrx_word' id='word_1_715' title='bbox 143 4707 320 4765; x_wconf 85' lang='lat' dir='ltr'><strong>rimus.</strong></span> <span class='ocrx_word' id='word_1_716' title='bbox 343 4709 465 4766; x_wconf 82' lang='lat' dir='ltr'><strong>Non</strong></span> <span class='ocrx_word' id='word_1_717' title='bbox 498 4709 651 4766; x_wconf 89' lang='lat' dir='ltr'><strong>enim</strong></span> <span class='ocrx_word' id='word_1_718' title='bbox 702 4718 880 4780; x_wconf 86' lang='lat' dir='ltr'><strong>potest</strong></span> <span class='ocrx_word' id='word_1_719' title='bbox 936 4710 1094 4780; x_wconf 85' lang='lat' dir='ltr'><strong>plene</strong></span> <span class='ocrx_word' id='word_1_720' title='bbox 1131 4711 1258 4780; x_wconf 88' lang='lat' dir='ltr'><strong>quis</strong></span> <span class='ocrx_word' id='word_1_721' title='bbox 1289 4710 1593 4780; x_wconf 82' lang='lat' dir='ltr'><strong>intelligere</strong></span> <span class='ocrx_word' id='word_1_722' title='bbox 1614 4710 1742 4780; x_wconf 88' lang='lat' dir='ltr'><strong>quid</strong></span> 
     </span>
    </p>
   </div>
   <div class='ocr_carea' id='block_1_93' title="bbox 145 4805 1442 4876">
    <p class='ocr_par' dir='ltr' id='par_1_93' title="bbox 145 4805 1442 4876">
     <span class='ocr_line' id='line_1_93' title="bbox 145 4805 1442 4876; baseline 0.004 -23"><span class='ocrx_word' id='word_1_723' title='bbox 145 4805 422 4872; x_wconf 76' lang='lat' dir='ltr'><strong>acceperit,</strong></span> <span class='ocrx_word' id='word_1_724' title='bbox 455 4805 566 4859; x_wconf 86' lang='lat' dir='ltr'><strong>nisi</strong></span> <span class='ocrx_word' id='word_1_725' title='bbox 594 4805 904 4860; x_wconf 89' lang='lat' dir='ltr'><strong>meminerit</strong></span> <span class='ocrx_word' id='word_1_726' title='bbox 933 4815 1059 4860; x_wconf 87' lang='lat' dir='ltr'><strong>ante</strong></span> <span class='ocrx_word' id='word_1_727' title='bbox 1099 4805 1229 4876; x_wconf 88' lang='lat' dir='ltr'><strong>quid</strong></span> <span class='ocrx_word' id='word_1_728' title='bbox 1256 4805 1442 4861; x_wconf 89' lang='lat' dir='ltr'><strong>fuerit.</strong></span> 
     </span>
    </p>
   </div>
   <div class='ocr_carea' id='block_1_94' title="bbox 205 4894 1737 4968">
    <p class='ocr_par' dir='ltr' id='par_1_94' title="bbox 205 4894 1737 4968">
     <span class='ocr_line' id='line_1_94' title="bbox 205 4894 1737 4968; baseline 0.001 -16"><span class='ocrx_word' id='word_1_729' title='bbox 205 4894 290 4953; x_wconf 73' lang='lat'><strong>36.</strong></span> <span class='ocrx_word' id='word_1_730' title='bbox 320 4896 438 4952; x_wconf 81' lang='lat' dir='ltr'><strong>Non</strong></span> <span class='ocrx_word' id='word_1_731' title='bbox 485 4911 624 4966; x_wconf 84' lang='lat' dir='ltr'><strong>ergo</strong></span> <span class='ocrx_word' id='word_1_732' title='bbox 674 4896 1060 4953; x_wconf 80' lang='lat' dir='ltr'><strong>obliviscamur</strong></span> <span class='ocrx_word' id='word_1_733' title='bbox 1087 4898 1212 4968; x_wconf 87' lang='lat' dir='ltr'><strong>quia</strong></span> <span class='ocrx_word' id='word_1_734' title='bbox 1264 4896 1522 4952; x_wconf 88' lang='lat' dir='ltr'><strong>Dominus</strong></span> <span class='ocrx_word' id='word_1_735' title='bbox 1553 4896 1737 4965; x_wconf 86' lang='lat' dir='ltr'><strong>Jesus,</strong></span> 
     </span>
    </p>
   </div>
   <div class='ocr_carea' id='block_1_95' title="bbox 140 4990 1738 5062">
    <p class='ocr_par' dir='ltr' id='par_1_95' title="bbox 140 4990 1738 5062">
     <span class='ocr_line' id='line_1_95' title="bbox 140 4990 1738 5062; baseline 0.005 -22"><span class='ocrx_word' id='word_1_736' title='bbox 140 5001 297 5057; x_wconf 83' lang='lat' dir='ltr'><strong>agnus</strong></span> <span class='ocrx_word' id='word_1_737' title='bbox 323 4990 439 5054; x_wconf 86' lang='lat' dir='ltr'><strong>Dei,</strong></span> <span class='ocrx_word' id='word_1_738' title='bbox 473 4991 666 5045; x_wconf 91' lang='lat' dir='ltr'><strong>mundi</strong></span> <span class='ocrx_word' id='word_1_739' title='bbox 692 4990 890 5054; x_wconf 90' lang='lat' dir='ltr'><strong>hostia,</strong></span> <span class='ocrx_word' id='word_1_740' title='bbox 921 4991 1082 5046; x_wconf 87' lang='lat' dir='ltr'><strong>solvit</strong></span> <span class='ocrx_word' id='word_1_741' title='bbox 1109 5006 1208 5046; x_wconf 86' lang='lat' dir='ltr'><strong>nos</strong></span> <span class='ocrx_word' id='word_1_742' title='bbox 1234 4991 1479 5062; x_wconf 87' lang='lat' dir='ltr'><strong>gravium</strong></span> <span class='ocrx_word' id='word_1_743' title='bbox 1508 4992 1738 5048; x_wconf 84' lang='lat' dir='ltr'><strong>nexibus</strong></span> 
     </span>
    </p>
   </div>
   <div class='ocr_carea' id='block_1_96' title="bbox 139 5078 1742 5154">
    <p class='ocr_par' dir='ltr' id='par_1_96' title="bbox 139 5078 1742 5154">
     <span class='ocr_line' id='line_1_96' title="bbox 139 5078 1742 5154; baseline 0.002 -20"><span class='ocrx_word' id='word_1_744' title='bbox 139 5078 477 5150; x_wconf 76' lang='lat' dir='ltr'><strong>delictorum,</strong></span> <span class='ocrx_word' id='word_1_745' title='bbox 508 5083 712 5154; x_wconf 86' lang='lat' dir='ltr'><strong>quibus</strong></span> <span class='ocrx_word' id='word_1_746' title='bbox 756 5081 966 5138; x_wconf 88' lang='lat' dir='ltr'><strong>Pharao</strong></span> <span class='ocrx_word' id='word_1_747' title='bbox 995 5083 1086 5137; x_wconf 90' lang='lat' dir='ltr'><strong>ille</strong></span> <span class='ocrx_word' id='word_1_748' title='bbox 1110 5083 1424 5138; x_wconf 81' lang='lat' dir='ltr'><strong>teterrimos</strong></span> <span class='ocrx_word' id='word_1_749' title='bbox 1448 5097 1553 5138; x_wconf 94' lang='lat' dir='ltr'><strong>non</strong></span> <span class='ocrx_word' id='word_1_750' title='bbox 1578 5083 1742 5138; x_wconf 87' lang='lat' dir='ltr'><strong>unius</strong></span> 
     </span>
    </p>
   </div>
   <div class='ocr_carea' id='block_1_97' title="bbox 141 5169 1743 5244">
    <p class='ocr_par' dir='ltr' id='par_1_97' title="bbox 141 5169 1743 5244">
     <span class='ocr_line' id='line_1_97' title="bbox 141 5169 1743 5244; baseline -0.001 -15"><span class='ocrx_word' id='word_1_751' title='bbox 141 5169 373 5244; x_wconf 60' lang='lat' dir='ltr'><strong>aﬂgypti,</strong></span> <span class='ocrx_word' id='word_1_752' title='bbox 397 5175 499 5230; x_wconf 84' lang='lat' dir='ltr'><strong>sed</strong></span> <span class='ocrx_word' id='word_1_753' title='bbox 544 5174 731 5229; x_wconf 72' lang='lat' dir='ltr'><strong>articuli</strong></span> <span class='ocrx_word' id='word_1_754' title='bbox 764 5174 918 5228; x_wconf 84' lang='lat' dir='ltr'><strong>istius</strong></span> <span class='ocrx_word' id='word_1_755' title='bbox 965 5175 1218 5244; x_wconf 86' lang='lat' dir='ltr'><strong>princeps</strong></span> <span class='ocrx_word' id='word_1_756' title='bbox 1261 5174 1484 5230; x_wconf 91' lang='lat' dir='ltr'><strong>vinculo</strong></span> <span class='ocrx_word' id='word_1_757' title='bbox 1533 5174 1743 5229; x_wconf 89' lang='lat' dir='ltr'><strong>servitii</strong></span> 
     </span>
    </p>
   </div>
   <div class='ocr_carea' id='block_1_98' title="bbox 137 5265 1739 5334">
    <p class='ocr_par' dir='ltr' id='par_1_98' title="bbox 137 5265 1739 5334">
     <span class='ocr_line' id='line_1_98' title="bbox 137 5265 1739 5334; baseline 0.002 -14"><span class='ocrx_word' id='word_1_758' title='bbox 137 5266 304 5334; x_wconf 76' lang='lat' dir='ltr'><strong>gravis</strong></span> <span class='ocrx_word' id='word_1_759' title='bbox 329 5282 432 5323; x_wconf 83' lang='lat' dir='ltr'><strong>nos</strong></span> <span class='ocrx_word' id='word_1_760' title='bbox 492 5266 716 5322; x_wconf 87' lang='lat' dir='ltr'><strong>tenebat</strong></span> <span class='ocrx_word' id='word_1_761' title='bbox 759 5267 1034 5323; x_wconf 86' lang='lat' dir='ltr'><strong>astrictos.</strong></span> <span class='ocrx_word' id='word_1_762' title='bbox 1083 5265 1201 5322; x_wconf 80' lang='lat' dir='ltr'><strong>Non</strong></span> <span class='ocrx_word' id='word_1_763' title='bbox 1245 5266 1634 5322; x_wconf 85' lang='lat' dir='ltr'><strong>obliviscamur</strong></span> <span class='ocrx_word' id='word_1_764' title='bbox 1683 5266 1739 5323; x_wconf 88' lang='lat' dir='ltr'><strong>in</strong></span> 
     </span>
    </p>
   </div>
   <div class='ocr_carea' id='block_1_99' title="bbox 134 5400 1732 5528">
    <p class='ocr_par' dir='ltr' id='par_1_99' title="bbox 134 5400 1732 5528">
     <span class='ocr_line' id='line_1_99' title="bbox 134 5400 1732 5528; baseline 0.001 -72"><span class='ocrx_word' id='word_1_765' title='bbox 134 5407 232 5526; x_wconf 62' lang='lat' dir='ltr'><strong>eo;</strong></span> <span class='ocrx_word' id='word_1_766' title='bbox 251 5400 500 5528; x_wconf 52' lang='lat' dir='ltr'><strong>Dégictu</strong></span> <span class='ocrx_word' id='word_1_767' title='bbox 529 5400 788 5456; x_wconf 87' lang='lat' dir='ltr'><strong>athletico</strong></span> <span class='ocrx_word' id='word_1_768' title='bbox 806 5401 1042 5458; x_wconf 85' lang='lat' dir='ltr'><strong>diximus</strong></span> <span class='ocrx_word' id='word_1_769' title='bbox 1062 5401 1129 5457; x_wconf 90' lang='lat' dir='ltr'><strong>ad</strong></span> <span class='ocrx_word' id='word_1_770' title='bbox 1153 5402 1296 5458; x_wconf 83' lang='lat' dir='ltr'><strong>Psal.</strong></span> <span class='ocrx_word' id='word_1_771' title='bbox 1320 5416 1472 5465; x_wconf 82' lang='lat' dir='ltr'><strong>thtt,</strong></span> <span class='ocrx_word' id='word_1_772' title='bbox 1504 5417 1653 5456; x_wconf 88' lang='lat' dir='ltr'><strong>num.</strong></span> <span class='ocrx_word' id='word_1_773' title='bbox 1679 5405 1732 5469; x_wconf 78' lang='lat' dir='ltr'><strong>I,</strong></span> 
     </span>
    </p>
   </div>
   <div class='ocr_carea' id='block_1_100' title="bbox 201 5539 1736 5613">
    <p class='ocr_par' dir='ltr' id='par_1_100' title="bbox 201 5539 1736 5613">
     <span class='ocr_line' id='line_1_100' title="bbox 201 5539 1736 5613; baseline 0 -17"><span class='ocrx_word' id='word_1_774' title='bbox 201 5539 228 5577; x_wconf 74' lang='lat'><strong>&quot;</strong></span> <span class='ocrx_word' id='word_1_775' title='bbox 251 5542 423 5597; x_wconf 85' lang='lat' dir='ltr'><strong>Paris.</strong></span> <span class='ocrx_word' id='word_1_776' title='bbox 454 5541 711 5612; x_wconf 70' lang='lat' dir='ltr'><strong>quaedam</strong></span> <span class='ocrx_word' id='word_1_777' title='bbox 729 5542 886 5611; x_wconf 90' lang='lat' dir='ltr'><strong>edit.,</strong></span> <span class='ocrx_word' id='word_1_778' title='bbox 910 5544 1100 5597; x_wconf 82' lang='lat' dir='ltr'><strong>vivebat</strong></span> <span class='ocrx_word' id='word_1_779' title='bbox 1123 5553 1295 5598; x_wconf 88' lang='lat' dir='ltr'><strong>autem</strong></span> <span class='ocrx_word' id='word_1_780' title='bbox 1325 5544 1530 5613; x_wconf 81' lang='lat' dir='ltr'><strong>fulgore</strong></span> <span class='ocrx_word' id='word_1_781' title='bbox 1558 5541 1736 5596; x_wconf 83' lang='lat' dir='ltr'><strong>Evan-</strong></span> 
     </span>
    </p>
   </div>
   <div class='ocr_carea' id='block_1_101' title="bbox 134 5613 1736 5680">
    <p class='ocr_par' dir='ltr' id='par_1_101' title="bbox 134 5613 1736 5680">
     <span class='ocr_line' id='line_1_101' title="bbox 134 5613 1736 5680; baseline 0.001 -14"><span class='ocrx_word' id='word_1_782' title='bbox 134 5613 264 5680; x_wconf 68' lang='lat' dir='ltr'><strong>gelii.</strong></span> <span class='ocrx_word' id='word_1_783' title='bbox 289 5613 428 5668; x_wconf 73' lang='lat' dir='ltr'><strong>Alite</strong></span> <span class='ocrx_word' id='word_1_784' title='bbox 450 5629 521 5667; x_wconf 87' lang='lat' dir='ltr'><strong>ac</strong></span> <span class='ocrx_word' id='word_1_785' title='bbox 552 5627 680 5667; x_wconf 83' lang='lat' dir='ltr'><strong>mss.</strong></span> <span class='ocrx_word' id='word_1_786' title='bbox 704 5629 916 5677; x_wconf 86' lang='lat' dir='ltr'><strong>omnes,</strong></span> <span class='ocrx_word' id='word_1_787' title='bbox 932 5615 1276 5679; x_wconf 73' lang='lat' dir='ltr'><strong>videbat,etc.</strong></span> <span class='ocrx_word' id='word_1_788' title='bbox 1299 5615 1496 5670; x_wconf 87' lang='lat' dir='ltr'><strong>Iterum</strong></span> <span class='ocrx_word' id='word_1_789' title='bbox 1524 5624 1736 5669; x_wconf 71' lang='lat' dir='ltr'><strong>cuncta:</strong></span> 
     </span>
    </p>
   </div>
   <div class='ocr_carea' id='block_1_102' title="bbox 133 5683 1737 5758">
    <p class='ocr_par' dir='ltr' id='par_1_102' title="bbox 133 5683 1737 5758">
     <span class='ocr_line' id='line_1_102' title="bbox 133 5683 1737 5758; baseline 0.002 -21"><span class='ocrx_word' id='word_1_790' title='bbox 133 5685 282 5758; x_wconf 69' lang='lat' dir='ltr'><strong>edit.,</strong></span> <span class='ocrx_word' id='word_1_791' title='bbox 307 5686 500 5758; x_wconf 78' lang='lat' dir='ltr'><strong>veteris</strong></span> <span class='ocrx_word' id='word_1_792' title='bbox 531 5683 823 5751; x_wconf 71' lang='lat' dir='ltr'><strong>disciplima</strong></span> <span class='ocrx_word' id='word_1_793' title='bbox 866 5687 1016 5758; x_wconf 78' lang='lat' dir='ltr'><strong>legis,</strong></span> <span class='ocrx_word' id='word_1_794' title='bbox 1048 5693 1329 5758; x_wconf 75' lang='lat' dir='ltr'><strong>tamquam.</strong></span> <span class='ocrx_word' id='word_1_795' title='bbox 1358 5686 1426 5740; x_wconf 88' lang='lat' dir='ltr'><strong>Et</strong></span> <span class='ocrx_word' id='word_1_796' title='bbox 1451 5685 1610 5747; x_wconf 83' lang='lat' dir='ltr'><strong>infra,</strong></span> <span class='ocrx_word' id='word_1_797' title='bbox 1643 5685 1737 5740; x_wconf 80' lang='lat' dir='ltr'><strong>Ito-</strong></span> 
     </span>
    </p>
   </div>
   <div class='ocr_carea' id='block_1_103' title="bbox 135 5755 1734 5821">
    <p class='ocr_par' dir='ltr' id='par_1_103' title="bbox 135 5755 1734 5821">
     <span class='ocr_line' id='line_1_103' title="bbox 135 5755 1734 5821; baseline 0.003 -16"><span class='ocrx_word' id='word_1_798' title='bbox 135 5755 509 5821; x_wconf 80' lang='lat' dir='ltr'><strong>noriﬁcentiam</strong></span> <span class='ocrx_word' id='word_1_799' title='bbox 549 5765 852 5812; x_wconf 74' lang='lat' dir='ltr'><strong>reservatam</strong></span> <span class='ocrx_word' id='word_1_800' title='bbox 883 5755 1089 5814; x_wconf 77' lang='lat' dir='ltr'><strong>habere.</strong></span> <span class='ocrx_word' id='word_1_801' title='bbox 1124 5757 1328 5814; x_wconf 77' lang='lat' dir='ltr'><strong>Contra</strong></span> <span class='ocrx_word' id='word_1_802' title='bbox 1358 5772 1548 5814; x_wconf 84' lang='lat' dir='ltr'><strong>omnes</strong></span> <span class='ocrx_word' id='word_1_803' title='bbox 1602 5771 1734 5814; x_wconf 73' lang='lat' dir='ltr'><strong>nias.</strong></span> 
     </span>
    </p>
   </div>
   <div class='ocr_carea' id='block_1_104' title="bbox 136 5824 940 5922">
    <p class='ocr_par' dir='ltr' id='par_1_104' title="bbox 136 5824 940 5922">
     <span class='ocr_line' id='line_1_104' title="bbox 136 5824 940 5922; baseline 0.006 -34"><span class='ocrx_word' id='word_1_804' title='bbox 136 5824 438 5922; x_wconf 68' lang='lat' dir='ltr'><strong>utrobique,</strong></span> <span class='ocrx_word' id='word_1_805' title='bbox 473 5834 539 5890; x_wconf 82' lang='lat' dir='ltr'><strong>ut</strong></span> <span class='ocrx_word' id='word_1_806' title='bbox 567 5826 737 5903; x_wconf 73' lang='lat' dir='ltr'><strong>nostri</strong></span> <span class='ocrx_word' id='word_1_807' title='bbox 768 5838 940 5896; x_wconf 73' lang='lat' dir='ltr'><strong>textu.</strong></span> 
     </span>
    </p>
   </div>
   <div class='ocr_carea' id='block_1_105' title="bbox 1845 4713 3438 4782">
    <p class='ocr_par' dir='ltr' id='par_1_105' title="bbox 1845 4713 3438 4782">
     <span class='ocr_line' id='line_1_105' title="bbox 1845 4713 3438 4782; baseline -0.001 -15"><span class='ocrx_word' id='word_1_808' title='bbox 1845 4722 2018 4777; x_wconf 90' lang='lat' dir='ltr'><strong>tenes,</strong></span> <span class='ocrx_word' id='word_1_809' title='bbox 2067 4713 2206 4781; x_wconf 86' lang='lat' dir='ltr'><strong>juris</strong></span> <span class='ocrx_word' id='word_1_810' title='bbox 2257 4715 2330 4768; x_wconf 90' lang='lat' dir='ltr'><strong>tui</strong></span> <span class='ocrx_word' id='word_1_811' title='bbox 2362 4715 2586 4782; x_wconf 90' lang='lat' dir='ltr'><strong>emptio,</strong></span> <span class='ocrx_word' id='word_1_812' title='bbox 2637 4713 2878 4768; x_wconf 85' lang='lat' dir='ltr'><strong>venditio</strong></span> <span class='ocrx_word' id='word_1_813' title='bbox 2907 4713 3173 4766; x_wconf 84' lang='lat' dir='ltr'><strong>libertatis</strong></span> <span class='ocrx_word' id='word_1_814' title='bbox 3201 4722 3305 4766; x_wconf 69' lang='lat' dir='ltr'><strong>tua:</strong></span> <span class='ocrx_word' id='word_1_815' title='bbox 3335 4721 3438 4766; x_wconf 91' lang='lat' dir='ltr'><strong>cst.</strong></span> 
     </span>
    </p>
   </div>
   <div class='ocr_carea' id='block_1_106' title="bbox 1845 4803 3437 4868">
    <p class='ocr_par' dir='ltr' id='par_1_106' title="bbox 1845 4803 3437 4868">
     <span class='ocr_line' id='line_1_106' title="bbox 1845 4803 3437 4868; baseline -0.002 -9"><span class='ocrx_word' id='word_1_816' title='bbox 1845 4803 2003 4859; x_wconf 80' lang='lat' dir='ltr'><strong>Venit</strong></span> <span class='ocrx_word' id='word_1_817' title='bbox 2031 4803 2264 4867; x_wconf 86' lang='lat' dir='ltr'><strong>iuxutia,</strong></span> <span class='ocrx_word' id='word_1_818' title='bbox 2292 4813 2346 4860; x_wconf 89' lang='lat' dir='ltr'><strong>et</strong></span> <span class='ocrx_word' id='word_1_819' title='bbox 2371 4805 2503 4859; x_wconf 88' lang='lat' dir='ltr'><strong>dicit</strong></span> <span class='ocrx_word' id='word_1_820' title='bbox 2531 4822 2544 4859; x_wconf 90' lang='lat'><strong>1</strong></span> <span class='ocrx_word' id='word_1_821' title='bbox 2580 4806 2730 4860; x_wconf 88' lang='lat' dir='ltr'><strong>Meus</strong></span> <span class='ocrx_word' id='word_1_822' title='bbox 2757 4819 2817 4859; x_wconf 92' lang='lat' dir='ltr'><strong>es</strong></span> <span class='ocrx_word' id='word_1_823' title='bbox 2851 4820 2864 4868; x_wconf 92' lang='lat'><strong>;</strong></span> <span class='ocrx_word' id='word_1_824' title='bbox 2897 4804 3057 4858; x_wconf 86' lang='lat' dir='ltr'><strong>unius</strong></span> <span class='ocrx_word' id='word_1_825' title='bbox 3107 4804 3212 4858; x_wconf 89' lang='lat' dir='ltr'><strong>diei</strong></span> <span class='ocrx_word' id='word_1_826' title='bbox 3258 4805 3437 4858; x_wconf 81' lang='lat' dir='ltr'><strong>convi-</strong></span> 
     </span>
    </p>
   </div>
   <div class='ocr_carea' id='block_1_107' title="bbox 1843 4893 3441 4964">
    <p class='ocr_par' dir='ltr' id='par_1_107' title="bbox 1843 4893 3441 4964">
     <span class='ocr_line' id='line_1_107' title="bbox 1843 4893 3441 4964; baseline 0.001 -16"><span class='ocrx_word' id='word_1_827' title='bbox 1843 4895 2012 4960; x_wconf 86' lang='lat' dir='ltr'><strong>vium,</strong></span> <span class='ocrx_word' id='word_1_828' title='bbox 2061 4896 2290 4964; x_wconf 90' lang='lat' dir='ltr'><strong>pretium</strong></span> <span class='ocrx_word' id='word_1_829' title='bbox 2321 4904 2428 4950; x_wconf 73' lang='lat' dir='ltr'><strong>tua:</strong></span> <span class='ocrx_word' id='word_1_830' title='bbox 2475 4897 2600 4951; x_wconf 63' lang='lat' dir='ltr'><strong>vitae</strong></span> <span class='ocrx_word' id='word_1_831' title='bbox 2648 4904 2777 4951; x_wconf 85' lang='lat' dir='ltr'><strong>est:</strong></span> <span class='ocrx_word' id='word_1_832' title='bbox 2819 4895 2912 4950; x_wconf 91' lang='lat' dir='ltr'><strong>ille</strong></span> <span class='ocrx_word' id='word_1_833' title='bbox 2943 4901 3193 4964; x_wconf 88' lang='lat' dir='ltr'><strong>sumptus</strong></span> <span class='ocrx_word' id='word_1_834' title='bbox 3249 4893 3441 4964; x_wconf 84' lang='lat' dir='ltr'><strong>epula-</strong></span> 
     </span>
    </p>
   </div>
   <div class='ocr_carea' id='block_1_108' title="bbox 1843 4984 3443 5058">
    <p class='ocr_par' dir='ltr' id='par_1_108' title="bbox 1843 4984 3443 5058">
     <span class='ocr_line' id='line_1_108' title="bbox 1843 4984 3443 5058; baseline 0 -17"><span class='ocrx_word' id='word_1_835' title='bbox 1843 5002 1987 5053; x_wconf 91' lang='lat' dir='ltr'><strong>rum,</strong></span> <span class='ocrx_word' id='word_1_836' title='bbox 2009 4984 2037 5024; x_wconf 72' lang='grc' dir='ltr'>ἀ</span> <span class='ocrx_word' id='word_1_837' title='bbox 2067 4990 2142 5042; x_wconf 91' lang='lat' dir='ltr'><strong>tui</strong></span> <span class='ocrx_word' id='word_1_838' title='bbox 2164 4988 2356 5058; x_wconf 84' lang='lat' dir='ltr'><strong>capitis</strong></span> <span class='ocrx_word' id='word_1_839' title='bbox 2378 4988 2621 5055; x_wconf 89' lang='lat' dir='ltr'><strong>licitatio,</strong></span> <span class='ocrx_word' id='word_1_840' title='bbox 2647 4987 2724 5042; x_wconf 88' lang='lat' dir='ltr'><strong>tui</strong></span> <span class='ocrx_word' id='word_1_841' title='bbox 2751 4998 2830 5043; x_wconf 90' lang='lat' dir='ltr'><strong>est</strong></span> <span class='ocrx_word' id='word_1_842' title='bbox 2855 5001 3062 5042; x_wconf 88' lang='lat' dir='ltr'><strong>summa</strong></span> <span class='ocrx_word' id='word_1_843' title='bbox 3093 4996 3400 5041; x_wconf 86' lang='lat' dir='ltr'><strong>contractus</strong></span> <span class='ocrx_word' id='word_1_844' title='bbox 3428 5027 3443 5050; x_wconf 85' lang='lat'><strong>,</strong></span> 
     </span>
    </p>
   </div>
   <div class='ocr_carea' id='block_1_109' title="bbox 1843 5077 3442 5150">
    <p class='ocr_par' dir='ltr' id='par_1_109' title="bbox 1843 5077 3442 5150">
     <span class='ocr_line' id='line_1_109' title="bbox 1843 5077 3442 5150; baseline -0.003 -16"><span class='ocrx_word' id='word_1_845' title='bbox 1843 5087 1899 5134; x_wconf 91' lang='lat' dir='ltr'><strong>et</strong></span> <span class='ocrx_word' id='word_1_846' title='bbox 1924 5079 2065 5149; x_wconf 90' lang='lat' dir='ltr'><strong>quod</strong></span> <span class='ocrx_word' id='word_1_847' title='bbox 2093 5080 2246 5150; x_wconf 74' lang='lat' dir='ltr'><strong>pejus</strong></span> <span class='ocrx_word' id='word_1_848' title='bbox 2267 5090 2370 5146; x_wconf 87' lang='lat' dir='ltr'><strong>est,</strong></span> <span class='ocrx_word' id='word_1_849' title='bbox 2401 5096 2531 5136; x_wconf 87' lang='lat' dir='ltr'><strong>caro</strong></span> <span class='ocrx_word' id='word_1_850' title='bbox 2553 5087 2770 5149; x_wconf 86' lang='lat' dir='ltr'><strong>emptus</strong></span> <span class='ocrx_word' id='word_1_851' title='bbox 2793 5094 2873 5142; x_wconf 91' lang='lat' dir='ltr'><strong>es,</strong></span> <span class='ocrx_word' id='word_1_852' title='bbox 2897 5077 3060 5132; x_wconf 90' lang='lat' dir='ltr'><strong>vilior</strong></span> <span class='ocrx_word' id='word_1_853' title='bbox 3085 5078 3206 5134; x_wconf 93' lang='lat' dir='ltr'><strong>cibo</strong></span> <span class='ocrx_word' id='word_1_854' title='bbox 3231 5092 3292 5134; x_wconf 90' lang='lat' dir='ltr'><strong>es</strong></span> <span class='ocrx_word' id='word_1_855' title='bbox 3316 5089 3442 5144; x_wconf 87' lang='lat' dir='ltr'><strong>tuo;</strong></span> 
     </span>
    </p>
   </div>
   <div class='ocr_carea' id='block_1_110' title="bbox 1846 5170 3448 5239">
    <p class='ocr_par' dir='ltr' id='par_1_110' title="bbox 1846 5170 3448 5239">
     <span class='ocr_line' id='line_1_110' title="bbox 1846 5170 3448 5239; baseline 0.001 -15"><span class='ocrx_word' id='word_1_856' title='bbox 1846 5170 2137 5239; x_wconf 84' lang='lat' dir='ltr'><strong>pretiosior</strong></span> <span class='ocrx_word' id='word_1_857' title='bbox 2183 5181 2267 5226; x_wconf 74' lang='lat' dir='ltr'><strong>est</strong></span> <span class='ocrx_word' id='word_1_858' title='bbox 2321 5173 2478 5226; x_wconf 90' lang='lat' dir='ltr'><strong>unius</strong></span> <span class='ocrx_word' id='word_1_859' title='bbox 2526 5172 2634 5226; x_wconf 90' lang='lat' dir='ltr'><strong>diei</strong></span> <span class='ocrx_word' id='word_1_860' title='bbox 2691 5185 2874 5226; x_wconf 89' lang='lat' dir='ltr'><strong>mensa</strong></span> <span class='ocrx_word' id='word_1_861' title='bbox 2928 5179 3038 5236; x_wconf 90' lang='lat' dir='ltr'><strong>tua,</strong></span> <span class='ocrx_word' id='word_1_862' title='bbox 3073 5185 3235 5239; x_wconf 84' lang='lat' dir='ltr'><strong>quam</strong></span> <span class='ocrx_word' id='word_1_863' title='bbox 3283 5171 3448 5225; x_wconf 86' lang='lat' dir='ltr'><strong>totius</strong></span> 
     </span>
    </p>
   </div>
   <div class='ocr_carea' id='block_1_111' title="bbox 1846 5261 3447 5334">
    <p class='ocr_par' dir='ltr' id='par_1_111' title="bbox 1846 5261 3447 5334">
     <span class='ocr_line' id='line_1_111' title="bbox 1846 5261 3447 5334; baseline 0 -14"><span class='ocrx_word' id='word_1_864' title='bbox 1846 5265 2110 5334; x_wconf 86' lang='lat' dir='ltr'><strong>temporis</strong></span> <span class='ocrx_word' id='word_1_865' title='bbox 2141 5265 2271 5319; x_wconf 88' lang='lat' dir='ltr'><strong>vita.</strong></span> <span class='ocrx_word' id='word_1_866' title='bbox 2299 5266 2444 5322; x_wconf 89' lang='lat' dir='ltr'><strong>Inter</strong></span> <span class='ocrx_word' id='word_1_867' title='bbox 2491 5265 2690 5321; x_wconf 85' lang='lat' dir='ltr'><strong>calices</strong></span> <span class='ocrx_word' id='word_1_868' title='bbox 2714 5271 2766 5320; x_wconf 88' lang='lat' dir='ltr'><strong>te</strong></span> <span class='ocrx_word' id='word_1_869' title='bbox 2819 5261 3050 5329; x_wconf 84' lang='lat' dir='ltr'><strong>redemi,</strong></span> <span class='ocrx_word' id='word_1_870' title='bbox 3079 5264 3218 5318; x_wconf 89' lang='lat' dir='ltr'><strong>inter</strong></span> <span class='ocrx_word' id='word_1_871' title='bbox 3258 5263 3447 5332; x_wconf 86' lang='lat' dir='ltr'><strong>epulas</strong></span> 
     </span>
    </p>
   </div>
   <div class='ocr_carea' id='block_1_112' title="bbox 1919 5400 3441 5470">
    <p class='ocr_par' dir='ltr' id='par_1_112' title="bbox 1919 5400 3441 5470">
     <span class='ocr_line' id='line_1_112' title="bbox 1919 5400 3441 5470; baseline 0.001 -17"><span class='ocrx_word' id='word_1_872' title='bbox 1919 5411 1940 5438; x_wconf 80' lang='grc' dir='ltr'><strong><em>ο</em></strong></span> <span class='ocrx_word' id='word_1_873' title='bbox 1973 5400 2105 5455; x_wconf 89' lang='lat' dir='ltr'><strong>Cod.</strong></span> <span class='ocrx_word' id='word_1_874' title='bbox 2135 5400 2496 5470; x_wconf 81' lang='lat' dir='ltr'><strong>Autl.,Vind.,</strong></span> <span class='ocrx_word' id='word_1_875' title='bbox 2524 5401 2681 5457; x_wconf 86' lang='lat' dir='ltr'><strong>Colh.</strong></span> <span class='ocrx_word' id='word_1_876' title='bbox 2708 5415 2869 5466; x_wconf 91' lang='lat' dir='ltr'><strong>unus,</strong></span> <span class='ocrx_word' id='word_1_877' title='bbox 2895 5409 2949 5453; x_wconf 90' lang='lat' dir='ltr'><strong>et</strong></span> <span class='ocrx_word' id='word_1_878' title='bbox 2977 5400 3253 5455; x_wconf 86' lang='lat' dir='ltr'><strong>Nav.item</strong></span> <span class='ocrx_word' id='word_1_879' title='bbox 3279 5417 3441 5469; x_wconf 87' lang='lat' dir='ltr'><strong>unus,</strong></span> 
     </span>
    </p>
   </div>
   <div class='ocr_carea' id='block_1_113' title="bbox 1841 5471 3450 5542">
    <p class='ocr_par' dir='ltr' id='par_1_113' title="bbox 1841 5471 3450 5542">
     <span class='ocr_line' id='line_1_113' title="bbox 1841 5471 3450 5542; baseline 0.002 -17"><span class='ocrx_word' id='word_1_880' title='bbox 1841 5472 2061 5525; x_wconf 82' lang='lat' dir='ltr'><strong>interra</strong></span> <span class='ocrx_word' id='word_1_881' title='bbox 2091 5475 2500 5528; x_wconf 81' lang='lat' dir='ltr'><strong>resurrectionis.</strong></span> <span class='ocrx_word' id='word_1_882' title='bbox 2555 5476 2725 5542; x_wconf 86' lang='lat' dir='ltr'><strong>Quam</strong></span> <span class='ocrx_word' id='word_1_883' title='bbox 2777 5471 3106 5528; x_wconf 86' lang='lat' dir='ltr'><strong>locutionem</strong></span> <span class='ocrx_word' id='word_1_884' title='bbox 3158 5472 3450 5529; x_wconf 81' lang='lat' dir='ltr'><strong>Ambrosio</strong></span> 
     </span>
    </p>
   </div>
   <div class='ocr_carea' id='block_1_114' title="bbox 1844 5545 2840 5614">
    <p class='ocr_par' dir='ltr' id='par_1_114' title="bbox 1844 5545 2840 5614">
     <span class='ocr_line' id='line_1_114' title="bbox 1844 5545 2840 5614; baseline 0 -18"><span class='ocrx_word' id='word_1_885' title='bbox 1844 5557 2040 5614; x_wconf 77' lang='lat' dir='ltr'><strong>novant</strong></span> <span class='ocrx_word' id='word_1_886' title='bbox 2072 5559 2177 5596; x_wconf 91' lang='lat' dir='ltr'><strong>non</strong></span> <span class='ocrx_word' id='word_1_887' title='bbox 2205 5557 2326 5598; x_wconf 82' lang='lat' dir='ltr'><strong>esse</strong></span> <span class='ocrx_word' id='word_1_888' title='bbox 2352 5546 2462 5614; x_wconf 84' lang='lat' dir='ltr'><strong>jam</strong></span> <span class='ocrx_word' id='word_1_889' title='bbox 2485 5545 2840 5600; x_wconf 85' lang='lat' dir='ltr'><strong>advertimus.</strong></span> 
     </span>
    </p>
   </div>
   <div class='ocr_carea' id='block_1_115' title="bbox 1915 5609 3444 5683">
    <p class='ocr_par' dir='ltr' id='par_1_115' title="bbox 1915 5609 3444 5683">
     <span class='ocr_line' id='line_1_115' title="bbox 1915 5609 3444 5683; baseline 0.003 -19"><span class='ocrx_word' id='word_1_890' title='bbox 1915 5609 1940 5649; x_wconf 74' lang='grc' dir='ltr'><strong>ιι</strong></span> <span class='ocrx_word' id='word_1_891' title='bbox 1973 5613 2118 5667; x_wconf 81' lang='lat' dir='ltr'><strong>Edit.</strong></span> <span class='ocrx_word' id='word_1_892' title='bbox 2151 5616 2274 5668; x_wconf 80' lang='lat' dir='ltr'>A111.</span> <span class='ocrx_word' id='word_1_893' title='bbox 2301 5609 2367 5670; x_wconf 53' lang='lat' dir='ltr'><strong>et&#39;</strong></span> <span class='ocrx_word' id='word_1_894' title='bbox 2387 5616 2514 5670; x_wconf 86' lang='lat' dir='ltr'><strong>Era.</strong></span> <span class='ocrx_word' id='word_1_895' title='bbox 2542 5632 2662 5670; x_wconf 88' lang='lat' dir='ltr'><strong>cum</strong></span> <span class='ocrx_word' id='word_1_896' title='bbox 2690 5631 2822 5670; x_wconf 87' lang='lat' dir='ltr'><strong>mss.</strong></span> <span class='ocrx_word' id='word_1_897' title='bbox 2847 5614 3080 5683; x_wconf 89' lang='lat' dir='ltr'><strong>aliquam</strong></span> <span class='ocrx_word' id='word_1_898' title='bbox 3127 5614 3332 5677; x_wconf 90' lang='lat' dir='ltr'><strong>multis,</strong></span> <span class='ocrx_word' id='word_1_899' title='bbox 3369 5617 3444 5668; x_wconf 88' lang='lat' dir='ltr'><strong>tui</strong></span> 
     </span>
    </p>
   </div>
   <div class='ocr_carea' id='block_1_116' title="bbox 1842 5683 3439 5755">
    <p class='ocr_par' dir='ltr' id='par_1_116' title="bbox 1842 5683 3439 5755">
     <span class='ocr_line' id='line_1_116' title="bbox 1842 5683 3439 5755; baseline 0.003 -17"><span class='ocrx_word' id='word_1_900' title='bbox 1842 5683 2027 5752; x_wconf 80' lang='lat' dir='ltr'><strong>capitis</strong></span> <span class='ocrx_word' id='word_1_901' title='bbox 2058 5685 2245 5749; x_wconf 79' lang='lat' dir='ltr'><strong>litatio,</strong></span> <span class='ocrx_word' id='word_1_902' title='bbox 2275 5687 2518 5755; x_wconf 87' lang='lat' dir='ltr'><strong>quidam,</strong></span> <span class='ocrx_word' id='word_1_903' title='bbox 2567 5688 2781 5742; x_wconf 72' lang='grc' dir='ltr'><strong>ιὶαιιιὶυ.</strong></span> <span class='ocrx_word' id='word_1_904' title='bbox 2811 5686 2876 5740; x_wconf 87' lang='lat' dir='ltr'><strong>Et</strong></span> <span class='ocrx_word' id='word_1_905' title='bbox 2927 5691 3048 5754; x_wconf 80' lang='lat' dir='ltr'><strong>post</strong></span> <span class='ocrx_word' id='word_1_906' title='bbox 3095 5699 3259 5753; x_wconf 87' lang='lat' dir='ltr'><strong>pauca</strong></span> <span class='ocrx_word' id='word_1_907' title='bbox 3305 5702 3439 5742; x_wconf 82' lang='lat' dir='ltr'><strong>mss.</strong></span> 
     </span>
    </p>
   </div>
   <div class='ocr_carea' id='block_1_117' title="bbox 1843 5755 3442 5832">
    <p class='ocr_par' dir='ltr' id='par_1_117' title="bbox 1843 5755 3442 5832">
     <span class='ocr_line' id='line_1_117' title="bbox 1843 5755 3442 5832; baseline 0.001 -18"><span class='ocrx_word' id='word_1_908' title='bbox 1843 5768 2073 5832; x_wconf 78' lang='lat' dir='ltr'><strong>septem,</strong></span> <span class='ocrx_word' id='word_1_909' title='bbox 2107 5773 2263 5812; x_wconf 80' lang='lat' dir='ltr'><strong>carne.</strong></span> <span class='ocrx_word' id='word_1_910' title='bbox 2279 5770 2478 5832; x_wconf 79' lang='lat' dir='ltr'><strong>emptus</strong></span> <span class='ocrx_word' id='word_1_911' title='bbox 2499 5777 2576 5827; x_wconf 85' lang='lat' dir='ltr'><strong>es,</strong></span> <span class='ocrx_word' id='word_1_912' title='bbox 2606 5761 2760 5832; x_wconf 77' lang='lat' dir='ltr'><strong>vilior</strong></span> <span class='ocrx_word' id='word_1_913' title='bbox 2779 5759 2911 5832; x_wconf 76' lang='lat' dir='ltr'><strong>cibo,</strong></span> <span class='ocrx_word' id='word_1_914' title='bbox 2935 5755 3247 5832; x_wconf 30' lang='lat' dir='ltr'><strong>etcaMelitts</strong></span> <span class='ocrx_word' id='word_1_915' title='bbox 3275 5757 3362 5816; x_wconf 85' lang='lat' dir='ltr'><strong>alii</strong></span> <span class='ocrx_word' id='word_1_916' title='bbox 3387 5767 3442 5820; x_wconf 88' lang='lat' dir='ltr'><strong>et</strong></span> 
     </span>
    </p>
   </div>
   <div class='ocr_carea' id='block_1_118' title="bbox 1843 5828 3116 5926">
    <p class='ocr_par' dir='ltr' id='par_1_118' title="bbox 1843 5828 3116 5926">
     <span class='ocr_line' id='line_1_118' title="bbox 1843 5828 3116 5926; baseline 0 -36"><span class='ocrx_word' id='word_1_917' title='bbox 1843 5828 1974 5915; x_wconf 75' lang='lat' dir='ltr'><strong>edit.</strong></span> <span class='ocrx_word' id='word_1_918' title='bbox 2001 5837 2058 5908; x_wconf 81' lang='lat' dir='ltr'><strong>tn</strong></span> <span class='ocrx_word' id='word_1_919' title='bbox 2079 5843 2178 5894; x_wconf 75' lang='lat' dir='ltr'><strong>nos</strong></span> <span class='ocrx_word' id='word_1_920' title='bbox 2193 5828 2396 5926; x_wconf 70' lang='lat' dir='ltr'><strong>supra;</strong></span> <span class='ocrx_word' id='word_1_921' title='bbox 2428 5831 2519 5902; x_wconf 83' lang='lat' dir='ltr'><strong>ubi</strong></span> <span class='ocrx_word' id='word_1_922' title='bbox 2545 5831 2909 5914; x_wconf 65' lang='lat' dir='ltr'><strong>subintellige,</strong></span> <span class='ocrx_word' id='word_1_923' title='bbox 2933 5829 3116 5920; x_wconf 74' lang='lat' dir='ltr'><strong>pretio.</strong></span> 
     </span>
    </p>
   </div>
  </div>
