3948 6330
492 296 637 360 1575

1862 289 2108 346 SANCTI
2148 287 2475 347 MIBBOSII

3665 283 3812 342 1376

493 409 945 483 acquisivi.Venit
964 407 1211 474 ambitio,
1236 415 1294 463 et
1317 405 1448 463 dicit
1471 406 1598 462 tibi:
1643 404 1807 462 Plane
1830 395 1982 462 meus
2008 421 2087 461 es.
2123 409 2174 470 Α
2197 405 2291 460 illo
2312 421 2331 460 :
2355 413 2403 460 et
2441 420 2574 458 unus
2602 401 2858 458 Dominus
2885 400 3063 468 Jesus,
3112 418 3203 472 per
3233 416 3382 471 quem
3410 399 3606 468 omnia,
3633 410 3682 455 et
3713 415 3816 456 nos

498 504 690 562 Nescis
714 503 858 576 quod
890 502 1012 557 ideo
1041 501 1309 571 imperare
1339 499 1461 555 aliis
1493 508 1546 556 te
1574 497 1698 563 l‘eci,
1729 508 1788 554 ut
1816 498 1948 554 mihi
1982 499 2098 569 ipse

499 595 782 654 servires?
807 593 999 650 Nescis
1017 591 1162 664 quod
1185 591 1308 647 ideo
1337 601 1660 662 potestatem
1685 591 1740 647 in
1770 601 1822 647 te
1848 591 2053 648 contuli
2080 633 2096 659 ,

499 698 561 746 ut
588 703 722 746 meae
751 696 804 743 te
829 687 1153 757 subjicerem
1188 684 1441 755 potestati
1463 684 1586 741 ?An
1617 685 1836 756 ignoras
1862 684 1962 754 ipsi
1995 684 2101 740 Do-

503 781 651 838 mino
677 779 948 838 Salvatori
975 778 1175 834 dictum
1206 792 1328 833 esse
1349 777 1418 834 ab
1440 776 1600 847 hujus
1620 777 1805 832 mundi
1835 777 2098 846 principe,

497 889 620 931 cum
648 873 698 930 ei
739 872 1072 930 ostendisset
1099 871 1279 928 omnia
1307 886 1472 941 regna
1503 870 1688 926 mundi
1715 888 1729 925 :
1777 869 1906 926 Haec
1926 871 2103 925 omnia

499 967 634 1022 dabo
675 967 789 1033 tibi,
821 967 864 1020 si
897 964 1170 1036 procidens
1199 963 1494 1019 adoraneris
1543 979 1623 1018 me
1653 961 1872 1032 (Matth.
1903 977 1980 1026 ιν,
2018 959 2098 1032 9).

497 1058 639 1116 Ante
667 1072 798 1130 ergo
847 1057 966 1126 ipse
1009 1055 1296 1126 subjicitur
1326 1097 1344 1123 ,
1393 1055 1488 1128 qui
1535 1054 1676 1110 alios
1735 1054 1851 1109 vult
1902 1052 2104 1109 habere

497 1151 795 1222 subjectos.
831 1149 1067 1206 Veniunt
1093 1148 1272 1206 omnia
1309 1147 1436 1204 vitia
1468 1188 1485 1214 ,
1535 1157 1590 1203 et
1634 1146 1844 1217 singula
1872 1145 2099 1202 dicunt:

498 1244 650 1301 Meus
685 1258 769 1300 es.
801 1242 974 1311 Quem
1023 1241 1156 1298 tanti
1200 1249 1562 1314 competunt,
1619 1255 1778 1312 quam
1814 1238 1923 1295 vile
1954 1253 2106 1294 man-

498 1336 699 1408 cipium
729 1337 848 1392 est!

570 1429 662 1484 40.
715 1426 1000 1496 Quomodo
1048 1441 1180 1498 ergo
1229 1436 1284 1484 tu
1339 1425 1434 1499 qui
1484 1426 1792 1496 hujusmodi
1843 1442 1923 1493 es,
1952 1437 2108 1498 potes

501 1519 727 1577 Christo
754 1519 935 1575 dicere
970 1537 984 1575 :
1013 1518 1158 1574 Tuus
1185 1536 1298 1574 sum
1323 1519 1350 1573 ?
1377 1518 1751 1589 Respondebit
1809 1517 1906 1576 tibi
1965 1518 2061 1574 ille
2089 1535 2104 1572 :

503 1611 629 1669 Non
650 1613 959 1684 quicumque
984 1613 1110 1667 dicit
1156 1613 1285 1667 mihi
1311 1629 1330 1668 :
1353 1611 1594 1676 Domine,
1623 1611 1866 1677 Domine,
1897 1613 2111 1667 intrabit

501 1707 556 1761 in
575 1722 790 1778 regnum
827 1705 1078 1784 ctelorum
1107 1705 1324 1776 (Matth.
1359 1722 1454 1772 vtt,
1483 1705 1617 1776 21):
1649 1721 1754 1762 non
1786 1707 2110 1778 quicumque

2200 514 2290 569 per
2318 497 2488 566 ipsum
2514 494 2560 568 (l
2580 495 2699 552 Cor.
2723 511 2841 559 vut,
2869 496 2902 551 5
2935 505 2984 549 et
3013 493 3092 564 6).
3123 493 3286 550 Verbi
3313 492 3476 560 igitur
3505 500 3656 548 totus
3685 501 3815 549 erat

2200 589 2473 659 apostolus
2495 587 2693 644 Paulus
2717 604 2731 653 ;
2768 585 2891 643 ideo
2919 587 3171 642 diccbat:
3204 585 3460 654 Quoniam
3483 585 3818 654 experimeno

2203 693 2311 738 tum
2343 684 2570 754 quwritis
2598 684 2711 752 ejus
2730 683 2817 751 qui
2848 683 2901 737 in
2929 699 3010 738 me
3041 681 3267 752 loquitur
3314 679 3547 736 Christus
3576 679 3645 750 (ll
3682 677 3814 734 Cor.

2203 792 2320 843 xut,
2356 776 2434 848 3).
2466 777 2558 833 Ille
2589 791 2721 848 ergo
2750 776 2966 832 dicebat
3002 793 3015 830 :
3042 774 3248 830 Christi
3293 789 3450 838 sum;
3495 783 3552 829 ct
3581 789 3822 846 respon-

2203 869 2368 926 debat
2411 871 2459 926 ei
2498 871 2757 927 Dominus
2789 888 2804 925 :
2841 872 2992 927 Meus
3033 886 3114 926 es.
3148 869 3251 938 Qui
3298 883 3427 925 vere
3455 869 3588 924 dicit
3619 887 3633 923 :
3668 867 3820 924 Tuus

2204 981 2347 1029 sum,
2376 964 2525 1020 audit
2558 980 2589 1020 a
2629 965 2857 1021 Domino
2891 982 2903 1018 :
2937 964 3090 1020 Meus
3135 977 3215 1018 es.
3275 962 3517 1033 Denique
3572 961 3642 1018 de
3694 963 3821 1033 ipso

2205 1061 2472 1117 Dominus
2521 1060 2589 1116 ad
2618 1061 2908 1126 Ananiam,
2937 1075 3059 1115 cum
3089 1058 3329 1115 mitteret
3355 1075 3478 1115 eum
3519 1059 3587 1114 ad
3611 1073 3820 1115 sanan-

2205 1152 2332 1208 dutn
2362 1154 2612 1218 Paulum,
2644 1155 2721 1210 ait
2750 1173 2765 1208 :
2827 1153 2992 1220 Vade,
3023 1153 3266 1224 quoniam
3311 1170 3400 1208 uas
3451 1153 3720 1208 electionis
3740 1163 3824 1208 est

2208 1243 2337 1299 mihi
2365 1244 2505 1318 (Act.
2541 1261 2618 1303 tx.
2643 1246 2758 1317 15).
2789 1245 2857 1300 Ει
2886 1244 3009 1316 quia
3037 1245 3404 1314 perseveravit
3425 1245 3632 1300 Christi
3663 1259 3818 1310 esse,

2209 1339 2362 1408 quasi
2395 1339 2618 1409 impleto
2661 1337 2979 1404 certamine,
3010 1351 3268 1393 coronam
3327 1338 3526 1395 meruit
3566 1338 3821 1396 invenire

2205 1429 2446 1500 juSIilim.

2281 1519 2370 1576 42.
2394 1520 2562 1577 Recte
2585 1537 2717 1592 ergo
2763 1523 3024 1594 propheta
3078 1521 3247 1578 David
3292 1520 3464 1577 dixit:
3494 1519 3642 1577 Tuus
3673 1537 3819 1591 sum,

2211 1617 2300 1686 qui
2345 1629 2564 1685 semper
2607 1616 2660 1671 in
2695 1616 2922 1672 Domino
2953 1617 3172 1673 mansit.
3202 1615 3268 1670 Et
3289 1630 3392 1685 qua
3425 1613 3638 1670 ratione
3659 1614 3824 1671 dixe-

2212 1709 2285 1765 rit
2310 1727 2322 1761 :
2353 1708 2495 1765 Tuus
2511 1726 2645 1776 sunt,
2679 1709 2888 1766 addidit
2915 1728 2926 1764 :
2949 1709 3364 1780 Justiﬁcationes
3391 1717 3510 1762 tuas
3536 1706 3820 1777 exquisivi,

505 1797 636 1854 dicit
676 1797 808 1853 mihi
837 1815 852 1855 :
885 1797 1028 1854 Tuus
1052 1815 1187 1864 sum,
1243 1813 1395 1854 meus
1423 1810 1527 1854 est.
1558 1799 1708 1855 Meus
1748 1799 1908 1869 plane
1954 1815 2032 1866 es,
2064 1799 2110 1855 si
2141 1801 2186 1862 Β
2217 1802 2318 1857 hoc
2339 1814 2442 1869 est,
2475 1802 2610 1858 nihil
2634 1802 2865 1859 aliorum
2893 1803 3140 1874 quaesivi,
3174 1800 3270 1856 sed
3325 1799 3379 1855 id
3433 1799 3610 1855 solum
3666 1797 3821 1870 quod

518 1908 710 1949 vocem
741 1910 849 1950 non
870 1895 1162 1966 redarguat
1187 1895 1541 1962 conscientia,
1557 1896 1601 1951 si
1629 1910 1939 1952 sermonem
1962 1905 2110 1952 tuum

504 1987 719 2042 animus
743 1999 835 2042 aut
864 2002 1029 2058 opera
1057 2003 1164 2042 non
1197 1986 1452 2044 refutent.
1485 1987 1597 2059 Ego
1611 1989 1734 2044 'non
1762 2004 1900 2059 nego
1929 2003 2109 2044 meum

507 2092 630 2134 esse
659 2094 805 2147 eum,
826 2081 917 2150 qui
948 2081 1063 2150 ipse
1087 2095 1148 2136 se
1172 2097 1279 2136 non
1310 2091 1492 2150 neget,
1521 2090 1612 2136 aut
1636 2091 1786 2138 certe
1815 2084 1860 2137 si
1896 2097 1995 2152 pro
2025 2096 2112 2138 me

507 2185 568 2226 se
599 2173 773 2242 ipsum
802 2171 905 2227 sibi
927 2173 1180 2243 abneget.
1204 2172 1344 2229 Nolo
1380 2173 1583 2231 habere
1637 2176 1916 2231 servulum
1947 2175 2112 2244 pluri-

507 2263 610 2319 bus
637 2264 874 2319 dominis
903 2266 1255 2321 servientem.
1281 2265 1414 2321 Nam
1441 2267 1710 2338 quomodo
1751 2281 1906 2323 meus
1926 2277 2034 2336 est,
2065 2267 2112 2324 si

511 2356 644 2411 mihi
666 2357 812 2412 dicat
839 2359 1004 2415 verba
1037 2376 1051 2413 :
1088 2357 1231 2415 Tuus
1287 2376 1421 2426 sum,
1450 2367 1506 2415 et
1548 2359 1805 2430 operibus
1853 2369 2035 2432 neget,
2060 2369 2116 2417 et

509 2447 666 2504 factis
695 2464 757 2505 se
803 2449 1024 2506 diabolo
1078 2449 1355 2521 adjudicct
1395 2461 1452 2508 et
1501 2451 1848 2523 obstringat?
1886 2452 2004 2508 Non
2029 2461 2114 2509 est

511 2555 668 2596 mens
696 2556 858 2613 quem
882 2542 1050 2598 libido
1075 2544 1359 2599 succendit
1385 2561 1398 2610 ;
1433 2545 1557 2614 quia
1601 2557 1720 2599 mea
1742 2553 1826 2599 est
1870 2546 2111 2602 castitas.

507 2631 623 2688 Non
647 2645 725 2688 est
759 2649 911 2689 meus
938 2649 1098 2706 quem
1124 2649 1253 2690 cura
1308 2633 1579 2705 spoliandi
1613 2635 1853 2691 minores
1902 2637 2111 2709 1127

509 2727 779 2796 exagitat;
827 2734 854 2763 ι
885 2728 1011 2796 quia
1063 2743 1180 2782 mea
1228 2728 1510 2798 integritas
1558 2738 1664 2784 est.
1707 2728 1825 2783 Non
1853 2741 2116 2785 eStmeus

511 2832 671 2886 quem
701 2817 781 2871 ira
808 2817 1028 2872 mobilis
1076 2818 1334 2888 inquietat
1371 2835 1385 2884 ;
1415 2819 1539 2890 quia
1591 2833 1708 2875 mea
1752 2820 2114 2891 tranquillitas

514 2918 619 2962 est.
651 2907 768 2963 Non
796 2919 882 2965 est
905 2925 1058 2966 meus
1089 2911 1197 2966 viui
1223 2914 1442 2982 crapula
1474 2913 1800 2969 temulentus
1828 2913 1879 2968 iu
1914 2913 2111 2981 lucem,

514 2998 808 3054 ambitione
827 2999 1019 3070 gloriae
1037 3003 1315 3058 smeularis
1343 3003 1548 3066 ebrius,
1590 3004 1680 3074 qui
1736 3005 1787 3058 in
1818 3005 2114 3075 periculum

515 3106 624 3146 non
653 3090 823 3161 possit
878 3092 1074 3148 sobria:
1131 3093 1523 3150 moderationis
1553 3109 1773 3151 servare
1803 3097 2109 3167 vestigium.

2215 1903 2363 1949 tuum
2381 1903 2466 1949 est
2481 1894 2806 1950 desideravi.
2828 1895 2932 1951 Alii
2955 1904 3202 1967 quaerunt
3217 1892 3435 1947 monilia
3452 1891 3824 1964 pretiosa,ego

2215 1986 2360 2042 solas
2376 1985 2796 2056 juSIiﬁcationes
2815 1997 2933 2043 tuas
2954 1987 3106 2059 quasi
3126 1985 3374 2056 quaedam
3395 1997 3538 2040 serta
3553 1982 3821 2055 justitise:

2215 2078 2305 2132 alii
2336 2079 2556 2134 domum
2588 2079 2655 2135 ad
2706 2079 2959 2146 domum,
2991 2079 3173 2136 villam
3219 2079 3285 2134 ad
3321 2078 3504 2134 villam
3542 2078 3818 2150 jungunt,

2214 2171 2367 2242 quasi
2408 2172 2510 2227 soli
2562 2172 2811 2228 habitare
2859 2174 3066 2245 possint
3113 2173 3165 2227 in
3221 2181 3365 2228 terra
3408 2171 3540 2239 hac,
3605 2180 3664 2227 et
3705 2171 3824 2228 ele-

2216 2271 2456 2319 mentum
2499 2263 2688 2320 volunt
2727 2279 2998 2336 occupare
3025 2279 3337 2332 commune,
3366 2263 3458 2319 alii
3507 2263 3822 2335 possessio-

2217 2369 2340 2410 nem
2373 2354 2515 2408 aeris
2538 2355 2707 2423 ipsius
2739 2355 3016 2412 vindicare
3047 2373 3058 2408 :
3084 2355 3216 2410 mihi
3245 2355 3298 2409 in
3341 2354 3445 2411 tuis
3468 2353 3825 2424 justillcatio-

2217 2445 2376 2502 nibus
2405 2460 2566 2502 omne
2598 2447 2984 2517 patrimonium
3014 2456 3117 2502 est.
3173 2445 3370 2502 Nescio
3395 2445 3674 2516 possidere
3717 2445 3823 2500 nisi

2215 2536 2358 2608 qUod
2389 2537 2620 2607 luijuris
2649 2539 2827 2594 est.lu
2862 2539 2969 2594 luis
2995 2539 3222 2610 eloQuiis
3247 2537 3512 2609 spiritalis
3531 2537 3660 2593 mihi
3684 2552 3823 2594 cura

2217 2630 2428 2686 refulsit
2456 2632 2688 2702 argenti.
2715 2631 2847 2687 Mihi
2877 2631 3055 2703 portio
3086 2633 3228 2688 Deus
3253 2644 3356 2687 est.
3389 2630 3536 2688 Tuus
3564 2648 3678 2687 sum
3701 2647 3822 2703 ego;

2217 2722 2338 2792 quia
2363 2737 2494 2792 pars
2525 2722 2658 2778 mihi
2687 2724 3022 2780 luereditatis
3053 2739 3160 2780 non
3191 2725 3245 2780 in
3292 2738 3451 2792 auro,
3500 2739 3608 2780 non
3639 2725 3692 2780 in
3732 2739 3821 2780 ar-

2216 2825 2378 2886 gento
2401 2824 2507 2884 est,
2535 2815 2628 2872 sed
2663 2817 2716 2871 in
2743 2814 2964 2873 Christo
2992 2816 3146 2890 lesu.

2288 2908 2379 2964 45.
2415 2909 2597 2983 (Vt-rs.
2622 2911 2737 2982 95.)
2769 2911 3025 2982 Sequitur
3047 2927 3239 2969 versus
3282 2912 3584 2983 septimus:
3616 2911 3706 2966 Me
3731 2929 3822 2967 ea:-

2217 3014 2573 3073 spectaverunt
2621 3016 2935 3075 peccatores,
2967 3017 3022 3060 ut
3066 3005 3339 3077 perderent
3367 3021 3446 3059 me
3473 3021 3493 3060 .'
3522 3005 3822 3060 testimonia

2219 3105 2307 3149 tua
2333 3095 2583 3152 intellexi.
2615 3097 2800 3154 Potest
2846 3114 2950 3153 vox
2981 3099 3078 3154 ista
3113 3098 3410 3154 convenire
3457 3099 3741 3170 martyrio,
3768 3099 3821 3154 in

513 3183 622 3238 Pax
645 3197 764 3238 sum
792 3199 914 3256 ego,
939 3184 1154 3256 litigare
1180 3183 1286 3242 nan
1315 3188 1460 3242 novi.
1491 3187 1628 3255 Quid
1655 3188 1785 3242 mihi
1807 3188 1873 3244 ad
1896 3204 2021 3244 eum
2041 3189 2108 3246 de
2133 3188 2179 3253 C
2211 3203 2319 3258 quo
2343 3190 2548 3259 positus
2570 3201 2789 3247 sanctus
2807 3190 2916 3262 jam
2933 3192 3001 3248 de
3020 3191 3226 3260 judicio
3244 3191 3610 3263 persecutoris
3631 3208 3825 3262 egres-

511 3291 622 3347 quo
647 3277 825 3332 veniat
872 3277 1143 3344 diabolus,
1175 3291 1229 3334 et
1259 3280 1439 3337 dicat:
1472 3282 1622 3337 Meus
1661 3293 1783 3346 est;
1827 3298 1950 3337 nam
1984 3284 2116 3340 mihi

510 3382 608 3424 sua
634 3368 774 3424 colla
795 3371 1064 3436 curvavit,
1092 3387 1211 3427 mea
1243 3373 1295 3426 iu
1330 3372 1422 3427 illo
1455 3373 1610 3443 plura
1636 3374 1848 3443 reperio
1873 3391 1886 3427 :
1917 3390 2114 3431 nomen

510 3460 613 3516 sibi
637 3473 787 3516 tuum
813 3463 1073 3530 vindieat,
1103 3475 1161 3520 et
1196 3481 1374 3522 meum
1408 3467 1646 3522 munus?

588 3555 680 3609 41.
734 3553 852 3610 Νοη
900 3564 986 3610 est
1029 3572 1160 3627 ergo
1205 3555 1435 3625 Christi,
1475 3559 1580 3616 nisi
1608 3561 1700 3632 qui
1744 3571 1826 3617 est
1851 3562 2057 3618 alienus
2084 3580 2114 3620 a

515 3645 744 3701 crimine
773 3665 787 3699 :
820 3662 927 3704 non
955 3657 1040 3704 est
1059 3647 1286 3713 Christi,
1321 3651 1425 3707 nisi
1472 3654 1562 3722 qui
1601 3663 1778 3724 potest
1819 3671 2036 3725 semper
2057 3671 2116 3714 se

515 3734 718 3792 Christi
749 3740 1024 3796 servulum
1053 3739 1454 3800 demonstrare.
1505 3743 1640 3800 Nam
1672 3747 1718 3802 si
1771 3748 1892 3816 quis
1941 3759 2115 3804 muta-

517 3827 641 3883 bilis
656 3840 761 3896 est,
783 3828 812 3869 ι’
832 3839 890 3887 ut
909 3847 1010 3903 ego
1025 3845 1117 3888 aut
1135 3850 1373 3891 maerore
1388 3845 1588 3906 mutor,
1614 3849 1704 3895 aut
1719 3839 2113 3910 indignatione,

516 3922 667 3978 venit
696 3923 794 3989 ira,
825 3936 880 3981 et
907 3927 1038 3983 dicit
1064 3929 1244 3986 :Mcus
1272 3941 1357 3988 est
1385 3941 1550 3989 :aute
1573 3933 1763 3990 horam
1796 3953 1948 3992 meus
1972 3951 2110 4007 erat,

515 4027 681 4081 spero
709 4016 855 4085 quod
887 4018 1085 4076 iterum
1114 4037 1270 4077 meus
1300 4023 1581 4081 liat.Venit
1603 4028 1840 4096 tristitia,
1864 4039 1917 4086 el
1941 4031 2070 4086 dicit
2099 4050 2111 4085 :

513 4102 666 4159 Meus
688 4117 773 4161 est
807 4124 821 4162 :
853 4119 980 4164 ante
1029 4111 1215 4168 horam
1269 4114 1323 4169 in
1352 4131 1470 4172 mea
1520 4121 1864 4187 possessione
1909 4123 2026 4190 luit,
2057 4123 2112 4178 in

509 4211 634 4252 meo
653 4197 808 4268 jure:
835 4203 1047 4270 erigere
1069 4206 1310 4261 animum
1341 4224 1451 4276 pra:
1477 4225 1712 4266 mcerore
1731 4229 1837 4269 non
1873 4226 2107 4284 poterat,

512 4304 615 4345 nec
641 4292 830 4348 oculos
861 4293 1081 4350 levare:
1114 4306 1169 4352 et
1195 4299 1243 4352 si
1298 4299 1457 4354 triste
1503 4301 1708 4370 aliquid
1730 4306 2015 4374 acciderit,
2044 4309 2113 4365 ad

512 4399 600 4439 me
631 4385 778 4442 illico
805 4399 1129 4447 revertetur.
1162 4391 1295 4460 Quis
1315 4407 1448 4464 ergo
1475 4405 1561 4451 est
1616 4397 1731 4465 Dei,
1763 4399 1866 4454 nisi
1898 4403 1987 4471 qui
2019 4418 2114 4471 po-

511 4483 617 4531 test
643 4477 828 4535 dicere
855 4496 867 4532 :
893 4479 1045 4536 Nihil
1097 4485 1225 4539 milti
1277 4489 1514 4543 conscius
1550 4505 1662 4543 sum
1687 4489 1732 4561 (Ι
1755 4490 1876 4546 Cor.
1901 4509 1977 4560 tv,
2006 4492 2062 4564 4)
2089 4494 2113 4548 ‘?

508 4567 640 4625 Ideo
664 4569 880 4628 dicebat
904 4574 1104 4631 Paulus
1127 4579 1404 4647 apostolus
1424 4579 1551 4636 lcsu
1572 4580 1802 4649 Christi,
1824 4585 1945 4654 quia
1969 4587 2106 4642 nulli
2136 4580 2186 4640 D
2216 4579 2358 4636 Videt
2418 4579 2799 4636 detlncenlium
2864 4579 3062 4636 choros
3120 4621 3136 4646 ι

510 4661 600 4717 alii
631 4662 900 4721 obnoxius
958 4669 1263 4726 tenebatur.
1295 4671 1409 4743 Ego
1456 4685 1642 4730 autem
1675 4691 1816 4731 nunc
1859 4677 1950 4732 Dei
2002 4678 2107 4732 mei

509 4771 655 4822 sum,
706 4774 849 4815 nunc
893 4761 1128 4818 tristitia:
1157 4805 1172 4829 ,
1205 4778 1347 4820 nunc
1404 4764 1718 4831 iracundiae,
1769 4783 1913 4824 nunc
1957 4769 2108 4825 verbi

507 4849 671 4906 otiosi
696 4868 710 4914 ;
741 4862 797 4908 et
827 4853 950 4909 ideo
981 4856 1070 4926 qui
1101 4857 1280 4925 plures
1306 4857 1556 4914 damiuos
1579 4859 1765 4924 habet,
1797 4875 1902 4915 non
1929 4871 2111 4932 potest

510 4943 602 4998 uni
629 4943 852 5000 dicere:
891 4947 1116 5003 Domine
1165 4948 1326 5014 Jesu,
1357 4959 1477 5006 tuus
1518 4967 1654 5005 sum.
1692 4951 1847 5007 Unde
1875 4953 2111 5008 arbitror

509 5037 672 5091 etiam
700 5036 768 5092 de
808 5037 1118 5108 hujusmodi
1145 5041 1381 5098 dominis
1429 5034 1636 5098 dixisse
1665 5044 1890 5098 Paulum
1925 5061 1938 5098 :
1969 5045 2108 5101 Nam

509 5130 606 5184 etsi
631 5140 749 5184 sunt
779 5132 866 5200 qui
897 5131 1139 5186 dicantur
1160 5134 1234 5187 dii
1264 5138 1369 5190 siue
1395 5137 1450 5190 in
1473 5137 1620 5203 calo,
1643 5137 1746 5191 sine
1770 5137 1824 5190 in
1847 5146 2104 5194 terra.....

509 5221 661 5276 nobis
677 5231 848 5277 tamen
867 5240 1003 5279 unus
1025 5223 1165 5280 Deus
1190 5223 1375 5295 Pater,
1403 5243 1470 5282 ex
1491 5243 1591 5298 quo
1619 5230 1815 5298 omnia,
1849 5237 1898 5284 et
1926 5245 2021 5284 nos
2051 5231 2106 5285 in

587 5438 614 5468 ι
643 5428 717 5485 Ita
749 5432 933 5485 cuncti
955 5445 1088 5487 mss.
1122 5429 1270 5488 Etlit.
1301 5447 1453 5506 vero,
1481 5434 1603 5506 quia
1630 5449 1742 5490 mea
1783 5434 1991 5506 largitio
2009 5443 2106 5490 est.

519 5501 640 5555 Non
670 5510 742 5554 est
774 5517 913 5556 meus
932 5519 1080 5572 quem
1099 5519 1232 5558 aura
1258 5501 1561 5559 mobilitatis
1585 5501 1900 5573 inquietatJ.
1933 5506 2113 5560 illuvie

515 5573 1080 5645 ambitionisimpurus,
1103 5574 1283 5645 gloria:
1312 5577 1575 5630 swcularis
1594 5575 1838 5640 cupidus,
1859 5576 2030 5631 ebrius
2059 5578 2113 5629 in

515 5643 832 5718 periculum,
856 5645 941 5712 qui
969 5660 1071 5698 non
1106 5643 1302 5714 potest.
1331 5655 1445 5718 etc.
1469 5647 1631 5701 Solus
1653 5645 1789 5718 Reg.
1817 5647 1965 5716 cod.,
1989 5647 2113 5718 quia

516 5729 629 5790 mea
648 5714 866 5790 largitio
899 5724 996 5779 est,
1026 5725 1226 5770 caetera
1247 5730 1381 5790 cum
1404 5717 1524 5772 aliis
1551 5714 1827 5780 convenit.
1916 5754 1923 5790 ‘-
1952 5714 1958 5716 “
2001 5714 2011 5718 ’
2073 5746 2086 5767 ’,

590 5781 614 5812 “
647 5781 788 5837 Etli't.
825 5791 1038 5848 omnes,
1089 5796 1142 5838 ut
1173 5801 1266 5850 eqo
1297 5784 1381 5852 qni
1429 5798 1515 5840 nat
1559 5801 1838 5843 rumore...
1895 5785 1998 5842 non
2041 5797 2112 5837 est

2217 3294 2311 3336 sus
2333 3281 2478 3337 dicat
2508 3300 2522 3338 :
2557 3281 2646 3338 He
2674 3294 3097 3354 exspectarerunt
3123 3295 3436 3356 peccatores,
3470 3294 3528 3339 ut
3549 3285 3824 3354 perderent

2217 3388 2318 3434 me,
2355 3374 2568 3446 1128
2593 3373 2698 3429 hoc
2721 3384 2827 3441 est,
2861 3373 3229 3430 adhibuerunt
3267 3375 3450 3430 omnia
3476 3390 3676 3444 genera
3707 3390 3824 3447 po».

2218 3480 2435 3530 narum,
2464 3481 2656 3523 omnes
2679 3477 2826 3523 artes
2850 3468 3297 3538 persuasionum:
3325 3467 3418 3522 sed
3436 3468 3506 3523 de
3539 3469 3826 3538 pr0po-ito

2215 3556 2485 3612 abducere
2514 3560 2893 3628 nequiverunt.
2928 3560 3068 3615 Vicit
3122 3559 3256 3616 ﬁdes
3295 3561 3419 3615 vita:
3446 3560 3606 3630 hujus
3639 3560 3828 3616 illece-

2217 3646 2390 3712 bram,
2422 3651 2776 3721 corporisque
2811 3652 3134 3707 cruciatum.
3166 3651 3646 3722 Exspectaverunt
3697 3667 3827 3723 pec-

2215 3753 2447 3809 catores,
2482 3753 2540 3799 ut
2558 3743 2626 3799 de
2659 3761 2744 3801 me
2774 3746 3106 3817 triumphum
3149 3746 3418 3802 referrent
3446 3763 3462 3800 :
3489 3745 3584 3802 sed
3619 3747 3826 3816 gratias

2215 3832 2452 3901 Christo,
2473 3836 2560 3905 qui
2582 3836 2712 3891 mihi
2736 3836 2886 3892 dedit
2907 3838 2975 3893 de
2997 3838 3438 3909 persecutoribus
3461 3837 3822 3908 triumphare.

2218 3927 2411 3983 lledite
2441 3928 2591 3995 victi,
2623 3930 2714 3999 qui
2737 3930 3044 4000 sperahatis
3073 3947 3172 3986 vos
3188 3946 3311 3987 esse
3333 3932 3568 3985 victores
3604 3948 3617 3983 :
3645 3931 3826 3987 redite

2214 4019 2432 4090 dejecti,
2459 4021 2549 4090 qui
2581 4021 2854 4076 veneratis
2880 4022 3120 4092 superbi.
3153 4020 3253 4076 Ubi
3269 4031 3368 4086 est,
3399 4037 3558 4084 mors,
3606 4023 3826 4077 uictoria

2215 4122 2304 4166 tua
2327 4113 2352 4168 .9
2384 4111 2483 4169 Ubi
2503 4121 2602 4180 est,
2629 4131 2787 4182 mors,
2817 4115 3031 4170 aculeus
3070 4125 3185 4169 tttns
3209 4113 3253 4186 (ι
3283 4113 3407 4169 Cor.
3431 4130 3522 4179 xv,
3547 4114 3643 4187 55)
3665 4116 3688 4170 2
3708 4115 3824 4171 Non

2216 4213 2305 4259 tua
2329 4205 2465 4274 jam,
2493 4205 2590 4260 sed
2619 4215 2802 4262 nostra
2835 4217 2856 4243 ο
2887 4207 3051 4277 οωρίι
3075 4222 3198 4263 esse
3226 4207 3489 4270 victoria;
3531 4207 3665 4277 quia
3697 4209 3751 4264 in
3775 4218 3825 4263 te

2215 4295 2505 4358 vincimus,
2540 4295 2593 4350 in
2616 4311 2723 4367 qua
2747 4306 2908 4353 antea
2942 4298 3318 4354 vincebamur.
3346 4297 3494 4353 Bene
3523 4312 3664 4370 ergo
3693 4298 3825 4354 dicit

2215 4400 2422 4463 martyr
2451 4409 2464 4445 :
2491 4389 2578 4445 Me
2605 4400 3028 4463 exspectaverunt
3061 4401 3354 4461 peccatores
3380 4432 3395 4457 ,
3444 4400 3499 4446 ut
3556 4393 3827 4462 perderent

2215 4502 2316 4540 me.
2361 4484 2491 4540 Post
2518 4496 2874 4552 momentum,
2899 4487 3067 4540 immo
3099 4486 3152 4542 in
3178 4500 3410 4556 corpore
3436 4483 3618 4541 adhuc
3647 4486 3818 4551 situs,

3207 4579 3521 4650 angelorum
3605 4578 3823 4651 gaudia.

2211 4674 2312 4743 Qui
2344 4674 2488 4731 enim
2527 4689 2692 4745 super
2719 4674 2881 4729 unius
2907 4674 3207 4745 peccatoris
3234 4673 3598 4729 conversione
3631 4673 3826 4728 laetan-

2210 4777 2318 4831 tur,
2352 4775 2554 4837 quanto
2597 4767 2767 4836 magis
2801 4766 2852 4821 in
2882 4767 3138 4836 passione
3179 4766 3485 4837 justorum!
3523 4763 3688 4821 Videt
3717 4765 3828 4834 glo-

2211 4862 2346 4916 riam
2377 4872 2431 4915 et
2455 4860 2529 4914 ait
2561 4878 2576 4914 :
2610 4860 2694 4915 Me
2738 4869 3194 4930 exspectaverunt
3216 4857 3371 4928 justi,
3401 4865 3461 4912 ut
3487 4856 3829 4914 deducerent

2217 4968 2324 5007 nte.
2353 4949 2517 5006 Videt
2543 4951 2829 5006 Dominum
2874 4949 3084 5016 .lcsum,
3113 4958 3170 5005 et
3203 4951 3278 5005 ait
3309 4966 3320 5003 :
3358 4949 3449 5006 Me
3477 4948 3830 5020 exspectavit

2215 5043 2490 5110 Christus,
2521 5054 2579 5098 ut
2602 5052 2896 5099 coronaret
2924 5059 3034 5098 me.

2285 5137 2378 5195 ιιι.
2406 5139 2578 5196 Aliter
2613 5140 2704 5209 qui
2734 5139 2848 5194 vult
2880 5139 3226 5210 intelligere:
3252 5136 3428 5204 Multi,
3463 5138 3670 5209 inquit,
3704 5152 3828 5209 pec-

2213 5242 2333 5288 cata
2387 5230 2748 5303 persuadere,
2799 5229 2824 5268 ά
2854 5241 3016 5301 atque
3079 5239 3407 5300 extorquere
3455 5231 3644 5286 conati
3699 5236 3828 5286 sunt

2217 5431 2432 5489 Christi.
2467 5433 2642 5499 Venit,
2671 5442 2778 5488 etc.
2807 5431 2943 5489 Cod.
2995 5446 3157 5487 manu
3205 5431 3434 5497 exarati,
3489 5439 3552 5487 ut
3610 5430 3670 5486 in
3697 5445 3819 5486 cor-

2221 5520 2469 5630 pogehiss.
2500 5584 2646 5640 octo,
2669 5574 2805 5645 quod
2830 5575 3030 5645 coepisti
3074 5590 3180 5629 esse
3209 5573 3439 5629 uictoria.
3497 5571 3676 5639 Unus,
3703 5573 3824 5645 quia

2220 5646 2415 5716 coepisti
2455 5662 2585 5710 esse,
2615 5644 2689 5699 est
2717 5647 2954 5730 uictoria.
2981 5646 3047 5702 Et
3099 5653 3224 5727 post
3265 5652 3376 5730 tres
3423 5657 3589 5730 voces
3621 5659 3748 5715 pro,
3777 5644 3826 5696 in

2219 5734 2321 5788 qua
2343 5726 2520 5781 antea,
2557 5731 2692 5776 mss.
2719 5717 2829 5773 duo
2861 5719 3073 5788 legunt,
3099 5717 3189 5784 qui
3217 5725 3389 5788 antea.
3414 5723 3548 5777 etc.'
3796 5741 3801 5746 -

2294 5785 2316 5822 ,ι
2347 5787 2485 5840 Etlit.
2517 5799 2706 5842 omnes
2725 5830 2739 5855 ,
2770 5799 2918 5856 atque
2969 5801 3031 5840 est
3072 5796 3270 5855 pectore
3299 5781 3468 5858 ﬁdem.
3493 5783 3820 5858 extorquere.
