3948 6378
166 333 280 389 157ῗ
1186 326 1253 384 ΙΝ
1295 322 1623 385 1³511Λίυῆ
1664 324 1703 383 C

1820 325 1873 381 [ΙΙ
1915 320 2303 382 EXPOSITIO.
3260 328 3399 388 1578

167 440 306 502 mihi;
337 435 456 490 alius
495 432 842 496 adulterium.
889 434 1028 490 alius
1058 432 1297 492 hominis
1322 452 1535 502 necem,
1559 438 1699 492 alius
1726 438 1773 498 Α
1804 444 2233 491 consummatum
2280 435 2463 492 saeculi
2497 435 2742 492 aboleret
2781 450 3020 493 errorem
3053 454 3065 491 :
3100 439 3234 494 vidit
3278 456 3407 495 san-

164 530 508 600 oppressionem
534 526 714 580 vidua:
742 526 826 581 vel
857 526 1065 595 pupilli,
1097 528 1233 583 alius
1260 527 1465 588 "aliud;
1498 536 1553 584 ct
1601 544 1698 597 pu-
1802 529 1963 597 guine
1992 532 2110 598 ejus
2155 530 2364 584 diversa
2415 530 2654 585 omnium
2692 538 2907 598 peccata
2959 532 3227 586 mundari.
3263 532 3410 586 Bone

165 624 309 677 labant
335 636 409 674 me
434 619 539 674 suis
575 618 785 673 retibus
815 633 939 674 esse
972 619 1316 690 capiendum.
1348 620 1696 685 Exspectave-
1802 636 1931 691 ergo
1974 620 2109 675 dixit
2144 639 2155 673 :
2208 620 2387 675 Omnis
2432 623 2887 676 consummationis
2933 623 3037 678 ridi
3086 624 3275 693 tinent;
3308 623 3410 678 hoc

163 724 254 769 runt
278 730 361 779 me,
379 721 431 766 ut
445 712 706 781 perderent
724 713 1045 783 contagione
1072 713 1312 783 peccati;
1340 714 1435 769 sed
1457 729 1560 784 ego
1588 730 1696 769 non
1803 724 1907 781 est,
1936 714 2043 770 vidi
2075 716 2434 771 consummati
2455 716 2703 772 adulterii
2733 717 3104 783 remissorem,
3139 717 3247 773 vidi
3275 732 3408 773 con-

160 806 382 862 illecebris
416 813 754 875 peccatorum
798 812 1036 861 mentem
1090 820 1120 859 a
1152 805 1329 861 studio
1369 805 1568 861 divina:
1599 820 1696 862 co-
1800 819 2083 862 summatm
2116 807 2344 863 luxurite
2373 816 2536 878 atque
2574 808 2830 874 lasciviae,
2862 816 3253 864 consummata:
3281 824 3408 864 cru-

158 899 363 973 guitionis
409 899 593 964 averti,
625 912 726 954 nec
768 899 1125 955 intentionem
1160 914 1353 965 meam,
1386 898 1636 963 Domine,
1664 914 1694 954 a
1801 899 2037 956 delitatis
2077 910 2239 971 atque
2268 900 2521 967 szevitite,
2553 902 2730 957 omnis
2771 910 3046 972 postremo
3072 900 3260 973 ﬂagitii
3307 916 3404 973 per

158 992 471 1050 nnndatorum
526 1001 736 1045 tuorum
780 992 923 1047 serie
963 990 1235 1047 declinavi
1270 1008 1283 1045 :
1339 991 1434 1046 sed
1464 991 1699 1045 intellexi
1800 1009 2017 1049 crucem
2046 1009 2198 1050 suam
2228 994 2423 1050 delicta
2454 995 2768 1051 donantem.

1871 1084 1963 1141 48.
2004 1086 2103 1139 Est
2140 1087 2303 1141 etiam
2352 1097 2723 1142 consummata
2774 1087 2979 1154 virtus,
3030 1097 3404 1145 consummata

1800 1177 2086 1247 sapientia,
2117 1187 2488 1233 consummata
2516 1179 2747 1248 justitia,
2781 1180 2875 1234 sed
2906 1179 3069 1236 habet
3101 1180 3283 1236 linem.
3315 1180 3407 1236 Fi-

1803 1268 1888 1323 nis
1914 1268 2155 1324 omnium
2187 1270 2441 1325 virtutum
2483 1269 2754 1338 Christus,
2788 1274 2878 1342 qui
2906 1272 3026 1341 ﬁnis
3055 1282 3129 1326 est
3156 1271 3308 1343 Legis
3334 1272 3403 1326 ad

1800 1360 2054 1428 iustitiam
2099 1362 2239 1415 omni
2269 1361 2494 1417 credenti
2524 1363 2703 1434 (liom.
2738 1380 2792 1432 Χ,
2822 1362 2903 1434 4).
2940 1363 3099 1419 Vides
3128 1366 3252 1432 quia
3281 1363 3405 1419 linis

1800 1464 1884 1509 est
1912 1453 2036 1509 lidei
2061 1454 2084 1507 ?
2109 1453 2256 1510 Bene
2292 1470 2422 1525 ergo
2448 1456 2522 1511 ait
2546 1473 2560 1513 :
2595 1456 2776 1512 Omnis
2815 1458 3271 1512 consummationis
3297 1457 3404 1512 vidi

1800 1547 1838 1615 fi
1843 1563 1976 1601 nem.

158 1085 391 1140 testimonia
419 1095 523 1137 tua.
565 1083 624 1139 Si
678 1083 825 1139 enim
852 1098 958 1137 non
1008 1083 1419 1151 intellexissem,
1448 1091 1699 1153 peccato-

156 1195 222 1234 res
242 1194 313 1233 me
339 1177 507 1247 utique
538 1176 614 1231 illi
649 1176 1036 1247 perdidissent.
1064 1176 1197 1245 Qua:
1241 1176 1482 1232 intellexi
1510 1175 1699 1247 utique

156 1271 725 1339 smsu,etiamoperihus
754 1280 970 1326 secutus
999 1270 1495 1342 sumznequeenim
1524 1270 1700 1327 nudus

156 1365 400 1420 intellectus
444 1373 550 1430 est,
580 1363 675 1420 sed
706 1379 863 1434 quem
889 1364 1052 1420 etiam
1091 1364 1230 1419 facta
1273 1372 1561 1419 testantur.
1587 1364 1694 1419 De-

154 1459 281 1525 niqne
302 1456 477 1512 Beatus
515 1456 605 1529 qui
634 1457 876 1530 intelligit
906 1473 1061 1525 super
1083 1473 1298 1528 egenum
1325 1466 1370 1511 et
1392 1472 1691 1529 pauperem.

155 1548 243 1609 (Pr.
264 1565 337 1614 ιι,
367 1550 435 1621 1).
462 1548 556 1605 llle
588 1550 770 1618 utique
794 1548 1046 1619 intelligit
1072 1564 1237 1619 super
1266 1547 1693 1619 pauperem,qui

153 1641 331 1712 iatgilul’
358 1643 593 1711 pauperi.
622 1641 753 1696 Nam
781 1640 908 1711 quid
936 1640 1166 1713 prodest
1210 1641 1454 1697 misereri
1485 1640 1686 1713 inopis,
1870 1641 1959 1696 49.
2003 1641 2156 1700 Nunc
2195 1644 2317 1716 quia
2348 1644 2831 1701 consummationis
2858 1644 3020 1701 linem
3050 1644 3398 1716 agnovimus,

153 1735 228 1788 nisi
246 1734 529 1789 alimoniam
553 1733 731 1789 eidem
761 1733 1050 1804 largiaris?
1802 1749 2160 1805 agnoscamus
2187 1738 2313 1807 quid
2344 1739 2415 1793 sit
2453 1757 2466 1792 :
2511 1737 2701 1791 Latum
2739 1738 3037 1793 mandatum
3068 1746 3211 1792 tuum
3254 1737 3405 1793 valde

205 1827 272 1884 l5.
298 1827 460 1896 (Vera.
490 1827 611 1896 96.)
642 1826 899 1896 Sequitur
947 1842 1135 1882 versus
1182 1834 1404 1881 octavus
1442 1841 1457 1877 :
1511 1825 1692 1879 Omnis
1723 1831 1771 1892 B
1798 1825 2013 1899 (Matth.
2044 1846 2136 1894 vn,
2166 1832 2276 1901 14).
2312 1832 2561 1903 Legimus
2589 1833 2729 1903 quod
2766 1822 2994 1903 angusta
3024 1833 3094 1887 sit
3122 1841 3271 1901 porta
3304 1846 3403 1901 per

152 1922 543 1976 consummationis
599 1921 704 1974 ridi
756 1921 909 1990 ﬁnem
951 1938 969 1986 ;
1011 1921 1327 1992 ampliﬁcum
1392 1920 1695 1975 mandatum
1799 1938 1960 1994 quam
1992 1924 2382 1993 ingrediantur,
2411 1926 2502 1997 qui
2530 1934 2750 1981 aeternae
2784 1927 2905 1981 vita:
2932 1926 3167 1981 fructum
3198 1925 3401 1994 adipis-

151 2026 257 2069 tinnn
279 2016 424 2071 valde.
453 2015 576 2070 Non
599 2030 885 2086 possumus
908 2014 958 2069 in
979 2014 1231 2071 omnibus
1253 2016 1358 2071 vim
1383 2014 1558 2072 Graeci
1577 2030 1695 2071 ser-
1800 2027 2015 2072 cuntur.
2048 2016 2185 2071 Rara
2209 2020 2354 2073 enim
2377 2020 2546 2073 virtus
2566 2028 2623 2074 et
2650 2017 2886 2074 difﬁcilis
2914 2020 3226 2088 passionum
3260 2017 3398 2073 tole-

150 2111 284 2164 innuis
311 2110 641 2180 exprimere;
675 2107 849 2179 major
877 2108 930 2163 in
959 2108 1151 2165 Graeco
1181 2109 1501 2177 plerumque
1530 2108 1612 2163 vis
1642 2117 1699 2163 et
1800 2109 1993 2164 rantia.
2025 2110 2216 2166 Plures
2246 2120 2370 2166 sunt
2394 2112 2483 2182 qui
2512 2111 2696 2166 saeculi
2727 2110 2885 2181 hujus
2912 2112 3149 2180 spatiosa
3184 2120 3399 2167 secten-

149 2217 299 2272 pmnpa
322 2202 587 2257 sermonis
608 2211 710 2256 est.
742 2201 894 2261 Τέλος
934 2198 1134 2253 dicitur
1175 2198 1395 2264 Graece,
1425 2198 1570 2269 quod
1598 2212 1699 2253 nos
1802 2210 1909 2266 tur,
1938 2202 2029 2271 qui
2060 2200 2242 2256 dicant
2271 2220 2284 2255 :
2317 2203 2559 2273 Angusta
2588 2212 2643 2258 et
2673 2211 2818 2258 arcta
2851 2202 3008 2258 nobis
3035 2211 3120 2257 est
3144 2203 3251 2268 via,
3281 2217 3404 2273 quae

148 2294 297 2350 Latine
321 2302 370 2351 et
411 2295 577 2350 linem
607 2294 838 2348 dicimus
886 2302 941 2349 et
966 2293 1528 2358 consummationem;
1557 2294 1699 2353 τέλος
1802 2293 1868 2347 ad
1898 2293 2181 2350 Dominum
2210 2294 2392 2363 ducit,
2424 2296 2760 2351 conterimur
2784 2293 2837 2349 in
2872 2294 2962 2349 illa
2984 2335 3001 2361 ,
3033 2295 3405 2365 relinquamus

146 2396 289 2441 autem
315 2396 360 2443 et
384 2386 875 2443 consummationis
899 2386 1069 2456 ipsius
1104 2384 1226 2439 linis
1266 2395 1370 2451 est,
1403 2384 1544 2440 sicut
1574 2383 1699 2439 linis
1799 2400 1941 2441 eam.
1970 2386 2253 2455 Quomodo
2281 2403 2410 2459 ergo
2441 2389 2573 2443 dicit
2600 2387 2869 2459 Propheta
2898 2388 3064 2443 latum
3090 2387 3402 2444 mandatum

143 2480 269 2551 Legis
288 2491 360 2537 est
382 2480 631 2537 Christus
678 2479 744 2536 ad
770 2479 1035 2550 justitiam
1066 2478 1210 2533 omni
1239 2477 1483 2535 credenti
1515 2478 1694 2551 (Rom.
1803 2479 1931 2547 Dei,
1965 2489 2019 2536 et
2044 2480 2201 2536 valde
2246 2480 2449 2537 latum?
2480 2479 2607 2537 ldeo
2650 2481 2776 2552 quia
2820 2490 3059 2553 angusta:
3101 2481 3203 2535 via:
3234 2480 3404 2535 latum

147 2590 187 2640 χ,
216 2576 294 2646 tv).
332 2575 495 2631 [Iabes
514 2575 824 2644 scriptum:
862 2571 997 2627 Ecce
1019 2589 1111 2642 ego
1132 2571 1392 2626 vobiscum
1421 2588 1535 2625 simi
1800 2572 2113 2629 mandatum
2146 2575 2510 2631 necessarium
2544 2584 2649 2631 est.
2704 2575 2944 2645 Denique
2992 2574 3077 2629 hic
3110 2575 3224 2644 ipse
3271 2574 3404 2629 Pro-

146 2684 274 2736 κείνω
308 2668 369 2722 ad
405 2667 893 2724 consummationem
915 2664 1091 2719 διεσαιὶ
1117 2663 1333 2735 (Matth.
1366 2678 1555 2725 xxvm.
1578 2662 1697 2732 20).
1801 2668 1963 2738 pheta
1991 2668 2066 2722 ait
2096 2685 2109 2721 ;
2138 2666 2205 2722 In
2237 2667 2563 2722 tribulatione
2588 2666 2820 2721 dilatasti
2851 2664 2977 2718 mihi
3013 2664 3187 2738 (Psal.
3222 2680 3293 2732 tv,
3321 2664 3403 2737 2).

146 2758 496 2815 Consummatio
521 2774 666 2830 ergo
694 2758 877 2815 smculi
935 2757 1059 2811 linis
1108 2756 1580 2822 sweuliestﬁinis
1605 2769 1701 2809 au-
1802 2758 1869 2813 Et
1916 2760 2111 2815 iterum
2157 2777 2171 2813 :
2220 2758 2288 2814 In
2334 2759 2664 2814 tribulatione
2706 2758 2936 2812 invocavi
2985 2756 3302 2825 Dominum,
3355 2766 3403 2812 et

150 2863 233 2906 tem
290 2855 514 2909 omnium
570 2849 844 2906 Christus.
934 2847 1446 2903 Consummationes
1515 2854 1698 2901 autem
1801 2852 2247 2907 επααιιῑυὶιηιεεη
2277 2849 2759 2920 latitudine(Psal.
2793 2865 2961 2916 (ιιι-ιι,
2998 2848 3075 2922 5).

155 2946 317 3000 multa.
346 2947 436 3001 Est
454 2944 882 3009 consummatio,
912 2939 1130 3013 quando
1176 2938 1504 2995 resurrectio
1531 2944 1614 2993 est
1633 2936 1701 2991 ad

1873 2946 1965 3002 50.
2000 2945 2126 3001 Htec
2165 2944 2388 3001 latitttdo
2417 2943 2793 3000 mandatorum
2820 2944 3124 3000 cmlestium
3154 2957 3249 2998 cor
3269 2941 3403 2998 Pro-

144 3038 346 3094 salutem.
376 3037 829 3096 Consummatum
878 3049 1097 3107 quomte
1146 3047 1288 3104 opus
1340 3031 1539 3087 dicitur
1579 3046 1703 3101 per-
1802 3038 1979 3108 phetm
2006 3038 2265 3093 dilatabat
2290 3047 2343 3094 et
2369 3039 2629 3109 Apostoli.
2660 3038 2902 3109 Denique
2923 3046 2978 3093 et
3004 3038 3121 3108 ipse
3149 3035 3403 3093 dicebat:

146 3129 302 3185 lectum
342 3146 493 3203 opus.
546 3130 936 3187 Consnmmala
990 3125 1194 3181 malitia
1242 3124 1463 3189 (Παίων,
1492 3121 1547 3177 id
1591 3131 1697 3188 εει,
1807 3130 1878 3185 0s
1906 3141 2136 3185 nostrum
2172 3140 2309 3201 patet
2337 3131 2406 3185 ad
2432 3146 2541 3197 vos,
2577 3148 2606 3185 ο
2633 3129 2921 3195 Corinthii,
2953 3147 3041 3185 cor
3068 3139 3295 3185 nostrum
3326 3129 3408 3185 di-

144 3224 287 3292 plena,
309 3227 384 3281 cui
413 3225 547 3281 nihil
578 3222 724 3280 desit
764 3222 832 3277 ad
889 3220 1126 3276 studium
1156 3225 1213 3274 et
1239 3228 1411 3273 artem
1443 3214 1692 3271 nocendi.
1724 3211 1771 3275 C
1806 3221 2019 3276 latarum
2064 3230 2136 3277 est
2176 3220 2249 3292 (Il
2292 3221 2413 3277 Cor.
2442 3238 2530 3289 vt,
2562 3222 2675 3295 11).
2708 3221 3085 3291 DiSpensaudo
3124 3221 3268 3277 enim
3296 3236 3406 3277 cm-

146 3315 217 3369 E~l
240 3317 623 3373 consummatio
650 3314 906 3377 hominis,
957 3324 1012 3369 et
1050 3312 1233 3366 multa:
1271 3307 1701 3364 consummatio-
1803 3314 1960 3370 lestia
1992 3313 2275 3384 mandata,
2305 3330 2401 3371 cor
2426 3330 2580 3370 suum
2612 3314 2934 3371 dilataverat
2964 3332 2977 3368 :
3009 3324 3066 3370 et
3110 3313 3255 3385 quod
3280 3321 3408 3371 ante

144 3426 234 3473 nes,
261 3412 419 3469 donec
439 3411 506 3467 ad
535 3410 841 3483 perlectum
869 3407 1071 3462 veniat.
1805 3408 2199 3478 persecutionis
2231 3406 2453 3477 pertidia
2480 3407 2825 3474 coarctahat,
2853 3409 2954 3462 hoc
2984 3406 3186 3463 Christi
3216 3406 3408 3477 ampli-

198 3502 271 3557 46.
299 3503 541 3576 Legimus
594 3517 725 3575 ergo
754 3511 809 3557 et
836 3498 1361 3556 consummationem
1393 3493 1602 3561 saeculi,
1628 3492 1704 3549 le-
1807 3499 1991 3555 licavit
2025 3499 2216 3570 gratia.
2258 3499 2328 3553 Et
2364 3515 2465 3569 qua
2506 3498 2716 3555 ratione
2756 3498 2925 3553 latum
2957 3497 3305 3553 mandatum?
3330 3496 3409 3553 Ne

142 3594 283 3665 gintus
307 3608 358 3654 et
385 3597 569 3654 linem.
605 3596 685 3652 De
710 3593 1180 3650 consummatione
1204 3588 1392 3645 smculi
1425 3603 1586 3659 supra
1608 3601 1705 3657 po-
1808 3606 1909 3647 nos
1952 3601 2293 3647 coarctemur
2341 3591 2606 3662 angustiis
2648 3591 3048 3646 mandatorum.
3084 3589 3239 3645 Unde
3286 3590 3358 3644 ait
3394 3606 3407 3643 :

145 3688 310 3743 suimus
332 3690 669 3759 exemplum,
696 3700 858 3757 quam
892 3684 1141 3754 sequitur
1164 3681 1493 3737 resurrectio
1518 3696 1530 3733 :
1557 3679 1707 3736 Sicut
1814 3684 1935 3741 Non
1959 3686 2327 3758 angustiamini
2355 3686 2409 3739 in
2437 3685 2581 3741 nobis
2607 3683 2796 3754 (lbid.,
2823 3681 2935 3755 12).
2968 3682 3023 3739 Si
3054 3682 3157 3739 hoc
3182 3682 3407 3747 Paulus,

144 3782 256 3836 enim
276 3783 322 3838 in
340 3783 504 3838 Adam
528 3798 714 3839 omnes
732 3781 1054 3835 moriuntur:
1079 3778 1151 3831 ita
1173 3787 1219 3831 et
1241 3777 1293 3831 in
1316 3774 1519 3830 Christo
1535 3788 1707 3828 omnes
1809 3786 2011 3849 quanto
2042 3779 2211 3849 magis
2241 3777 2519 3843 Christus,
2560 3775 2650 3847 qui
2697 3775 2883 3830 clausa
2929 3774 3225 3830 reseravit?
3268 3771 3414 3844 Ergo

150 3876 493 3941 viviﬁcabuntur
550 3876 600 3950 (l
630 3874 753 3932 Cor.
794 3871 1026 3944 xv,22).
1074 3871 1204 3926 Post
1251 3870 1709 3924 resurrectionem
1810 3869 1981 3926 dicit:
2012 3870 2148 3925 Nolo
2191 3877 2500 3926 coarctetur
2527 3868 2581 3923 in
2612 3883 2700 3923 me
2733 3866 2963 3939 populus
3002 3880 3174 3921 meus.
3209 3865 3266 3919 In
3312 3880 3410 3917 an-

148 3969 323 4043 1129
344 3970 783 4029 consummatio:
821 3967 1181 4035 Unusquisque
1221 3972 1398 4018 autent
1427 3964 1482 4017 in
1504 3977 1598 4017 suo
1619 3975 1709 4015 or-
1811 3973 1972 4033 gusto
2000 3964 2259 4018 virtutum
2292 3962 2507 4017 tramite
2552 3961 2713 4016 debet
2739 3958 2971 4035 latitudo
3008 3956 3259 4027 praecepti
3303 3956 3411 4011 mei

145 4060 269 4127 dine;
284 4064 789 4135 primitiwChristus,
808 4062 1044 4118 deindeii
1069 4060 1294 4131 quisunt
1317 4056 1634 4128 Christi,qui
1656 4055 1711 4110 in
1818 4056 2088 4112 viantibus
2127 4070 2250 4111 esse
2278 4054 2504 4119 solatio;
2547 4066 2616 4109 ne
2657 4052 2778 4123 quis
2818 4049 3054 4108 deﬁcere
3085 4048 3290 4121 possit,
3320 4054 3416 4103 aut

140 4153 380 4213 adventum
420 4163 535 4233 ejus
569 4157 953 4221 crediderunt;
1001 4153 1187 4208 deinde
1216 4152 1357 4222 ﬁnis,
1387 4168 1503 4205 cum
1550 4148 1715 4203 tradi-
1815 4149 2047 4207 conteri.

142 4247 249 4299 derit
272 4266 472 4322 regnum
515 4251 627 4307 Deo
672 4260 720 4306 et
752 4248 924 4317 Patri,
978 4248 1105 4302 dum
1145 4246 1466 4301 ettacuaverit
1510 4260 1713 4299 omnem
1893 4240 2105 4315 1130
2131 4240 2222 4297 51.
2250 4239 2601 4296 Ambulcmus
2622 4253 2749 4311 ergo
2773 4239 2824 4295 in
2853 4238 2945 4294 Dei
2972 4236 3257 4306 mandato;
3290 4236 3415 4311 quia

140 4341 449 4415 principatum
478 4357 529 4402 et
546 4354 862 4417 potestatem
884 4341 1077 4413 (Ibid.,
1108 4342 1180 4397 25
1211 4351 1257 4394 et
1280 4339 1396 4409 24).
1423 4338 1568 4409 Ergo
1583 4351 1714 4393 con-
1815 4338 1947 4391 satis
1976 4335 2144 4391 latum
2175 4342 2280 4391 est.
2324 4333 2423 4389 Est
2463 4334 2605 4390 enim
2650 4333 2815 4390 latum
2845 4333 3158 4391 mandatum
3200 4335 3416 4404 sapien-

140 4439 522 4497 summationem
550 4438 745 4495 saeculi
773 4435 1019 4507 sequitur
1045 4433 1168 4489 linis
1190 4432 1345 4504 juxta
1368 4428 1708 4503 Apostolum.
1819 4426 1937 4492 lilB,
1980 4442 2103 4499 qua:
2128 4425 2184 4482 in
2208 4428 2355 4484 exitu
2382 4426 2616 4493 canitur,
2647 4427 2699 4482 in
2729 4427 2920 4499 plateis
2943 4436 3125 4484 autem
3155 4426 3419 4483 liduciali-

140 4522 267 4585 Unde
283 4530 555 4605 colligitur
576 4529 724 4603 quod
770 4536 1026 4601 sequatur
1056 4526 1181 4583 linis
1210 4540 1427 4582 omnem
1455 4538 1713 4580 consum-

138 4621 422 4679 litationem.

191 4710 269 4770 47.
309 4715 539 4774 Mundus
569 4718 624 4773 in
653 4716 891 4789 maligno
919 4716 1125 4787 positus
1155 4722 1261 4780 est,
1295 4722 1356 4768 ut
1380 4711 1522 4767 dixit
1548 4710 1715 4766 Joan-

137 4818 217 4859 nes
241 4807 282 4876 (l
306 4808 466 4866 Joan.
492 4826 551 4878 v,
588 4809 678 4882 19)
704 4828 716 4863 :
747 4817 954 4881 ergoet
980 4807 1240 4864 saeculum
1271 4810 1323 4862 in
1347 4804 1584 4876 maligno
1606 4811 1708 4869 est,

135 4898 335 4957 mundus
378 4902 580 4975 plenus
627 4903 857 4974 peccati.
910 4900 1402 4959 Consummaverat
1449 4897 1708 4954 malitiam

136 5005 263 5047 suam
290 4997 551 5066 mundus,
582 4997 722 5052 sicut
748 5005 1223 5053 consummaverat
1249 4993 1377 5050 Saul
1401 5034 1416 5059 ,
1447 4992 1601 5062 cujus
1630 4991 1712 5046 vi-

133 5082 245 5141 dens
268 5101 701 5147 consummatam
723 5090 987 5146 malitiam
1015 5088 1277 5144 Jonatlias
1300 5086 1445 5141 ﬁlius
1469 5086 1520 5139 in
1546 5082 1712 5140 David

134 5181 419 5248 prephetam
438 5223 455 5249 ,
487 5183 672 5240 eidem
701 5182 967 5239 nuntiavit
994 5192 1053 5237 ut
1082 5180 1385 5237 declinaret
1410 5188 1465 5234 et
1504 5177 1716 5249 fugeret

136 5266 171 5337 (l
191 5268 307 5344 Reg.
341 5290 433 5342 xx,
463 5274 590 5347 38).
622 5275 718 5330 Est
740 5288 871 5347 ergo
899 5273 1295 5330 consummatio
1320 5272 1560 5340 malitiae,
1584 5286 1718 5325 con-

133 5369 393 5425 summatio
444 5379 815 5442 peccatorum.
863 5370 1022 5426 \‘enit
1065 5370 1248 5440 Agnus
1294 5366 1431 5433 Dei,
1464 5365 1553 5437 qui
1602 5362 1725 5419 tulit

133 5470 386 5525 poculum
416 5463 638 5528 mundi,
668 5463 759 5535 qui
787 5473 871 5520 est
898 5464 1143 5519 Christus
1169 5461 1358 5527 Jesus,
1393 5459 1516 5515 linis
1542 5456 1722 5529 Legis,

132 5553 431 5624 principium
476 5567 539 5614 et
584 5557 743 5625 ﬁnis,
788 5568 843 5614 et
887 5557 1137 5613 remissio
1169 5564 1537 5627 peccatorum.
1567 5551 1723 5606 Hunc

131 5640 273 5701 linem
301 5649 795 5707 consummationis
821 5648 957 5705 vidit
985 5647 1255 5720 Pmpheta
1284 5648 1338 5703 in
1370 5644 1596 5718 spiritu,
1632 5641 1723 5714 qui

1818 4529 1900 4578 ter
1929 4522 2066 4592 agit;
2098 4522 2313 4578 πλατεῖα
2339 4520 2484 4577 enim
2512 4519 2691 4576 Graeci
2720 4521 2987 4575 sermonis
3017 4529 3099 4575 est
3119 4561 3133 4581 ,
3167 4534 3288 4589 quae
3317 4515 3423 4574 La-

1736 4597 1787 4658 Ῑ)
1815 4615 1925 4669 tine
1955 4614 2157 4669 dicitur
2200 4612 2451 4669 latitudo.
2486 4612 2782 4669 Dilatemus
2829 4612 2990 4684 igitur
3018 4628 3114 4668 cor
3142 4622 3417 4679 nostrum;

1814 4717 1870 4761 ut
1914 4706 2245 4778 recipiamus
2275 4706 2601 4776 Aposmlicie
2647 4707 2756 4760 vim
2800 4708 3116 4771 sententiae,
3150 4721 3271 4777 qute
3299 4707 3374 4761 ait
3404 4724 3417 4761 :

1815 4799 1997 4871 Capite
2028 4815 2120 4853 nos
2152 4798 2220 4861 (II
2247 4798 2368 4853 Cor.
2394 4813 2492 4867 vn,
2517 4798 2599 4868 2).
2633 4796 2978 4868 Recipiamns
3003 4813 3136 4870 ergo
3162 4798 3281 4868 ejus
3306 4813 3424 4855 ser-

1813 4908 2003 4949 mones
2032 4893 2084 4947 in
2111 4906 2208 4950 cor
2233 4898 2479 4947 nostrum
2512 4908 2526 4945 :
2554 4888 2844 4945 induamtts
2870 4890 3083 4947 viscera
3113 4890 3426 4947 misericor-

1816 4986 1941 5053 diae,
1966 4986 2375 5059 benignitatem,
2403 4983 2784 5050 humilitatem,
2812 4983 3145 5052 patientiam.
3168 4985 3213 5040 0
3234 4983 3422 5053 homo,

1822 5094 1984 5151 quam
2012 5080 2156 5134 latus
2182 5094 2265 5145 es,
2294 5079 2339 5133 si
2366 5076 2432 5132 ad
2462 5075 2874 5147 amplitudinem
2899 5084 3292 5147 prteceptorum
3315 5090 3430 5133 c03-

1827 5172 2043 5227 lestium
2076 5171 2254 5227 sinum
2302 5170 2499 5226 mentis
2544 5176 2651 5225 tute
2696 5169 3007 5241 expandas!
3045 5169 3217 5239 Quam
3258 5168 3426 5224 latum

1828 5264 2140 5321 mandatum
2171 5273 2255 5321 est
2299 5262 2607 5320 charitatis!
2659 5261 2909 5335 Diligite,
2956 5262 3161 5334 inquit,
3194 5261 3428 5316 inimicos

1827 5367 2018 5414 vestros
2048 5356 2265 5430 (Matth.
2295 5372 2350 5422 ν,
2383 5353 2500 5427 44).
2529 5354 2733 5412 Omnes
2763 5354 2949 5425 utique
2981 5355 3033 5409 in
3077 5352 3271 5408 auectu
3301 5350 3431 5407 cha-

1829 5451 2006 5508 ritatis
2038 5449 2289 5517 inclusit,
2323 5449 2414 5521 qui
2442 5463 2551 5505 non
2579 5446 2810 5505 exclusit
2832 5445 3100 5502 inimicos.
3129 5446 3261 5513 Quis
3285 5445 3430 5501 enim

1829 5544 2043 5601 videtur
2085 5552 2378 5613 exceptus,
2430 5557 2552 5598 cum
2602 5541 2896 5611 recipiatur
2944 5538 3230 5595 inimicus?
3276 5537 3435 5595 Unde

1830 5638 2145 5710 Apostolus,
2178 5636 2240 5692 Si
2265 5636 2400 5707 ﬁeri,
2428 5634 2634 5707 inquit,
2667 5643 2902 5706 potest...
2936 5650 3051 5689 cum
3081 5632 3315 5689 omnibus
3343 5632 3435 5690 Ito-

131 5802 220 5864 Sed
246 5811 425 5882 verba,
460 5830 529 5871 ea:
557 5822 761 5885 pectore
791 5813 965 5883 ﬁdem,
1002 5811 1055 5869 in
1088 5809 1309 5883 scriptis
1337 5808 1461 5867 cod.
1489 5802 2012 5879 praetermittuntur,
2051 5813 2151 5857 nec
2173 5797 2427 5856 videntur
2448 5796 2730 5858 contextui
2759 5798 3085 5859 necessaria.
