  <div class='ocr_page' id='page_1' title='image "/cluster/home/n/w/nwhite01/storage/ocr_20150623/15/uva.x000826533/105.png"; bbox 0 0 3948 6384; ppageno 0'>
   <div class='ocr_carea' id='block_1_1' title="bbox 535 246 678 318">
    <p class='ocr_par' dir='ltr' id='par_1_1' title="bbox 535 246 678 318">
     <span class='ocr_line' id='line_1_1' title="bbox 535 246 678 318; baseline -0.007 -1"><span class='ocrx_word' id='word_1_1' title='bbox 535 246 678 318; x_wconf 70' lang='grc'><strong>1579</strong></span> 
     </span>
    </p>
   </div>
   <div class='ocr_carea' id='block_1_2' title="bbox 1892 235 2503 314">
    <p class='ocr_par' dir='ltr' id='par_1_2' title="bbox 1892 235 2503 314">
     <span class='ocr_line' id='line_1_2' title="bbox 1892 235 2503 314; baseline -0.002 -6"><span class='ocrx_word' id='word_1_2' title='bbox 1892 247 2136 312; x_wconf 73' lang='lat' dir='ltr'><strong>SANCTI</strong></span> <span class='ocrx_word' id='word_1_3' title='bbox 2175 235 2503 314; x_wconf 72' lang='lat' dir='ltr'><strong>AMBROSIl</strong></span> 
     </span>
    </p>
   </div>
   <div class='ocr_carea' id='block_1_3' title="bbox 3706 233 3830 310">
    <p class='ocr_par' dir='ltr' id='par_1_3' title="bbox 3706 233 3830 310">
     <span class='ocr_line' id='line_1_3' title="bbox 3706 233 3830 310; baseline 0.008 -5"><span class='ocrx_word' id='word_1_4' title='bbox 3706 233 3830 310; x_wconf 67' lang='lat'><strong>1580</strong></span> 
     </span>
    </p>
   </div>
   <div class='ocr_carea' id='block_1_4' title="bbox 531 355 3832 440">
    <p class='ocr_par' dir='ltr' id='par_1_4' title="bbox 531 355 3832 440">
     <span class='ocr_line' id='line_1_4' title="bbox 531 355 3832 440; baseline -0.004 -15"><span class='ocrx_word' id='word_1_5' title='bbox 531 373 754 426; x_wconf 79' lang='lat' dir='ltr'><strong>minibus</strong></span> <span class='ocrx_word' id='word_1_6' title='bbox 783 385 956 440; x_wconf 82' lang='lat' dir='ltr'><strong>pacem</strong></span> <span class='ocrx_word' id='word_1_7' title='bbox 985 369 1224 424; x_wconf 71' lang='lat' dir='ltr'><strong>habentes</strong></span> <span class='ocrx_word' id='word_1_8' title='bbox 1255 367 1433 436; x_wconf 82' lang='lat' dir='ltr'><strong>(Rom.</strong></span> <span class='ocrx_word' id='word_1_9' title='bbox 1465 382 1502 430; x_wconf 85' lang='grc' dir='ltr'><strong>ι,</strong></span> <span class='ocrx_word' id='word_1_10' title='bbox 1538 365 1648 434; x_wconf 83' lang='grc'>18).</span> <span class='ocrx_word' id='word_1_11' title='bbox 1681 363 1799 420; x_wconf 86' lang='lat' dir='ltr'><strong>Non</strong></span> <span class='ocrx_word' id='word_1_12' title='bbox 1831 364 2132 435; x_wconf 86' lang='lat' dir='ltr'><strong>potestboc</strong></span> <span class='ocrx_word' id='word_1_13' title='bbox 2160 367 2203 425; x_wconf 81' lang='grc' dir='ltr'><strong>Α</strong></span> <span class='ocrx_word' id='word_1_14' title='bbox 2237 378 2399 418; x_wconf 86' lang='lat' dir='ltr'><strong>aurea</strong></span> <span class='ocrx_word' id='word_1_15' title='bbox 2443 369 2500 416; x_wconf 90' lang='lat' dir='ltr'><strong>et</strong></span> <span class='ocrx_word' id='word_1_16' title='bbox 2537 365 2834 432; x_wconf 84' lang='lat' dir='ltr'><strong>argentea;</strong></span> <span class='ocrx_word' id='word_1_17' title='bbox 2888 365 2947 416; x_wconf 87' lang='lat' dir='ltr'><strong>ut</strong></span> <span class='ocrx_word' id='word_1_18' title='bbox 2998 357 3176 412; x_wconf 87' lang='lat' dir='ltr'><strong>omnis</strong></span> <span class='ocrx_word' id='word_1_19' title='bbox 3229 355 3555 428; x_wconf 88' lang='lat' dir='ltr'><strong>sapientium</strong></span> <span class='ocrx_word' id='word_1_20' title='bbox 3609 371 3832 421; x_wconf 86' lang='lat' dir='ltr'><strong>sensus,</strong></span> 
     </span>
    </p>
   </div>
   <div class='ocr_carea' id='block_1_5' title="bbox 532 457 2133 531">
    <p class='ocr_par' dir='ltr' id='par_1_5' title="bbox 532 457 2133 531">
     <span class='ocr_line' id='line_1_5' title="bbox 532 457 2133 531; baseline -0.006 -11"><span class='ocrx_word' id='word_1_21' title='bbox 532 465 734 520; x_wconf 82' lang='lat' dir='ltr'><strong>Judaeis</strong></span> <span class='ocrx_word' id='word_1_22' title='bbox 760 463 864 518; x_wconf 92' lang='lat' dir='ltr'><strong>dici</strong></span> <span class='ocrx_word' id='word_1_23' title='bbox 887 505 900 529; x_wconf 95' lang='lat'><strong>,</strong></span> <span class='ocrx_word' id='word_1_24' title='bbox 951 477 1056 516; x_wconf 90' lang='lat' dir='ltr'><strong>non</strong></span> <span class='ocrx_word' id='word_1_25' title='bbox 1097 460 1348 531; x_wconf 76' lang='lat' dir='ltr'><strong>gentibus</strong></span> <span class='ocrx_word' id='word_1_26' title='bbox 1368 501 1384 525; x_wconf 93' lang='lat'><strong>,</strong></span> <span class='ocrx_word' id='word_1_27' title='bbox 1428 466 1487 514; x_wconf 90' lang='lat' dir='ltr'><strong>ut</strong></span> <span class='ocrx_word' id='word_1_28' title='bbox 1512 473 1634 514; x_wconf 91' lang='lat' dir='ltr'><strong>cum</strong></span> <span class='ocrx_word' id='word_1_29' title='bbox 1663 457 1916 512; x_wconf 85' lang='lat' dir='ltr'><strong>omnibus</strong></span> <span class='ocrx_word' id='word_1_30' title='bbox 1946 471 2133 526; x_wconf 89' lang='lat' dir='ltr'><strong>pacem</strong></span> 
     </span>
    </p>
   </div>
   <div class='ocr_carea' id='block_1_6' title="bbox 535 549 2134 621">
    <p class='ocr_par' dir='ltr' id='par_1_6' title="bbox 535 549 2134 621">
     <span class='ocr_line' id='line_1_6' title="bbox 535 549 2134 621; baseline -0.006 -9"><span class='ocrx_word' id='word_1_31' title='bbox 535 557 787 612; x_wconf 87' lang='lat' dir='ltr'><strong>habeant.</strong></span> <span class='ocrx_word' id='word_1_32' title='bbox 857 554 932 608; x_wconf 93' lang='lat' dir='ltr'><strong>llli</strong></span> <span class='ocrx_word' id='word_1_33' title='bbox 979 553 1070 608; x_wconf 88' lang='lat' dir='ltr'><strong>vix</strong></span> <span class='ocrx_word' id='word_1_34' title='bbox 1110 567 1238 608; x_wconf 88' lang='lat' dir='ltr'><strong>suos</strong></span> <span class='ocrx_word' id='word_1_35' title='bbox 1280 551 1510 621; x_wconf 84' lang='lat' dir='ltr'><strong>diligunt</strong></span> <span class='ocrx_word' id='word_1_36' title='bbox 1553 568 1564 603; x_wconf 91' lang='lat'>:</span> <span class='ocrx_word' id='word_1_37' title='bbox 1619 549 1924 606; x_wconf 85' lang='lat' dir='ltr'><strong>Christiano</strong></span> <span class='ocrx_word' id='word_1_38' title='bbox 1973 549 2134 603; x_wconf 87' lang='lat' dir='ltr'><strong>etiam</strong></span> 
     </span>
    </p>
   </div>
   <div class='ocr_carea' id='block_1_7' title="bbox 537 639 2134 706">
    <p class='ocr_par' dir='ltr' id='par_1_7' title="bbox 537 639 2134 706">
     <span class='ocr_line' id='line_1_7' title="bbox 537 639 2134 706; baseline -0.006 -4"><span class='ocrx_word' id='word_1_39' title='bbox 537 646 788 702; x_wconf 86' lang='lat' dir='ltr'><strong>inimicos</strong></span> <span class='ocrx_word' id='word_1_40' title='bbox 815 660 920 698; x_wconf 91' lang='lat' dir='ltr'><strong>nou</strong></span> <span class='ocrx_word' id='word_1_41' title='bbox 946 644 1073 698; x_wconf 91' lang='lat' dir='ltr'><strong>licet</strong></span> <span class='ocrx_word' id='word_1_42' title='bbox 1093 657 1200 706; x_wconf 82' lang='lat' dir='ltr'><strong>non</strong></span> <span class='ocrx_word' id='word_1_43' title='bbox 1224 658 1428 704; x_wconf 84' lang='lat' dir='ltr'><strong>amare.</strong></span> <span class='ocrx_word' id='word_1_44' title='bbox 1449 641 1816 698; x_wconf 85' lang='lat' dir='ltr'><strong>Christianum</strong></span> <span class='ocrx_word' id='word_1_45' title='bbox 1840 655 1961 695; x_wconf 92' lang='lat' dir='ltr'><strong>cum</strong></span> <span class='ocrx_word' id='word_1_46' title='bbox 1990 639 2134 705; x_wconf 88' lang='lat' dir='ltr'><strong>dico,</strong></span> 
     </span>
    </p>
   </div>
   <div class='ocr_carea' id='block_1_8' title="bbox 535 731 2137 808">
    <p class='ocr_par' dir='ltr' id='par_1_8' title="bbox 535 731 2137 808">
     <span class='ocr_line' id='line_1_8' title="bbox 535 731 2137 808; baseline -0.004 -15"><span class='ocrx_word' id='word_1_47' title='bbox 535 737 836 808; x_wconf 81' lang='lat' dir='ltr'><strong>perfectum</strong></span> <span class='ocrx_word' id='word_1_48' title='bbox 861 736 1012 802; x_wconf 83' lang='lat' dir='ltr'><strong>dico;</strong></span> <span class='ocrx_word' id='word_1_49' title='bbox 1042 734 1097 792; x_wconf 89' lang='lat' dir='ltr'><strong>in</strong></span> <span class='ocrx_word' id='word_1_50' title='bbox 1123 733 1342 799; x_wconf 83' lang='lat' dir='ltr'><strong>Christo</strong></span> <span class='ocrx_word' id='word_1_51' title='bbox 1370 735 1512 790; x_wconf 86' lang='lat' dir='ltr'><strong>enim</strong></span> <span class='ocrx_word' id='word_1_52' title='bbox 1537 732 1819 804; x_wconf 92' lang='lat' dir='ltr'><strong>plenitudo</strong></span> <span class='ocrx_word' id='word_1_53' title='bbox 1841 731 2137 788; x_wconf 71' lang='lat' dir='ltr'><strong>divinitatis</strong></span> 
     </span>
    </p>
   </div>
   <div class='ocr_carea' id='block_1_9' title="bbox 534 822 2139 896">
    <p class='ocr_par' dir='ltr' id='par_1_9' title="bbox 534 822 2139 896">
     <span class='ocr_line' id='line_1_9' title="bbox 534 822 2139 896; baseline -0.003 -15"><span class='ocrx_word' id='word_1_54' title='bbox 534 837 639 892; x_wconf 78' lang='lat' dir='ltr'><strong>est,</strong></span> <span class='ocrx_word' id='word_1_55' title='bbox 669 827 822 896; x_wconf 86' lang='lat' dir='ltr'><strong>cujus</strong></span> <span class='ocrx_word' id='word_1_56' title='bbox 853 841 1050 882; x_wconf 82' lang='lat' dir='ltr'><strong>nomen</strong></span> <span class='ocrx_word' id='word_1_57' title='bbox 1081 840 1332 896; x_wconf 82' lang='lat' dir='ltr'><strong>usurpas.</strong></span> <span class='ocrx_word' id='word_1_58' title='bbox 1363 825 1464 892; x_wconf 85' lang='lat' dir='ltr'><strong>Qui</strong></span> <span class='ocrx_word' id='word_1_59' title='bbox 1498 824 1814 881; x_wconf 74' lang='lat' dir='ltr'><strong>vocabulum</strong></span> <span class='ocrx_word' id='word_1_60' title='bbox 1846 822 2024 894; x_wconf 86' lang='lat' dir='ltr'><strong>geris,</strong></span> <span class='ocrx_word' id='word_1_61' title='bbox 2057 822 2139 876; x_wconf 87' lang='lat' dir='ltr'><strong>in-</strong></span> 
     </span>
    </p>
   </div>
   <div class='ocr_carea' id='block_1_10' title="bbox 536 915 2139 990">
    <p class='ocr_par' dir='ltr' id='par_1_10' title="bbox 536 915 2139 990">
     <span class='ocr_line' id='line_1_10' title="bbox 536 915 2139 990; baseline -0.002 -18"><span class='ocrx_word' id='word_1_62' title='bbox 536 919 980 990; x_wconf 88' lang='lat' dir='ltr'><strong>terpretationem</strong></span> <span class='ocrx_word' id='word_1_63' title='bbox 1025 919 1272 973; x_wconf 80' lang='lat' dir='ltr'><strong>vocabuli</strong></span> <span class='ocrx_word' id='word_1_64' title='bbox 1323 917 1819 988; x_wconf 75' lang='lat' dir='ltr'><strong>perfectionemque</strong></span> <span class='ocrx_word' id='word_1_65' title='bbox 1860 931 1955 972; x_wconf 87' lang='lat' dir='ltr'><strong>cur</strong></span> <span class='ocrx_word' id='word_1_66' title='bbox 1992 915 2139 971; x_wconf 83' lang='lat' dir='ltr'><strong>refu-</strong></span> 
     </span>
    </p>
   </div>
   <div class='ocr_carea' id='block_1_11' title="bbox 533 1010 2140 1082">
    <p class='ocr_par' dir='ltr' id='par_1_11' title="bbox 533 1010 2140 1082">
     <span class='ocr_line' id='line_1_11' title="bbox 533 1010 2140 1082; baseline -0.004 -14"><span class='ocrx_word' id='word_1_67' title='bbox 533 1012 656 1082; x_wconf 86' lang='lat' dir='ltr'><strong>gis?</strong></span> <span class='ocrx_word' id='word_1_68' title='bbox 695 1011 836 1068; x_wconf 82' lang='lat' dir='ltr'><strong>Audi</strong></span> <span class='ocrx_word' id='word_1_69' title='bbox 881 1013 1044 1074; x_wconf 84' lang='lat' dir='ltr'><strong>latum</strong></span> <span class='ocrx_word' id='word_1_70' title='bbox 1074 1011 1386 1068; x_wconf 85' lang='lat' dir='ltr'><strong>mandatum</strong></span> <span class='ocrx_word' id='word_1_71' title='bbox 1414 1028 1425 1066; x_wconf 88' lang='lat'><strong>:</strong></span> <span class='ocrx_word' id='word_1_72' title='bbox 1458 1010 1750 1065; x_wconf 88' lang='lat' dir='ltr'><strong>Benedicitc</strong></span> <span class='ocrx_word' id='word_1_73' title='bbox 1790 1025 1876 1064; x_wconf 90' lang='lat' dir='ltr'><strong>eos</strong></span> <span class='ocrx_word' id='word_1_74' title='bbox 1911 1010 1998 1078; x_wconf 85' lang='lat' dir='ltr'><strong>qui</strong></span> <span class='ocrx_word' id='word_1_75' title='bbox 2023 1025 2140 1080; x_wconf 83' lang='lat' dir='ltr'><strong>per-</strong></span> 
     </span>
    </p>
   </div>
   <div class='ocr_carea' id='block_1_12' title="bbox 533 1102 2140 1174">
    <p class='ocr_par' dir='ltr' id='par_1_12' title="bbox 533 1102 2140 1174">
     <span class='ocr_line' id='line_1_12' title="bbox 533 1102 2140 1174; baseline -0.001 -13"><span class='ocrx_word' id='word_1_76' title='bbox 533 1116 816 1174; x_wconf 78' lang='lat' dir='ltr'><strong>sequuntur</strong></span> <span class='ocrx_word' id='word_1_77' title='bbox 842 1123 1050 1160; x_wconf 86' lang='lat' dir='ltr'><strong>vos.....</strong></span> <span class='ocrx_word' id='word_1_78' title='bbox 1078 1115 1125 1160; x_wconf 82' lang='lat' dir='ltr'><strong>et</strong></span> <span class='ocrx_word' id='word_1_79' title='bbox 1147 1107 1305 1161; x_wconf 85' lang='lat' dir='ltr'><strong>nolite</strong></span> <span class='ocrx_word' id='word_1_80' title='bbox 1330 1106 1632 1160; x_wconf 77' lang='lat' dir='ltr'><strong>maledicere</strong></span> <span class='ocrx_word' id='word_1_81' title='bbox 1661 1103 1855 1173; x_wconf 90' lang='lat' dir='ltr'><strong>(Ibid.,</strong></span> <span class='ocrx_word' id='word_1_82' title='bbox 1885 1102 2000 1174; x_wconf 72' lang='grc'>14).</span> <span class='ocrx_word' id='word_1_83' title='bbox 2033 1103 2140 1159; x_wconf 85' lang='lat' dir='ltr'><strong>Isle</strong></span> 
     </span>
    </p>
   </div>
   <div class='ocr_carea' id='block_1_13' title="bbox 533 1196 2138 1268">
    <p class='ocr_par' dir='ltr' id='par_1_13' title="bbox 533 1196 2138 1268">
     <span class='ocr_line' id='line_1_13' title="bbox 533 1196 2138 1268; baseline -0.004 -14"><span class='ocrx_word' id='word_1_84' title='bbox 533 1199 652 1268; x_wconf 90' lang='lat' dir='ltr'><strong>ipsc</strong></span> <span class='ocrx_word' id='word_1_85' title='bbox 677 1199 767 1268; x_wconf 92' lang='lat' dir='ltr'><strong>qui</strong></span> <span class='ocrx_word' id='word_1_86' title='bbox 796 1198 962 1253; x_wconf 86' lang='lat' dir='ltr'><strong>latum</strong></span> <span class='ocrx_word' id='word_1_87' title='bbox 1004 1198 1137 1253; x_wconf 88' lang='lat' dir='ltr'><strong>dicit</strong></span> <span class='ocrx_word' id='word_1_88' title='bbox 1177 1213 1298 1254; x_wconf 87' lang='lat' dir='ltr'><strong>esse</strong></span> <span class='ocrx_word' id='word_1_89' title='bbox 1325 1197 1668 1265; x_wconf 88' lang='lat' dir='ltr'><strong>mandatum,</strong></span> <span class='ocrx_word' id='word_1_90' title='bbox 1705 1196 1950 1267; x_wconf 85' lang='lat' dir='ltr'><strong>probavit</strong></span> <span class='ocrx_word' id='word_1_91' title='bbox 1977 1209 2138 1264; x_wconf 81' lang='lat' dir='ltr'><strong>supra</strong></span> 
     </span>
    </p>
   </div>
   <div class='ocr_carea' id='block_1_14' title="bbox 536 1288 2141 1362">
    <p class='ocr_par' dir='ltr' id='par_1_14' title="bbox 536 1288 2141 1362">
     <span class='ocr_line' id='line_1_14' title="bbox 536 1288 2141 1362; baseline 0 -18"><span class='ocrx_word' id='word_1_92' title='bbox 536 1291 766 1345; x_wconf 85' lang='lat' dir='ltr'><strong>dicens:</strong></span> <span class='ocrx_word' id='word_1_93' title='bbox 800 1289 894 1345; x_wconf 93' lang='lat' dir='ltr'><strong>Illi</strong></span> <span class='ocrx_word' id='word_1_94' title='bbox 936 1291 1145 1362; x_wconf 80' lang='lat' dir='ltr'><strong>quidem</strong></span> <span class='ocrx_word' id='word_1_95' title='bbox 1185 1291 1550 1357; x_wconf 73' lang='lat' dir='ltr'><strong>detrahebant,</strong></span> <span class='ocrx_word' id='word_1_96' title='bbox 1590 1307 1681 1361; x_wconf 86' lang='lat' dir='ltr'><strong>ego</strong></span> <span class='ocrx_word' id='word_1_97' title='bbox 1719 1299 1892 1345; x_wconf 86' lang='lat' dir='ltr'><strong>autem</strong></span> <span class='ocrx_word' id='word_1_98' title='bbox 1929 1288 2141 1350; x_wconf 78' lang='lat' dir='ltr'><strong>orabam</strong></span> 
     </span>
    </p>
   </div>
   <div class='ocr_carea' id='block_1_15' title="bbox 539 1381 2142 1452">
    <p class='ocr_par' dir='ltr' id='par_1_15' title="bbox 539 1381 2142 1452">
     <span class='ocr_line' id='line_1_15' title="bbox 539 1381 2142 1452; baseline 0.002 -16"><span class='ocrx_word' id='word_1_99' title='bbox 539 1381 711 1452; x_wconf 83' lang='lat' dir='ltr'><strong>(Psal.</strong></span> <span class='ocrx_word' id='word_1_100' title='bbox 743 1399 901 1448; x_wconf 86' lang='lat' dir='ltr'><strong>cvm,</strong></span> <span class='ocrx_word' id='word_1_101' title='bbox 941 1382 1020 1452; x_wconf 71' lang='grc'>4).</span> <span class='ocrx_word' id='word_1_102' title='bbox 1055 1382 1192 1452; x_wconf 86' lang='lat' dir='ltr'><strong>Quid</strong></span> <span class='ocrx_word' id='word_1_103' title='bbox 1241 1383 1467 1448; x_wconf 89' lang='lat' dir='ltr'><strong>orabas,</strong></span> <span class='ocrx_word' id='word_1_104' title='bbox 1520 1381 1718 1448; x_wconf 83' lang='lat' dir='ltr'><strong>David,</strong></span> <span class='ocrx_word' id='word_1_105' title='bbox 1771 1381 1939 1438; x_wconf 89' lang='lat' dir='ltr'><strong>dicito</strong></span> <span class='ocrx_word' id='word_1_106' title='bbox 1988 1381 2142 1440; x_wconf 87' lang='lat' dir='ltr'><strong>nobis</strong></span> 
     </span>
    </p>
   </div>
   <div class='ocr_carea' id='block_1_16' title="bbox 534 1463 2142 1543">
    <p class='ocr_par' dir='ltr' id='par_1_16' title="bbox 534 1463 2142 1543">
     <span class='ocr_line' id='line_1_16' title="bbox 534 1463 2142 1543; baseline 0.001 -17"><span class='ocrx_word' id='word_1_107' title='bbox 534 1463 671 1542; x_wconf 73' lang='lat' dir='ltr'><strong>ipse.</strong></span> <span class='ocrx_word' id='word_1_108' title='bbox 718 1474 826 1530; x_wconf 85' lang='lat' dir='ltr'><strong>Sed</strong></span> <span class='ocrx_word' id='word_1_109' title='bbox 857 1474 1076 1539; x_wconf 81' lang='lat' dir='ltr'><strong>dixisti;</strong></span> <span class='ocrx_word' id='word_1_110' title='bbox 1111 1475 1216 1543; x_wconf 89' lang='lat' dir='ltr'><strong>legi</strong></span> <span class='ocrx_word' id='word_1_111' title='bbox 1263 1474 1407 1528; x_wconf 90' lang='lat' dir='ltr'><strong>enim</strong></span> <span class='ocrx_word' id='word_1_112' title='bbox 1448 1474 1720 1528; x_wconf 79' lang='lat' dir='ltr'><strong>dicentem</strong></span> <span class='ocrx_word' id='word_1_113' title='bbox 1763 1491 1775 1529; x_wconf 94' lang='lat'>:</span> <span class='ocrx_word' id='word_1_114' title='bbox 1831 1472 2142 1528; x_wconf 84' lang='lat' dir='ltr'><strong>Maledicent</strong></span> 
     </span>
    </p>
   </div>
   <div class='ocr_carea' id='block_1_17' title="bbox 537 1564 1474 1638">
    <p class='ocr_par' dir='ltr' id='par_1_17' title="bbox 537 1564 1474 1638">
     <span class='ocr_line' id='line_1_17' title="bbox 537 1564 1474 1638; baseline 0.001 -18"><span class='ocrx_word' id='word_1_115' title='bbox 537 1565 640 1634; x_wconf 89' lang='lat' dir='ltr'><strong>illi,</strong></span> <span class='ocrx_word' id='word_1_116' title='bbox 672 1576 719 1620; x_wconf 85' lang='lat' dir='ltr'><strong><em>et</em></strong></span> <span class='ocrx_word' id='word_1_117' title='bbox 751 1577 805 1622; x_wconf 85' lang='lat' dir='ltr'><strong>tu</strong></span> <span class='ocrx_word' id='word_1_118' title='bbox 831 1566 1096 1622; x_wconf 85' lang='lat' dir='ltr'><strong>benedices</strong></span> <span class='ocrx_word' id='word_1_119' title='bbox 1131 1564 1322 1636; x_wconf 89' lang='lat' dir='ltr'><strong>(Ibid.,</strong></span> <span class='ocrx_word' id='word_1_120' title='bbox 1355 1566 1474 1638; x_wconf 69' lang='lat'><strong>28).</strong></span> 
     </span>
    </p>
   </div>
   <div class='ocr_carea' id='block_1_18' title="bbox 867 1721 1798 1779">
    <p class='ocr_par' dir='ltr' id='par_1_18' title="bbox 867 1721 1798 1779">
     <span class='ocr_line' id='line_1_18' title="bbox 867 1721 1798 1779; baseline -0.005 0"><span class='ocrx_word' id='word_1_121' title='bbox 867 1722 1103 1779; x_wconf 79' lang='lat' dir='ltr'><strong>SERMO</strong></span> <span class='ocrx_word' id='word_1_122' title='bbox 1144 1721 1441 1779; x_wconf 77' lang='lat' dir='ltr'><strong>DECIMUS</strong></span> <span class='ocrx_word' id='word_1_123' title='bbox 1479 1721 1798 1779; x_wconf 80' lang='lat' dir='ltr'><strong>TERTIUS.</strong></span> 
     </span>
    </p>
   </div>
   <div class='ocr_carea' id='block_1_19' title="bbox 1223 1859 1476 1920">
    <p class='ocr_par' dir='ltr' id='par_1_19' title="bbox 1223 1859 1476 1920">
     <span class='ocr_line' id='line_1_19' title="bbox 1223 1859 1476 1920; baseline -0.016 -3"><span class='ocrx_word' id='word_1_124' title='bbox 1223 1874 1280 1917; x_wconf 72' lang='grc' dir='ltr'>Π.</span> <span class='ocrx_word' id='word_1_125' title='bbox 1317 1859 1476 1920; x_wconf 73' lang='lat' dir='ltr'><strong>Mem.</strong></span> 
     </span>
    </p>
   </div>
   <div class='ocr_carea' id='block_1_20' title="bbox 617 1989 2144 2060">
    <p class='ocr_par' dir='ltr' id='par_1_20' title="bbox 617 1989 2144 2060">
     <span class='ocr_line' id='line_1_20' title="bbox 617 1989 2144 2060; baseline -0.005 -10"><span class='ocrx_word' id='word_1_126' title='bbox 617 1997 669 2050; x_wconf 85' lang='lat' dir='ltr'><strong>l.</strong></span> <span class='ocrx_word' id='word_1_127' title='bbox 703 2004 726 2031; x_wconf 73' lang='grc' dir='ltr'><strong>τι</strong></span> <span class='ocrx_word' id='word_1_128' title='bbox 760 1993 898 2048; x_wconf 84' lang='lat' dir='ltr'><strong>Mem</strong></span> <span class='ocrx_word' id='word_1_129' title='bbox 947 1993 1128 2049; x_wconf 89' lang='lat' dir='ltr'><strong>littera</strong></span> <span class='ocrx_word' id='word_1_130' title='bbox 1179 1991 1333 2047; x_wconf 89' lang='lat' dir='ltr'><strong>tertia</strong></span> <span class='ocrx_word' id='word_1_131' title='bbox 1381 1990 1590 2047; x_wconf 90' lang='lat' dir='ltr'><strong>decima</strong></span> <span class='ocrx_word' id='word_1_132' title='bbox 1632 1989 1898 2060; x_wconf 81' lang='lat' dir='ltr'><strong>signiﬁcat</strong></span> <span class='ocrx_word' id='word_1_133' title='bbox 1942 1989 1994 2043; x_wconf 92' lang='lat' dir='ltr'><strong>iu</strong></span> <span class='ocrx_word' id='word_1_134' title='bbox 2037 1989 2144 2043; x_wconf 88' lang='lat' dir='ltr'><strong>alio</strong></span> 
     </span>
    </p>
   </div>
   <div class='ocr_carea' id='block_1_21' title="bbox 541 2086 2143 2158">
    <p class='ocr_par' dir='ltr' id='par_1_21' title="bbox 541 2086 2143 2158">
     <span class='ocr_line' id='line_1_21' title="bbox 541 2086 2143 2158; baseline -0.003 -15"><span class='ocrx_word' id='word_1_135' title='bbox 541 2089 836 2158; x_wconf 76' lang='lat' dir='ltr'><strong>interprete</strong></span> <span class='ocrx_word' id='word_1_136' title='bbox 865 2089 1090 2151; x_wconf 81' lang='lat' dir='ltr'><strong>viscera,</strong></span> <span class='ocrx_word' id='word_1_137' title='bbox 1121 2087 1172 2139; x_wconf 88' lang='lat' dir='ltr'><strong>in</strong></span> <span class='ocrx_word' id='word_1_138' title='bbox 1201 2086 1310 2140; x_wconf 91' lang='lat' dir='ltr'><strong>alio</strong></span> <span class='ocrx_word' id='word_1_139' title='bbox 1337 2101 1402 2140; x_wconf 77' lang='lat' dir='ltr'><strong>ea:</strong></span> <span class='ocrx_word' id='word_1_140' title='bbox 1429 2086 1554 2156; x_wconf 86' lang='lat' dir='ltr'><strong>ipsis</strong></span> <span class='ocrx_word' id='word_1_141' title='bbox 1579 2101 1596 2139; x_wconf 92' lang='lat'><strong><em>:</em></strong></span> <span class='ocrx_word' id='word_1_142' title='bbox 1625 2093 1680 2139; x_wconf 87' lang='lat' dir='ltr'><strong>et</strong></span> <span class='ocrx_word' id='word_1_143' title='bbox 1717 2094 2005 2154; x_wconf 90' lang='lat' dir='ltr'><strong>utrumque</strong></span> <span class='ocrx_word' id='word_1_144' title='bbox 2037 2097 2143 2138; x_wconf 92' lang='lat' dir='ltr'><strong>non</strong></span> 
     </span>
    </p>
   </div>
   <div class='ocr_carea' id='block_1_22' title="bbox 537 2176 2144 2244">
    <p class='ocr_par' dir='ltr' id='par_1_22' title="bbox 537 2176 2144 2244">
     <span class='ocr_line' id='line_1_22' title="bbox 537 2176 2144 2244; baseline -0.004 -9"><span class='ocrx_word' id='word_1_145' title='bbox 537 2179 816 2235; x_wconf 90' lang='lat' dir='ltr'><strong>discordat</strong></span> <span class='ocrx_word' id='word_1_146' title='bbox 859 2194 886 2232; x_wconf 92' lang='lat' dir='ltr'><strong>a</strong></span> <span class='ocrx_word' id='word_1_147' title='bbox 927 2187 1094 2234; x_wconf 86' lang='lat' dir='ltr'><strong>textu.</strong></span> <span class='ocrx_word' id='word_1_148' title='bbox 1128 2176 1264 2231; x_wconf 87' lang='lat' dir='ltr'><strong>Nam</strong></span> <span class='ocrx_word' id='word_1_149' title='bbox 1300 2178 1480 2232; x_wconf 82' lang='lat' dir='ltr'><strong>statim</strong></span> <span class='ocrx_word' id='word_1_150' title='bbox 1508 2177 1716 2244; x_wconf 88' lang='lat' dir='ltr'><strong>primus</strong></span> <span class='ocrx_word' id='word_1_151' title='bbox 1758 2191 1946 2230; x_wconf 91' lang='lat' dir='ltr'><strong>versus</strong></span> <span class='ocrx_word' id='word_1_152' title='bbox 1975 2177 2144 2229; x_wconf 89' lang='lat' dir='ltr'><strong>inter-</strong></span> 
     </span>
    </p>
   </div>
   <div class='ocr_carea' id='block_1_23' title="bbox 545 2271 2142 2341">
    <p class='ocr_par' dir='ltr' id='par_1_23' title="bbox 545 2271 2142 2341">
     <span class='ocr_line' id='line_1_23' title="bbox 545 2271 2142 2341; baseline -0.003 -13"><span class='ocrx_word' id='word_1_153' title='bbox 545 2288 739 2328; x_wconf 91' lang='lat' dir='ltr'><strong>uorum</strong></span> <span class='ocrx_word' id='word_1_154' title='bbox 773 2273 1038 2327; x_wconf 80' lang='lat' dir='ltr'><strong>viscerum</strong></span> <span class='ocrx_word' id='word_1_155' title='bbox 1072 2271 1390 2326; x_wconf 86' lang='lat' dir='ltr'><strong>charitatem</strong></span> <span class='ocrx_word' id='word_1_156' title='bbox 1419 2271 1692 2341; x_wconf 85' lang='lat' dir='ltr'><strong>exprimit,</strong></span> <span class='ocrx_word' id='word_1_157' title='bbox 1723 2286 1841 2341; x_wconf 66' lang='lat' dir='ltr'><strong>qua:</strong></span> <span class='ocrx_word' id='word_1_158' title='bbox 1865 2271 2053 2341; x_wconf 85' lang='lat' dir='ltr'><strong>utique</strong></span> <span class='ocrx_word' id='word_1_159' title='bbox 2077 2283 2142 2324; x_wconf 91' lang='lat' dir='ltr'><strong>cx</strong></span> 
     </span>
    </p>
   </div>
   <div class='ocr_carea' id='block_1_24' title="bbox 540 2363 2141 2437">
    <p class='ocr_par' dir='ltr' id='par_1_24' title="bbox 540 2363 2141 2437">
     <span class='ocr_line' id='line_1_24' title="bbox 540 2363 2141 2437; baseline 0 -15"><span class='ocrx_word' id='word_1_160' title='bbox 540 2367 747 2422; x_wconf 90' lang='lat' dir='ltr'><strong>intimis</strong></span> <span class='ocrx_word' id='word_1_161' title='bbox 790 2365 1027 2437; x_wconf 86' lang='lat' dir='ltr'><strong>procedit</strong></span> <span class='ocrx_word' id='word_1_162' title='bbox 1078 2365 1359 2431; x_wconf 89' lang='lat' dir='ltr'><strong>medullis,</strong></span> <span class='ocrx_word' id='word_1_163' title='bbox 1407 2373 1460 2421; x_wconf 90' lang='lat' dir='ltr'><strong>et</strong></span> <span class='ocrx_word' id='word_1_164' title='bbox 1490 2363 1723 2436; x_wconf 89' lang='lat' dir='ltr'><strong>quodam</strong></span> <span class='ocrx_word' id='word_1_165' title='bbox 1773 2379 1914 2420; x_wconf 88' lang='lat' dir='ltr'><strong>nexu</strong></span> <span class='ocrx_word' id='word_1_166' title='bbox 1944 2364 2141 2422; x_wconf 89' lang='lat' dir='ltr'><strong>caloris</strong></span> 
     </span>
    </p>
   </div>
   <div class='ocr_carea' id='block_1_25' title="bbox 557 2461 1102 2532">
    <p class='ocr_par' dir='ltr' id='par_1_25' title="bbox 557 2461 1102 2532">
     <span class='ocr_line' id='line_1_25' title="bbox 557 2461 1102 2532; baseline -0.002 -16"><span class='ocrx_word' id='word_1_167' title='bbox 557 2461 844 2532; x_wconf 74' lang='lat' dir='ltr'><strong>inplicatur</strong></span> <span class='ocrx_word' id='word_1_168' title='bbox 867 2461 1102 2516; x_wconf 89' lang='lat' dir='ltr'><strong>ossibus.</strong></span> 
     </span>
    </p>
   </div>
   <div class='ocr_carea' id='block_1_26' title="bbox 606 2575 2142 2650">
    <p class='ocr_par' dir='ltr' id='par_1_26' title="bbox 606 2575 2142 2650">
     <span class='ocr_line' id='line_1_26' title="bbox 606 2575 2142 2650; baseline 0.003 -18"><span class='ocrx_word' id='word_1_169' title='bbox 606 2579 661 2632; x_wconf 73' lang='lat'><strong>2.</strong></span> <span class='ocrx_word' id='word_1_170' title='bbox 712 2578 954 2650; x_wconf 89' lang='lat' dir='ltr'><strong>Denique</strong></span> <span class='ocrx_word' id='word_1_171' title='bbox 997 2578 1051 2636; x_wconf 91' lang='lat' dir='ltr'><strong>in</strong></span> <span class='ocrx_word' id='word_1_172' title='bbox 1101 2576 1330 2633; x_wconf 86' lang='lat' dir='ltr'><strong>Threuis</strong></span> <span class='ocrx_word' id='word_1_173' title='bbox 1381 2575 1668 2634; x_wconf 57' lang='lat' dir='ltr'><strong>Hieremias</strong></span> <span class='ocrx_word' id='word_1_174' title='bbox 1717 2586 1898 2634; x_wconf 81' lang='lat' dir='ltr'><strong>textus</strong></span> <span class='ocrx_word' id='word_1_175' title='bbox 1945 2578 2142 2636; x_wconf 67' lang='lat' dir='ltr'><strong>litterae</strong></span> 
     </span>
    </p>
   </div>
   <div class='ocr_carea' id='block_1_27' title="bbox 540 2667 2143 2740">
    <p class='ocr_par' dir='ltr' id='par_1_27' title="bbox 540 2667 2143 2740">
     <span class='ocr_line' id='line_1_27' title="bbox 540 2667 2143 2740; baseline -0.001 -15"><span class='ocrx_word' id='word_1_176' title='bbox 540 2671 700 2740; x_wconf 85' lang='lat' dir='ltr'><strong>hujus</strong></span> <span class='ocrx_word' id='word_1_177' title='bbox 727 2669 832 2724; x_wconf 86' lang='lat' dir='ltr'><strong>hoc</strong></span> <span class='ocrx_word' id='word_1_178' title='bbox 871 2669 1153 2728; x_wconf 86' lang='lat' dir='ltr'><strong>continet:</strong></span> <span class='ocrx_word' id='word_1_179' title='bbox 1184 2667 1271 2722; x_wconf 79' lang='lat' dir='ltr'><strong>Ex</strong></span> <span class='ocrx_word' id='word_1_180' title='bbox 1305 2669 1411 2723; x_wconf 87' lang='lat' dir='ltr'><strong>alto</strong></span> <span class='ocrx_word' id='word_1_181' title='bbox 1441 2685 1534 2724; x_wconf 87' lang='lat' dir='ltr'><strong>suo</strong></span> <span class='ocrx_word' id='word_1_182' title='bbox 1564 2669 1700 2723; x_wconf 85' lang='lat' dir='ltr'><strong>misit</strong></span> <span class='ocrx_word' id='word_1_183' title='bbox 1731 2669 1901 2740; x_wconf 81' lang='lat' dir='ltr'><strong>ignem</strong></span> <span class='ocrx_word' id='word_1_184' title='bbox 1931 2670 1984 2724; x_wconf 89' lang='lat' dir='ltr'><strong>in</strong></span> <span class='ocrx_word' id='word_1_185' title='bbox 2013 2670 2143 2724; x_wconf 82' lang='lat' dir='ltr'><strong>ossi-</strong></span> 
     </span>
    </p>
   </div>
   <div class='ocr_carea' id='block_1_28' title="bbox 543 2762 2144 2834">
    <p class='ocr_par' dir='ltr' id='par_1_28' title="bbox 543 2762 2144 2834">
     <span class='ocr_line' id='line_1_28' title="bbox 543 2762 2144 2834; baseline 0.002 -18"><span class='ocrx_word' id='word_1_186' title='bbox 543 2764 634 2816; x_wconf 84' lang='lat' dir='ltr'><strong>bus</strong></span> <span class='ocrx_word' id='word_1_187' title='bbox 664 2765 789 2818; x_wconf 84' lang='lat' dir='ltr'><strong>meis</strong></span> <span class='ocrx_word' id='word_1_188' title='bbox 822 2763 1037 2834; x_wconf 84' lang='lat' dir='ltr'><strong>(Thren.</strong></span> <span class='ocrx_word' id='word_1_189' title='bbox 1073 2780 1124 2829; x_wconf 88' lang='lat' dir='ltr'><strong>I,</strong></span> <span class='ocrx_word' id='word_1_190' title='bbox 1161 2762 1273 2833; x_wconf 74' lang='grc'>12).</span> <span class='ocrx_word' id='word_1_191' title='bbox 1309 2763 1492 2820; x_wconf 88' lang='lat' dir='ltr'><strong>Bonus</strong></span> <span class='ocrx_word' id='word_1_192' title='bbox 1519 2779 1648 2834; x_wconf 85' lang='lat' dir='ltr'><strong>ergo</strong></span> <span class='ocrx_word' id='word_1_193' title='bbox 1679 2764 1819 2818; x_wconf 92' lang='lat' dir='ltr'><strong>Deus</strong></span> <span class='ocrx_word' id='word_1_194' title='bbox 1850 2764 1937 2834; x_wconf 87' lang='lat' dir='ltr'><strong>qui</strong></span> <span class='ocrx_word' id='word_1_195' title='bbox 1989 2764 2144 2820; x_wconf 88' lang='lat' dir='ltr'><strong>nobis</strong></span> 
     </span>
    </p>
   </div>
   <div class='ocr_carea' id='block_1_29' title="bbox 540 2855 2141 2928">
    <p class='ocr_par' dir='ltr' id='par_1_29' title="bbox 540 2855 2141 2928">
     <span class='ocr_line' id='line_1_29' title="bbox 540 2855 2141 2928; baseline 0.001 -19"><span class='ocrx_word' id='word_1_196' title='bbox 540 2855 779 2909; x_wconf 88' lang='lat' dir='ltr'><strong>immittit</strong></span> <span class='ocrx_word' id='word_1_197' title='bbox 803 2855 944 2910; x_wconf 91' lang='lat' dir='ltr'><strong>unde</strong></span> <span class='ocrx_word' id='word_1_198' title='bbox 965 2855 1254 2926; x_wconf 74' lang='lat' dir='ltr'><strong>diligentes</strong></span> <span class='ocrx_word' id='word_1_199' title='bbox 1277 2871 1423 2920; x_wconf 90' lang='lat' dir='ltr'><strong>eum,</strong></span> <span class='ocrx_word' id='word_1_200' title='bbox 1450 2858 1698 2912; x_wconf 87' lang='lat' dir='ltr'><strong>meritum</strong></span> <span class='ocrx_word' id='word_1_201' title='bbox 1724 2857 1826 2912; x_wconf 86' lang='lat' dir='ltr'><strong>sub</strong></span> <span class='ocrx_word' id='word_1_202' title='bbox 1847 2866 2141 2928; x_wconf 89' lang='lat' dir='ltr'><strong>conspectu</strong></span> 
     </span>
    </p>
   </div>
   <div class='ocr_carea' id='block_1_30' title="bbox 535 2947 2143 3019">
    <p class='ocr_par' dir='ltr' id='par_1_30' title="bbox 535 2947 2143 3019">
     <span class='ocr_line' id='line_1_30' title="bbox 535 2947 2143 3019; baseline 0.002 -19"><span class='ocrx_word' id='word_1_203' title='bbox 535 2947 654 3012; x_wconf 88' lang='lat' dir='ltr'><strong>ejus</strong></span> <span class='ocrx_word' id='word_1_204' title='bbox 683 2947 925 3001; x_wconf 87' lang='lat' dir='ltr'><strong>invenire</strong></span> <span class='ocrx_word' id='word_1_205' title='bbox 957 2947 1246 3018; x_wconf 90' lang='lat' dir='ltr'><strong>possimus.</strong></span> <span class='ocrx_word' id='word_1_206' title='bbox 1277 2947 1446 3014; x_wconf 87' lang='lat' dir='ltr'><strong>Quem</strong></span> <span class='ocrx_word' id='word_1_207' title='bbox 1475 2950 1653 3002; x_wconf 82' lang='lat' dir='ltr'><strong>mittat</strong></span> <span class='ocrx_word' id='word_1_208' title='bbox 1680 2949 1882 3019; x_wconf 80' lang='lat' dir='ltr'><strong>ignem,</strong></span> <span class='ocrx_word' id='word_1_209' title='bbox 1909 2950 2022 3018; x_wconf 87' lang='lat' dir='ltr'><strong>ipsc</strong></span> <span class='ocrx_word' id='word_1_210' title='bbox 2044 2964 2143 3004; x_wconf 92' lang='lat' dir='ltr'><strong>nos</strong></span> 
     </span>
    </p>
   </div>
   <div class='ocr_carea' id='block_1_31' title="bbox 535 3037 2140 3110">
    <p class='ocr_par' dir='ltr' id='par_1_31' title="bbox 535 3037 2140 3110">
     <span class='ocr_line' id='line_1_31' title="bbox 535 3037 2140 3110; baseline 0.002 -18"><span class='ocrx_word' id='word_1_211' title='bbox 535 3037 728 3094; x_wconf 86' lang='lat' dir='ltr'><strong>doceat</strong></span> <span class='ocrx_word' id='word_1_212' title='bbox 760 3056 772 3092; x_wconf 93' lang='lat'><strong>:</strong></span> <span class='ocrx_word' id='word_1_213' title='bbox 809 3037 989 3110; x_wconf 81' lang='lat' dir='ltr'><strong>Ignem</strong></span> <span class='ocrx_word' id='word_1_214' title='bbox 1029 3041 1140 3093; x_wconf 83' lang='lat' dir='ltr'><strong>veni</strong></span> <span class='ocrx_word' id='word_1_215' title='bbox 1185 3040 1385 3092; x_wconf 79' lang='lat' dir='ltr'><strong>mittere</strong></span> <span class='ocrx_word' id='word_1_216' title='bbox 1416 3041 1468 3092; x_wconf 85' lang='lat' dir='ltr'><strong>in</strong></span> <span class='ocrx_word' id='word_1_217' title='bbox 1515 3050 1732 3105; x_wconf 86' lang='lat' dir='ltr'><strong>terram,</strong></span> <span class='ocrx_word' id='word_1_218' title='bbox 1765 3051 1810 3094; x_wconf 89' lang='lat' dir='ltr'><strong><em>et</em></strong></span> <span class='ocrx_word' id='word_1_219' title='bbox 1839 3042 1965 3110; x_wconf 84' lang='lat' dir='ltr'><strong>quid</strong></span> <span class='ocrx_word' id='word_1_220' title='bbox 2002 3042 2140 3108; x_wconf 84' lang='lat' dir='ltr'><strong>volo,</strong></span> 
     </span>
    </p>
   </div>
   <div class='ocr_carea' id='block_1_32' title="bbox 537 3131 2216 3206">
    <p class='ocr_par' dir='ltr' id='par_1_32' title="bbox 537 3131 2216 3206">
     <span class='ocr_line' id='line_1_32' title="bbox 537 3131 2216 3206; baseline 0.002 -20"><span class='ocrx_word' id='word_1_221' title='bbox 537 3134 636 3188; x_wconf 84' lang='lat' dir='ltr'><strong>nisi</strong></span> <span class='ocrx_word' id='word_1_222' title='bbox 666 3143 722 3187; x_wconf 89' lang='lat' dir='ltr'><strong>ut</strong></span> <span class='ocrx_word' id='word_1_223' title='bbox 760 3133 1072 3188; x_wconf 82' lang='lat' dir='ltr'><strong>accendatur</strong></span> <span class='ocrx_word' id='word_1_224' title='bbox 1117 3133 1267 3203; x_wconf 88' lang='lat' dir='ltr'><strong>(Luc.</strong></span> <span class='ocrx_word' id='word_1_225' title='bbox 1306 3151 1408 3200; x_wconf 89' lang='lat' dir='ltr'><strong>xu,</strong></span> <span class='ocrx_word' id='word_1_226' title='bbox 1438 3131 1570 3204; x_wconf 64' lang='lat'><strong>49)?</strong></span> <span class='ocrx_word' id='word_1_227' title='bbox 1604 3135 1785 3190; x_wconf 89' lang='lat' dir='ltr'><strong>Bonus</strong></span> <span class='ocrx_word' id='word_1_228' title='bbox 1817 3135 1959 3206; x_wconf 80' lang='lat' dir='ltr'><strong>ignis</strong></span> <span class='ocrx_word' id='word_1_229' title='bbox 1984 3151 2141 3206; x_wconf 89' lang='lat' dir='ltr'><strong>quem</strong></span> <span class='ocrx_word' id='word_1_230' title='bbox 2171 3140 2216 3204; x_wconf 87' lang='lat' dir='ltr'>C</span> 
     </span>
    </p>
   </div>
   <div class='ocr_carea' id='block_1_33' title="bbox 534 3225 2140 3298">
    <p class='ocr_par' dir='ltr' id='par_1_33' title="bbox 534 3225 2140 3298">
     <span class='ocr_line' id='line_1_33' title="bbox 534 3225 2140 3298; baseline 0.001 -18"><span class='ocrx_word' id='word_1_231' title='bbox 534 3225 808 3286; x_wconf 82' lang='lat' dir='ltr'><strong>desiderat</strong></span> <span class='ocrx_word' id='word_1_232' title='bbox 839 3225 1081 3280; x_wconf 88' lang='lat' dir='ltr'><strong>omnium</strong></span> <span class='ocrx_word' id='word_1_233' title='bbox 1111 3225 1361 3280; x_wconf 87' lang='lat' dir='ltr'><strong>Salvator</strong></span> <span class='ocrx_word' id='word_1_234' title='bbox 1392 3225 1651 3280; x_wconf 89' lang='lat' dir='ltr'><strong>accendi:</strong></span> <span class='ocrx_word' id='word_1_235' title='bbox 1684 3241 1805 3280; x_wconf 91' lang='lat' dir='ltr'><strong>cum</strong></span> <span class='ocrx_word' id='word_1_236' title='bbox 1839 3229 2140 3298; x_wconf 78' lang='lat' dir='ltr'><strong>prtesertim</strong></span> 
     </span>
    </p>
   </div>
   <div class='ocr_carea' id='block_1_34' title="bbox 536 3316 2140 3390">
    <p class='ocr_par' dir='ltr' id='par_1_34' title="bbox 536 3316 2140 3390">
     <span class='ocr_line' id='line_1_34' title="bbox 536 3316 2140 3390; baseline 0.001 -20"><span class='ocrx_word' id='word_1_237' title='bbox 536 3321 711 3386; x_wconf 91' lang='lat' dir='ltr'><strong>ipsum</strong></span> <span class='ocrx_word' id='word_1_238' title='bbox 756 3317 920 3372; x_wconf 91' lang='lat' dir='ltr'><strong>Deum</strong></span> <span class='ocrx_word' id='word_1_239' title='bbox 972 3318 1267 3387; x_wconf 81' lang='lat' dir='ltr'><strong>legerimus</strong></span> <span class='ocrx_word' id='word_1_240' title='bbox 1315 3316 1488 3388; x_wconf 81' lang='lat' dir='ltr'><strong>ignem</strong></span> <span class='ocrx_word' id='word_1_241' title='bbox 1535 3332 1656 3380; x_wconf 83' lang='lat' dir='ltr'><strong>esse</strong></span> <span class='ocrx_word' id='word_1_242' title='bbox 1701 3317 1884 3385; x_wconf 85' lang='lat' dir='ltr'><strong>(Deut.</strong></span> <span class='ocrx_word' id='word_1_243' title='bbox 1916 3334 1993 3383; x_wconf 82' lang='lat' dir='ltr'><strong>tv,</strong></span> <span class='ocrx_word' id='word_1_244' title='bbox 2025 3318 2140 3390; x_wconf 59' lang='lat'><strong>24),</strong></span> 
     </span>
    </p>
   </div>
   <div class='ocr_carea' id='block_1_35' title="bbox 535 3409 2144 3481">
    <p class='ocr_par' dir='ltr' id='par_1_35' title="bbox 535 3409 2144 3481">
     <span class='ocr_line' id='line_1_35' title="bbox 535 3409 2144 3481; baseline 0 -15"><span class='ocrx_word' id='word_1_245' title='bbox 535 3410 625 3478; x_wconf 85' lang='lat' dir='ltr'><strong>qui</strong></span> <span class='ocrx_word' id='word_1_246' title='bbox 671 3419 857 3464; x_wconf 89' lang='lat' dir='ltr'><strong>nostra</strong></span> <span class='ocrx_word' id='word_1_247' title='bbox 889 3420 1114 3480; x_wconf 90' lang='lat' dir='ltr'><strong>peccata</strong></span> <span class='ocrx_word' id='word_1_248' title='bbox 1144 3417 1460 3474; x_wconf 83' lang='lat' dir='ltr'><strong>consumat,</strong></span> <span class='ocrx_word' id='word_1_249' title='bbox 1495 3409 1806 3480; x_wconf 88' lang='lat' dir='ltr'><strong>intimisque</strong></span> <span class='ocrx_word' id='word_1_250' title='bbox 1837 3411 2144 3481; x_wconf 88' lang='lat' dir='ltr'><strong>pectoribus</strong></span> 
     </span>
    </p>
   </div>
   <div class='ocr_carea' id='block_1_36' title="bbox 534 3502 2141 3572">
    <p class='ocr_par' dir='ltr' id='par_1_36' title="bbox 534 3502 2141 3572">
     <span class='ocr_line' id='line_1_36' title="bbox 534 3502 2141 3572; baseline 0 -13"><span class='ocrx_word' id='word_1_251' title='bbox 534 3503 741 3559; x_wconf 86' lang='lat' dir='ltr'><strong>nostris</strong></span> <span class='ocrx_word' id='word_1_252' title='bbox 769 3519 880 3557; x_wconf 77' lang='lat' dir='ltr'><strong>sua:</strong></span> <span class='ocrx_word' id='word_1_253' title='bbox 911 3503 1108 3558; x_wconf 68' lang='lat' dir='ltr'><strong>divinm</strong></span> <span class='ocrx_word' id='word_1_254' title='bbox 1138 3502 1491 3572; x_wconf 85' lang='lat' dir='ltr'><strong>cupiditatem</strong></span> <span class='ocrx_word' id='word_1_255' title='bbox 1523 3503 1848 3572; x_wconf 77' lang='lat' dir='ltr'><strong>cognitionis</strong></span> <span class='ocrx_word' id='word_1_256' title='bbox 1873 3503 2141 3570; x_wconf 80' lang='lat' dir='ltr'><strong>infundat,</strong></span> 
     </span>
    </p>
   </div>
   <div class='ocr_carea' id='block_1_37' title="bbox 535 3594 2143 3666">
    <p class='ocr_par' dir='ltr' id='par_1_37' title="bbox 535 3594 2143 3666">
     <span class='ocr_line' id='line_1_37' title="bbox 535 3594 2143 3666; baseline 0 -16"><span class='ocrx_word' id='word_1_257' title='bbox 535 3603 696 3666; x_wconf 87' lang='lat' dir='ltr'><strong>atque</strong></span> <span class='ocrx_word' id='word_1_258' title='bbox 721 3595 910 3650; x_wconf 88' lang='lat' dir='ltr'><strong>ardeat</strong></span> <span class='ocrx_word' id='word_1_259' title='bbox 937 3596 990 3652; x_wconf 93' lang='lat' dir='ltr'><strong>in</strong></span> <span class='ocrx_word' id='word_1_260' title='bbox 1020 3594 1177 3652; x_wconf 89' lang='lat' dir='ltr'><strong>nobis</strong></span> <span class='ocrx_word' id='word_1_261' title='bbox 1203 3610 1299 3650; x_wconf 89' lang='lat' dir='ltr'><strong>cor</strong></span> <span class='ocrx_word' id='word_1_262' title='bbox 1341 3601 1586 3650; x_wconf 89' lang='lat' dir='ltr'><strong>nostrum</strong></span> <span class='ocrx_word' id='word_1_263' title='bbox 1605 3633 1620 3660; x_wconf 91' lang='lat'><strong>,</strong></span> <span class='ocrx_word' id='word_1_264' title='bbox 1647 3609 1769 3650; x_wconf 89' lang='lat' dir='ltr'><strong>cum</strong></span> <span class='ocrx_word' id='word_1_265' title='bbox 1802 3594 2028 3666; x_wconf 87' lang='lat' dir='ltr'><strong>legimus</strong></span> <span class='ocrx_word' id='word_1_266' title='bbox 2057 3595 2143 3650; x_wconf 54' lang='lat' dir='ltr'><strong>di.</strong></span> 
     </span>
    </p>
   </div>
   <div class='ocr_carea' id='block_1_38' title="bbox 537 3688 2143 3761">
    <p class='ocr_par' dir='ltr' id='par_1_38' title="bbox 537 3688 2143 3761">
     <span class='ocr_line' id='line_1_38' title="bbox 537 3688 2143 3761; baseline 0.001 -18"><span class='ocrx_word' id='word_1_267' title='bbox 537 3693 785 3744; x_wconf 88' lang='lat' dir='ltr'><strong>viuarum</strong></span> <span class='ocrx_word' id='word_1_268' title='bbox 815 3688 1014 3744; x_wconf 89' lang='lat' dir='ltr'><strong>seriem</strong></span> <span class='ocrx_word' id='word_1_269' title='bbox 1064 3689 1498 3760; x_wconf 87' lang='lat' dir='ltr'><strong>Scripturarum;</strong></span> <span class='ocrx_word' id='word_1_270' title='bbox 1527 3689 1576 3744; x_wconf 90' lang='lat' dir='ltr'><strong>si</strong></span> <span class='ocrx_word' id='word_1_271' title='bbox 1621 3688 1759 3744; x_wconf 91' lang='lat' dir='ltr'><strong>forte</strong></span> <span class='ocrx_word' id='word_1_272' title='bbox 1794 3689 1989 3760; x_wconf 88' lang='lat' dir='ltr'><strong>aliquid</strong></span> <span class='ocrx_word' id='word_1_273' title='bbox 2037 3705 2143 3761; x_wconf 88' lang='lat' dir='ltr'><strong>quo</strong></span> 
     </span>
    </p>
   </div>
   <div class='ocr_carea' id='block_1_39' title="bbox 533 3780 2142 3852">
    <p class='ocr_par' dir='ltr' id='par_1_39' title="bbox 533 3780 2142 3852">
     <span class='ocr_line' id='line_1_39' title="bbox 533 3780 2142 3852; baseline 0.001 -14"><span class='ocrx_word' id='word_1_274' title='bbox 533 3782 849 3852; x_wconf 87' lang='lat' dir='ltr'><strong>aperiantur</strong></span> <span class='ocrx_word' id='word_1_275' title='bbox 888 3780 1223 3852; x_wconf 81' lang='lat' dir='ltr'><strong>prophetieae</strong></span> <span class='ocrx_word' id='word_1_276' title='bbox 1270 3781 1518 3837; x_wconf 86' lang='lat' dir='ltr'><strong>lectionis</strong></span> <span class='ocrx_word' id='word_1_277' title='bbox 1567 3781 1812 3848; x_wconf 90' lang='lat' dir='ltr'><strong>occulta,</strong></span> <span class='ocrx_word' id='word_1_278' title='bbox 1864 3783 2142 3840; x_wconf 89' lang='lat' dir='ltr'><strong>intellectu</strong></span> 
     </span>
    </p>
   </div>
   <div class='ocr_carea' id='block_1_40' title="bbox 534 3871 2140 3945">
    <p class='ocr_par' dir='ltr' id='par_1_40' title="bbox 534 3871 2140 3945">
     <span class='ocr_line' id='line_1_40' title="bbox 534 3871 2140 3945; baseline 0.001 -17"><span class='ocrx_word' id='word_1_279' title='bbox 534 3873 869 3930; x_wconf 86' lang='lat' dir='ltr'><strong>assumimus</strong></span> <span class='ocrx_word' id='word_1_280' title='bbox 917 3873 1171 3944; x_wconf 88' lang='lat' dir='ltr'><strong>spiritali.</strong></span> <span class='ocrx_word' id='word_1_281' title='bbox 1209 3874 1321 3928; x_wconf 90' lang='lat' dir='ltr'><strong>Hoc</strong></span> <span class='ocrx_word' id='word_1_282' title='bbox 1365 3873 1487 3944; x_wconf 89' lang='lat' dir='ltr'><strong>igne</strong></span> <span class='ocrx_word' id='word_1_283' title='bbox 1533 3871 1803 3945; x_wconf 84' lang='lat' dir='ltr'><strong>Cleophas</strong></span> <span class='ocrx_word' id='word_1_284' title='bbox 1848 3889 1944 3930; x_wconf 88' lang='lat' dir='ltr'><strong>cor</strong></span> <span class='ocrx_word' id='word_1_285' title='bbox 1983 3890 2140 3930; x_wconf 87' lang='lat' dir='ltr'><strong>suum</strong></span> 
     </span>
    </p>
   </div>
   <div class='ocr_carea' id='block_1_41' title="bbox 531 3964 2141 4036">
    <p class='ocr_par' dir='ltr' id='par_1_41' title="bbox 531 3964 2141 4036">
     <span class='ocr_line' id='line_1_41' title="bbox 531 3964 2141 4036; baseline 0.001 -15"><span class='ocrx_word' id='word_1_286' title='bbox 531 3965 752 4021; x_wconf 87' lang='lat' dir='ltr'><strong>dicebat</strong></span> <span class='ocrx_word' id='word_1_287' title='bbox 781 3965 996 4033; x_wconf 89' lang='lat' dir='ltr'><strong>ardere,</strong></span> <span class='ocrx_word' id='word_1_288' title='bbox 1025 3979 1148 4020; x_wconf 92' lang='lat' dir='ltr'><strong>cum</strong></span> <span class='ocrx_word' id='word_1_289' title='bbox 1178 3965 1281 4036; x_wconf 87' lang='lat' dir='ltr'><strong>ipsi</strong></span> <span class='ocrx_word' id='word_1_290' title='bbox 1311 3973 1366 4019; x_wconf 90' lang='lat' dir='ltr'><strong>et</strong></span> <span class='ocrx_word' id='word_1_291' title='bbox 1394 3964 1544 4021; x_wconf 87' lang='lat' dir='ltr'><strong>socio</strong></span> <span class='ocrx_word' id='word_1_292' title='bbox 1574 3965 1692 4034; x_wconf 88' lang='lat' dir='ltr'><strong>ejus</strong></span> <span class='ocrx_word' id='word_1_293' title='bbox 1722 3965 1972 4022; x_wconf 88' lang='lat' dir='ltr'><strong>Christus</strong></span> <span class='ocrx_word' id='word_1_294' title='bbox 1997 3965 2141 4022; x_wconf 88' lang='lat' dir='ltr'><strong>Scri—</strong></span> 
     </span>
    </p>
   </div>
   <div class='ocr_carea' id='block_1_42' title="bbox 534 4058 2142 4130">
    <p class='ocr_par' dir='ltr' id='par_1_42' title="bbox 534 4058 2142 4130">
     <span class='ocr_line' id='line_1_42' title="bbox 534 4058 2142 4130; baseline 0.002 -19"><span class='ocrx_word' id='word_1_295' title='bbox 534 4069 722 4128; x_wconf 90' lang='lat' dir='ltr'><strong>pturas</strong></span> <span class='ocrx_word' id='word_1_296' title='bbox 762 4060 1000 4128; x_wconf 90' lang='lat' dir='ltr'><strong>aperiret</strong></span> <span class='ocrx_word' id='word_1_297' title='bbox 1042 4058 1196 4128; x_wconf 82' lang='lat' dir='ltr'><strong>(Luc.</strong></span> <span class='ocrx_word' id='word_1_298' title='bbox 1229 4075 1378 4124; x_wconf 78' lang='lat' dir='ltr'><strong>xx1v,</strong></span> <span class='ocrx_word' id='word_1_299' title='bbox 1409 4059 1524 4128; x_wconf 72' lang='grc'>52).</span> <span class='ocrx_word' id='word_1_300' title='bbox 1574 4060 1650 4114; x_wconf 92' lang='lat' dir='ltr'><strong>De</strong></span> <span class='ocrx_word' id='word_1_301' title='bbox 1697 4059 1799 4114; x_wconf 87' lang='lat' dir='ltr'><strong>hoc</strong></span> <span class='ocrx_word' id='word_1_302' title='bbox 1841 4061 1963 4130; x_wconf 87' lang='lat' dir='ltr'><strong>igne</strong></span> <span class='ocrx_word' id='word_1_303' title='bbox 2005 4059 2142 4116; x_wconf 77' lang='lat' dir='ltr'><strong>dixit</strong></span> 
     </span>
    </p>
   </div>
   <div class='ocr_carea' id='block_1_43' title="bbox 535 4148 2142 4221">
    <p class='ocr_par' dir='ltr' id='par_1_43' title="bbox 535 4148 2142 4221">
     <span class='ocr_line' id='line_1_43' title="bbox 535 4148 2142 4221; baseline 0.002 -18"><span class='ocrx_word' id='word_1_304' title='bbox 535 4150 793 4204; x_wconf 88' lang='lat' dir='ltr'><strong>Dmninus</strong></span> <span class='ocrx_word' id='word_1_305' title='bbox 830 4150 883 4203; x_wconf 93' lang='lat' dir='ltr'><strong>in</strong></span> <span class='ocrx_word' id='word_1_306' title='bbox 914 4150 1054 4204; x_wconf 88' lang='lat' dir='ltr'><strong>libro</strong></span> <span class='ocrx_word' id='word_1_307' title='bbox 1081 4148 1110 4186; x_wconf 67' lang='grc' dir='ltr'><strong>ι’</strong></span> <span class='ocrx_word' id='word_1_308' title='bbox 1138 4150 1392 4205; x_wconf 85' lang='lat' dir='ltr'><strong>Ezechiel</strong></span> <span class='ocrx_word' id='word_1_309' title='bbox 1424 4168 1435 4201; x_wconf 90' lang='lat'>:</span> <span class='ocrx_word' id='word_1_310' title='bbox 1470 4149 1602 4204; x_wconf 85' lang='lat' dir='ltr'><strong>Ecce</strong></span> <span class='ocrx_word' id='word_1_311' title='bbox 1631 4153 1931 4221; x_wconf 79' lang='lat' dir='ltr'><strong>proficiscar</strong></span> <span class='ocrx_word' id='word_1_312' title='bbox 1961 4153 2013 4206; x_wconf 88' lang='lat' dir='ltr'><strong>in</strong></span> <span class='ocrx_word' id='word_1_313' title='bbox 2051 4151 2142 4207; x_wconf 83' lang='lat' dir='ltr'><strong>Je-</strong></span> 
     </span>
    </p>
   </div>
   <div class='ocr_carea' id='block_1_44' title="bbox 535 4241 2140 4312">
    <p class='ocr_par' dir='ltr' id='par_1_44' title="bbox 535 4241 2140 4312">
     <span class='ocr_line' id='line_1_44' title="bbox 535 4241 2140 4312; baseline 0.004 -19"><span class='ocrx_word' id='word_1_314' title='bbox 535 4242 760 4294; x_wconf 85' lang='lat' dir='ltr'><strong>rusalem</strong></span> <span class='ocrx_word' id='word_1_315' title='bbox 781 4281 795 4306; x_wconf 92' lang='lat'><strong>,</strong></span> <span class='ocrx_word' id='word_1_316' title='bbox 827 4249 872 4294; x_wconf 88' lang='lat' dir='ltr'><strong>et</strong></span> <span class='ocrx_word' id='word_1_317' title='bbox 916 4241 1204 4312; x_wconf 78' lang='lat' dir='ltr'><strong>exsufﬂubo</strong></span> <span class='ocrx_word' id='word_1_318' title='bbox 1248 4241 1301 4294; x_wconf 92' lang='lat' dir='ltr'><strong>in</strong></span> <span class='ocrx_word' id='word_1_319' title='bbox 1341 4257 1428 4294; x_wconf 76' lang='lat' dir='ltr'><strong>vos</strong></span> <span class='ocrx_word' id='word_1_320' title='bbox 1456 4242 1626 4310; x_wconf 84' lang='lat' dir='ltr'><strong>ignem</strong></span> <span class='ocrx_word' id='word_1_321' title='bbox 1670 4245 1764 4296; x_wconf 69' lang='lat' dir='ltr'><strong>ira&#39;</strong></span> <span class='ocrx_word' id='word_1_322' title='bbox 1791 4261 1946 4311; x_wconf 70' lang='lat' dir='ltr'><strong>mea);</strong></span> <span class='ocrx_word' id='word_1_323' title='bbox 1977 4255 2031 4298; x_wconf 87' lang='lat' dir='ltr'><strong>ut</strong></span> <span class='ocrx_word' id='word_1_324' title='bbox 2063 4255 2140 4299; x_wconf 84' lang='lat' dir='ltr'><strong>ta-</strong></span> 
     </span>
    </p>
   </div>
   <div class='ocr_carea' id='block_1_45' title="bbox 536 4332 2141 4403">
    <p class='ocr_par' dir='ltr' id='par_1_45' title="bbox 536 4332 2141 4403">
     <span class='ocr_line' id='line_1_45' title="bbox 536 4332 2141 4403; baseline 0.004 -17"><span class='ocrx_word' id='word_1_325' title='bbox 536 4334 750 4388; x_wconf 84' lang='lat' dir='ltr'><strong>bescatis</strong></span> <span class='ocrx_word' id='word_1_326' title='bbox 793 4350 824 4386; x_wconf 89' lang='lat' dir='ltr'><strong>a</strong></span> <span class='ocrx_word' id='word_1_327' title='bbox 864 4333 1109 4402; x_wconf 83' lang='lat' dir='ltr'><strong>plumbo,</strong></span> <span class='ocrx_word' id='word_1_328' title='bbox 1161 4342 1208 4386; x_wconf 89' lang='lat' dir='ltr'><strong>et</strong></span> <span class='ocrx_word' id='word_1_329' title='bbox 1256 4332 1413 4401; x_wconf 74' lang='lat' dir='ltr'><strong>ferro,</strong></span> <span class='ocrx_word' id='word_1_330' title='bbox 1447 4343 1493 4385; x_wconf 89' lang='lat' dir='ltr'><strong>et</strong></span> <span class='ocrx_word' id='word_1_331' title='bbox 1533 4333 1743 4403; x_wconf 83' lang='lat' dir='ltr'><strong>reliquis</strong></span> <span class='ocrx_word' id='word_1_332' title='bbox 1791 4337 2141 4393; x_wconf 81' lang='lat' dir='ltr'><strong>matcrialibus</strong></span> 
     </span>
    </p>
   </div>
   <div class='ocr_carea' id='block_1_46' title="bbox 533 4423 2139 4496">
    <p class='ocr_par' dir='ltr' id='par_1_46' title="bbox 533 4423 2139 4496">
     <span class='ocr_line' id='line_1_46' title="bbox 533 4423 2139 4496; baseline 0.003 -17"><span class='ocrx_word' id='word_1_333' title='bbox 533 4425 751 4496; x_wconf 77' lang='lat' dir='ltr'><strong>(Ezech.</strong></span> <span class='ocrx_word' id='word_1_334' title='bbox 792 4441 938 4491; x_wconf 65' lang='grc' dir='ltr'>χχιι,</span> <span class='ocrx_word' id='word_1_335' title='bbox 972 4425 1039 4481; x_wconf 78' lang='grc'><strong>19</strong></span> <span class='ocrx_word' id='word_1_336' title='bbox 1066 4433 1115 4478; x_wconf 91' lang='lat' dir='ltr'><strong>et</strong></span> <span class='ocrx_word' id='word_1_337' title='bbox 1147 4423 1264 4495; x_wconf 73' lang='lat'><strong>9.0).</strong></span> <span class='ocrx_word' id='word_1_338' title='bbox 1300 4423 1571 4479; x_wconf 88' lang='lat' dir='ltr'><strong>Profunda</strong></span> <span class='ocrx_word' id='word_1_339' title='bbox 1620 4425 1670 4479; x_wconf 91' lang='lat' dir='ltr'><strong>iu</strong></span> <span class='ocrx_word' id='word_1_340' title='bbox 1706 4427 1884 4482; x_wconf 80' lang='lat' dir='ltr'><strong>verbis</strong></span> <span class='ocrx_word' id='word_1_341' title='bbox 1926 4429 2139 4484; x_wconf 89' lang='lat' dir='ltr'><strong>usitatis</strong></span> 
     </span>
    </p>
   </div>
   <div class='ocr_carea' id='block_1_47' title="bbox 2242 449 3836 522">
    <p class='ocr_par' dir='ltr' id='par_1_47' title="bbox 2242 449 3836 522">
     <span class='ocr_line' id='line_1_47' title="bbox 2242 449 3836 522; baseline -0.004 -14"><span class='ocrx_word' id='word_1_342' title='bbox 2242 454 2422 509; x_wconf 89' lang='lat' dir='ltr'><strong>omnis</strong></span> <span class='ocrx_word' id='word_1_343' title='bbox 2451 467 2628 508; x_wconf 89' lang='lat' dir='ltr'><strong>sermo</strong></span> <span class='ocrx_word' id='word_1_344' title='bbox 2649 450 3020 522; x_wconf 90' lang='lat' dir='ltr'><strong>prudentium,</strong></span> <span class='ocrx_word' id='word_1_345' title='bbox 3050 449 3392 522; x_wconf 84' lang='lat' dir='ltr'><strong>flagrantium</strong></span> <span class='ocrx_word' id='word_1_346' title='bbox 3419 449 3732 519; x_wconf 73' lang='lat' dir='ltr'><strong>passionum</strong></span> <span class='ocrx_word' id='word_1_347' title='bbox 3756 467 3836 505; x_wconf 83' lang='lat' dir='ltr'><strong>ca-</strong></span> 
     </span>
    </p>
   </div>
   <div class='ocr_carea' id='block_1_48' title="bbox 2241 542 3836 615">
    <p class='ocr_par' dir='ltr' id='par_1_48' title="bbox 2241 542 3836 615">
     <span class='ocr_line' id='line_1_48' title="bbox 2241 542 3836 615; baseline -0.003 -14"><span class='ocrx_word' id='word_1_348' title='bbox 2241 546 2358 602; x_wconf 87' lang='lat' dir='ltr'><strong>lore</strong></span> <span class='ocrx_word' id='word_1_349' title='bbox 2383 547 2672 612; x_wconf 79' lang='lat' dir='ltr'><strong>decoctus,</strong></span> <span class='ocrx_word' id='word_1_350' title='bbox 2713 543 2939 615; x_wconf 87' lang='lat' dir='ltr'><strong>incipiat</strong></span> <span class='ocrx_word' id='word_1_351' title='bbox 2969 558 3091 599; x_wconf 88' lang='lat' dir='ltr'><strong>csse</strong></span> <span class='ocrx_word' id='word_1_352' title='bbox 3139 542 3445 613; x_wconf 84' lang='lat' dir='ltr'><strong>pretiosior.</strong></span> <span class='ocrx_word' id='word_1_353' title='bbox 3482 545 3667 598; x_wconf 89' lang='lat' dir='ltr'><strong>Bonus</strong></span> <span class='ocrx_word' id='word_1_354' title='bbox 3709 544 3836 614; x_wconf 85' lang='lat' dir='ltr'><strong>ignis</strong></span> 
     </span>
    </p>
   </div>
   <div class='ocr_carea' id='block_1_49' title="bbox 2241 638 3835 710">
    <p class='ocr_par' dir='ltr' id='par_1_49' title="bbox 2241 638 3835 710">
     <span class='ocr_line' id='line_1_49' title="bbox 2241 638 3835 710; baseline -0.002 -14"><span class='ocrx_word' id='word_1_355' title='bbox 2241 641 2556 706; x_wconf 88' lang='lat' dir='ltr'><strong>charitatis,</strong></span> <span class='ocrx_word' id='word_1_356' title='bbox 2599 653 2706 710; x_wconf 91' lang='lat' dir='ltr'><strong>quo</strong></span> <span class='ocrx_word' id='word_1_357' title='bbox 2753 653 2952 708; x_wconf 85' lang='lat' dir='ltr'><strong>corpus</strong></span> <span class='ocrx_word' id='word_1_358' title='bbox 2996 654 3158 694; x_wconf 88' lang='lat' dir='ltr'><strong>onme</strong></span> <span class='ocrx_word' id='word_1_359' title='bbox 3209 638 3464 693; x_wconf 77' lang='lat' dir='ltr'><strong>Ecclesiae</strong></span> <span class='ocrx_word' id='word_1_360' title='bbox 3501 639 3554 694; x_wconf 93' lang='lat' dir='ltr'><strong>in</strong></span> <span class='ocrx_word' id='word_1_361' title='bbox 3604 647 3835 693; x_wconf 88' lang='lat' dir='ltr'><strong>mutuam</strong></span> 
     </span>
    </p>
   </div>
   <div class='ocr_carea' id='block_1_50' title="bbox 2241 730 3838 802">
    <p class='ocr_par' dir='ltr' id='par_1_50' title="bbox 2241 730 3838 802">
     <span class='ocr_line' id='line_1_50' title="bbox 2241 730 3838 802; baseline -0.001 -15"><span class='ocrx_word' id='word_1_362' title='bbox 2241 731 2504 796; x_wconf 83' lang='lat' dir='ltr'><strong>adolescit</strong></span> <span class='ocrx_word' id='word_1_363' title='bbox 2530 731 2780 802; x_wconf 79' lang='lat' dir='ltr'><strong>gratiam.</strong></span> <span class='ocrx_word' id='word_1_364' title='bbox 2812 731 2995 786; x_wconf 90' lang='lat' dir='ltr'><strong>Bonus</strong></span> <span class='ocrx_word' id='word_1_365' title='bbox 3020 731 3156 799; x_wconf 83' lang='lat' dir='ltr'><strong>ignis</strong></span> <span class='ocrx_word' id='word_1_366' title='bbox 3185 730 3517 798; x_wconf 89' lang='lat' dir='ltr'><strong>dilectionis,</strong></span> <span class='ocrx_word' id='word_1_367' title='bbox 3550 745 3658 801; x_wconf 91' lang='lat' dir='ltr'><strong>quo</strong></span> <span class='ocrx_word' id='word_1_368' title='bbox 3685 746 3838 786; x_wconf 88' lang='lat' dir='ltr'><strong>unus-</strong></span> 
     </span>
    </p>
   </div>
   <div class='ocr_carea' id='block_1_51' title="bbox 2243 823 3838 896">
    <p class='ocr_par' dir='ltr' id='par_1_51' title="bbox 2243 823 3838 896">
     <span class='ocr_line' id='line_1_51' title="bbox 2243 823 3838 896; baseline 0 -19"><span class='ocrx_word' id='word_1_369' title='bbox 2243 825 2476 896; x_wconf 84' lang='lat' dir='ltr'><strong>quisque</strong></span> <span class='ocrx_word' id='word_1_370' title='bbox 2501 834 2725 886; x_wconf 75' lang='lat' dir='ltr'><strong>sanctus</strong></span> <span class='ocrx_word' id='word_1_371' title='bbox 2765 823 2832 878; x_wconf 86' lang='lat' dir='ltr'><strong>ad</strong></span> <span class='ocrx_word' id='word_1_372' title='bbox 2871 824 3230 884; x_wconf 80' lang='lat' dir='ltr'><strong>reverentiam</strong></span> <span class='ocrx_word' id='word_1_373' title='bbox 3262 824 3344 880; x_wconf 91' lang='lat' dir='ltr'><strong>sui</strong></span> <span class='ocrx_word' id='word_1_374' title='bbox 3375 824 3613 879; x_wconf 86' lang='lat' dir='ltr'><strong>auctoris</strong></span> <span class='ocrx_word' id='word_1_375' title='bbox 3653 837 3838 879; x_wconf 87' lang='lat' dir='ltr'><strong>accen-</strong></span> 
     </span>
    </p>
   </div>
   <div class='ocr_carea' id='block_1_52' title="bbox 2243 915 3837 988">
    <p class='ocr_par' dir='ltr' id='par_1_52' title="bbox 2243 915 3837 988">
     <span class='ocr_line' id='line_1_52' title="bbox 2243 915 3837 988; baseline -0.003 -15"><span class='ocrx_word' id='word_1_376' title='bbox 2243 918 2408 980; x_wconf 87' lang='lat' dir='ltr'><strong>ditur.</strong></span> <span class='ocrx_word' id='word_1_377' title='bbox 2440 917 2547 975; x_wconf 85' lang='lat' dir='ltr'><strong>Sed</strong></span> <span class='ocrx_word' id='word_1_378' title='bbox 2571 918 2657 988; x_wconf 89' lang='lat' dir='ltr'><strong>qui</strong></span> <span class='ocrx_word' id='word_1_379' title='bbox 2683 918 2847 973; x_wconf 92' lang='lat' dir='ltr'><strong>Deum</strong></span> <span class='ocrx_word' id='word_1_380' title='bbox 2877 916 3073 985; x_wconf 87' lang='lat' dir='ltr'><strong>diligit,</strong></span> <span class='ocrx_word' id='word_1_381' title='bbox 3105 932 3210 972; x_wconf 91' lang='lat' dir='ltr'><strong>non</strong></span> <span class='ocrx_word' id='word_1_382' title='bbox 3242 915 3614 987; x_wconf 80' lang='lat' dir='ltr'><strong>perfunctorie</strong></span> <span class='ocrx_word' id='word_1_383' title='bbox 3635 915 3837 986; x_wconf 83' lang='lat' dir='ltr'><strong>diligit:</strong></span> 
     </span>
    </p>
   </div>
   <div class='ocr_carea' id='block_1_53' title="bbox 2243 1008 3841 1081">
    <p class='ocr_par' dir='ltr' id='par_1_53' title="bbox 2243 1008 3841 1081">
     <span class='ocr_line' id='line_1_53' title="bbox 2243 1008 3841 1081; baseline -0.003 -15"><span class='ocrx_word' id='word_1_384' title='bbox 2243 1009 2337 1066; x_wconf 89' lang='lat' dir='ltr'><strong>sed</strong></span> <span class='ocrx_word' id='word_1_385' title='bbox 2379 1009 2553 1081; x_wconf 80' lang='lat' dir='ltr'><strong>diligit</strong></span> <span class='ocrx_word' id='word_1_386' title='bbox 2582 1010 2753 1081; x_wconf 87' lang='lat' dir='ltr'><strong>legem</strong></span> <span class='ocrx_word' id='word_1_387' title='bbox 2799 1009 2951 1079; x_wconf 90' lang='lat' dir='ltr'><strong>ejus,</strong></span> <span class='ocrx_word' id='word_1_388' title='bbox 2985 1018 3259 1080; x_wconf 63' lang='lat' dir='ltr'><strong>praecepta</strong></span> <span class='ocrx_word' id='word_1_389' title='bbox 3300 1008 3558 1076; x_wconf 87' lang='lat' dir='ltr'><strong>custodit,</strong></span> <span class='ocrx_word' id='word_1_390' title='bbox 3591 1008 3841 1079; x_wconf 80' lang='lat' dir='ltr'><strong>justiﬁeat</strong></span> 
     </span>
    </p>
   </div>
   <div class='ocr_carea' id='block_1_54' title="bbox 2241 1101 3840 1174">
    <p class='ocr_par' dir='ltr' id='par_1_54' title="bbox 2241 1101 3840 1174">
     <span class='ocr_line' id='line_1_54' title="bbox 2241 1101 3840 1174; baseline -0.001 -15"><span class='ocrx_word' id='word_1_391' title='bbox 2241 1117 2338 1160; x_wconf 92' lang='lat' dir='ltr'><strong>cor</strong></span> <span class='ocrx_word' id='word_1_392' title='bbox 2380 1119 2536 1169; x_wconf 84' lang='lat' dir='ltr'><strong>suum</strong></span> <span class='ocrx_word' id='word_1_393' title='bbox 2558 1146 2572 1168; x_wconf 94' lang='lat'><strong>,</strong></span> <span class='ocrx_word' id='word_1_394' title='bbox 2619 1119 2726 1159; x_wconf 93' lang='lat' dir='ltr'><strong>non</strong></span> <span class='ocrx_word' id='word_1_395' title='bbox 2771 1102 3042 1168; x_wconf 84' lang='lat' dir='ltr'><strong>dictorum</strong></span> <span class='ocrx_word' id='word_1_396' title='bbox 3076 1118 3273 1160; x_wconf 86' lang='lat' dir='ltr'><strong>sonora</strong></span> <span class='ocrx_word' id='word_1_397' title='bbox 3302 1101 3724 1174; x_wconf 71' lang='lat' dir='ltr'><strong>pra-dicatione,</strong></span> <span class='ocrx_word' id='word_1_398' title='bbox 3755 1103 3840 1157; x_wconf 87' lang='lat' dir='ltr'><strong>sed</strong></span> 
     </span>
    </p>
   </div>
   <div class='ocr_carea' id='block_1_55' title="bbox 2243 1193 3840 1266">
    <p class='ocr_par' dir='ltr' id='par_1_55' title="bbox 2243 1193 3840 1266">
     <span class='ocr_line' id='line_1_55' title="bbox 2243 1193 3840 1266; baseline -0.001 -16"><span class='ocrx_word' id='word_1_399' title='bbox 2243 1196 2491 1258; x_wconf 86' lang='lat' dir='ltr'><strong>studiosa</strong></span> <span class='ocrx_word' id='word_1_400' title='bbox 2518 1197 2816 1264; x_wconf 86' lang='lat' dir='ltr'><strong>imitatione</strong></span> <span class='ocrx_word' id='word_1_401' title='bbox 2841 1194 3134 1254; x_wconf 88' lang='lat' dir='ltr'><strong>factorum.</strong></span> <span class='ocrx_word' id='word_1_402' title='bbox 3158 1196 3359 1251; x_wconf 84' lang='lat' dir='ltr'><strong>Doceat</strong></span> <span class='ocrx_word' id='word_1_403' title='bbox 3382 1195 3543 1266; x_wconf 83' lang='lat' dir='ltr'><strong>igitur</strong></span> <span class='ocrx_word' id='word_1_404' title='bbox 3573 1208 3676 1252; x_wconf 87' lang='lat' dir='ltr'><strong>nos</strong></span> <span class='ocrx_word' id='word_1_405' title='bbox 3706 1193 3840 1250; x_wconf 86' lang='lat' dir='ltr'><strong>Deus</strong></span> 
     </span>
    </p>
   </div>
   <div class='ocr_carea' id='block_1_56' title="bbox 2245 1289 3436 1364">
    <p class='ocr_par' dir='ltr' id='par_1_56' title="bbox 2245 1289 3436 1364">
     <span class='ocr_line' id='line_1_56' title="bbox 2245 1289 3436 1364; baseline -0.003 -16"><span class='ocrx_word' id='word_1_406' title='bbox 2245 1291 2695 1364; x_wconf 80' lang='lat' dir='ltr'><strong>quemadmodum</strong></span> <span class='ocrx_word' id='word_1_407' title='bbox 2729 1307 2760 1346; x_wconf 90' lang='lat' dir='ltr'><strong>a</strong></span> <span class='ocrx_word' id='word_1_408' title='bbox 2789 1291 2994 1347; x_wconf 89' lang='lat' dir='ltr'><strong>sanctis</strong></span> <span class='ocrx_word' id='word_1_409' title='bbox 3022 1290 3138 1345; x_wconf 90' lang='lat' dir='ltr'><strong>suis</strong></span> <span class='ocrx_word' id='word_1_410' title='bbox 3162 1289 3436 1360; x_wconf 89' lang='lat' dir='ltr'><strong>diligatur.</strong></span> 
     </span>
    </p>
   </div>
   <div class='ocr_carea' id='block_1_57' title="bbox 2319 1421 3837 1497">
    <p class='ocr_par' dir='ltr' id='par_1_57' title="bbox 2319 1421 3837 1497">
     <span class='ocr_line' id='line_1_57' title="bbox 2319 1421 3837 1497; baseline -0.003 -17"><span class='ocrx_word' id='word_1_411' title='bbox 2319 1427 2370 1480; x_wconf 80' lang='grc'><strong>5.</strong></span> <span class='ocrx_word' id='word_1_412' title='bbox 2414 1425 2594 1497; x_wconf 78' lang='lat' dir='ltr'><strong>(Vers.</strong></span> <span class='ocrx_word' id='word_1_413' title='bbox 2631 1423 2755 1495; x_wconf 82' lang='lat'><strong>97.)</strong></span> <span class='ocrx_word' id='word_1_414' title='bbox 2791 1423 2879 1480; x_wconf 92' lang='lat' dir='ltr'><strong>Sic</strong></span> <span class='ocrx_word' id='word_1_415' title='bbox 2921 1423 3170 1492; x_wconf 87' lang='lat' dir='ltr'><strong>inquiens</strong></span> <span class='ocrx_word' id='word_1_416' title='bbox 3219 1422 3488 1492; x_wconf 83' lang='lat' dir='ltr'><strong>Propheta</strong></span> <span class='ocrx_word' id='word_1_417' title='bbox 3520 1421 3795 1492; x_wconf 73' lang='lat' dir='ltr'><strong>subiungit</strong></span> <span class='ocrx_word' id='word_1_418' title='bbox 3826 1440 3837 1476; x_wconf 93' lang='lat'><em>:</em></span> 
     </span>
    </p>
   </div>
   <div class='ocr_carea' id='block_1_58' title="bbox 2249 1515 3840 1586">
    <p class='ocr_par' dir='ltr' id='par_1_58' title="bbox 2249 1515 3840 1586">
     <span class='ocr_line' id='line_1_58' title="bbox 2249 1515 3840 1586; baseline -0.003 -13"><span class='ocrx_word' id='word_1_419' title='bbox 2249 1521 2520 1586; x_wconf 83' lang='lat' dir='ltr'><strong>Quomodo</strong></span> <span class='ocrx_word' id='word_1_420' title='bbox 2558 1519 2718 1573; x_wconf 75' lang='lat' dir='ltr'><strong>dilexi</strong></span> <span class='ocrx_word' id='word_1_421' title='bbox 2762 1518 3063 1571; x_wconf 87' lang='lat' dir='ltr'><strong>mandatum</strong></span> <span class='ocrx_word' id='word_1_422' title='bbox 3102 1526 3277 1582; x_wconf 83' lang='lat' dir='ltr'><strong>ttmm,</strong></span> <span class='ocrx_word' id='word_1_423' title='bbox 3330 1515 3584 1570; x_wconf 88' lang='lat' dir='ltr'><strong>Domine:</strong></span> <span class='ocrx_word' id='word_1_424' title='bbox 3616 1524 3725 1569; x_wconf 86' lang='lat' dir='ltr'><strong>tota</strong></span> <span class='ocrx_word' id='word_1_425' title='bbox 3767 1515 3840 1568; x_wconf 87' lang='lat' dir='ltr'><strong>die</strong></span> 
     </span>
    </p>
   </div>
   <div class='ocr_carea' id='block_1_59' title="bbox 2247 1609 3843 1682">
    <p class='ocr_par' dir='ltr' id='par_1_59' title="bbox 2247 1609 3843 1682">
     <span class='ocr_line' id='line_1_59' title="bbox 2247 1609 3843 1682; baseline -0.005 -12"><span class='ocrx_word' id='word_1_426' title='bbox 2247 1616 2513 1670; x_wconf 81' lang='lat' dir='ltr'><strong>meditatio</strong></span> <span class='ocrx_word' id='word_1_427' title='bbox 2545 1630 2657 1667; x_wconf 90' lang='lat' dir='ltr'><strong>mea</strong></span> <span class='ocrx_word' id='word_1_428' title='bbox 2696 1621 2790 1667; x_wconf 88' lang='lat' dir='ltr'><strong>est.</strong></span> <span class='ocrx_word' id='word_1_429' title='bbox 2841 1612 3123 1682; x_wconf 88' lang='lat' dir='ltr'><strong>Diligentis</strong></span> <span class='ocrx_word' id='word_1_430' title='bbox 3161 1609 3303 1666; x_wconf 89' lang='lat' dir='ltr'><strong>circa</strong></span> <span class='ocrx_word' id='word_1_431' title='bbox 3343 1609 3577 1664; x_wconf 91' lang='lat' dir='ltr'><strong>studium</strong></span> <span class='ocrx_word' id='word_1_432' title='bbox 3621 1623 3843 1679; x_wconf 85' lang='lat' dir='ltr'><strong>cognos-</strong></span> 
     </span>
    </p>
   </div>
   <div class='ocr_carea' id='block_1_60' title="bbox 2249 1701 3843 1777">
    <p class='ocr_par' dir='ltr' id='par_1_60' title="bbox 2249 1701 3843 1777">
     <span class='ocr_line' id='line_1_60' title="bbox 2249 1701 3843 1777; baseline -0.005 -15"><span class='ocrx_word' id='word_1_433' title='bbox 2249 1706 2436 1762; x_wconf 73' lang='lat' dir='ltr'><strong>cenda:</strong></span> <span class='ocrx_word' id='word_1_434' title='bbox 2466 1705 2624 1777; x_wconf 87' lang='lat' dir='ltr'><strong>Legis</strong></span> <span class='ocrx_word' id='word_1_435' title='bbox 2653 1704 2772 1760; x_wconf 69' lang='lat' dir='ltr'><strong>lucc</strong></span> <span class='ocrx_word' id='word_1_436' title='bbox 2800 1719 2902 1758; x_wconf 89' lang='lat' dir='ltr'><strong>vox</strong></span> <span class='ocrx_word' id='word_1_437' title='bbox 2933 1713 3037 1769; x_wconf 90' lang='lat' dir='ltr'><strong>est,</strong></span> <span class='ocrx_word' id='word_1_438' title='bbox 3065 1717 3185 1773; x_wconf 69' lang='lat' dir='ltr'><strong>qua:</strong></span> <span class='ocrx_word' id='word_1_439' title='bbox 3215 1703 3433 1756; x_wconf 88' lang='lat' dir='ltr'><strong>instruit</strong></span> <span class='ocrx_word' id='word_1_440' title='bbox 3459 1701 3843 1771; x_wconf 87' lang='lat' dir='ltr'><strong>perfectionem</strong></span> 
     </span>
    </p>
   </div>
   <div class='ocr_carea' id='block_1_61' title="bbox 2171 1760 3846 1867">
    <p class='ocr_par' dir='ltr' id='par_1_61' title="bbox 2171 1760 3846 1867">
     <span class='ocr_line' id='line_1_61' title="bbox 2171 1760 3846 1867; baseline -0.003 -14"><span class='ocrx_word' id='word_1_441' title='bbox 2171 1760 2221 1830; x_wconf 68' lang='grc' dir='ltr'><strong><em>Β</em></strong></span> <span class='ocrx_word' id='word_1_442' title='bbox 2249 1799 2513 1862; x_wconf 89' lang='lat' dir='ltr'><strong>hominis,</strong></span> <span class='ocrx_word' id='word_1_443' title='bbox 2543 1760 2710 1867; x_wconf 63' lang='lat' dir='ltr'><strong>quam</strong></span> <span class='ocrx_word' id='word_1_444' title='bbox 2744 1805 2888 1851; x_wconf 91' lang='lat' dir='ltr'><strong>totus</strong></span> <span class='ocrx_word' id='word_1_445' title='bbox 2921 1795 3012 1851; x_wconf 87' lang='lat' dir='ltr'><strong>hic</strong></span> <span class='ocrx_word' id='word_1_446' title='bbox 3043 1760 3281 1865; x_wconf 71' lang='lat' dir='ltr'><strong>psalmus</strong></span> <span class='ocrx_word' id='word_1_447' title='bbox 3311 1794 3582 1850; x_wconf 89' lang='lat' dir='ltr'><strong>informat.</strong></span> <span class='ocrx_word' id='word_1_448' title='bbox 3623 1794 3690 1848; x_wconf 89' lang='lat' dir='ltr'><strong>Et</strong></span> <span class='ocrx_word' id='word_1_449' title='bbox 3719 1809 3846 1863; x_wconf 82' lang='lat' dir='ltr'><strong>quo-</strong></span> 
     </span>
    </p>
   </div>
   <div class='ocr_carea' id='block_1_62' title="bbox 2248 1886 3850 1957">
    <p class='ocr_par' dir='ltr' id='par_1_62' title="bbox 2248 1886 3850 1957">
     <span class='ocr_line' id='line_1_62' title="bbox 2248 1886 3850 1957; baseline -0.004 -11"><span class='ocrx_word' id='word_1_450' title='bbox 2248 1892 2393 1946; x_wconf 90' lang='lat' dir='ltr'><strong>niam</strong></span> <span class='ocrx_word' id='word_1_451' title='bbox 2420 1890 2714 1945; x_wconf 84' lang='lat' dir='ltr'><strong>maximum</strong></span> <span class='ocrx_word' id='word_1_452' title='bbox 2749 1887 3060 1944; x_wconf 89' lang='lat' dir='ltr'><strong>mandatum</strong></span> <span class='ocrx_word' id='word_1_453' title='bbox 3091 1887 3143 1942; x_wconf 92' lang='lat' dir='ltr'><strong>in</strong></span> <span class='ocrx_word' id='word_1_454' title='bbox 3171 1887 3316 1957; x_wconf 87' lang='lat' dir='ltr'><strong>Lege</strong></span> <span class='ocrx_word' id='word_1_455' title='bbox 3343 1901 3464 1943; x_wconf 90' lang='lat' dir='ltr'><strong>esse</strong></span> <span class='ocrx_word' id='word_1_456' title='bbox 3490 1886 3770 1956; x_wconf 87' lang='lat' dir='ltr'><strong>cognovit,</strong></span> <span class='ocrx_word' id='word_1_457' title='bbox 3797 1894 3850 1940; x_wconf 91' lang='lat' dir='ltr'><strong>ut</strong></span> 
     </span>
    </p>
   </div>
   <div class='ocr_carea' id='block_1_63' title="bbox 2248 1977 3849 2055">
    <p class='ocr_par' dir='ltr' id='par_1_63' title="bbox 2248 1977 3849 2055">
     <span class='ocr_line' id='line_1_63' title="bbox 2248 1977 3849 2055; baseline -0.003 -17"><span class='ocrx_word' id='word_1_458' title='bbox 2248 1983 2536 2055; x_wconf 88' lang='lat' dir='ltr'><strong>diligamus</strong></span> <span class='ocrx_word' id='word_1_459' title='bbox 2583 1981 2872 2038; x_wconf 88' lang='lat' dir='ltr'><strong>Dominum</strong></span> <span class='ocrx_word' id='word_1_460' title='bbox 2924 1983 3089 2035; x_wconf 84' lang='lat' dir='ltr'><strong>Deum</strong></span> <span class='ocrx_word' id='word_1_461' title='bbox 3132 1988 3375 2034; x_wconf 90' lang='lat' dir='ltr'><strong>nostrum</strong></span> <span class='ocrx_word' id='word_1_462' title='bbox 3419 1996 3487 2036; x_wconf 85' lang='lat' dir='ltr'><strong>ex</strong></span> <span class='ocrx_word' id='word_1_463' title='bbox 3533 1988 3650 2034; x_wconf 88' lang='lat' dir='ltr'><strong>toto</strong></span> <span class='ocrx_word' id='word_1_464' title='bbox 3691 1977 3849 2034; x_wconf 87' lang='lat' dir='ltr'><strong>corde</strong></span> 
     </span>
    </p>
   </div>
   <div class='ocr_carea' id='block_1_64' title="bbox 2248 2071 3850 2141">
    <p class='ocr_par' dir='ltr' id='par_1_64' title="bbox 2248 2071 3850 2141">
     <span class='ocr_line' id='line_1_64' title="bbox 2248 2071 3850 2141; baseline -0.003 -12"><span class='ocrx_word' id='word_1_465' title='bbox 2248 2084 2457 2141; x_wconf 89' lang='lat' dir='ltr'><strong>nostro,</strong></span> <span class='ocrx_word' id='word_1_466' title='bbox 2489 2083 2544 2129; x_wconf 91' lang='lat' dir='ltr'><strong>et</strong></span> <span class='ocrx_word' id='word_1_467' title='bbox 2570 2089 2635 2130; x_wconf 87' lang='lat' dir='ltr'><strong>ex</strong></span> <span class='ocrx_word' id='word_1_468' title='bbox 2668 2083 2778 2128; x_wconf 87' lang='lat' dir='ltr'><strong>tota</strong></span> <span class='ocrx_word' id='word_1_469' title='bbox 2825 2073 3004 2127; x_wconf 90' lang='lat' dir='ltr'><strong>anima</strong></span> <span class='ocrx_word' id='word_1_470' title='bbox 3036 2080 3243 2139; x_wconf 88' lang='lat' dir='ltr'><strong>nostra,</strong></span> <span class='ocrx_word' id='word_1_471' title='bbox 3277 2072 3358 2126; x_wconf 90' lang='lat' dir='ltr'><strong>sui</strong></span> <span class='ocrx_word' id='word_1_472' title='bbox 3406 2071 3711 2126; x_wconf 84' lang='lat' dir='ltr'><strong>imitatione</strong></span> <span class='ocrx_word' id='word_1_473' title='bbox 3758 2085 3850 2126; x_wconf 91' lang='lat' dir='ltr'><strong>nos</strong></span> 
     </span>
    </p>
   </div>
   <div class='ocr_carea' id='block_1_65' title="bbox 2247 2162 3851 2237">
    <p class='ocr_par' dir='ltr' id='par_1_65' title="bbox 2247 2162 3851 2237">
     <span class='ocr_line' id='line_1_65' title="bbox 2247 2162 3851 2237; baseline -0.003 -16"><span class='ocrx_word' id='word_1_474' title='bbox 2247 2182 2482 2237; x_wconf 88' lang='lat' dir='ltr'><strong>quoque,</strong></span> <span class='ocrx_word' id='word_1_475' title='bbox 2515 2179 2650 2236; x_wconf 92' lang='lat' dir='ltr'><strong>quos</strong></span> <span class='ocrx_word' id='word_1_476' title='bbox 2678 2164 2897 2220; x_wconf 89' lang='lat' dir='ltr'><strong>erudire</strong></span> <span class='ocrx_word' id='word_1_477' title='bbox 2926 2163 3130 2232; x_wconf 89' lang='lat' dir='ltr'><strong>studet,</strong></span> <span class='ocrx_word' id='word_1_478' title='bbox 3163 2163 3276 2218; x_wconf 88' lang='lat' dir='ltr'><strong>vult</strong></span> <span class='ocrx_word' id='word_1_479' title='bbox 3299 2177 3420 2218; x_wconf 86' lang='lat' dir='ltr'><strong>esse</strong></span> <span class='ocrx_word' id='word_1_480' title='bbox 3451 2162 3750 2231; x_wconf 83' lang='lat' dir='ltr'><strong>perfectos,</strong></span> <span class='ocrx_word' id='word_1_481' title='bbox 3775 2162 3851 2216; x_wconf 86' lang='lat' dir='ltr'><strong>di-</strong></span> 
     </span>
    </p>
   </div>
   <div class='ocr_carea' id='block_1_66' title="bbox 2246 2255 3852 2327">
    <p class='ocr_par' dir='ltr' id='par_1_66' title="bbox 2246 2255 3852 2327">
     <span class='ocr_line' id='line_1_66' title="bbox 2246 2255 3852 2327; baseline -0.003 -11"><span class='ocrx_word' id='word_1_482' title='bbox 2246 2274 2415 2316; x_wconf 88' lang='lat' dir='ltr'><strong>cens:</strong></span> <span class='ocrx_word' id='word_1_483' title='bbox 2450 2259 2721 2327; x_wconf 82' lang='lat' dir='ltr'><strong>Quomodo</strong></span> <span class='ocrx_word' id='word_1_484' title='bbox 2743 2258 2905 2314; x_wconf 72' lang='lat' dir='ltr'><strong>dilexi</strong></span> <span class='ocrx_word' id='word_1_485' title='bbox 2932 2258 3235 2313; x_wconf 86' lang='lat' dir='ltr'><strong>mandatum</strong></span> <span class='ocrx_word' id='word_1_486' title='bbox 3263 2267 3426 2324; x_wconf 87' lang='lat' dir='ltr'><strong>tuum,</strong></span> <span class='ocrx_word' id='word_1_487' title='bbox 3459 2255 3708 2312; x_wconf 83' lang='lat' dir='ltr'><strong>Domine.</strong></span> <span class='ocrx_word' id='word_1_488' title='bbox 3744 2257 3852 2311; x_wconf 88' lang='lat' dir='ltr'><strong>Hoc</strong></span> 
     </span>
    </p>
   </div>
   <div class='ocr_carea' id='block_1_67' title="bbox 2245 2351 3850 2424">
    <p class='ocr_par' dir='ltr' id='par_1_67' title="bbox 2245 2351 3850 2424">
     <span class='ocr_line' id='line_1_67' title="bbox 2245 2351 3850 2424; baseline -0.003 -14"><span class='ocrx_word' id='word_1_489' title='bbox 2245 2354 2368 2424; x_wconf 89' lang='lat' dir='ltr'><strong>ipso</strong></span> <span class='ocrx_word' id='word_1_490' title='bbox 2393 2353 2633 2408; x_wconf 85' lang='lat' dir='ltr'><strong>charitas</strong></span> <span class='ocrx_word' id='word_1_491' title='bbox 2657 2353 2858 2408; x_wconf 92' lang='lat' dir='ltr'><strong>crescit</strong></span> <span class='ocrx_word' id='word_1_492' title='bbox 2892 2351 3121 2417; x_wconf 78' lang='lat' dir='ltr'><strong>aﬂ&#39;eetu,</strong></span> <span class='ocrx_word' id='word_1_493' title='bbox 3151 2351 3293 2423; x_wconf 91' lang='lat' dir='ltr'><strong>quod</strong></span> <span class='ocrx_word' id='word_1_494' title='bbox 3321 2353 3498 2423; x_wconf 91' lang='lat' dir='ltr'><strong>ipsum</strong></span> <span class='ocrx_word' id='word_1_495' title='bbox 3533 2361 3731 2407; x_wconf 89' lang='lat' dir='ltr'><strong>testem</strong></span> <span class='ocrx_word' id='word_1_496' title='bbox 3760 2351 3850 2406; x_wconf 84' lang='lat' dir='ltr'><strong>ad-</strong></span> 
     </span>
    </p>
   </div>
   <div class='ocr_carea' id='block_1_68' title="bbox 2245 2444 3854 2516">
    <p class='ocr_par' dir='ltr' id='par_1_68' title="bbox 2245 2444 3854 2516">
     <span class='ocr_line' id='line_1_68' title="bbox 2245 2444 3854 2516; baseline -0.002 -15"><span class='ocrx_word' id='word_1_497' title='bbox 2245 2459 2436 2512; x_wconf 89' lang='lat' dir='ltr'><strong>vocat,</strong></span> <span class='ocrx_word' id='word_1_498' title='bbox 2467 2448 2552 2501; x_wconf 92' lang='lat' dir='ltr'><strong>cui</strong></span> <span class='ocrx_word' id='word_1_499' title='bbox 2599 2461 2793 2501; x_wconf 91' lang='lat' dir='ltr'><strong>munus</strong></span> <span class='ocrx_word' id='word_1_500' title='bbox 2819 2445 3132 2501; x_wconf 86' lang='lat' dir='ltr'><strong>dilectionis</strong></span> <span class='ocrx_word' id='word_1_501' title='bbox 3178 2444 3550 2516; x_wconf 90' lang='lat' dir='ltr'><strong>impenditur:</strong></span> <span class='ocrx_word' id='word_1_502' title='bbox 3584 2460 3686 2501; x_wconf 88' lang='lat' dir='ltr'><strong>nec</strong></span> <span class='ocrx_word' id='word_1_503' title='bbox 3729 2461 3854 2516; x_wconf 88' lang='lat' dir='ltr'><strong>spe-</strong></span> 
     </span>
    </p>
   </div>
   <div class='ocr_carea' id='block_1_69' title="bbox 2246 2537 3855 2608">
    <p class='ocr_par' dir='ltr' id='par_1_69' title="bbox 2246 2537 3855 2608">
     <span class='ocr_line' id='line_1_69' title="bbox 2246 2537 3855 2608; baseline -0.002 -12"><span class='ocrx_word' id='word_1_504' title='bbox 2246 2541 2423 2605; x_wconf 88' lang='lat' dir='ltr'><strong>ciem,</strong></span> <span class='ocrx_word' id='word_1_505' title='bbox 2469 2539 2564 2594; x_wconf 90' lang='lat' dir='ltr'><strong>sed</strong></span> <span class='ocrx_word' id='word_1_506' title='bbox 2597 2537 2989 2608; x_wconf 88' lang='lat' dir='ltr'><strong>plenitudinem</strong></span> <span class='ocrx_word' id='word_1_507' title='bbox 3029 2538 3306 2593; x_wconf 88' lang='lat' dir='ltr'><strong>charitatis</strong></span> <span class='ocrx_word' id='word_1_508' title='bbox 3354 2537 3445 2592; x_wconf 86' lang='lat' dir='ltr'><strong>tali</strong></span> <span class='ocrx_word' id='word_1_509' title='bbox 3489 2538 3855 2593; x_wconf 86' lang='lat' dir='ltr'><strong>conventione</strong></span> 
     </span>
    </p>
   </div>
   <div class='ocr_carea' id='block_1_70' title="bbox 2247 2628 3859 2700">
    <p class='ocr_par' dir='ltr' id='par_1_70' title="bbox 2247 2628 3859 2700">
     <span class='ocr_line' id='line_1_70' title="bbox 2247 2628 3859 2700; baseline -0.003 -13"><span class='ocrx_word' id='word_1_510' title='bbox 2247 2641 2497 2687; x_wconf 88' lang='lat' dir='ltr'><strong>testatur.</strong></span> <span class='ocrx_word' id='word_1_511' title='bbox 2537 2631 2648 2686; x_wconf 84' lang='lat' dir='ltr'><strong>Hac</strong></span> <span class='ocrx_word' id='word_1_512' title='bbox 2695 2645 2824 2685; x_wconf 91' lang='lat' dir='ltr'><strong>usus</strong></span> <span class='ocrx_word' id='word_1_513' title='bbox 2855 2637 2939 2685; x_wconf 90' lang='lat' dir='ltr'><strong>cst</strong></span> <span class='ocrx_word' id='word_1_514' title='bbox 2968 2630 3202 2684; x_wconf 84' lang='lat' dir='ltr'><strong>Petrus:</strong></span> <span class='ocrx_word' id='word_1_515' title='bbox 3235 2628 3318 2682; x_wconf 83' lang='lat' dir='ltr'><strong>Tu</strong></span> <span class='ocrx_word' id='word_1_516' title='bbox 3345 2630 3446 2683; x_wconf 88' lang='lat' dir='ltr'><strong>scis</strong></span> <span class='ocrx_word' id='word_1_517' title='bbox 3466 2670 3479 2693; x_wconf 93' lang='lat'><strong>,</strong></span> <span class='ocrx_word' id='word_1_518' title='bbox 3509 2629 3724 2700; x_wconf 90' lang='lat' dir='ltr'><strong>inquit,</strong></span> <span class='ocrx_word' id='word_1_519' title='bbox 3755 2629 3859 2682; x_wconf 84' lang='lat' dir='ltr'><strong>Do-</strong></span> 
     </span>
    </p>
   </div>
   <div class='ocr_carea' id='block_1_71' title="bbox 2247 2721 3860 2794">
    <p class='ocr_par' dir='ltr' id='par_1_71' title="bbox 2247 2721 3860 2794">
     <span class='ocr_line' id='line_1_71' title="bbox 2247 2721 3860 2794; baseline -0.001 -16"><span class='ocrx_word' id='word_1_520' title='bbox 2247 2725 2400 2792; x_wconf 88' lang='lat' dir='ltr'><strong>mine,</strong></span> <span class='ocrx_word' id='word_1_521' title='bbox 2447 2725 2566 2794; x_wconf 84' lang='lat' dir='ltr'><strong>quia</strong></span> <span class='ocrx_word' id='word_1_522' title='bbox 2592 2723 2753 2794; x_wconf 89' lang='lat' dir='ltr'><strong>diligo</strong></span> <span class='ocrx_word' id='word_1_523' title='bbox 2794 2731 2840 2777; x_wconf 89' lang='lat' dir='ltr'><strong>te</strong></span> <span class='ocrx_word' id='word_1_524' title='bbox 2877 2721 3058 2794; x_wconf 85' lang='lat' dir='ltr'><strong>(Joan.</strong></span> <span class='ocrx_word' id='word_1_525' title='bbox 3090 2738 3180 2777; x_wconf 82' lang='lat' dir='ltr'><strong>xxr</strong></span> <span class='ocrx_word' id='word_1_526' title='bbox 3203 2764 3217 2789; x_wconf 92' lang='lat'><strong>,</strong></span> <span class='ocrx_word' id='word_1_527' title='bbox 3257 2722 3371 2793; x_wconf 80' lang='grc'>15).</span> <span class='ocrx_word' id='word_1_528' title='bbox 3402 2722 3511 2778; x_wconf 91' lang='lat' dir='ltr'><strong>Sed</strong></span> <span class='ocrx_word' id='word_1_529' title='bbox 3553 2723 3645 2793; x_wconf 90' lang='lat' dir='ltr'><strong>qui</strong></span> <span class='ocrx_word' id='word_1_530' title='bbox 3681 2723 3860 2793; x_wconf 88' lang='lat' dir='ltr'><strong>diligit</strong></span> 
     </span>
    </p>
   </div>
   <div class='ocr_carea' id='block_1_72' title="bbox 2250 2815 3859 2886">
    <p class='ocr_par' dir='ltr' id='par_1_72' title="bbox 2250 2815 3859 2886">
     <span class='ocr_line' id='line_1_72' title="bbox 2250 2815 3859 2886; baseline -0.002 -14"><span class='ocrx_word' id='word_1_531' title='bbox 2250 2817 2573 2882; x_wconf 91' lang='lat' dir='ltr'><strong>Dominum,</strong></span> <span class='ocrx_word' id='word_1_532' title='bbox 2624 2817 2798 2886; x_wconf 90' lang='lat' dir='ltr'><strong>legem</strong></span> <span class='ocrx_word' id='word_1_533' title='bbox 2844 2815 2962 2885; x_wconf 91' lang='lat' dir='ltr'><strong>ejus</strong></span> <span class='ocrx_word' id='word_1_534' title='bbox 2991 2815 3197 2886; x_wconf 89' lang='lat' dir='ltr'><strong>diligit,</strong></span> <span class='ocrx_word' id='word_1_535' title='bbox 3231 2815 3375 2870; x_wconf 91' lang='lat' dir='ltr'><strong>sicut</strong></span> <span class='ocrx_word' id='word_1_536' title='bbox 3417 2815 3581 2870; x_wconf 77' lang='lat' dir='ltr'><strong>Maria</strong></span> <span class='ocrx_word' id='word_1_537' title='bbox 3627 2816 3859 2886; x_wconf 83' lang='lat' dir='ltr'><strong>diligens</strong></span> 
     </span>
    </p>
   </div>
   <div class='ocr_carea' id='block_1_73' title="bbox 2249 2906 3860 2976">
    <p class='ocr_par' dir='ltr' id='par_1_73' title="bbox 2249 2906 3860 2976">
     <span class='ocr_line' id='line_1_73' title="bbox 2249 2906 3860 2976; baseline 0 -14"><span class='ocrx_word' id='word_1_538' title='bbox 2249 2908 2467 2976; x_wconf 86' lang='lat' dir='ltr'><strong>Filium,</strong></span> <span class='ocrx_word' id='word_1_539' title='bbox 2492 2906 2677 2963; x_wconf 91' lang='lat' dir='ltr'><strong>omnia</strong></span> <span class='ocrx_word' id='word_1_540' title='bbox 2703 2909 2868 2963; x_wconf 86' lang='lat' dir='ltr'><strong>verba</strong></span> <span class='ocrx_word' id='word_1_541' title='bbox 2898 2907 3018 2976; x_wconf 87' lang='lat' dir='ltr'><strong>ejus</strong></span> <span class='ocrx_word' id='word_1_542' title='bbox 3041 2907 3091 2961; x_wconf 92' lang='lat' dir='ltr'><strong>in</strong></span> <span class='ocrx_word' id='word_1_543' title='bbox 3120 2907 3284 2962; x_wconf 89' lang='lat' dir='ltr'><strong>corde</strong></span> <span class='ocrx_word' id='word_1_544' title='bbox 3310 2921 3432 2975; x_wconf 86' lang='lat' dir='ltr'><strong>suo,</strong></span> <span class='ocrx_word' id='word_1_545' title='bbox 3460 2916 3712 2962; x_wconf 88' lang='lat' dir='ltr'><strong>materno</strong></span> <span class='ocrx_word' id='word_1_546' title='bbox 3734 2922 3860 2962; x_wconf 84' lang='lat' dir='ltr'><strong>con-</strong></span> 
     </span>
    </p>
   </div>
   <div class='ocr_carea' id='block_1_74' title="bbox 2246 2999 3860 3071">
    <p class='ocr_par' dir='ltr' id='par_1_74' title="bbox 2246 2999 3860 3071">
     <span class='ocr_line' id='line_1_74' title="bbox 2246 2999 3860 3071; baseline -0.002 -15"><span class='ocrx_word' id='word_1_547' title='bbox 2246 3003 2459 3057; x_wconf 87' lang='lat' dir='ltr'><strong>ferebat</strong></span> <span class='ocrx_word' id='word_1_548' title='bbox 2479 3001 2674 3056; x_wconf 75' lang='lat' dir='ltr'><strong>affectu</strong></span> <span class='ocrx_word' id='word_1_549' title='bbox 2704 2999 2856 3070; x_wconf 86' lang='lat' dir='ltr'><strong>(Luc.</strong></span> <span class='ocrx_word' id='word_1_550' title='bbox 2889 3016 2955 3063; x_wconf 84' lang='grc' dir='ltr'><strong>ιι,</strong></span> <span class='ocrx_word' id='word_1_551' title='bbox 2985 3000 3100 3070; x_wconf 82' lang='grc'>51).</span> <span class='ocrx_word' id='word_1_552' title='bbox 3137 3001 3370 3071; x_wconf 86' lang='lat' dir='ltr'><strong>Diligens</strong></span> <span class='ocrx_word' id='word_1_553' title='bbox 3397 3011 3464 3066; x_wconf 89' lang='lat' dir='ltr'><strong>te,</strong></span> <span class='ocrx_word' id='word_1_554' title='bbox 3499 3001 3597 3071; x_wconf 79' lang='lat' dir='ltr'><strong>feci</strong></span> <span class='ocrx_word' id='word_1_555' title='bbox 3624 3001 3860 3056; x_wconf 85' lang='lat' dir='ltr'><strong>volunta-</strong></span> 
     </span>
    </p>
   </div>
   <div class='ocr_carea' id='block_1_75' title="bbox 2250 3090 3865 3164">
    <p class='ocr_par' dir='ltr' id='par_1_75' title="bbox 2250 3090 3865 3164">
     <span class='ocr_line' id='line_1_75' title="bbox 2250 3090 3865 3164; baseline -0.002 -15"><span class='ocrx_word' id='word_1_556' title='bbox 2250 3105 2349 3149; x_wconf 87' lang='lat' dir='ltr'><strong>tem</strong></span> <span class='ocrx_word' id='word_1_557' title='bbox 2380 3104 2540 3158; x_wconf 89' lang='lat' dir='ltr'><strong>tuam,</strong></span> <span class='ocrx_word' id='word_1_558' title='bbox 2573 3094 2836 3162; x_wconf 86' lang='lat' dir='ltr'><strong>scriptum</strong></span> <span class='ocrx_word' id='word_1_559' title='bbox 2859 3102 2942 3147; x_wconf 90' lang='lat' dir='ltr'><strong>est</strong></span> <span class='ocrx_word' id='word_1_560' title='bbox 2968 3091 3140 3164; x_wconf 83' lang='lat' dir='ltr'><strong>(Esai.</strong></span> <span class='ocrx_word' id='word_1_561' title='bbox 3173 3108 3365 3160; x_wconf 71' lang='lat' dir='ltr'><strong>xum,</strong></span> <span class='ocrx_word' id='word_1_562' title='bbox 3398 3090 3513 3161; x_wconf 75' lang='grc'>14).</span> <span class='ocrx_word' id='word_1_563' title='bbox 3545 3092 3676 3148; x_wconf 80' lang='lat' dir='ltr'><strong>Ideo</strong></span> <span class='ocrx_word' id='word_1_564' title='bbox 3713 3107 3865 3148; x_wconf 82' lang='lat' dir='ltr'><strong>com-</strong></span> 
     </span>
    </p>
   </div>
   <div class='ocr_carea' id='block_1_76' title="bbox 2253 3183 3865 3256">
    <p class='ocr_par' dir='ltr' id='par_1_76' title="bbox 2253 3183 3865 3256">
     <span class='ocr_line' id='line_1_76' title="bbox 2253 3183 3865 3256; baseline -0.001 -16"><span class='ocrx_word' id='word_1_565' title='bbox 2253 3186 2403 3240; x_wconf 90' lang='lat' dir='ltr'><strong>misit</strong></span> <span class='ocrx_word' id='word_1_566' title='bbox 2446 3195 2500 3240; x_wconf 90' lang='lat' dir='ltr'><strong>et</strong></span> <span class='ocrx_word' id='word_1_567' title='bbox 2529 3184 2779 3239; x_wconf 88' lang='lat' dir='ltr'><strong>Christus</strong></span> <span class='ocrx_word' id='word_1_568' title='bbox 2819 3183 3017 3250; x_wconf 91' lang='lat' dir='ltr'><strong>Petro,</strong></span> <span class='ocrx_word' id='word_1_569' title='bbox 3060 3193 3120 3238; x_wconf 91' lang='lat' dir='ltr'><strong>ut</strong></span> <span class='ocrx_word' id='word_1_570' title='bbox 3157 3194 3402 3254; x_wconf 86' lang='lat' dir='ltr'><strong>pasceret</strong></span> <span class='ocrx_word' id='word_1_571' title='bbox 3430 3200 3651 3256; x_wconf 88' lang='lat' dir='ltr'><strong>gregem</strong></span> <span class='ocrx_word' id='word_1_572' title='bbox 3699 3199 3865 3240; x_wconf 88' lang='lat' dir='ltr'><strong>suum</strong></span> 
     </span>
    </p>
   </div>
   <div class='ocr_carea' id='block_1_77' title="bbox 2251 3274 3865 3350">
    <p class='ocr_par' dir='ltr' id='par_1_77' title="bbox 2251 3274 3865 3350">
     <span class='ocr_line' id='line_1_77' title="bbox 2251 3274 3865 3350; baseline 0.001 -22"><span class='ocrx_word' id='word_1_573' title='bbox 2251 3275 2434 3350; x_wconf 81' lang='lat' dir='ltr'><strong>(Joan.</strong></span> <span class='ocrx_word' id='word_1_574' title='bbox 2468 3291 2582 3342; x_wconf 76' lang='lat' dir='ltr'><strong>xxi,</strong></span> <span class='ocrx_word' id='word_1_575' title='bbox 2615 3276 2728 3344; x_wconf 78' lang='grc'><strong>18),</strong></span> <span class='ocrx_word' id='word_1_576' title='bbox 2759 3285 2814 3330; x_wconf 89' lang='lat' dir='ltr'><strong>et</strong></span> <span class='ocrx_word' id='word_1_577' title='bbox 2846 3274 3057 3329; x_wconf 89' lang='lat' dir='ltr'><strong>Domini</strong></span> <span class='ocrx_word' id='word_1_578' title='bbox 3089 3274 3292 3330; x_wconf 84' lang='lat' dir='ltr'><strong>faceret</strong></span> <span class='ocrx_word' id='word_1_579' title='bbox 3321 3275 3699 3342; x_wconf 81' lang='lat' dir='ltr'><strong>voluntatem;</strong></span> <span class='ocrx_word' id='word_1_580' title='bbox 3737 3276 3865 3347; x_wconf 83' lang='lat' dir='ltr'><strong>quia</strong></span> 
     </span>
    </p>
   </div>
   <div class='ocr_carea' id='block_1_78' title="bbox 2247 3367 3871 3439">
    <p class='ocr_par' dir='ltr' id='par_1_78' title="bbox 2247 3367 3871 3439">
     <span class='ocr_line' id='line_1_78' title="bbox 2247 3367 3871 3439; baseline 0.001 -16"><span class='ocrx_word' id='word_1_581' title='bbox 2247 3369 2568 3423; x_wconf 90' lang='lat' dir='ltr'><strong>charitatem</strong></span> <span class='ocrx_word' id='word_1_582' title='bbox 2600 3369 2720 3436; x_wconf 92' lang='lat' dir='ltr'><strong>ejus</strong></span> <span class='ocrx_word' id='word_1_583' title='bbox 2747 3367 2984 3437; x_wconf 87' lang='lat' dir='ltr'><strong>agnovit.</strong></span> <span class='ocrx_word' id='word_1_584' title='bbox 3017 3367 3121 3435; x_wconf 91' lang='lat' dir='ltr'><strong>Qui</strong></span> <span class='ocrx_word' id='word_1_585' title='bbox 3146 3369 3291 3422; x_wconf 80' lang='lat' dir='ltr'><strong>etiim</strong></span> <span class='ocrx_word' id='word_1_586' title='bbox 3321 3368 3534 3439; x_wconf 89' lang='lat' dir='ltr'><strong>diligit,</strong></span> <span class='ocrx_word' id='word_1_587' title='bbox 3566 3385 3636 3424; x_wconf 87' lang='lat' dir='ltr'><strong>ex</strong></span> <span class='ocrx_word' id='word_1_588' title='bbox 3665 3372 3871 3425; x_wconf 83' lang='lat' dir='ltr'><strong>volun-</strong></span> 
     </span>
    </p>
   </div>
   <div class='ocr_carea' id='block_1_79' title="bbox 2248 3460 3866 3532">
    <p class='ocr_par' dir='ltr' id='par_1_79' title="bbox 2248 3460 3866 3532">
     <span class='ocr_line' id='line_1_79' title="bbox 2248 3460 3866 3532; baseline 0.002 -16"><span class='ocrx_word' id='word_1_589' title='bbox 2248 3470 2361 3517; x_wconf 89' lang='lat' dir='ltr'><strong>tate</strong></span> <span class='ocrx_word' id='word_1_590' title='bbox 2391 3462 2517 3517; x_wconf 86' lang='lat' dir='ltr'><strong>facit</strong></span> <span class='ocrx_word' id='word_1_591' title='bbox 2544 3477 2665 3531; x_wconf 68' lang='lat' dir='ltr'><strong>qua:</strong></span> <span class='ocrx_word' id='word_1_592' title='bbox 2696 3460 2800 3516; x_wconf 88' lang='lat' dir='ltr'><strong>sibi</strong></span> <span class='ocrx_word' id='word_1_593' title='bbox 2828 3467 2958 3517; x_wconf 85' lang='lat' dir='ltr'><strong>sunt</strong></span> <span class='ocrx_word' id='word_1_594' title='bbox 2983 3462 3246 3532; x_wconf 88' lang='lat' dir='ltr'><strong>imperata</strong></span> <span class='ocrx_word' id='word_1_595' title='bbox 3281 3479 3293 3514; x_wconf 91' lang='lat'><strong>:</strong></span> <span class='ocrx_word' id='word_1_596' title='bbox 3323 3463 3417 3532; x_wconf 90' lang='lat' dir='ltr'><strong>qui</strong></span> <span class='ocrx_word' id='word_1_597' title='bbox 3443 3465 3630 3532; x_wconf 90' lang='lat' dir='ltr'><strong>timet,</strong></span> <span class='ocrx_word' id='word_1_598' title='bbox 3657 3478 3731 3520; x_wconf 84' lang='lat' dir='ltr'><strong>ex</strong></span> <span class='ocrx_word' id='word_1_599' title='bbox 3767 3480 3866 3520; x_wconf 86' lang='lat' dir='ltr'><strong>ne-</strong></span> 
     </span>
    </p>
   </div>
   <div class='ocr_carea' id='block_1_80' title="bbox 2248 3555 3871 3626">
    <p class='ocr_par' dir='ltr' id='par_1_80' title="bbox 2248 3555 3871 3626">
     <span class='ocr_line' id='line_1_80' title="bbox 2248 3555 3871 3626; baseline 0.002 -15"><span class='ocrx_word' id='word_1_600' title='bbox 2248 3557 2526 3612; x_wconf 86' lang='lat' dir='ltr'><strong>cessitate.</strong></span> <span class='ocrx_word' id='word_1_601' title='bbox 2579 3555 2762 3626; x_wconf 88' lang='lat' dir='ltr'><strong>ltaque</strong></span> <span class='ocrx_word' id='word_1_602' title='bbox 2811 3556 3071 3611; x_wconf 92' lang='lat' dir='ltr'><strong>Dominus</strong></span> <span class='ocrx_word' id='word_1_603' title='bbox 3115 3556 3466 3625; x_wconf 89' lang='lat' dir='ltr'><strong>operationes</strong></span> <span class='ocrx_word' id='word_1_604' title='bbox 3515 3560 3871 3615; x_wconf 89' lang='lat' dir='ltr'><strong>servulorum</strong></span> 
     </span>
    </p>
   </div>
   <div class='ocr_carea' id='block_1_81' title="bbox 2248 3649 3869 3720">
    <p class='ocr_par' dir='ltr' id='par_1_81' title="bbox 2248 3649 3869 3720">
     <span class='ocr_line' id='line_1_81' title="bbox 2248 3649 3869 3720; baseline 0.002 -18"><span class='ocrx_word' id='word_1_605' title='bbox 2248 3663 2470 3703; x_wconf 87' lang='lat' dir='ltr'><strong>suorum</strong></span> <span class='ocrx_word' id='word_1_606' title='bbox 2524 3659 2854 3718; x_wconf 88' lang='lat' dir='ltr'><strong>spontaneas</strong></span> <span class='ocrx_word' id='word_1_607' title='bbox 2901 3649 3091 3719; x_wconf 87' lang='lat' dir='ltr'><strong>probat</strong></span> <span class='ocrx_word' id='word_1_608' title='bbox 3140 3649 3357 3719; x_wconf 88' lang='lat' dir='ltr'><strong>potius,</strong></span> <span class='ocrx_word' id='word_1_609' title='bbox 3407 3665 3570 3720; x_wconf 89' lang='lat' dir='ltr'><strong>quam</strong></span> <span class='ocrx_word' id='word_1_610' title='bbox 3619 3665 3869 3708; x_wconf 85' lang='lat' dir='ltr'><strong>coactas.</strong></span> 
     </span>
    </p>
   </div>
   <div class='ocr_carea' id='block_1_82' title="bbox 2249 3740 3874 3814">
    <p class='ocr_par' dir='ltr' id='par_1_82' title="bbox 2249 3740 3874 3814">
     <span class='ocr_line' id='line_1_82' title="bbox 2249 3740 3874 3814; baseline 0.005 -20"><span class='ocrx_word' id='word_1_611' title='bbox 2249 3740 2376 3796; x_wconf 79' lang='lat' dir='ltr'><strong>ideo</strong></span> <span class='ocrx_word' id='word_1_612' title='bbox 2407 3758 2472 3796; x_wconf 87' lang='lat' dir='ltr'><strong>ex</strong></span> <span class='ocrx_word' id='word_1_613' title='bbox 2517 3742 2693 3797; x_wconf 90' lang='lat' dir='ltr'><strong>servis</strong></span> <span class='ocrx_word' id='word_1_614' title='bbox 2737 3742 2942 3797; x_wconf 91' lang='lat' dir='ltr'><strong>liberos</strong></span> <span class='ocrx_word' id='word_1_615' title='bbox 2990 3743 3146 3808; x_wconf 86' lang='lat' dir='ltr'><strong>facit;</strong></span> <span class='ocrx_word' id='word_1_616' title='bbox 3197 3752 3254 3796; x_wconf 91' lang='lat' dir='ltr'><strong>ut</strong></span> <span class='ocrx_word' id='word_1_617' title='bbox 3297 3745 3467 3814; x_wconf 88' lang='lat' dir='ltr'><strong>magis</strong></span> <span class='ocrx_word' id='word_1_618' title='bbox 3514 3745 3874 3802; x_wconf 84' lang='lat' dir='ltr'><strong>voluntatum</strong></span> 
     </span>
    </p>
   </div>
   <div class='ocr_carea' id='block_1_83' title="bbox 2249 3836 3875 3912">
    <p class='ocr_par' dir='ltr' id='par_1_83' title="bbox 2249 3836 3875 3912">
     <span class='ocr_line' id='line_1_83' title="bbox 2249 3836 3875 3912; baseline 0.003 -23"><span class='ocrx_word' id='word_1_619' title='bbox 2249 3845 2557 3890; x_wconf 89' lang='lat' dir='ltr'><strong>nostrarum</strong></span> <span class='ocrx_word' id='word_1_620' title='bbox 2612 3849 2877 3901; x_wconf 88' lang='lat' dir='ltr'><strong>munera,</strong></span> <span class='ocrx_word' id='word_1_621' title='bbox 2940 3850 3102 3906; x_wconf 90' lang='lat' dir='ltr'><strong>quam</strong></span> <span class='ocrx_word' id='word_1_622' title='bbox 3159 3836 3542 3893; x_wconf 86' lang='lat' dir='ltr'><strong>necessitatum</strong></span> <span class='ocrx_word' id='word_1_623' title='bbox 3595 3839 3875 3912; x_wconf 83' lang='lat' dir='ltr'><strong>obsequia</strong></span> 
     </span>
    </p>
   </div>
   <div class='ocr_carea' id='block_1_84' title="bbox 2248 3929 2616 3984">
    <p class='ocr_par' dir='ltr' id='par_1_84' title="bbox 2248 3929 2616 3984">
     <span class='ocr_line' id='line_1_84' title="bbox 2248 3929 2616 3984; baseline -0.003 -1"><span class='ocrx_word' id='word_1_624' title='bbox 2248 3929 2616 3984; x_wconf 90' lang='lat' dir='ltr'><strong>conferamus.</strong></span> 
     </span>
    </p>
   </div>
   <div class='ocr_carea' id='block_1_85' title="bbox 2321 4039 3878 4114">
    <p class='ocr_par' dir='ltr' id='par_1_85' title="bbox 2321 4039 3878 4114">
     <span class='ocr_line' id='line_1_85' title="bbox 2321 4039 3878 4114; baseline 0.006 -20"><span class='ocrx_word' id='word_1_625' title='bbox 2321 4041 2376 4096; x_wconf 78' lang='grc'>4.</span> <span class='ocrx_word' id='word_1_626' title='bbox 2419 4039 2534 4096; x_wconf 82' lang='grc' dir='ltr'><strong>Νοη</strong></span> <span class='ocrx_word' id='word_1_627' title='bbox 2577 4048 2760 4111; x_wconf 88' lang='lat' dir='ltr'><strong>potest</strong></span> <span class='ocrx_word' id='word_1_628' title='bbox 2804 4039 2989 4097; x_wconf 89' lang='lat' dir='ltr'><strong>dicere</strong></span> <span class='ocrx_word' id='word_1_629' title='bbox 3035 4042 3426 4100; x_wconf 86' lang='lat' dir='ltr'><strong>Marcionista:</strong></span> <span class='ocrx_word' id='word_1_630' title='bbox 3471 4047 3756 4114; x_wconf 83' lang='lat' dir='ltr'><strong>Quomodo</strong></span> <span class='ocrx_word' id='word_1_631' title='bbox 3785 4050 3878 4103; x_wconf 87' lang='lat' dir='ltr'><strong>di-</strong></span> 
     </span>
    </p>
   </div>
   <div class='ocr_carea' id='block_1_86' title="bbox 2247 4127 3883 4214">
    <p class='ocr_par' dir='ltr' id='par_1_86' title="bbox 2247 4127 3883 4214">
     <span class='ocr_line' id='line_1_86' title="bbox 2247 4127 3883 4214; baseline 0.007 -26"><span class='ocrx_word' id='word_1_632' title='bbox 2247 4135 2351 4188; x_wconf 74' lang='lat' dir='ltr'><strong>lexi</strong></span> <span class='ocrx_word' id='word_1_633' title='bbox 2381 4127 2766 4206; x_wconf 74' lang='lat' dir='ltr'><strong>Legem&#39;tuam,</strong></span> <span class='ocrx_word' id='word_1_634' title='bbox 2797 4137 2887 4205; x_wconf 91' lang='lat' dir='ltr'><strong>qui</strong></span> <span class='ocrx_word' id='word_1_635' title='bbox 2922 4136 3120 4208; x_wconf 90' lang='lat' dir='ltr'><strong>Legem</strong></span> <span class='ocrx_word' id='word_1_636' title='bbox 3155 4153 3258 4192; x_wconf 91' lang='lat' dir='ltr'><strong>non</strong></span> <span class='ocrx_word' id='word_1_637' title='bbox 3300 4140 3549 4209; x_wconf 90' lang='lat' dir='ltr'><strong>suscipit.</strong></span> <span class='ocrx_word' id='word_1_638' title='bbox 3599 4141 3724 4197; x_wconf 81' lang='lat' dir='ltr'><strong>Non</strong></span> <span class='ocrx_word' id='word_1_639' title='bbox 3779 4160 3883 4214; x_wconf 85' lang='lat' dir='ltr'><strong>po-</strong></span> 
     </span>
    </p>
   </div>
   <div class='ocr_carea' id='block_1_87' title="bbox 2248 4227 3878 4306">
    <p class='ocr_par' dir='ltr' id='par_1_87' title="bbox 2248 4227 3878 4306">
     <span class='ocr_line' id='line_1_87' title="bbox 2248 4227 3878 4306; baseline 0.006 -24"><span class='ocrx_word' id='word_1_640' title='bbox 2248 4235 2356 4282; x_wconf 85' lang='lat' dir='ltr'><strong>test</strong></span> <span class='ocrx_word' id='word_1_641' title='bbox 2395 4227 2577 4282; x_wconf 90' lang='lat' dir='ltr'><strong>dicere</strong></span> <span class='ocrx_word' id='word_1_642' title='bbox 2620 4227 2871 4296; x_wconf 75' lang='lat' dir='ltr'><strong>Judceus,</strong></span> <span class='ocrx_word' id='word_1_643' title='bbox 2900 4232 2990 4299; x_wconf 86' lang='lat' dir='ltr'><strong>qui</strong></span> <span class='ocrx_word' id='word_1_644' title='bbox 3039 4230 3236 4299; x_wconf 84' lang='lat' dir='ltr'><strong>Legem</strong></span> <span class='ocrx_word' id='word_1_645' title='bbox 3269 4232 3564 4302; x_wconf 80' lang='lat' dir='ltr'><strong>Spiritalem</strong></span> <span class='ocrx_word' id='word_1_646' title='bbox 3601 4235 3832 4306; x_wconf 84' lang='lat' dir='ltr'><strong>ignorat</strong></span> <span class='ocrx_word' id='word_1_647' title='bbox 3864 4255 3878 4291; x_wconf 90' lang='lat'>:</span> 
     </span>
    </p>
   </div>
   <div class='ocr_carea' id='block_1_88' title="bbox 2248 4320 3886 4396">
    <p class='ocr_par' dir='ltr' id='par_1_88' title="bbox 2248 4320 3886 4396">
     <span class='ocr_line' id='line_1_88' title="bbox 2248 4320 3886 4396; baseline 0.005 -22"><span class='ocrx_word' id='word_1_648' title='bbox 2248 4328 2303 4374; x_wconf 94' lang='lat' dir='ltr'><strong>ct</strong></span> <span class='ocrx_word' id='word_1_649' title='bbox 2344 4320 2578 4374; x_wconf 84' lang='lat' dir='ltr'><strong>litteram</strong></span> <span class='ocrx_word' id='word_1_650' title='bbox 2611 4320 2768 4392; x_wconf 89' lang='lat' dir='ltr'><strong>Legis</strong></span> <span class='ocrx_word' id='word_1_651' title='bbox 2811 4321 3045 4390; x_wconf 91' lang='lat' dir='ltr'><strong>nudam,</strong></span> <span class='ocrx_word' id='word_1_652' title='bbox 3091 4339 3199 4377; x_wconf 89' lang='lat' dir='ltr'><strong>non</strong></span> <span class='ocrx_word' id='word_1_653' title='bbox 3243 4340 3457 4379; x_wconf 88' lang='lat' dir='ltr'><strong>sensum</strong></span> <span class='ocrx_word' id='word_1_654' title='bbox 3490 4324 3658 4396; x_wconf 85' lang='lat' dir='ltr'><strong>Legis</strong></span> <span class='ocrx_word' id='word_1_655' title='bbox 3703 4328 3886 4382; x_wconf 85' lang='lat' dir='ltr'><strong>intel-</strong></span> 
     </span>
    </p>
   </div>
   <div class='ocr_carea' id='block_1_89' title="bbox 2243 4399 3881 4489">
    <p class='ocr_par' dir='ltr' id='par_1_89' title="bbox 2243 4399 3881 4489">
     <span class='ocr_line' id='line_1_89' title="bbox 2243 4399 3881 4489; baseline 0.006 -23"><span class='ocrx_word' id='word_1_656' title='bbox 2243 4413 2553 4483; x_wconf 89' lang='lat' dir='ltr'><strong>lectumque</strong></span> <span class='ocrx_word' id='word_1_657' title='bbox 2600 4399 2911 4470; x_wconf 83' lang='lat' dir='ltr'><strong>meditatur.</strong></span> <span class='ocrx_word' id='word_1_658' title='bbox 2946 4415 3104 4471; x_wconf 90' lang='lat' dir='ltr'><strong>Solus</strong></span> <span class='ocrx_word' id='word_1_659' title='bbox 3145 4431 3276 4489; x_wconf 86' lang='lat' dir='ltr'><strong>ergo</strong></span> <span class='ocrx_word' id='word_1_660' title='bbox 3325 4417 3456 4472; x_wconf 89' lang='lat' dir='ltr'><strong>dicit</strong></span> <span class='ocrx_word' id='word_1_661' title='bbox 3483 4417 3881 4485; x_wconf 83' lang='lat' dir='ltr'><strong>Christianus,</strong></span> 
     </span>
    </p>
   </div>
   <div class='ocr_carea' id='block_1_90' title="bbox 537 4505 2138 4596">
    <p class='ocr_par' dir='ltr' id='par_1_90' title="bbox 537 4517 2138 4592">
     <span class='ocr_line' id='line_1_90' title="bbox 537 4517 2138 4592; baseline 0.004 -20"><span class='ocrx_word' id='word_1_662' title='bbox 537 4521 783 4577; x_wconf 76' lang='lat' dir='ltr'><strong>videmus</strong></span> <span class='ocrx_word' id='word_1_663' title='bbox 813 4520 1092 4592; x_wconf 87' lang='lat' dir='ltr'><strong>mysteria.</strong></span> <span class='ocrx_word' id='word_1_664' title='bbox 1123 4517 1316 4574; x_wconf 89' lang='lat' dir='ltr'><strong>Totum</strong></span> <span class='ocrx_word' id='word_1_665' title='bbox 1350 4517 1454 4575; x_wconf 84' lang='lat' dir='ltr'><strong>hoc</strong></span> <span class='ocrx_word' id='word_1_666' title='bbox 1493 4519 1758 4589; x_wconf 81' lang='lat' dir='ltr'><strong>spiritale.</strong></span> <span class='ocrx_word' id='word_1_667' title='bbox 1788 4521 1994 4588; x_wconf 89' lang='lat' dir='ltr'><strong>Quibus</strong></span> <span class='ocrx_word' id='word_1_668' title='bbox 2017 4539 2138 4592; x_wconf 91' lang='lat' dir='ltr'><strong>pre-</strong></span> 
     </span>
    </p>
   </div>
   <div class='ocr_carea' id='block_1_91' title="bbox 2254 4505 3888 4596">
    <p class='ocr_par' dir='ltr' id='par_1_91' title="bbox 2254 4505 3888 4582">
     <span class='ocr_line' id='line_1_91' title="bbox 2254 4505 3888 4582; baseline 0.007 -25"><span class='ocrx_word' id='word_1_669' title='bbox 2254 4506 2337 4576; x_wconf 89' lang='lat' dir='ltr'><strong>qui</strong></span> <span class='ocrx_word' id='word_1_670' title='bbox 2371 4505 2595 4559; x_wconf 89' lang='lat' dir='ltr'><strong>multum</strong></span> <span class='ocrx_word' id='word_1_671' title='bbox 2618 4506 2726 4574; x_wconf 84' lang='lat' dir='ltr'><strong>jam</strong></span> <span class='ocrx_word' id='word_1_672' title='bbox 2752 4505 2912 4576; x_wconf 84' lang='lat' dir='ltr'><strong>Legis</strong></span> <span class='ocrx_word' id='word_1_673' title='bbox 2943 4509 3250 4578; x_wconf 85' lang='lat' dir='ltr'><strong>cognitione</strong></span> <span class='ocrx_word' id='word_1_674' title='bbox 3277 4508 3590 4578; x_wconf 85' lang='lat' dir='ltr'><strong>profecerit,</strong></span> <span class='ocrx_word' id='word_1_675' title='bbox 3627 4513 3727 4582; x_wconf 90' lang='lat' dir='ltr'><strong>qui</strong></span> <span class='ocrx_word' id='word_1_676' title='bbox 3766 4530 3888 4569; x_wconf 86' lang='lat' dir='ltr'><strong>non</strong></span> 
     </span>
    </p>
   </div>
   <div class='ocr_carea' id='block_1_92' title="bbox 530 4611 2138 4694">
    <p class='ocr_par' dir='ltr' id='par_1_92' title="bbox 530 4611 2138 4694">
     <span class='ocr_line' id='line_1_92' title="bbox 530 4611 2138 4694; baseline 0.002 -27"><span class='ocrx_word' id='word_1_677' title='bbox 530 4613 682 4669; x_wconf 85' lang='lat' dir='ltr'><strong>cibus</strong></span> <span class='ocrx_word' id='word_1_678' title='bbox 711 4628 1053 4668; x_wconf 89' lang='lat' dir='ltr'><strong>cmercamur</strong></span> <span class='ocrx_word' id='word_1_679' title='bbox 1083 4621 1142 4667; x_wconf 92' lang='lat' dir='ltr'><strong>ut</strong></span> <span class='ocrx_word' id='word_1_680' title='bbox 1173 4612 1357 4667; x_wconf 89' lang='lat' dir='ltr'><strong>veniat</strong></span> <span class='ocrx_word' id='word_1_681' title='bbox 1391 4613 1600 4694; x_wconf 82' lang='lat'><strong>1131</strong></span> <span class='ocrx_word' id='word_1_682' title='bbox 1634 4611 1734 4668; x_wconf 90' lang='lat' dir='ltr'><strong>Dei</strong></span> <span class='ocrx_word' id='word_1_683' title='bbox 1765 4615 2020 4682; x_wconf 80' lang='lat' dir='ltr'><strong>verbum,</strong></span> <span class='ocrx_word' id='word_1_684' title='bbox 2056 4615 2138 4670; x_wconf 85' lang='lat' dir='ltr'><strong>in-</strong></span> 
     </span>
    </p>
   </div>
   <div class='ocr_carea' id='block_1_93' title="bbox 534 4705 2141 4778">
    <p class='ocr_par' dir='ltr' id='par_1_93' title="bbox 534 4705 2141 4778">
     <span class='ocr_line' id='line_1_93' title="bbox 534 4705 2141 4778; baseline 0.001 -15"><span class='ocrx_word' id='word_1_685' title='bbox 534 4717 643 4764; x_wconf 91' lang='lat' dir='ltr'><strong>tret</strong></span> <span class='ocrx_word' id='word_1_686' title='bbox 671 4710 722 4764; x_wconf 91' lang='lat' dir='ltr'><strong>in</strong></span> <span class='ocrx_word' id='word_1_687' title='bbox 753 4707 1088 4774; x_wconf 87' lang='lat' dir='ltr'><strong>Ecclesiam,</strong></span> <span class='ocrx_word' id='word_1_688' title='bbox 1138 4706 1232 4771; x_wconf 85' lang='lat' dir='ltr'><strong>flat</strong></span> <span class='ocrx_word' id='word_1_689' title='bbox 1257 4705 1398 4778; x_wconf 90' lang='lat' dir='ltr'><strong>ignis</strong></span> <span class='ocrx_word' id='word_1_690' title='bbox 1438 4721 1801 4772; x_wconf 84' lang='lat' dir='ltr'><strong>consumens;</strong></span> <span class='ocrx_word' id='word_1_691' title='bbox 1851 4717 1905 4761; x_wconf 92' lang='lat' dir='ltr'><strong>ut</strong></span> <span class='ocrx_word' id='word_1_692' title='bbox 1949 4719 2141 4764; x_wconf 87' lang='lat' dir='ltr'><strong>exurat</strong></span> 
     </span>
    </p>
   </div>
   <div class='ocr_carea' id='block_1_94' title="bbox 532 4800 2136 4876">
    <p class='ocr_par' dir='ltr' id='par_1_94' title="bbox 532 4800 2136 4876">
     <span class='ocr_line' id='line_1_94' title="bbox 532 4800 2136 4876; baseline -0.001 -18"><span class='ocrx_word' id='word_1_693' title='bbox 532 4805 716 4860; x_wconf 73' lang='lat' dir='ltr'><strong>lentum</strong></span> <span class='ocrx_word' id='word_1_694' title='bbox 751 4811 803 4857; x_wconf 89' lang='lat' dir='ltr'><strong>et</strong></span> <span class='ocrx_word' id='word_1_695' title='bbox 831 4801 1109 4876; x_wconf 87' lang='lat' dir='ltr'><strong>stipulam,</strong></span> <span class='ocrx_word' id='word_1_696' title='bbox 1139 4811 1196 4858; x_wconf 89' lang='lat' dir='ltr'><strong>et</strong></span> <span class='ocrx_word' id='word_1_697' title='bbox 1224 4800 1483 4871; x_wconf 86' lang='lat' dir='ltr'><strong>quidquid</strong></span> <span class='ocrx_word' id='word_1_698' title='bbox 1512 4809 1596 4857; x_wconf 86' lang='lat' dir='ltr'><strong>est</strong></span> <span class='ocrx_word' id='word_1_699' title='bbox 1625 4801 1906 4866; x_wconf 79' lang='lat' dir='ltr'><strong>saeculare,</strong></span> <span class='ocrx_word' id='word_1_700' title='bbox 1941 4816 2136 4857; x_wconf 86' lang='lat' dir='ltr'><strong>consu-</strong></span> 
     </span>
    </p>
   </div>
   <div class='ocr_carea' id='block_1_95' title="bbox 532 4893 2140 4967">
    <p class='ocr_par' dir='ltr' id='par_1_95' title="bbox 532 4893 2140 4967">
     <span class='ocr_line' id='line_1_95' title="bbox 532 4893 2140 4967; baseline -0.002 -14"><span class='ocrx_word' id='word_1_701' title='bbox 532 4905 642 4953; x_wconf 88' lang='lat' dir='ltr'><strong>mat</strong></span> <span class='ocrx_word' id='word_1_702' title='bbox 671 4914 683 4948; x_wconf 92' lang='lat'>:</span> <span class='ocrx_word' id='word_1_703' title='bbox 717 4910 879 4967; x_wconf 86' lang='lat' dir='ltr'><strong>grave</strong></span> <span class='ocrx_word' id='word_1_704' title='bbox 907 4894 1186 4966; x_wconf 89' lang='lat' dir='ltr'><strong>plumbum</strong></span> <span class='ocrx_word' id='word_1_705' title='bbox 1216 4893 1552 4964; x_wconf 82' lang='lat' dir='ltr'><strong>iniquitatis,</strong></span> <span class='ocrx_word' id='word_1_706' title='bbox 1585 4894 1727 4963; x_wconf 86' lang='lat' dir='ltr'><strong>quod</strong></span> <span class='ocrx_word' id='word_1_707' title='bbox 1771 4894 1824 4948; x_wconf 94' lang='lat' dir='ltr'><strong>in</strong></span> <span class='ocrx_word' id='word_1_708' title='bbox 1866 4894 2140 4965; x_wconf 90' lang='lat' dir='ltr'><strong>plerisque</strong></span> 
     </span>
    </p>
   </div>
   <div class='ocr_carea' id='block_1_96' title="bbox 530 4985 2142 5059">
    <p class='ocr_par' dir='ltr' id='par_1_96' title="bbox 530 4985 2142 5059">
     <span class='ocr_line' id='line_1_96' title="bbox 530 4985 2142 5059; baseline -0.001 -15"><span class='ocrx_word' id='word_1_709' title='bbox 530 4998 637 5056; x_wconf 89' lang='lat' dir='ltr'><strong>est,</strong></span> <span class='ocrx_word' id='word_1_710' title='bbox 669 4988 913 5059; x_wconf 84' lang='lat' dir='ltr'><strong>liquetiat</strong></span> <span class='ocrx_word' id='word_1_711' title='bbox 941 4987 1066 5058; x_wconf 85' lang='lat' dir='ltr'><strong>igne</strong></span> <span class='ocrx_word' id='word_1_712' title='bbox 1091 4986 1298 5051; x_wconf 89' lang='lat' dir='ltr'><strong>divino,</strong></span> <span class='ocrx_word' id='word_1_713' title='bbox 1339 4994 1394 5042; x_wconf 89' lang='lat' dir='ltr'><strong>et</strong></span> <span class='ocrx_word' id='word_1_714' title='bbox 1422 4986 1632 5042; x_wconf 85' lang='lat' dir='ltr'><strong>ferreus</strong></span> <span class='ocrx_word' id='word_1_715' title='bbox 1671 4985 1890 5056; x_wconf 90' lang='lat' dir='ltr'><strong>quidam</strong></span> <span class='ocrx_word' id='word_1_716' title='bbox 1935 4988 2142 5056; x_wconf 90' lang='lat' dir='ltr'><strong>peccati</strong></span> 
     </span>
    </p>
   </div>
   <div class='ocr_carea' id='block_1_97' title="bbox 530 5079 2140 5155">
    <p class='ocr_par' dir='ltr' id='par_1_97' title="bbox 530 5079 2140 5155">
     <span class='ocr_line' id='line_1_97' title="bbox 530 5079 2140 5155; baseline -0.001 -15"><span class='ocrx_word' id='word_1_717' title='bbox 530 5083 679 5155; x_wconf 81' lang='lat' dir='ltr'><strong>rigor</strong></span> <span class='ocrx_word' id='word_1_718' title='bbox 704 5096 942 5155; x_wconf 87' lang='lat' dir='ltr'><strong>superno</strong></span> <span class='ocrx_word' id='word_1_719' title='bbox 986 5081 1268 5146; x_wconf 85' lang='lat' dir='ltr'><strong>mollescat</strong></span> <span class='ocrx_word' id='word_1_720' title='bbox 1296 5079 1552 5153; x_wconf 70' lang='lat' dir='ltr'><strong>incendio</strong></span> <span class='ocrx_word' id='word_1_721' title='bbox 1579 5097 1592 5134; x_wconf 88' lang='lat'><strong>:</strong></span> <span class='ocrx_word' id='word_1_722' title='bbox 1621 5079 1985 5138; x_wconf 88' lang='lat' dir='ltr'><strong>meliorentur</strong></span> <span class='ocrx_word' id='word_1_723' title='bbox 2015 5095 2140 5138; x_wconf 86' lang='lat' dir='ltr'><strong>vasa</strong></span> 
     </span>
    </p>
   </div>
   <div class='ocr_carea' id='block_1_98' title="bbox 597 5276 2126 5351">
    <p class='ocr_par' dir='ltr' id='par_1_98' title="bbox 597 5276 2126 5351">
     <span class='ocr_line' id='line_1_98' title="bbox 597 5276 2126 5351; baseline -0.003 -12"><span class='ocrx_word' id='word_1_724' title='bbox 597 5293 623 5322; x_wconf 73' lang='grc' dir='ltr'>α</span> <span class='ocrx_word' id='word_1_725' title='bbox 667 5282 742 5339; x_wconf 79' lang='lat' dir='ltr'><strong>Ita</strong></span> <span class='ocrx_word' id='word_1_726' title='bbox 767 5295 900 5337; x_wconf 83' lang='lat' dir='ltr'><strong>mss.</strong></span> <span class='ocrx_word' id='word_1_727' title='bbox 923 5293 1141 5346; x_wconf 89' lang='lat' dir='ltr'><strong>omnes,</strong></span> <span class='ocrx_word' id='word_1_728' title='bbox 1171 5278 1358 5351; x_wconf 83' lang='lat' dir='ltr'><strong>paucis</strong></span> <span class='ocrx_word' id='word_1_729' title='bbox 1383 5276 1648 5351; x_wconf 78' lang='lat' dir='ltr'><strong>exceptis,</strong></span> <span class='ocrx_word' id='word_1_730' title='bbox 1679 5276 1734 5332; x_wconf 90' lang='lat' dir='ltr'><strong>in</strong></span> <span class='ocrx_word' id='word_1_731' title='bbox 1754 5277 1955 5351; x_wconf 85' lang='lat' dir='ltr'><strong>quibus</strong></span> <span class='ocrx_word' id='word_1_732' title='bbox 1979 5280 2126 5351; x_wconf 84' lang='lat' dir='ltr'><strong>legas</strong></span> 
     </span>
    </p>
   </div>
   <div class='ocr_carea' id='block_1_99' title="bbox 526 5346 2128 5422">
    <p class='ocr_par' dir='ltr' id='par_1_99' title="bbox 526 5346 2128 5422">
     <span class='ocr_line' id='line_1_99' title="bbox 526 5346 2128 5422; baseline -0.002 -14"><span class='ocrx_word' id='word_1_733' title='bbox 526 5355 665 5408; x_wconf 86' lang='lat' dir='ltr'><strong>tituli</strong></span> <span class='ocrx_word' id='word_1_734' title='bbox 698 5355 867 5409; x_wconf 83' lang='lat' dir='ltr'><strong>instar</strong></span> <span class='ocrx_word' id='word_1_735' title='bbox 893 5369 906 5406; x_wconf 87' lang='lat'><strong>:</strong></span> <span class='ocrx_word' id='word_1_736' title='bbox 940 5352 1136 5422; x_wconf 86' lang='lat' dir='ltr'><strong>Incipit</strong></span> <span class='ocrx_word' id='word_1_737' title='bbox 1161 5346 1224 5403; x_wconf 84' lang='lat' dir='ltr'><strong>de</strong></span> <span class='ocrx_word' id='word_1_738' title='bbox 1256 5350 1431 5422; x_wconf 79' lang='lat' dir='ltr'><strong>littera</strong></span> <span class='ocrx_word' id='word_1_739' title='bbox 1460 5346 1662 5403; x_wconf 83' lang='lat' dir='ltr'><strong>decima</strong></span> <span class='ocrx_word' id='word_1_740' title='bbox 1693 5346 1844 5404; x_wconf 86' lang='lat' dir='ltr'><strong>tertia</strong></span> <span class='ocrx_word' id='word_1_741' title='bbox 1866 5391 1879 5416; x_wconf 94' lang='lat'><strong>,</strong></span> <span class='ocrx_word' id='word_1_742' title='bbox 1905 5346 2128 5420; x_wconf 67' lang='lat' dir='ltr'><strong>quiedi-</strong></span> 
     </span>
    </p>
   </div>
   <div class='ocr_carea' id='block_1_100' title="bbox 522 5419 2129 5492">
    <p class='ocr_par' dir='ltr' id='par_1_100' title="bbox 522 5419 2129 5492">
     <span class='ocr_line' id='line_1_100' title="bbox 522 5419 2129 5492; baseline -0.002 -13"><span class='ocrx_word' id='word_1_743' title='bbox 522 5428 655 5479; x_wconf 86' lang='lat' dir='ltr'><strong>citur</strong></span> <span class='ocrx_word' id='word_1_744' title='bbox 687 5425 856 5492; x_wconf 84' lang='lat' dir='ltr'><strong>Mem,</strong></span> <span class='ocrx_word' id='word_1_745' title='bbox 883 5423 1021 5491; x_wconf 85' lang='lat' dir='ltr'><strong>quod</strong></span> <span class='ocrx_word' id='word_1_746' title='bbox 1046 5419 1197 5475; x_wconf 78' lang='lat' dir='ltr'><strong>sonat</strong></span> <span class='ocrx_word' id='word_1_747' title='bbox 1233 5419 1586 5492; x_wconf 9' lang='lat' dir='ltr'><strong>inqLatinum,</strong></span> <span class='ocrx_word' id='word_1_748' title='bbox 1619 5437 1682 5475; x_wconf 80' lang='lat' dir='ltr'><strong>ea:</strong></span> <span class='ocrx_word' id='word_1_749' title='bbox 1717 5419 1950 5484; x_wconf 88' lang='lat' dir='ltr'><strong>intimis,</strong></span> <span class='ocrx_word' id='word_1_750' title='bbox 1993 5431 2039 5476; x_wconf 87' lang='lat' dir='ltr'><strong><em>et</em></strong></span> <span class='ocrx_word' id='word_1_751' title='bbox 2072 5431 2129 5476; x_wconf 85' lang='lat' dir='ltr'><strong>ut</strong></span> 
     </span>
    </p>
   </div>
   <div class='ocr_carea' id='block_1_101' title="bbox 522 5490 2126 5567">
    <p class='ocr_par' dir='ltr' id='par_1_101' title="bbox 522 5490 2126 5567">
     <span class='ocr_line' id='line_1_101' title="bbox 522 5490 2126 5567; baseline -0.001 -17"><span class='ocrx_word' id='word_1_752' title='bbox 522 5498 637 5558; x_wconf 79' lang='lat' dir='ltr'><strong>alii,</strong></span> <span class='ocrx_word' id='word_1_753' title='bbox 670 5498 802 5567; x_wconf 83' lang='lat' dir='ltr'><strong>ignis</strong></span> <span class='ocrx_word' id='word_1_754' title='bbox 831 5490 903 5551; x_wconf 6' lang='lat' dir='ltr'><strong>eas,</strong></span> <span class='ocrx_word' id='word_1_755' title='bbox 922 5495 1143 5567; x_wconf 81' lang='lat' dir='ltr'><strong>ultimis.</strong></span> <span class='ocrx_word' id='word_1_756' title='bbox 1178 5493 1244 5548; x_wconf 78' lang='lat' dir='ltr'><strong>Et</strong></span> <span class='ocrx_word' id='word_1_757' title='bbox 1275 5490 1628 5567; x_wconf 56' lang='lat' dir='ltr'><strong>Hierongmug</strong></span> <span class='ocrx_word' id='word_1_758' title='bbox 1647 5507 1758 5567; x_wconf 80' lang='lat' dir='ltr'><strong>,__ea:</strong></span> <span class='ocrx_word' id='word_1_759' title='bbox 1784 5492 1937 5560; x_wconf 81' lang='lat' dir='ltr'><strong>ipsis,</strong></span> <span class='ocrx_word' id='word_1_760' title='bbox 1980 5493 2126 5567; x_wconf 85' lang='lat' dir='ltr'><strong>quod</strong></span> 
     </span>
    </p>
   </div>
   <div class='ocr_carea' id='block_1_102' title="bbox 519 5563 2125 5635">
    <p class='ocr_par' dir='ltr' id='par_1_102' title="bbox 519 5563 2125 5635">
     <span class='ocr_line' id='line_1_102' title="bbox 519 5563 2125 5635; baseline -0.002 -11"><span class='ocrx_word' id='word_1_761' title='bbox 519 5563 762 5624; x_wconf 74' lang='lat' dir='ltr'><strong>additum</strong></span> <span class='ocrx_word' id='word_1_762' title='bbox 791 5568 961 5630; x_wconf 78' lang='lat' dir='ltr'><strong>fuisse</strong></span> <span class='ocrx_word' id='word_1_763' title='bbox 990 5565 1281 5635; x_wconf 68' lang='lat' dir='ltr'><strong>obscurum</strong></span> <span class='ocrx_word' id='word_1_764' title='bbox 1310 5578 1416 5620; x_wconf 81' lang='lat' dir='ltr'><strong>non</strong></span> <span class='ocrx_word' id='word_1_765' title='bbox 1449 5572 1553 5629; x_wconf 76' lang='lat' dir='ltr'><strong>est.</strong></span> <span class='ocrx_word' id='word_1_766' title='bbox 1587 5563 1734 5635; x_wconf 63' lang='lat' dir='ltr'><strong>Edit.</strong></span> <span class='ocrx_word' id='word_1_767' title='bbox 1765 5578 1897 5619; x_wconf 89' lang='lat' dir='ltr'><strong>vero</strong></span> <span class='ocrx_word' id='word_1_768' title='bbox 1929 5564 2125 5635; x_wconf 67' lang='lat' dir='ltr'><strong>praefe-</strong></span> 
     </span>
    </p>
   </div>
   <div class='ocr_carea' id='block_1_103' title="bbox 522 5633 2124 5706">
    <p class='ocr_par' dir='ltr' id='par_1_103' title="bbox 522 5633 2124 5706">
     <span class='ocr_line' id='line_1_103' title="bbox 522 5633 2124 5706; baseline -0.002 -14"><span class='ocrx_word' id='word_1_769' title='bbox 522 5639 752 5694; x_wconf 86' lang='lat' dir='ltr'><strong>rebant:</strong></span> <span class='ocrx_word' id='word_1_770' title='bbox 788 5638 925 5692; x_wconf 86' lang='lat' dir='ltr'><strong>Mem</strong></span> <span class='ocrx_word' id='word_1_771' title='bbox 966 5638 1137 5691; x_wconf 88' lang='lat' dir='ltr'><strong>littera</strong></span> <span class='ocrx_word' id='word_1_772' title='bbox 1168 5634 1351 5706; x_wconf 83' lang='lat' dir='ltr'><strong>(Rom.</strong></span> <span class='ocrx_word' id='word_1_773' title='bbox 1385 5635 1520 5690; x_wconf 88' lang='lat' dir='ltr'><strong>edit.</strong></span> <span class='ocrx_word' id='word_1_774' title='bbox 1546 5676 1560 5700; x_wconf 91' lang='lat'><strong>,</strong></span> <span class='ocrx_word' id='word_1_775' title='bbox 1594 5633 1818 5706; x_wconf 67' lang='lat' dir='ltr'><strong>Hebraea</strong></span> <span class='ocrx_word' id='word_1_776' title='bbox 1849 5633 2002 5689; x_wconf 76' lang='lat' dir='ltr'><strong>teriia</strong></span> <span class='ocrx_word' id='word_1_777' title='bbox 2035 5636 2124 5688; x_wconf 89' lang='lat' dir='ltr'><strong>de-</strong></span> 
     </span>
    </p>
   </div>
   <div class='ocr_carea' id='block_1_104' title="bbox 519 5704 2132 5777">
    <p class='ocr_par' dir='ltr' id='par_1_104' title="bbox 519 5704 2132 5777">
     <span class='ocr_line' id='line_1_104' title="bbox 519 5704 2132 5777; baseline 0.002 -17"><span class='ocrx_word' id='word_1_778' title='bbox 519 5709 673 5777; x_wconf 88' lang='lat' dir='ltr'><strong>cima)</strong></span> <span class='ocrx_word' id='word_1_779' title='bbox 691 5719 838 5764; x_wconf 86' lang='lat' dir='ltr'><strong>sonat</strong></span> <span class='ocrx_word' id='word_1_780' title='bbox 861 5709 912 5761; x_wconf 90' lang='lat' dir='ltr'><strong>in</strong></span> <span class='ocrx_word' id='word_1_781' title='bbox 939 5704 1200 5772; x_wconf 74' lang='lat' dir='ltr'><strong>Latinum,</strong></span> <span class='ocrx_word' id='word_1_782' title='bbox 1225 5721 1289 5762; x_wconf 82' lang='lat' dir='ltr'><strong>ea:</strong></span> <span class='ocrx_word' id='word_1_783' title='bbox 1314 5705 1542 5768; x_wconf 82' lang='lat' dir='ltr'><strong>inlimis;</strong></span> <span class='ocrx_word' id='word_1_784' title='bbox 1572 5704 1729 5761; x_wconf 86' lang='lat' dir='ltr'><strong>velut</strong></span> <span class='ocrx_word' id='word_1_785' title='bbox 1755 5706 1871 5773; x_wconf 84' lang='lat' dir='ltr'><strong>alii,</strong></span> <span class='ocrx_word' id='word_1_786' title='bbox 1900 5706 2037 5777; x_wconf 83' lang='lat' dir='ltr'><strong>ignis</strong></span> <span class='ocrx_word' id='word_1_787' title='bbox 2068 5723 2132 5762; x_wconf 75' lang='lat' dir='ltr'><strong>ex</strong></span> 
     </span>
    </p>
   </div>
   <div class='ocr_carea' id='block_1_105' title="bbox 521 5778 1306 5848">
    <p class='ocr_par' dir='ltr' id='par_1_105' title="bbox 521 5778 1306 5848">
     <span class='ocr_line' id='line_1_105' title="bbox 521 5778 1306 5848; baseline -0.008 -12"><span class='ocrx_word' id='word_1_788' title='bbox 521 5781 739 5836; x_wconf 79' lang='lat' dir='ltr'><strong>ultimis.</strong></span> <span class='ocrx_word' id='word_1_789' title='bbox 776 5778 844 5832; x_wconf 82' lang='lat' dir='ltr'><strong>Et</strong></span> <span class='ocrx_word' id='word_1_790' title='bbox 876 5788 1170 5848; x_wconf 86' lang='lat' dir='ltr'><strong>utrumque,</strong></span> <span class='ocrx_word' id='word_1_791' title='bbox 1199 5786 1306 5832; x_wconf 87' lang='lat' dir='ltr'><strong>etc.</strong></span> 
     </span>
    </p>
   </div>
   <div class='ocr_carea' id='block_1_106' title="bbox 2247 4597 3886 4668">
    <p class='ocr_par' dir='ltr' id='par_1_106' title="bbox 2247 4597 3886 4668">
     <span class='ocr_line' id='line_1_106' title="bbox 2247 4597 3886 4668; baseline 0.004 -15"><span class='ocrx_word' id='word_1_792' title='bbox 2247 4609 2460 4667; x_wconf 70' lang='lat' dir='ltr'><strong>poenam</strong></span> <span class='ocrx_word' id='word_1_793' title='bbox 2514 4597 2672 4668; x_wconf 88' lang='lat' dir='ltr'><strong>Legis</strong></span> <span class='ocrx_word' id='word_1_794' title='bbox 2718 4598 2910 4668; x_wconf 85' lang='lat' dir='ltr'><strong>pavido</strong></span> <span class='ocrx_word' id='word_1_795' title='bbox 2953 4599 3120 4655; x_wconf 89' lang='lat' dir='ltr'><strong>eorde</strong></span> <span class='ocrx_word' id='word_1_796' title='bbox 3167 4599 3422 4656; x_wconf 89' lang='lat' dir='ltr'><strong>formidet</strong></span> <span class='ocrx_word' id='word_1_797' title='bbox 3469 4619 3482 4654; x_wconf 92' lang='lat'><strong>:</strong></span> <span class='ocrx_word' id='word_1_798' title='bbox 3528 4602 3629 4658; x_wconf 89' lang='lat' dir='ltr'><strong>sed</strong></span> <span class='ocrx_word' id='word_1_799' title='bbox 3676 4604 3886 4659; x_wconf 79' lang='lat' dir='ltr'><strong>divina</strong></span> 
     </span>
    </p>
   </div>
   <div class='ocr_carea' id='block_1_107' title="bbox 2245 4687 3891 4760">
    <p class='ocr_par' dir='ltr' id='par_1_107' title="bbox 2245 4687 3891 4760">
     <span class='ocr_line' id='line_1_107' title="bbox 2245 4687 3891 4760; baseline 0.004 -16"><span class='ocrx_word' id='word_1_800' title='bbox 2245 4687 2505 4760; x_wconf 84' lang='lat' dir='ltr'><strong>mysteria</strong></span> <span class='ocrx_word' id='word_1_801' title='bbox 2534 4687 2644 4742; x_wconf 86' lang='lat' dir='ltr'><strong>veri</strong></span> <span class='ocrx_word' id='word_1_802' title='bbox 2674 4688 2924 4755; x_wconf 72' lang='lat' dir='ltr'><strong>Hebraei,</strong></span> <span class='ocrx_word' id='word_1_803' title='bbox 2961 4689 3077 4744; x_wconf 89' lang='lat' dir='ltr'><strong>veri</strong></span> <span class='ocrx_word' id='word_1_804' title='bbox 3109 4690 3352 4757; x_wconf 87' lang='lat' dir='ltr'><strong>sabbati,</strong></span> <span class='ocrx_word' id='word_1_805' title='bbox 3397 4707 3543 4747; x_wconf 79' lang='lat' dir='ltr'><strong>verae</strong></span> <span class='ocrx_word' id='word_1_806' title='bbox 3576 4695 3891 4750; x_wconf 86' lang='lat' dir='ltr'><strong>remissio-</strong></span> 
     </span>
    </p>
   </div>
   <div class='ocr_carea' id='block_1_108' title="bbox 2242 4783 3888 4860">
    <p class='ocr_par' dir='ltr' id='par_1_108' title="bbox 2242 4783 3888 4860">
     <span class='ocr_line' id='line_1_108' title="bbox 2242 4783 3888 4860; baseline 0.002 -20"><span class='ocrx_word' id='word_1_807' title='bbox 2242 4783 2329 4840; x_wconf 92' lang='lat' dir='ltr'><strong>nis</strong></span> <span class='ocrx_word' id='word_1_808' title='bbox 2362 4795 2383 4821; x_wconf 76' lang='grc' dir='ltr'><em>ε</em></span> <span class='ocrx_word' id='word_1_809' title='bbox 2418 4783 2691 4854; x_wconf 89' lang='lat' dir='ltr'><strong>intrepido</strong></span> <span class='ocrx_word' id='word_1_810' title='bbox 2736 4785 2968 4840; x_wconf 90' lang='lat' dir='ltr'><strong>rimetur</strong></span> <span class='ocrx_word' id='word_1_811' title='bbox 3015 4783 3227 4840; x_wconf 78' lang='lat' dir='ltr'><strong>affectu.</strong></span> <span class='ocrx_word' id='word_1_812' title='bbox 3259 4785 3405 4841; x_wconf 69' lang='lat' dir='ltr'><strong>Vere</strong></span> <span class='ocrx_word' id='word_1_813' title='bbox 3450 4801 3586 4857; x_wconf 88' lang='lat' dir='ltr'><strong>ergo</strong></span> <span class='ocrx_word' id='word_1_814' title='bbox 3637 4789 3888 4860; x_wconf 80' lang='lat' dir='ltr'><strong>diligit,</strong></span> 
     </span>
    </p>
   </div>
   <div class='ocr_carea' id='block_1_109' title="bbox 2244 4877 3894 4951">
    <p class='ocr_par' dir='ltr' id='par_1_109' title="bbox 2244 4877 3894 4951">
     <span class='ocr_line' id='line_1_109' title="bbox 2244 4877 3894 4951; baseline 0.005 -19"><span class='ocrx_word' id='word_1_815' title='bbox 2244 4879 2335 4949; x_wconf 92' lang='lat' dir='ltr'><strong>qui</strong></span> <span class='ocrx_word' id='word_1_816' title='bbox 2362 4877 2483 4932; x_wconf 89' lang='lat' dir='ltr'><strong>sine</strong></span> <span class='ocrx_word' id='word_1_817' title='bbox 2510 4877 2729 4932; x_wconf 88' lang='lat' dir='ltr'><strong>tristitia</strong></span> <span class='ocrx_word' id='word_1_818' title='bbox 2751 4919 2766 4944; x_wconf 96' lang='lat'><strong>,</strong></span> <span class='ocrx_word' id='word_1_819' title='bbox 2799 4877 2916 4933; x_wconf 87' lang='lat' dir='ltr'><strong>sine</strong></span> <span class='ocrx_word' id='word_1_820' title='bbox 2945 4878 3160 4945; x_wconf 90' lang='lat' dir='ltr'><strong>timore,</strong></span> <span class='ocrx_word' id='word_1_821' title='bbox 3193 4879 3505 4936; x_wconf 89' lang='lat' dir='ltr'><strong>voluntario</strong></span> <span class='ocrx_word' id='word_1_822' title='bbox 3535 4881 3733 4951; x_wconf 88' lang='lat' dir='ltr'><strong>potius</strong></span> <span class='ocrx_word' id='word_1_823' title='bbox 3762 4893 3894 4940; x_wconf 82' lang='lat' dir='ltr'><strong>stu-</strong></span> 
     </span>
    </p>
   </div>
   <div class='ocr_carea' id='block_1_110' title="bbox 2243 4971 3382 5042">
    <p class='ocr_par' dir='ltr' id='par_1_110' title="bbox 2243 4971 3382 5042">
     <span class='ocr_line' id='line_1_110' title="bbox 2243 4971 3382 5042; baseline 0.003 -18"><span class='ocrx_word' id='word_1_824' title='bbox 2243 4971 2336 5024; x_wconf 90' lang='lat' dir='ltr'><strong>dio</strong></span> <span class='ocrx_word' id='word_1_825' title='bbox 2368 4986 2526 5042; x_wconf 90' lang='lat' dir='ltr'><strong>quam</strong></span> <span class='ocrx_word' id='word_1_826' title='bbox 2551 4979 2742 5027; x_wconf 92' lang='lat' dir='ltr'><strong>coacto</strong></span> <span class='ocrx_word' id='word_1_827' title='bbox 2772 4981 3044 5041; x_wconf 73' lang='lat' dir='ltr'><strong>przccepta</strong></span> <span class='ocrx_word' id='word_1_828' title='bbox 3069 4981 3382 5028; x_wconf 85' lang='lat' dir='ltr'><strong>conservat.</strong></span> 
     </span>
    </p>
   </div>
   <div class='ocr_carea' id='block_1_111' title="bbox 2317 5081 3896 5159">
    <p class='ocr_par' dir='ltr' id='par_1_111' title="bbox 2317 5081 3896 5159">
     <span class='ocr_line' id='line_1_111' title="bbox 2317 5081 3896 5159; baseline 0.005 -19"><span class='ocrx_word' id='word_1_829' title='bbox 2317 5084 2369 5140; x_wconf 83' lang='lat'><strong>5.</strong></span> <span class='ocrx_word' id='word_1_830' title='bbox 2411 5085 2599 5158; x_wconf 82' lang='lat' dir='ltr'><strong>(Vers.</strong></span> <span class='ocrx_word' id='word_1_831' title='bbox 2629 5081 2748 5154; x_wconf 87' lang='lat'><strong>98.)</strong></span> <span class='ocrx_word' id='word_1_832' title='bbox 2781 5084 2931 5139; x_wconf 81' lang='lat' dir='ltr'><strong>Alius</strong></span> <span class='ocrx_word' id='word_1_833' title='bbox 2972 5100 3161 5156; x_wconf 85' lang='lat' dir='ltr'><strong>versus</strong></span> <span class='ocrx_word' id='word_1_834' title='bbox 3191 5103 3205 5142; x_wconf 88' lang='lat'><strong>:</strong></span> <span class='ocrx_word' id='word_1_835' title='bbox 3239 5085 3412 5159; x_wconf 79' lang='lat' dir='ltr'><strong>Super</strong></span> <span class='ocrx_word' id='word_1_836' title='bbox 3449 5087 3704 5145; x_wconf 85' lang='lat' dir='ltr'><strong>inimicos</strong></span> <span class='ocrx_word' id='word_1_837' title='bbox 3735 5107 3896 5150; x_wconf 81' lang='lat' dir='ltr'><strong>meas</strong></span> 
     </span>
    </p>
   </div>
   <div class='ocr_carea' id='block_1_112' title="bbox 2304 5281 3900 5365">
    <p class='ocr_par' dir='ltr' id='par_1_112' title="bbox 2304 5281 3900 5365">
     <span class='ocr_line' id='line_1_112' title="bbox 2304 5281 3900 5365; baseline 0.013 -29"><span class='ocrx_word' id='word_1_838' title='bbox 2304 5281 2332 5365; x_wconf 58' lang='grc' dir='ltr'>ξ)</span> <span class='ocrx_word' id='word_1_839' title='bbox 2365 5283 2526 5365; x_wconf 81' lang='lat' dir='ltr'><strong>Rom.</strong></span> <span class='ocrx_word' id='word_1_840' title='bbox 2553 5284 2717 5365; x_wconf 81' lang='lat' dir='ltr'><strong>edit_.,</strong></span> <span class='ocrx_word' id='word_1_841' title='bbox 2749 5285 2990 5365; x_wconf 65' lang='lat' dir='ltr'><strong>Ezechiel</strong></span> <span class='ocrx_word' id='word_1_842' title='bbox 3015 5303 3034 5344; x_wconf 85' lang='lat'><strong>.°</strong></span> <span class='ocrx_word' id='word_1_843' title='bbox 3065 5288 3180 5363; x_wconf 89' lang='lat' dir='ltr'><strong>Ego</strong></span> <span class='ocrx_word' id='word_1_844' title='bbox 3201 5293 3450 5365; x_wconf 78' lang='lat' dir='ltr'><strong>recipiam</strong></span> <span class='ocrx_word' id='word_1_845' title='bbox 3475 5309 3566 5351; x_wconf 80' lang='lat' dir='ltr'><strong>vos</strong></span> <span class='ocrx_word' id='word_1_846' title='bbox 3599 5297 3655 5350; x_wconf 86' lang='lat' dir='ltr'><strong>in</strong></span> <span class='ocrx_word' id='word_1_847' title='bbox 3691 5302 3900 5365; x_wconf 81' lang='lat' dir='ltr'><strong>medio</strong></span> 
     </span>
    </p>
   </div>
   <div class='ocr_carea' id='block_1_113' title="bbox 2239 5352 3873 5439">
    <p class='ocr_par' dir='ltr' id='par_1_113' title="bbox 2239 5352 3873 5439">
     <span class='ocr_line' id='line_1_113' title="bbox 2239 5352 3873 5439; baseline 0.012 -32"><span class='ocrx_word' id='word_1_848' title='bbox 2239 5352 2607 5439; x_wconf 58' lang='lat' dir='ltr'><strong>IIieritsalent,</strong></span> <span class='ocrx_word' id='word_1_849' title='bbox 2637 5357 2769 5438; x_wconf 77' lang='lat' dir='ltr'><strong>sicut</strong></span> <span class='ocrx_word' id='word_1_850' title='bbox 2798 5358 3051 5439; x_wconf 68' lang='lat' dir='ltr'><strong>recipitur</strong></span> <span class='ocrx_word' id='word_1_851' title='bbox 3078 5352 3350 5439; x_wconf 56' lang='lat' dir='ltr'><strong>ajgentuin</strong></span> <span class='ocrx_word' id='word_1_852' title='bbox 3374 5352 3524 5439; x_wconf 42' lang='grc' dir='ltr'><strong>(ετξ,</strong></span> <span class='ocrx_word' id='word_1_853' title='bbox 3555 5379 3607 5421; x_wconf 82' lang='lat' dir='ltr'><strong>et</strong></span> 
     </span>
    </p>
   </div>
   <div class='ocr_carea' id='block_1_114' title="bbox 2237 5419 3900 5512">
    <p class='ocr_par' dir='ltr' id='par_1_114' title="bbox 2237 5419 3900 5512">
     <span class='ocr_line' id='line_1_114' title="bbox 2237 5419 3900 5512; baseline 0.012 -35"><span class='ocrx_word' id='word_1_854' title='bbox 2237 5435 2283 5508; x_wconf 74' lang='lat' dir='ltr'><strong>et</strong></span> <span class='ocrx_word' id='word_1_855' title='bbox 2326 5426 2596 5510; x_wconf 66' lang='lat' dir='ltr'><strong>plumbum</strong></span> <span class='ocrx_word' id='word_1_856' title='bbox 2641 5428 2696 5480; x_wconf 87' lang='lat' dir='ltr'><strong>in</strong></span> <span class='ocrx_word' id='word_1_857' title='bbox 2725 5419 2920 5512; x_wconf 56' lang='lat' dir='ltr'><strong>medio;</strong></span> <span class='ocrx_word' id='word_1_858' title='bbox 2952 5441 3062 5512; x_wconf 67' lang='lat' dir='ltr'><strong>etc.</strong></span> <span class='ocrx_word' id='word_1_859' title='bbox 3183 5419 3538 5512; x_wconf 40' lang='lat' dir='ltr'><strong>{Insaniabo</strong></span> <span class='ocrx_word' id='word_1_860' title='bbox 3563 5419 3900 5512; x_wconf 50' lang='lat' dir='ltr'><strong>iulia-</strong></span> 
     </span>
    </p>
   </div>
   <div class='ocr_carea' id='block_1_115' title="bbox 2233 5497 3905 5581">
    <p class='ocr_par' dir='ltr' id='par_1_115' title="bbox 2233 5497 3905 5581">
     <span class='ocr_line' id='line_1_115' title="bbox 2233 5497 3905 5581; baseline 0.01 -31"><span class='ocrx_word' id='word_1_861' title='bbox 2233 5497 2288 5550; x_wconf 87' lang='lat' dir='ltr'><strong>in</strong></span> <span class='ocrx_word' id='word_1_862' title='bbox 2319 5500 2436 5581; x_wconf 69' lang='lat' dir='ltr'><strong>igne</strong></span> <span class='ocrx_word' id='word_1_863' title='bbox 2475 5500 2568 5553; x_wconf 67' lang='lat' dir='ltr'><strong>ira:</strong></span> <span class='ocrx_word' id='word_1_864' title='bbox 2595 5515 2751 5565; x_wconf 79' lang='lat' dir='ltr'><strong>mete,</strong></span> <span class='ocrx_word' id='word_1_865' title='bbox 2779 5511 2842 5581; x_wconf 82' lang='lat' dir='ltr'><strong>et_</strong></span> <span class='ocrx_word' id='word_1_866' title='bbox 2869 5504 3222 5581; x_wconf 74' lang='lat' dir='ltr'><strong>conﬂabimini</strong></span> <span class='ocrx_word' id='word_1_867' title='bbox 3249 5507 3304 5581; x_wconf 81' lang='lat' dir='ltr'><strong>in</strong></span> <span class='ocrx_word' id='word_1_868' title='bbox 3327 5497 3504 5562; x_wconf 72' lang='lat' dir='ltr'><strong>.niedio</strong></span> <span class='ocrx_word' id='word_1_869' title='bbox 3545 5497 3698 5581; x_wconf 66' lang='lat' dir='ltr'><strong>ejus,</strong></span> 
     </span>
    </p>
   </div>
   <div class='ocr_carea' id='block_1_116' title="bbox 2237 5571 3355 5644">
    <p class='ocr_par' dir='ltr' id='par_1_116' title="bbox 2237 5571 3355 5644">
     <span class='ocr_line' id='line_1_116' title="bbox 2237 5571 3355 5644; baseline 0.009 -22"><span class='ocrx_word' id='word_1_870' title='bbox 2237 5571 2495 5644; x_wconf 72' lang='lat' dir='ltr'><strong>conflatur</strong></span> <span class='ocrx_word' id='word_1_871' title='bbox 2522 5581 2794 5644; x_wconf 83' lang='lat' dir='ltr'><strong>argentum</strong></span> <span class='ocrx_word' id='word_1_872' title='bbox 2823 5573 2879 5628; x_wconf 87' lang='lat' dir='ltr'><strong>in</strong></span> <span class='ocrx_word' id='word_1_873' title='bbox 2899 5571 3074 5629; x_wconf 84' lang='lat' dir='ltr'><strong>medio</strong></span> <span class='ocrx_word' id='word_1_874' title='bbox 3104 5576 3355 5644; x_wconf 76' lang='lat' dir='ltr'><strong>fornacis.</strong></span> 
     </span>
    </p>
   </div>
   <div class='ocr_carea' id='block_1_117' title="bbox 2313 5642 3907 5722">
    <p class='ocr_par' dir='ltr' id='par_1_117' title="bbox 2313 5642 3907 5722">
     <span class='ocr_line' id='line_1_117' title="bbox 2313 5642 3907 5722; baseline 0.016 -30"><span class='ocrx_word' id='word_1_875' title='bbox 2313 5651 2333 5722; x_wconf 64' lang='grc' dir='ltr'>ς</span> <span class='ocrx_word' id='word_1_876' title='bbox 2378 5642 2509 5722; x_wconf 80' lang='lat' dir='ltr'><strong>Mss.</strong></span> <span class='ocrx_word' id='word_1_877' title='bbox 2558 5643 2815 5722; x_wconf 68' lang='lat' dir='ltr'><strong>plurimi,</strong></span> <span class='ocrx_word' id='word_1_878' title='bbox 2860 5655 2916 5700; x_wconf 89' lang='lat' dir='ltr'><strong>et</strong></span> <span class='ocrx_word' id='word_1_879' title='bbox 2949 5660 3076 5722; x_wconf 83' lang='lat' dir='ltr'><strong>_c_ut_n</strong></span> <span class='ocrx_word' id='word_1_880' title='bbox 3105 5642 3466 5722; x_wconf 23' lang='lat' dir='ltr'><strong>illiSﬂClﬂlClﬂB</strong></span> <span class='ocrx_word' id='word_1_881' title='bbox 3498 5654 3671 5722; x_wconf 87' lang='lat' dir='ltr'><strong>edit.,</strong></span> <span class='ocrx_word' id='word_1_882' title='bbox 3709 5660 3907 5716; x_wconf 80' lang='lat' dir='ltr'><strong>intre-</strong></span> 
     </span>
    </p>
   </div>
   <div class='ocr_carea' id='block_1_118' title="bbox 2239 5710 3913 5837">
    <p class='ocr_par' dir='ltr' id='par_1_118' title="bbox 2239 5710 3913 5837">
     <span class='ocr_line' id='line_1_118' title="bbox 2239 5710 3913 5837; baseline 0.018 -77"><span class='ocrx_word' id='word_1_883' title='bbox 2239 5710 2362 5832; x_wconf 61' lang='lat' dir='ltr'><strong>pido</strong></span> <span class='ocrx_word' id='word_1_884' title='bbox 2411 5713 2630 5837; x_wconf 53' lang='lat' dir='ltr'><strong>Iniretur</strong></span> <span class='ocrx_word' id='word_1_885' title='bbox 2677 5713 2890 5782; x_wconf 69' lang='lat' dir='ltr'><strong>affectu.</strong></span> <span class='ocrx_word' id='word_1_886' title='bbox 2945 5716 3141 5775; x_wconf 83' lang='lat' dir='ltr'><strong>Melius</strong></span> <span class='ocrx_word' id='word_1_887' title='bbox 3191 5720 3326 5786; x_wconf 87' lang='lat' dir='ltr'><strong>alii,</strong></span> <span class='ocrx_word' id='word_1_888' title='bbox 3375 5710 3669 5790; x_wconf 41' lang='lat' dir='ltr'><strong>intrepido,</strong></span> <span class='ocrx_word' id='word_1_889' title='bbox 3713 5710 3913 5789; x_wconf 40' lang='lat' dir='ltr'><strong>sint}-</strong></span> 
     </span>
     <span class='ocr_line' id='line_1_119' title="bbox 2265 5797 2484 5837; baseline 0.014 -3"><span class='ocrx_word' id='word_1_890' title='bbox 2265 5797 2346 5837; x_wconf 86' lang='lat' dir='ltr'><strong>nr.</strong></span> <span class='ocrx_word' id='word_1_891' title='bbox 2377 5797 2407 5837; x_wconf 89' lang='lat' dir='ltr'><strong>e</strong></span> <span class='ocrx_word' id='word_1_892' title='bbox 2433 5797 2484 5836; x_wconf 92' lang='lat' dir='ltr'><strong>c.</strong></span> 
     </span>
    </p>
   </div>
   <div class='ocr_carea' id='block_1_119' title="bbox 2265 5797 2484 5846">
    <p class='ocr_par' dir='ltr' id='par_1_119' title="bbox 2265 5797 2484 5846">
     <span class='ocr_line' id='line_1_120' title="bbox 2265 5797 2484 5846; baseline 0.014 -12"><span class='ocrx_word' id='word_1_893' title='bbox 2265 5797 2346 5846; x_wconf 84' lang='lat' dir='ltr'><strong>ur,</strong></span> <span class='ocrx_word' id='word_1_894' title='bbox 2377 5797 2484 5837; x_wconf 72' lang='lat' dir='ltr'><strong>CIC.</strong></span> 
     </span>
    </p>
   </div>
  </div>
