3948 6384
183 343 294 400 1584

1232 340 1298 396 ΙΝ
1338 327 1665 396 PSALMUM
1705 336 1918 395 CXVII]
1959 325 2346 394 EXPOSITIO.

3287 343 3308 396 l
3321 339 3426 397 582

181 473 200 500 η
223 459 478 531 iniungere
511 473 590 512 uie
629 457 791 527 fecisti
817 457 1062 514 tuendam
1089 464 1212 522 tua;
1235 460 1365 528 quia
1394 467 1449 512 tu
1486 474 1560 512 es.
1601 455 1723 512 Cito
1751 463 1804 522 Α
1830 463 1934 510 tua:
1971 453 2193 523 pi'azntio
2224 451 2491 509 libertatis
2519 451 2720 506 attollit
2750 470 2762 507 :
2799 451 2880 508 vel
2919 451 3294 509 examinandis
3316 469 3427 510 scr-

176 553 682 627 probavitdiuturnte
713 553 1078 609 meditationis
1101 551 1376 616 eil‘eetum,
1407 555 1623 623 quando
1647 555 1728 606 in-

179 646 352 702 tellexit
388 660 541 715 super
567 645 818 702 inimicos
839 659 970 702 suos
996 644 1211 702 Domini
1254 645 1589 701 mandatum.
1621 646 1725 700 Sed

176 755 288 810 quos
326 738 478 794 habet
523 738 772 794 inimicos
801 738 1105 807 Propheta,
1136 738 1229 805 qui
1257 747 1351 794 aut
1391 740 1471 792 sui
1516 739 1726 810 1132

177 832 328 904 populi
369 832 505 886 viros
525 829 766 901 legitima
793 831 956 886 debet
983 831 1250 885 charitate
1281 831 1605 900 complecti,
1634 841 1728 884 aut

175 927 470 994 alienigenas
507 923 816 994 erangelica
847 923 1235 992 praedicatione
1280 923 1510 978 invitare
1533 922 1600 987 ad
1631 922 1726 984 Dei

173 1017 402 1088 gratiam?
430 1015 581 1071 Ferae
600 1025 911 1070 consortem
938 1024 1148 1069 natura:
1168 1029 1278 1069 sum
1299 1014 1529 1084 diligunt
1553 1032 1565 1067 :
1593 1028 1728 1084 quo-

173 1110 308 1165 modo
330 1108 666 1164 dilectionem
688 1108 984 1164 conformis
1007 1110 1089 1164 sui
1113 1109 1385 1179 Propheta
1407 1108 1728 1178 respueret?

174 1204 284 1259 Esse
307 1203 458 1272 igitur
482 1203 682 1271 justam
715 1202 950 1272 aliquam
985 1217 1202 1263 causam
1241 1211 1493 1273 oportet,
1540 1218 1643 1273 qua
1692 1203 1729 1260 ii

171 1309 281 1365 quos
318 1293 613 1363 significat,
655 1293 781 1364 jure
811 1293 1096 1349 videantur
1123 1293 1350 1348 inimici.
1398 1294 1471 1349 Ea
1512 1309 1632 1364 quae
1659 1294 1729 1350 sit

173 1401 422 1458 possumus
466 1385 830 1455 investigare,
881 1386 926 1439 si
976 1387 1387 1444 meminerimus
1430 1388 1553 1457 quia
1599 1386 1728 1447 alibi

175 1481 290 1536 idem
310 1480 406 1534 iste
435 1479 575 1534 dixit
604 1497 618 1534 :
654 1477 720 1534 Et
749 1495 902 1550 super
922 1479 1157 1533 inimicos
1182 1489 1296 1533 tuos
1318 1479 1655 1546 tabescebam,
1680 1490 1731 1533 et

169 1576 287 1642 justo
311 1572 424 1625 odio
469 1570 682 1626 oderam
729 1571 848 1624 illa:
889 1568 1078 1643 (Paul.
1120 1586 1392 1636 cxxxvut,
1423 1570 1488 1626 21
1524 1581 1572 1626 et
1609 1569 1726 1640 2'2).

173 1663 281 1719 Istos
307 1680 428 1734 ergo
457 1661 779 1734 Evangelica
809 1663 1130 1726 auctoritate
1171 1677 1304 1720 suos
1331 1661 1578 1718 inimicos
1602 1662 1735 1718 dicit

170 1771 296 1822 esse.
321 1757 404 1828 qui
447 1757 657 1819 inimici
685 1765 810 1812 sunt
838 1757 957 1812 Dei.
987 1755 1123 1812 Nam
1151 1756 1195 1812 si
1224 1755 1271 1812 is
1297 1756 1384 1827 qui
1418 1772 1522 1814 non
1567 1756 1732 1812 relin—

1831 549 2083 603 monibus
2120 547 2353 604 sollicite
2381 548 2647 613 serviens,
2675 562 3043 618 quoscumque
3074 548 3288 601 virtutis
3317 563 3430 602 sua:

1831 655 1963 696 aure
1985 641 2306 711 susceperit,
2337 641 2598 711 mysterio
2619 639 2920 694 sanctificat
2947 640 3196 711 spiritali.
3226 642 3430 712 Azyma

1831 735 1931 791 sibi
1959 734 2178 791 Judaeus
2207 735 2499 806 quotannis
2543 733 2725 790 facere
2751 734 3056 800 consuevit,
3086 745 3140 789 et
3172 737 3347 790 nescit
3371 750 3433 791 se

1831 830 2052 888 malitia:
2078 844 2204 886 esse
2251 829 2604 886 fermentum.
2639 829 2744 884 Sed
2775 830 2866 900 qui
2909 829 3160 902 intelligit
3197 829 3324 899 quid
3363 829 3435 886 sit

1838 932 1993 978 vetus
2015 939 2317 994 expurgare
2354 923 2710 991 fermentum,
2739 940 2808 978 ne
2857 932 3021 978 totam
3056 938 3288 980 massam
3321 938 3436 978 cor-

1832 1024 2084 1084 rumpat;
2115 1025 2354 1070 veterem
2386 1015 2656 1070 hominem
2683 1030 2807 1070 .cum
2848 1017 3058 1070 actibus
3083 1015 3198 1070 suis
3234 1031 3437 1086 expur-

1831 1116 1952 1175 gat,
2001 1117 2059 1160 ut
2106 1107 2202 1160 fiat
2248 1121 2384 1161 nova
2431 1107 2747 1176 conspersio
2794 1108 3054 1164 veritatis.
3103 1105 3293 1162 .ludaio
3332 1108 3432 1162 ista

1830 1196 1976 1252 dicta
2000 1206 2162 1262 sunt,
2190 1206 2246 1254 et
2289 1198 2627 1254 Christianus
2653 1199 2886 1261 audivit;
2916 1200 3040 1272 quia
3085 1201 3211 1256 dum
3245 1217 3432 1257 aurem

1831 1306 1982 1346 suam
2013 1292 2102 1347 ille
2143 1293 2330 1348 subula
2377 1293 2678 1362 pertundit,
2714 1293 2902 1348 audire
2935 1309 3039 1348 non
3071 1295 3282 1364 potuit:
3315 1296 3436 1349 vul-

1834 1390 2076 1438 aeratam
2106 1398 2291 1444 aurem
2317 1397 2545 1453 gerens,
2573 1399 2682 1443 non
2708 1383 2868 1455 Legis
2886 1426 2901 1449 ,
2933 1384 3027 1439 sed
3057 1385 3301 1440 stultitiae
3325 1401 3440 1442 sua:

1833 1476 2022 1532 subula
2057 1476 2268 1549 1133
2300 1477 2608 1531 cruentavit
2629 1492 2816 1532 aurern
2841 1491 3016 1532 suam.
3043 1477 3141 1532 llle
3166 1478 3438 1538 audiendo

1834 1584 1953 1637 qua:
1978 1569 2300 1640 spiritaliter
2341 1569 2682 1637 revelantur,
2722 1570 3025 1640 perforavit
3053 1587 3239 1627 aurem
3285 1589 3436 1630 suam

1836 1659 2017 1726 ferro;
2053 1661 2407 1720 maluitenim
2440 1661 2493 1716 in
2523 1663 2725 1718 ferrum
2771 1677 2933 1732 quam
2967 1663 3019 1716 in
3055 1663 3288 1718 Verbum
3318 1680 3438 1724 cre-

1836 1753 1984 1810 dere.
2017 1755 2144 1811 ldeo
2178 1757 2384 1823 servit,
2415 1755 2537 1811 ideo
2579 1757 2716 1814 liber
2741 1771 2866 1811 esse
2900 1770 3006 1811 non
3051 1757 3280 1824 meruit,
3318 1757 3440 1815 ideo

167 1851 258 1924 quit
294 1865 539 1921 parentes
585 1861 806 1922 propter
837 1853 934 1908 Dei
973 1867 1204 1917 nomen,
1251 1863 1469 1907 nonest
1510 1852 1623 1907 Deo
1647 1850 1732 1905 di-
1763 1864 1937 1931 Bnec
1965 1851 2224 1919 completi
2267 1850 2528 1919 temporis
2579 1850 2628 1906 ei
2677 1851 2855 1920 gratia
2899 1848 3258 1920 suffragatur;
3313 1853 3437 1924 quia

168 1961 277 2016 guns
297 1965 311 2001 :
334 1959 532 2018 quanto
566 1948 748 2019 magis
788 1947 880 2017 qui
907 1947 1080 2017 diligit
1117 1946 1236 2018 ejus
1264 1947 1549 2014 inimicos,
1582 1961 1734 2002 acce-

167 2050 265 2108 ptus
291 2040 395 2096 Deo
421 2056 546 2096 esse
581 2055 688 2096 non
715 2040 954 2111 poterit?
979 2039 1131 2108 Quos
1173 2055 1304 2111 ergo
1345 2039 1595 2094 inimicos
1631 2041 1735 2093 ,ιω-

168 2131 268 2186 bet?
294 2131 345 2188 Si
369 2133 646 2204 gentiles:
681 2131 708 2170 ⁷ο
739 2131 1046 2202 quomodo,
1095 2146 1230 2204 quos
1262 2130 1581 2201 prophetico
1625 2145 1736 2186 cre-

165 2223 340 2280 dituros
381 2224 579 2297 spiritu
613 2223 981 2294 praevidebat?
1026 2223 1271 2295 Denique
1315 2234 1375 2279 ut
1413 2222 1736 2288 benediuant

165 2325 209 2371 et
251 2317 338 2386 ipsi
388 2318 720 2382 Dominum,
771 2317 825 2372 in
873 2316 1249 2386 superioribus
1297 2316 1616 2376 adhortatus
1651 2326 1737 2374 est

165 2407 311 2478 (Ptol.
331 2427 468 2476 L-xvt,
495 2410 584 2480 4).
611 2412 686 2468 Et
711 2426 830 2482 qua;
851 2425 1047 2482 magna
1074 2411 1191 2466 laus
1221 2426 1385 2481 super
1407 2426 1505 2466 eos
1535 2412 1737 2467 intelli-

164 2516 289 2571 gere,
305 2504 388 2574 qui
408 2505 635 2562 metalla
660 2514 712 2558 et
733 2519 867 2558 saxa
890 2505 1223 2570 venerando,
1248 2505 1476 2569 similent
1498 2504 1735 2576 rigorem

161 2597 368 2666 stuporis
394 2598 766 2654 attraxeriut?

220 2686 266 2741 6.
304 2687 438 2756 Quos
463 2689 632 2759 igitur
655 2689 817 2744 habet
840 2689 1122 2756 inimicos,
1143 2690 1257 2745 .nisi
1282 2690 1604 2748 lmreticos?
1627 2689 1734 2760 Ipsi

159 2779 278 2833 enim
326 2791 450 2834 sunt
505 2783 916 2852 impugnatores
971 2781 1134 2847 fidei,
1188 2782 1436 2838 veritatis
1506 2781 1732 2838 inimici.

158 2873 299 2940 Quos,
327 2875 422 2929 nisi
453 2873 718 2930 Judzeos?
745 2872 851 2948 ipsi
890 2875 1036 2929 enim
1066 2877 1344 2946 graviores
1374 2874 1614 2943 inimici,
1642 2876 1736 2945 .qui

158 2979 214 3018 ex
239 2966 415 3024 amicis
447 2967 579 3023 facti
609 2976 739 3022 sunt
767 2967 991 3022 inimici.
1024 2968 1198 3038 Super
1219 2983 1321 3023 eos
1339 2967 1618 3038 intelligit,
1645 2968 1737 3037 qui

156 3056 328 3127 Legem
352 3059 664 3128 spiritalem
704 3074 828 3115 esse
871 3059 1138 3130 intelligit.
1173 3060 1312 3127 Quid
1351 3076 1481 3132 ergo
1515 3060 1738 3129 prodest

156 3147 267 3214 Lex,
292 3151 332 3205 si
364 3151 524 3207 finem
553 3151 722 3223 Legis
749 3153 986 3224 ignores,
1013 3153 1057 3207 si
1091 3153 1406 3225 mysterium
1433 3152 1666 3218 nescias,
1690 3152 1734 3205 si

1840 1941 2230 2011 plenitudinem
2262 1941 2521 2012 temporis
2553 1957 2660 1997 non
2705 1942 2948 2012 recepit,
2981 1957 3090 2012 quo
3135 1941 3304 2000 Filius
3345 1944 3439 2000 Dei

1838 2039 2039 2092 missus
2070 2045 2157 2092 est
2184 2037 2250 2090 ad
2283 2037 2546 2102 salutem,
2589 2045 2646 2090 et
2688 2037 2840 2090 venit
2867 2035 2933 2088 ad
2985 2035 3439 2106 redemptionem,

1835 2131 2016 2189 factus
2066 2133 2166 2187 sub
2197 2132 2338 2202 Lege
2359 2174 2372 2195 ,
2422 2141 2580 2194 natus
2610 2146 2675 2187 ex
2701 2131 2926 2208 Virgine
2947 2174 2961 2195 ,
3009 2133 3184 2187 victor
3225 2133 3439 2198 mortis,

1836 2227 2064 2296 largitor
2113 2226 2553 2282 resurrectionis.
2594 2225 2777 2282 Manet
2814 2241 2946 2297 ergo
2978 2227 3177 2282 vulnus
3203 2227 3309 2294 illi,
3355 2226 3442 2282 cui

1835 2320 2084 2384 Christus
2131 2337 2239 2376 non
2288 2321 2549 2385 surrexit.
2595 2319 2640 2375 0
2673 2321 2866 2378 vulnus
2905 2321 3050 2390 quod
3095 2321 3288 2378 sarciri
3332 2336 3441 2378 non

1839 2413 2035 2482 possit,
2077 2414 2181 2468 nisi
2212 2414 2350 2468 forte
2382 2414 2656 2482 relinquat
2693 2412 2941 2468 sobulam
2965 2453 2978 2479 ,
3019 2423 3080 2468 .et
3120 2421 3298 2468 sumat
3336 2411 3442 2466 sibi

1839 2507 1864 2544 ιι
1887 2508 2125 2578 gladium
2157 2523 2317 2576 quem
2349 2521 2450 2577 pro
2473 2505 2678 2562 Christi
2704 2507 2927 2566 nomine
2956 2521 3062 2561 non
3091 2504 3323 2570 refutet,
3356 2504 3439 2558 vel

1835 2618 1944 2671 quo
1961 2600 2276 2670 corporalia
2295 2615 2322 2656 a
2345 2599 2713 2670 spiritalibus,
2747 2599 2993 2656 utnbram
3022 2614 3051 2654 a
3084 2599 3311 2652 veritate
3333 2597 3443 2652 dis-

1841 2695 2053 2765 tinguat
2086 2712 2097 2748 :
2127 2703 2312 2751 sumat
2349 2694 2446 2750 Dei
2490 2693 2749 2758 ver-bum,
2779 2692 3016 2762 gladium
3051 2692 3134 2746 bis
3185 2702 3439 2756 acutum,

1839 2796 1896 2840 et
1928 2803 2004 2840 ex
2041 2787 2131 2841 illo
2172 2787 2357 2842 divino
2397 2802 2495 2849 ore
2541 2785 2806 2850 doceatur
2852 2785 3167 2840 mandatum
3200 2785 3439 2854 Domini,

1837 2882 2215 2950 prteseriptum
2247 2879 2411 2950 Legis
2439 2894 2769 2950 agnoscere,
2805 2879 2956 2950 quod
2987 2895 3094 2940 non
3129 2881 3442 2950 temporalis

1839 2970 2038 3027 habeat
2078 2972 2474 3032 observantiam
2524 2971 2855 3028 celebritatis
2880 3013 2894 3038 ,
2946 2971 3042 3027 sed
3085 2971 3344 3028 salutaria
3387 2981 3442 3028 ct

1838 3066 2170 3134 sempiterna
2194 3064 2438 3121 remedia
2465 3080 2632 3126 succo
2656 3065 2847 3135 gratia:
2876 3064 3134 3134 spiritalis
3173 3065 3438 3126 infundat.

1911 3157 1964 3211 7.
2005 3156 2138 3212 Tota
2171 3171 2308 3226 ergo
2338 3157 2425 3214 die
2454 3157 2506 3211 in
2533 3155 2678 3226 Lege
2705 3155 3004 3218 tueditare:
3051 3171 3156 3211 non
3187 3156 3442 3226 perfunc-

155 3257 458 3302 saeranteuta
509 3263 625 3304 non
675 3247 925 3302 noveris?
955 3246 1159 3302 Judaeis
1204 3261 1269 3302 ex
1321 3247 1514 3302 ovibus
1559 3260 1730 3316 agnus
1757 3250 1803 3312 Ο
1839 3247 1972 3304 toria
2013 3248 2107 3306 tibi
2150 3248 2315 3308 debet
2353 3263 2473 3304 esse
2515 3247 2868 3308 transcursio.
2912 3248 2970 3304 Si
3021 3264 3206 3318 agrum
3255 3265 3441 3314 emere

156 3337 390 3393 occiditur
433 3356 540 3412 pro
590 3341 910 3396 celebritate
957 3340 1198 3410 paschali
1244 3359 1257 3395 :
1307 3340 1464 3398 nobis
1507 3355 1606 3411 pro
1651 3355 1733 3396 re-

155 3429 436 3501 demptione
483 3434 680 3490 mundi
731 3435 1038 3505 unigenitus
1085 3435 1222 3502 Dei,
1265 3446 1454 3505 partus
1501 3433 1732 3506 Virginis

155 3525 455 3583 immolatur.
488 3529 638 3597 Quid
683 3527 972 3598 proficiunt
1015 3527 1187 3583 Jndzni
1216 3568 1230 3593 ,
1277 3527 1418 3598 quod
1471 3526 1732 3598 sanguine

152 3622 254 3688 agni
289 3622 478 3678 domos
518 3634 580 3679 et
627 3631 817 3692 postes
849 3637 989 3678 .suos
1029 3622 1299 3679 illininnt?
1329 3621 1468 3676 Nihil
1508 3621 1728 3691 utique;

153 3715 375 3781 quoniam
421 3717 572 3788 ligna
610 3715 694 3771 bis
731 3725 824 3770 ant
865 3731 994 3772 saxa
1036 3714 1298 3786 prodesse
1331 3731 1437 3770 non
1481 3724 1727 3786 possunt.

151 3803 292 3862 Nobis
307 3809 532 3879 proﬁcit
557 3824 724 3866 omne
747 3809 1087 3881 mysterium,
1119 3809 1206 3877 qui
1230 3807 1529 3863 abhorrere
1549 3807 1729 3863 credi-

154 3914 256 3954 mus
283 3917 310 3955 a
347 3904 521 3972 gratia
551 3903 828 3973 Spiritali;
859 3911 917 3957 ut
945 3901 1311 3958 habitationes
1355 3911 1567 3954 nostras
1604 3915 1729 3954 san-

149 3994 289 4061 guine
316 3998 544 4067 pecudis
579 4006 964 4062 cruentemus,
1005 4009 1096 4052 ora
1127 4003 1314 4050 nostra
1343 4007 1535 4048 cruore
1557 3993 1734 4062 tinga-

152 4101 286 4140 mus:
314 4089 406 4143 sed
428 4103 671 4160 corpora
702 4098 886 4143 nostra
922 4095 1307 4152 asaerameuto
1338 4085 1515 4140 crucis
1543 4084 1731 4138 Dorul-

148 4178 267 4234 uicai
310 4196 742 4247 consecremus,
793 4189 846 4235 et
891 4178 1234 4238 confessione
1279 4178 1470 4234 mortis
1515 4175 1733 4232 Domini

149 4275 298 4328 nostri
315 4274 444 4332 Jesu
468 4275 680 4332 Christi
705 4273 1110 4330 sanctilicamus
1138 4272 1250 4330 oris
1278 4271 1535 4340 alloquia.
1562 4270 1734 4329 Corde

146 4371 275 4426 enim
298 4373 526 4430 creditur
549 4370 624 4424 ad
636 4369 901 4442 justitiam
932 4383 949 4421 :
977 4384 1066 4424 ore
1093 4377 1268 4422 autem
1297 4366 1549 4437 confessio
1579 4366 1637 4435 ﬁt
1666 4365 1735 4422 ad

145 4464 340 4518 militem
363 4463 546 4535 (Rom.
588 4479 648 4530 ι,
680 4460 954 4531 lO)..Quid
981 4461 1202 4531 prodest
1227 4459 1369 4531 quod
1397 4459 1609 4518 Hebr-mi
1639 4475 1736 4520 au-

143 4569 244 4611 rem
267 4557 470 4612 servuli
485 4553 842 4626 pertendunt
873 4553 1098 4618 subula,
1129 4563 1184 4618 et
1214 4555 1476 4624 praeputia
1508 4553 1588 4606 sui
1625 4553 1735 4610 tcir-

1840 3343 1994 3411 velis,
2023 3342 2072 3398 si
2099 3343 2328 3402 mercari
2374 3343 2630 3406 domum,
2659 3343 3066 3412 prudentiorem
3108 3343 3352 3409 adhibes,
3386 3353 3443 3399 et

1837 3435 1965 3505 quid
2006 3433 2154 3505 juris
2179 3435 2271 3502 sit,
2302 3433 2586 3506 diligenter
2621 3435 2935 3491 consideras
2962 3453 2974 3488 :
2999 3447 3049 3490 et
3083 3453 3149 3491 ne
3167 3435 3229 3490 in
3258 3438 3442 3508 aliquo

1837 3526 1976 3581 forte
2015 3525 2255 3591 fallaris,
2305 3525 2400 3580 tibi
2444 3528 2557 3596 imo
2591 3541 2695 3582 non
2733 3526 2931 3588 credis.
2962 3526 3029 3581 At
3065 3543 3207 3582 nunc
3237 3538 3290 3582 tu
3327 3529 3443 3598 ipse

1837 3618 2100 3674 emendus
2148 3634 2206 3674 rs
2249 3619 2342 3673 tibi
2377 3638 2388 3672 :
2422 3619 2489 3675 de
2519 3629 2610 3673 tuo
2636 3622 2805 3689 pretio
2831 3628 3116 3687 tractatur,
3151 3621 3441 3677 considera

1836 3709 1963 3779 quid
2016 3710 2130 3774 sis,
2180 3709 2324 3780 quod
2370 3726 2566 3766 nomen
2613 3710 2838 3778 habeas,
2867 3711 2998 3781 quid
3028 3705 3279 3782 acqttir'as
3305 3713 3441 3778 tibi,

1837 3819 1945 3858 non
1975 3819 2186 3872 agrum,
2215 3819 2320 3856 non
2345 3803 2650 3873 pecuniam,
2682 3819 2788 3858 non
2811 3818 3148 3872 gemmarum
3174 3805 3397 3870 nipnilia
3427 3823 3440 3859 :

1835 3896 1932 3952 sed
1961 3896 2236 3952 Christum
2263 3895 2452 3952 Jesum
2471 3938 2486 3963 ,
2511 3897 2600 3956 cui
2628 3897 2770 3951 nulla
2812 3907 3037 3966 possunt
3072 3899 3265 3966 pretia,
3297 3899 3443 3960 nulla

1834 3998 2152 4048 Ornamenta
2182 3989 2439 4045 conferri.
2465 3990 2680 4046 Adhibe
2705 3991 2800 4045 tibi
2828 3990 3170 4049 consiliarios
3194 3992 3440 4063 Moysen,

1838 4084 2085 4152 Esaiam,
2127 4083 2491 4150 Hieremiam,
2529 4082 2746 4138 Petrum
2773 4124 2788 4149 ,
2833 4083 3096 4151 Paulum,
3140 4083 3441 4153 Joannem,

1837 4179 2015 4248 ipsum
2051 4192 2302 4249 magnum
2347 4176 2719 4238 consiliarium
2747 4177 2935 4234 Jesum
2975 4179 3068 4234 Dei
3107 4179 3344 4245 Filium;
3388 4191 3446 4236 ut

1833 4273 2088 4343 acquiras
2116 4273 2354 4330 Patrem.
2385 4272 2517 4330 Cum
2549 4272 2634 4333 his
2655 4275 3003 4334 tractandum
3025 4317 3039 4342 ,
3063 4290 3193 4334 cum
3219 4275 3304 4330 bis
3331 4285 3441 4331 tota

1836 4367 2228 4424 conferendum
2250 4376 2332 4424 est
2358 4368 2475 4434 tibi,
2498 4376 2611 4424 tota
2635 4368 3004 4426 meditandum
3029 4369 3116 4425 die
3133 4388 3146 4434 ;
3165 4371 3305 4426 sicut
3326 4385 3442 4432 me-

1837 4461 2110 4522 ditabatur
2152 4461 2341 4529 David,
2365 4471 2419 4518 et
2444 4461 2560 4520 haec
2583 4471 2708 4520 erat
2730 4464 2810 4519 illi
2850 4464 2964 4520 sola
2997 4464 3294 4520 meditatio.
3325 4462 3443 4518 Non

1837 4555 2189 4612 saecularibus
2201 4556 2417 4610 animus
2435 4555 2823 4611 troducebatur
2842 4555 3135 4620 illecebris,
3157 4572 3263 4610 non
3286 4571 3448 4624 pecu-

143 4648 438 4704 cumcidunt
487 4647 772 4718 corporis?
817 4645 937 4702 Non
999 4647 1304 4716 intelligunt
1343 4647 1564 4717 patritus
1605 4644 1734 4715 quid
1764 4646 2009 4712 Dniaria
2058 4645 2416 4702 coacervaudi
2456 4648 2769 4716 patrimonii
2807 4648 3396 4719 cupiditateilagrabat
3431 4668 3445 4704 :

143 4739 240 4798 Lex
267 4741 446 4800 divina
481 4741 788 4815 discernat.
820 4739 984 4810 Signa
1026 4749 1152 4794 sunt
1197 4740 1331 4807 ista,
1377 4755 1483 4794 non
1511 4740 1733 4794 verita-5.

141 4832 234 4887 Sed
277 4834 363 4892 ille
391 4832 689 4902 intelligit,
720 4831 811 4901 qui
851 4846 945 4888 cor
973 4847 1132 4886 suum
1177 4831 1406 4904 Spit-itali
1453 4831 1736 4888 circumci-

141 4926 277 4984 sione
291 4926 606 4992 castificat;
641 4933 698 4978 ut
723 4923 1018 4980 colluviem
1047 4939 1262 4980 omnem
1293 4939 1574 4994 corporea:
1597 4923 1736 4978 labis

141 5027 398 5084 emendet.
431 5027 540 5092 Ille
561 5026 842 5098 intelligit,
869 5026 963 5096 qui
988 5027 1234 5086 subulam
1267 5035 1323 5080 et
1345 5041 1552 5092 aurem,
1581 5039 1736 5080 men-

141 5117 199 5171 tis
234 5119 416 5192 vigore
457 5119 838 5184 transcendit,
883 5130 937 5175 et
965 5120 1112 5174 illam
1142 5118 1376 5173 animam
1406 5132 1567 5188 quam
1613 5131 1737 5186 per-

141 5212 370 5268 transivit
403 5213 632 5284 gladius
660 5213 728 5268 ad
758 5212 1051 5269 revelanda
1075 5212 1258 5268 cordis
1286 5212 1516 5278 occulta,
1545 5224 1738 5280 perpe-

199 5343 386 5400 "Yet.
433 5341 580 5408 edit.
626 5343 692 5405 ad
719 5341 1056 5414 marginem,
1104 5341 1409 5414 prudentem
1449 5357 1528 5394 me
1577 5339 1746 5414 fecisti

140 5415 367 5476 mandato
397 5417 525 5484 tuof;
561 5416 686 5484 quia
712 5415 766 5468 in
794 5411 1037 5468 refer-num
1067 5411 1190 5466 mihi
1210 5422 1306 5470 est.
1336 5412 1452 5468 Huc
1473 5411 1741 5484 accedunt

138 5499 261 5572 mss.
303 5483 545 5572 aliquot.
573 5483 706 5541 ’Alii
750 5495 965 5572 auteth
1001 5484 1266 5572 Iedocuisti
1312 5500 1392 5537 me
1439 5483 1739 5572 murmurum

141 5565 290 5636 tum,
315 5553 443 5631 quia
463 5560 522 5614 in
546 5567 820 5614 internum.
853 5557 962 5614 Alii
983 5556 1367 5628 deniquecum
1389 5553 1530 5620 edit.
1559 5563 1619 5614 ut
1643 5567 1742 5612 nos

141 5635 380 5692 intenti.

203 5761 230 5804 δ
253 5763 441 5831 ﬁdit,
461 5762 1158 5833 Quomodoauperininticos
1173 5763 1616 5832 intellexilhquos,
1637 5769 1740 5820 etc.

145 5833 252 5896 Non
267 5837 430 5894 male.
449 5835 659 5893 Helius
672 5842 852 5889 tamen
865 5849 999 5890 mss.
1021 5835 1167 5901 cod.,
1188 5836 1463 5904 quomodo,
1479 5851 1626 5905 quos,
1641 5843 1746 5889 etc.

1841 4757 1950 4798 non
1975 4740 2299 4812 proferendi
2331 4740 2543 4806 limitis,
2566 4741 3002 4812 excludendique
3018 4741 3447 4810 ﬁuitimiauaius

1831 4849 2092 4890 curarum
2122 4842 2286 4888 aestus
2317 4831 2497 4888 studio
2516 4833 2888 4889 meditationis
2912 4837 3176 4896 intentum
3203 4835 3450 4896 reﬂecte—

1839 4926 1931 4981 bat
1952 4923 2238 4989 allectum;
2265 4923 2528 4994 quidquid
2549 4933 2767 4994 poterat
2790 4927 3053 4996 temperis
3074 4927 3200 4986 dies
3221 4927 3447 4994 habere,

1839 5019 1945 5076 hoc
1979 5027 2154 5076 totum
2187 5019 2304 5075 sola
2331 5019 2435 5076 sibi
2463 5018 2518 5073 in
2537 5017 2692 5089 'Lege
2718 5019 3011 5076 'meditatio
3043 5019 3373 5086 vindicabat.

1911 5115 1965 5168 8.
1994 5113 2104 5170 Sed
2129 5113 2293 5170 etiam
2318 5112 2425 5168 hoc
2456 5126 2643 5183 parum
2676 5122 2759 5168 est
2787 5111 3056 5183 diligenti,
3086 5114 3175 5182 qui
3213 5113 3340 5170 velit
3383 5114 3451 5167 ad

1838 5205 2194 5270 beatitudinis
2231 5204 2466 5276 gratiam
2513 5203 2820 5274 pervenire.
2854 5204 3051 5261 Beatus
3095 5205 3239 5268 enim
3273 5204 3363 5261 die
3386 5218 3452 5259 ac

1854 5333 1956 5389 Hic
1980 5335 2124 5460 egit:
2144 5333 2588 5406 subintelligitur,
2609 5335 2841 5390 inimicos
2862 5335 3034 5405 habet,
3059 5346 3182 5408 post
3203 5335 3450 5403 verbum,

1854 5421 2008 5460 uram
2053 5423 2077 5458 e
2111 5416 2184 5460 at.

1889 5416 2184 5463 resumebat.

1850 5425 2184 5478 prwmaeoat.

1925 5489 1945 5513 ε
1985 5477 2360 5552 Sacramenta,
2387 5476 2462 5552 _id
2496 5486 2617 5541 est,
2653 5477 2943 5552 baptismo.
2992 5481 3077 5536 vel
3123 5481 3450 5552 fortesiguo

1849 5548 2047 5604 crucis.
2081 5548 2323 5618 Namque
2351 5549 2470 5618 ejus
2501 5563 2657 5608 usum
2689 5548 2988 5618 priscorum
3015 5548 3451 5616 Christianorum

1845 5620 2042 5700 pietati
2066 5617 2551 5700 ftuniliarissimum
2577 5617 2742 5700 fuisSe
2763 5625 2973 5700 passim
2989 5623 3314 5698 .legintusju-
3330 5642 3454 5686 sau-

1850 5687 2063 5750 ctorum
2094 5692 2311 5752 Patrum
2346 5687 2732 5748 monumenlis.

1927 5759 1950 5798 τ’
1981 5763 2071 5905 Si;
2257 5765 2323 5818 Αι
2344 5763 2645 5832 editiones,
2669 5764 3022 5838 gladiumque
3053 5765 3245 5837 Christi
3259 5786 3459 5840 stanter:

1927 5852 1959 5889 η
1979 5851 2034 5889 re
2062 5851 2094 5889 u
2119 5852 2144 5890 e
2173 5875 2186 5888 .

1854 5851 1959 5890 twn
1979 5844 2186 5890 refutet.
3471 5850 3480 5857 '
