3948 6384
491 344 648 403 1585

1819 337 2064 398 SANCTI
2103 333 2425 395 AMBROSII

3121 298 3126 306 ν
3163 294 3190 306 ⁷,
3590 293 3602 304 θ’

3079 333 3088 346 ,·
3155 326 3236 346 sur“
3419 328 3442 332 "
3461 341 3464 344 .
3495 326 3510 338 ’ί
3579 327 3646 342 -και
3789 343 3794 348 ,
3813 336 3842 346 ι,
3883 329 3912 344 .ιί

2973 381 2977 383 -
3040 351 3131 394 tat-5.
3149 347 3228 394 ra:
3271 326 3460 394 risui-.4?)

3173 384 3239 408 με.
3287 384 3382 406 λιῖ“’¹τ
3401 384 3414 399 ἰ
3439 387 3453 402 ι
3591 384 3630 402 ‘.-‘
3663 384 3718 398 '-

3119 409 3126 419 ἱ
3205 409 3210 418 ἱ
3313 417 3316 419 λ
3353 407 3376 419 ’ὶ-

492 469 651 517 nocte
695 456 986 514 meditatur
1015 457 1067 511 in
1095 453 1257 526 Lege.
1287 449 1578 528 Angustior
1603 452 1722 508 dies
1748 459 1835 509 est
1861 453 2089 509 medita-
2114 448 2166 513 Α
2195 449 2386 508 Debuit
2417 449 2555 507 hanc
2590 462 2874 507 assumere
2914 427 3326 518 confidentiam,
3355 450 3446 521 qui
3471 449 3788 513 docebatur,

493 553 638 608 tione
669 552 948 608 doctrinm.
976 549 1092 605 Non
1127 557 1312 604 tantus
1338 545 1456 604 dies
1487 548 1539 603 in
1566 559 1832 618 tempore,
1875 557 1900 584 ει
1923 563 2095 618 quan-

494 653 584 700 tus
616 644 904 702 meditator
939 644 993 699 in
1024 642 1188 712 Lege.
1217 640 1372 697 Unde
1406 641 1525 696 vide
1553 656 1621 696 ne
1651 641 1784 696 illud
1820 641 1991 710 magis
2017 641 2097 695 vi-

492 735 685 793 deatur
727 734 1072 806 significare,
1123 732 1270 802 quod
1299 732 1348 787 ei
1377 732 1468 803 qui
1513 732 1567 788 in
1599 731 1742 803 Lege
1771 733 2095 797 meditatur,

492 845 708 900 semper
747 829 866 886 dies
891 840 967 885 est
993 870 1010 897 ,
1042 837 1098 885 ct
1128 828 1309 883 lumen
1338 827 1456 883 sine
1484 826 1733 894 defectu,
1763 826 1906 897 quod
1937 826 2097 881 nulla:

495 923 734 980 tenebrae
758 922 934 978 noctis
964 921 1315 992 interpolent.
1348 918 1600 990 Alioquin
1632 918 1904 990 quomodo
1926 917 2095 988 negli-

493 1019 794 1091 gentinrem
843 1020 896 1073 in
931 1032 1189 1088 processu
1221 1016 1406 1086 operis
1426 1014 1758 1079 declararet,
1791 1028 1951 1084 quem
1979 1011 2099 1067 dili-

493 1109 794 1182 gentiorem
819 1111 873 1164 in
899 1109 1033 1180 ipsis
1059 1106 1245 1179 operis
1268 1107 1353 1162 sui
1378 1105 1650 1176 Pr0pheta
1674 1103 1958 1176 principiis
1979 1117 2100 1159 esse

493 1204 800 1261 voluisset?
829 1201 888 1258 In
919 1201 1007 1256 die
1033 1215 1166 1272 ergo
1192 1185 1489 1255 meditatoF
1523 1196 1703 1267 Legis,
1736 1205 1791 1252 et
1819 1193 2099 1266 Evangelii

495 1296 844 1368 praedicator.

569 1389 628 1445 9.
656 1388 725 1444 Et
753 1388 983 1444 fortasse
1011 1386 1092 1441 illi
1118 1386 1146 1426 ι’
1177 1385 1270 1455 qui
1299 1399 1496 1440 novum
1529 1397 1638 1439 non
1665 1381 1939 1452 recipiunt
1963 1381 2098 1437 Tes-

497 1489 823 1546 tamentum,
858 1481 914 1534 in
953 1488 1111 1535 nocte
1141 1478 1406 1548 legerunt,
1437 1485 1494 1532 et
1524 1474 1645 1530 ideo
1673 1474 1984 1530 nescierunt
2007 1488 2102 1529 ne-

496 1589 605 1646 que
626 1574 1034 1630 intellexerunt.
1067 1571 1218 1628 Unde
1248 1570 1520 1634 Salvator,
1547 1583 1615 1624 ne
1635 1567 1799 1624 etiam
1827 1582 1928 1622 nos
1955 1567 2099 1638 lege-

495 1682 683 1724 remus
729 1667 781 1721 in
813 1664 1088 1730 tenebris,
1118 1663 1376 1720 admenet
1407 1662 1598 1718 dicens
1627 1659 2013 1716 ambulandum
2042 1657 2098 1714 in

497 1759 609 1826 die,
651 1760 776 1828 quia
816 1771 924 1814 non
953 1755 1179 1813 offendit
1209 1755 1300 1826 qui
1324 1754 1379 1810 in
1406 1754 1495 1811 die
1523 1754 1767 1810 ambulat
1796 1752 1976 1824 (locu.
2007 1768 2059 1807 xi
2081 1793 2096 1817 ,

2198 561 2229 600 a
2281 545 2549 600 Domino:
2597 555 2653 600 et
2705 543 3012 600 mandatum
3044 544 3186 616 quod
3233 543 3554 612 docebatur,
3583 542 3790 598 Domini

2199 649 2350 706 erat,
2382 649 2436 695 et
2465 639 2581 710 ipse
2612 638 2874 694 Dominus
2902 639 2992 709 qui
3022 638 3258 697 docebat
3292 639 3452 711 (Sup.
3493 657 3544 697 υ.
3572 637 3657 711 2).
3688 637 3792 694 Me-

2201 729 2308 784 rito
2349 745 2513 801 super
2555 746 2744 786 omnes
2790 729 3078 796 intellexit,
3111 747 3274 802 quem
3303 731 3532 788 docebat
3559 732 3674 803 ipsa
3701 731 3792 787 Sac

2201 822 2422 892 pientia.
2457 822 2612 878 Unde
2641 833 2696 878 et
2738 824 2864 879 alibi
2893 825 2968 878 ait
3001 841 3013 877 :
3041 822 3231 878 Beatus
3260 840 3409 896 quem
3434 833 3489 878 tu
3520 823 3790 890 erudierit,

2202 914 2443 980 Domine,
2471 927 2518 971 et
2544 918 2608 971 de
2635 919 2743 989 lege
2771 928 2859 974 tua
2884 919 3120 974 docueris
3147 936 3262 975 eum
3294 918 3468 992 (Psal.
3497 935 3650 985 xcm,
3681 919 3790 990 12).

2277 1011 2364 1066 12.
2396 1011 2649 1066 Ostendit
2676 1011 2836 1083 igitur
2865 1013 3008 1082 quod
3039 1013 3282 1069 divinum
3313 1022 3394 1070 est
3424 1013 3676 1070 homines
3703 1014 3793 1071 do-

2202 1119 2328 1160 cere
2355 1119 2460 1160 non
2491 1120 2652 1176 posse
2682 1123 2701 1160 :
2728 1116 2783 1162 et
2809 1105 2933 1162 ideo
2962 1107 3052 1178 qui
3077 1108 3275 1163 docere
3297 1118 3633 1177 przesumunt
3653 1150 3667 1173 ,
3706 1124 3796 1164 ne-

2203 1199 2416 1264 sciunt;
2447 1197 2543 1255 sed
2574 1200 2820 1270 agnoscit
2845 1198 3148 1270 discipulus
3173 1200 3266 1270 qui
3289 1199 3535 1256 docetur.
3558 1197 3585 1238 ά
3606 1200 3666 1256 1η
3695 1217 3794 1270 quo

2205 1298 2402 1360 praeter
2421 1290 2622 1345 donum
2645 1291 2886 1346 scientiae
2907 1291 3050 1360 quod
3079 1291 3147 1347 de
3173 1291 3377 1362 Spiritu
3405 1302 3594 1348 sancto
3627 1292 3797 1348 fuerat

2203 1393 2530 1440 consecutus
2564 1402 2577 1437 ε
2610 1386 2836 1440 moralis
2871 1400 3086 1456 quoque
3116 1386 3298 1441 suavis
3332 1387 3481 1442 locus
3517 1395 3623 1448 est.
3655 1386 3795 1457 quod

2203 1477 2355 1532 multi
2381 1477 2642 1534 docentes
2667 1488 2792 1534 sunt
2819 1481 2909 1550 qui
2937 1480 3080 1549 quod
3111 1495 3219 1536 non
3247 1480 3569 1551 intelligunt,
3599 1479 3798 1537 docere

2202 1582 2261 1622 se
2310 1567 2493 1625 dicunt
2540 1589 2553 1625 :
2595 1580 2649 1624 et
2687 1569 2902 1639 plurimi
2939 1581 3065 1626 sunt
3090 1571 3343 1642 discipuli
3373 1572 3463 1642 qui
3493 1571 3798 1629 studiosuo

2203 1673 2564 1734 assequuntur
2602 1673 2656 1718 et
2683 1663 2951 1720 industria
2986 1664 3131 1736 quod
3161 1680 3267 1721 non
3297 1664 3606 1722 didicerunt
3631 1682 3662 1722 a
3693 1682 3799 1722 ma-

2202 1757 2408 1827 gistris.
2440 1758 2682 1827 Denique
2721 1767 2849 1814 ante
2878 1773 2976 1814 nos
3007 1759 3228 1829 quidam
3256 1759 3522 1816 interesse
3553 1759 3685 1816 dixit
3722 1761 3798 1816 itt-

499 1854 534 1911 9
564 1864 612 1911 et
648 1852 771 1919 ιο);
810 1850 1025 1925 1134
1065 1850 1215 1906 videt
1251 1850 1395 1906 enim
1425 1847 1654 1919 gratiam
1687 1846 1842 1902 lucis.
1877 1846 1982 1914 Qui
2009 1861 2105 1900 au-
2134 1845 2179 1905 B
2209 1858 2292 1905 ter
2317 1848 2576 1906 docentes
2612 1859 2773 1921 atque
2808 1849 3094 1918 doctores;
3120 1850 3351 1907 fortasse
3380 1851 3480 1908 hoc
3509 1852 3802 1907 arbitratus

502 1962 612 2009 tem
663 1948 907 2006 ambulat
953 1947 1009 2002 in
1048 1945 1284 2003 tenebris
1309 1987 1325 2013 ,
1367 1943 1648 2015 scopulum
1679 1941 1994 1999 offensionis
2021 1939 2104 1995 in-

497 2043 688 2100 currit.

575 2135 663 2193 10.
690 2136 870 2206 (Vers.
895 2133 1012 2204 99.)
1038 2132 1298 2204 Seqnitur
1328 2147 1341 2185 :
1369 2130 1543 2200 Super
1569 2145 1745 2185 omnes
1767 2129 2004 2183 docentes
2025 2141 2106 2180 me

499 2227 768 2294 intellexi;
792 2226 918 2296 quia
954 2223 1249 2280 testimonia
1278 2231 1369 2276 tua
1395 2221 1666 2275 meditatio
1697 2235 1812 2275 mea
1841 2227 1937 2273 est.
1971 2217 2107 2272 Doc-

502 2322 700 2377 trinam
728 2317 1051 2390 profitentur
1076 2315 1270 2373 scribze
1298 2313 1648 2386 Iudaeorum;
1679 2311 1806 2382 quia
1829 2310 2025 2380 Legem
2053 2317 2107 2363 et

506 2413 803 2485 prophetas
849 2410 951 2482 ipsi
995 2408 1204 2480 priores
1242 2407 1443 2463 habere
1485 2413 1818 2461 meruerunt.
1871 2401 1980 2458 Sed
2028 2400 2107 2456 illi

503 2507 830 2580 profitentur
855 2503 1080 2567 docere,
1107 2501 1203 2558 sed
1233 2517 1341 2556 non
1370 2499 1591 2554 docent.
1618 2496 1683 2553 Ei
1706 2504 1884 2552 autem
1908 2495 2107 2566 populo

501 2599 596 2674 qui
632 2615 697 2658 ex
719 2599 975 2669 gentibus
1001 2594 1257 2662 credidit,
1277 2594 1542 2663 competit
1557 2589 1742 2646 dicere
1765 2608 1778 2643 :
1805 2589 1978 2660 Super
1999 2603 2106 2642 om-

501 2711 592 2751 nes
623 2697 861 2749 docentes
887 2708 966 2746 me
1002 2688 1274 2754 intellexi;
1303 2686 1428 2759 quia
1453 2685 1530 2742 illi
1562 2700 1672 2741 non
1697 2683 2106 2739 intellexerunt.

501 2787 820 2858 Respondet
844 2784 1064 2841 Judazus
1097 2800 1110 2837 :
1137 2782 1294 2839 Unde
1327 2779 1566 2836 habuisti
1595 2778 1927 2851 intelligere?
1957 2775 2108 2833 Scri-

504 2888 656 2951 ptum
684 2886 769 2933 est
791 2893 807 2932 :
832 2875 1106 2948 Interroga
1131 2884 1326 2941 patrem
1359 2883 1528 2940 tuum,
1556 2880 1604 2926 et
1627 2869 1954 2925 auuuutiabit
1979 2867 2068 2922 tibi
2091 2881 2110 2921 :

507 2971 755 3036 seniores,
789 2979 836 3024 et
873 2967 1044 3021 dicent
1083 2965 1174 3020 tibi
1208 2963 1386 3036 (Deut.
1420 2979 1594 3030 χχχιι,
1615 2962 1693 3034 7).
1727 2961 1842 3032 Ego
1869 2976 1986 3016 sum
2009 2959 2110 3015 Pa-

507 3073 592 3120 ter
641 3071 767 3117 tuus
789 3101 806 3128 ,
838 3073 926 3115 me
967 3059 1261 3128 interroga.
1295 3055 1404 3111 Sed
1432 3056 1525 3110 etsi
1551 3056 1964 3125 interrogauero,
2009 3068 2110 3106 non

503 3151 878 3225 respondebitis
922 3148 1052 3203 mihi
1073 3188 1088 3212 ,
1120 3145 1259 3201 dixit
1280 3145 1440 3201 Jesus
1467 3142 1621 3216 (Luc.
1654 3159 1797 3210 xxn,
1824 3141 1918 3214 68)
1953 3159 1966 3196 :
2004 3153 2027 3180 ο
2057 3151 2111 3197 et

2205 1944 2330 2012 quia
2374 1942 2627 1999 doctores
2671 1954 2798 1999 sunt
2844 1944 3076 2000 aliorum
3115 1944 3316 2015 judicio
3357 1944 3424 2000 ad
3467 1943 3570 2001 hoc
3609 1960 3802 2002 munus

2135 2051 2143 2060 '
2205 2035 2366 2091 electi
2398 2052 2412 2090 :
2446 2035 2705 2092 docentes
2733 2045 2913 2092 autem
2943 2037 3034 2108 qui
3063 2037 3282 2108 propria
3312 2037 3663 2109 usurpatione
3709 2038 3804 2094 hoc

2205 2128 2309 2184 sibi
2351 2144 2548 2184 munus
2584 2131 2998 2200 assumpserint.
3031 2130 3135 2186 Sed
3161 2129 3358 2186 cedant
3395 2145 3621 2187 necesse
3647 2141 3732 2187 est
3761 2131 3803 2186 ei

2205 2222 2461 2278 doctores
2507 2238 2722 2294 quoque
2744 2267 2759 2290 ,
2787 2239 2945 2294 quem
2979 2225 3412 2280 testimoniorum
3455 2224 3807 2282 meditatione

2207 2313 2508 2370 cteleStium
2539 2315 2790 2371 doctrina
2817 2315 2915 2370 Dei
2943 2317 3188 2372 docentis
3215 2314 3490 2372 imbuerit.

2282 2408 2370 2464 15.
2397 2407 2578 2480 (Vers.
2609 2408 2760 2480 100.)
2790 2409 3045 2481 Sequitur
3070 2429 3084 2466 :
3111 2410 3282 2483 Super
3303 2412 3530 2468 seniores
3551 2411 3803 2478 intellexi;

2209 2503 2333 2572 quia
2360 2513 2620 2575 praecepta
2643 2512 2732 2557 tua
2760 2505 3029 2575 exquisivi.
3063 2505 3174 2562 Nec
3196 2505 3299 2561 hoc
3327 2505 3545 2576 quidem
3567 2505 3808 2573 difficile,

2210 2604 2268 2650 ut
2307 2595 2353 2650 is
2383 2611 2542 2666 quem
2582 2596 2842 2651 Dominus
2883 2596 3154 2665 docuerit,
3183 2613 3345 2668 super
3380 2599 3630 2655 seniores
3661 2599 3810 2656 intel-

2179 2686 2377 2760 ligat;
2415 2697 2438 2725 θ
2469 2687 2739 2758 siquidem
2780 2689 2879 2745 Dei
2911 2691 3084 2761 gratia
3115 2690 3180 2746 ad
3229 2690 3531 2746 doctrinam
3563 2700 3623 2748 et
3646 2703 3813 2748 matu-

2212 2779 2428 2836 ritatem
2490 2782 2700 2856 1135
2753 2782 2928 2839 aetatis
2995 2784 3370 2855 progrediatur
3414 2787 3628 2842 senilis.
3684 2787 3811 2843 Cum

2211 2871 2356 2928 enim
2386 2880 2520 2928 mtas
2544 2875 2843 2929 senectutis
2871 2874 2976 2929 vita
3005 2876 3353 2932 immaculata
3371 2877 3464 2942 sit,
3489 2879 3684 2949 utique
3703 2878 3815 2934 doc-

2213 2965 2351 3019 trina
2384 2966 2890 3022 vitteimmaculata:
2912 2969 3142 3026 senilem
3172 2979 3393 3040 praestat
3415 2979 3633 3027 mtatem
3663 2972 3810 3044 (ευρ.

2214 3074 2299 3125 tv,
2349 3057 2462 3130 l9).
2496 3059 2738 3129 Denique
2775 3063 3056 3118 excusanti
3088 3062 3392 3118 Hieremiae
3431 3064 3576 3132 quod
3602 3064 3817 3136 juvenis

2213 3159 2394 3219 esset,
2427 3166 2747 3223 responsum
2778 3163 2900 3210 est:
2939 3153 3070 3210 Noli
3103 3156 3297 3212 dicere:
3315 3158 3522 3228 juvenis
3551 3175 3670 3213 sum
3703 3158 3815 3230 (Je-

505 3262 574 3303 ex
605 3244 702 3302 illo
733 3241 1068 3315 respondere
1092 3255 1202 3295 non
1230 3244 1488 3310 possunt,
1511 3244 1568 3294 et
1588 3253 1656 3292 ex
1683 3235 1777 3291 illo
1804 3249 1967 3305 supra
1991 3233 2104 3289 illos

2217 3259 2344 3298 rem.
2391 3259 2441 3309 ι,
2472 3245 2559 3315 7);
2586 3260 2652 3300 eo
2679 3247 2821 3316 quod
2860 3263 2968 3303 non
2995 3249 3358 3305 aestimaretur
3380 3250 3601 3321 juvenis
3624 3251 3818 3308 delini-

508 3339 753 3409 intelligo
793 3338 885 3409 qui
927 3351 1034 3392 non
1085 3332 1487 3403 intelligebam;
1516 3332 1640 3402 quia
1683 3330 1990 3386 testimonia
2031 3328 2113 3384 di-

507 3432 638 3498 dici,
667 3443 789 3503 quae
814 3431 907 3486 ille
925 3445 1034 3484 non
1059 3428 1232 3484 novit.
1266 3424 1440 3481 Didici
1469 3442 1483 3480 :
1516 3423 1618 3491 Qui
1637 3423 1866 3495 sequitur
1881 3438 1982 3476 me.
2016 3463 2028 3475 .
2056 3461 2070 3476 .
2095 3462 2107 3476 .

509 3527 662 3583 tollat
690 3541 898 3580 crucem
927 3539 1079 3579 suam
1107 3521 1326 3594 (Matth.
1357 3535 1470 3583 xvi,
1501 3518 1618 3592 24).
1655 3517 1830 3574 Didici
1860 3535 1872 3571 ε
1907 3515 2112 3588 Diligite

510 3620 746 3693 inimicos
792 3627 989 3673 vestros
1036 3613 1255 3689 (Matth.
1304 3627 1356 3680 v,
1405 3610 1521 3684 44).
1559 3613 1624 3667 Et
1660 3611 1784 3669 ideo
1808 3618 1961 3682 optat
1985 3625 2110 3665 ana-

511 3712 694 3768 thema
737 3725 860 3767 esse
907 3707 1109 3766 Paulus
1165 3721 1262 3778 pro
1310 3704 1571 3762 fratribus
1605 3720 1834 3778 genere,
1878 3703 2111 3759 inimicis

511 3807 614 3863 fide
641 3804 822 3880 (Rom.
853 3819 938 3872 ιι,
969 3802 1004 3858 5
1030 3800 1072 3874 ).

580 3901 670 3958 11.
709 3897 1000 3956 Viderctur
1035 3895 1431 3952 inconveniens
1455 3907 1580 3950 esse
1618 3891 1962 3950 verecundia:
1988 3905 2112 3962 pro-

510 3993 714 4075 phetali
744 3989 1053 4064 huiusmodi
1083 3987 1396 4060 usurpatio;
1422 4001 1489 4044 eo
1519 3985 1662 4056 quod
1703 3985 2112 4056 praesumpserit

507 4087 692 4144 dicere
720 4083 863 4156 quod
890 4098 1057 4154 super
1081 4096 1272 4139 omnes
1301 4079 1564 4136 docentes
1592 4077 1956 4146 intellexerit,
1985 4091 2106 4132 cum

509 4179 599 4234 vel
644 4178 844 4247 Legem
885 4176 1102 4245 Moyses
1149 4171 1420 4244 acceperit
1456 4185 1487 4225 a
1531 4170 1793 4238 Domino,
1821 4179 1874 4225 et
1914 4169 2110 4240 populo

511 4271 630 4340 eius
673 4267 917 4324 instituta
963 4262 1245 4320 tradiderit
1276 4260 1474 4334 (Exod.
1503 4276 1614 4329 XIX,
1659 4261 1716 4334 7)
1735 4302 1748 4325 ,
1778 4262 1958 4317 Aaron
1980 4303 1994 4326 ,
2023 4277 2111 4315 sa-

513 4360 844 4420 crificiorum
893 4357 1135 4414 omnium
1164 4354 1398 4410 decurso
1425 4353 1531 4408 ritu
1555 4394 1571 4420 ,
1603 4353 1994 4409 sacerdotalem
2021 4353 2110 4408 do-

512 4454 692 4513 cuerit
722 4451 1065 4520 disciplinam
1096 4446 1294 4520 (Exod.
1328 4460 1517 4512 xxvtn,
1545 4445 1600 4511 1,
1631 4445 1668 4500 2
1694 4455 1740 4499 et
1766 4446 1920 4517 seq.),
1952 4445 2110 4502 Jesus

509 4549 656 4606 Nave
680 4544 1069 4616 significaverit
1091 4537 1547 4613 quemadmodum
1570 4536 1918 4593 circumcisio
1941 4539 2109 4608 possit

2217 3335 2364 3390 tione
2414 3333 2596 3391 divina
2622 3379 2636 3403 ,
2680 3337 2773 3408 qui
2812 3353 3003 3394 canam
3036 3339 3262 3396 haberet
3293 3341 3638 3412 prudentiam
3661 3386 3678 3414 ,
3703 3360 3820 3416 qua:

2214 3427 2662 3484 sanetiiicationis
2691 3430 2932 3487 cmlestis
2961 3433 3135 3503 gratia
3162 3434 3450 3490 relueeret.

2285 3520 2376 3576 14.
2403 3521 2794 3580 Verumtamen
2815 3540 2922 3582 non
2941 3527 3072 3582 milii
3095 3528 3308 3584 videtur
3323 3544 3382 3585 se
3399 3531 3572 3602 ipsum
3595 3531 3820 3589 laudare

2213 3616 2509 3686 Propheta,
2537 3629 2592 3675 et
2624 3620 2880 3691 praeferre
2909 3623 3241 3692 senioribus,
3265 3640 3389 3681 cum
3417 3626 3616 3698 legerit
3645 3647 3659 3682 :
3698 3627 3820 3683 Non

2216 3719 2262 3763 te
2304 3719 2576 3780 praetereat
2617 3714 2850 3768 narratio
2892 3717 3202 3772 seniorum:
3237 3727 3285 3772 et
3330 3720 3433 3789 ipsi
3459 3721 3594 3774 enim
3625 3720 3822 3775 didice-

2212 3811 2334 3856 runt
2370 3820 2402 3857 a
2445 3802 2694 3859 Patribus
2738 3804 2932 3875 (Eccli.
2968 3824 3094 3878 vni,
3131 3811 3241 3880 11).
3287 3810 3422 3868 Nam
3453 3822 3508 3869 et
3534 3813 3668 3870 alibi
3689 3814 3827 3872 dixit

2213 3895 2402 3951 Sirach
2445 3897 2724 3968 Sapientia
2778 3917 2791 3953 :
2827 3899 2928 3956 Ubi
2975 3912 3096 3956 sunt
3126 3920 3270 3959 senes
3293 3946 3306 3969 ,
3353 3922 3458 3961 non
3493 3908 3724 3962 multum
3747 3909 3822 3962 lo-

2211 3989 2388 4059 quaris
2418 3988 2609 4062 (Eccli.
2644 4007 2814 4057 xxxn,
2848 3993 2964 4064 13).
2994 3995 3100 4051 Sed
3133 3997 3282 4053 novit
3309 3998 3506 4068 quibus
3531 4015 3593 4054 se
3621 3999 3825 4072 praefe-

2214 4091 2298 4139 rat
2318 4083 2646 4152 senioribus,
2683 4087 3003 4143 inveteratis
3031 4089 3240 4146 scilicet
3266 4090 3319 4146 in
3361 4101 3619 4162 peccato,
3649 4103 3709 4149 ct
3732 4109 3825 4149 ve-

2213 4183 2369 4232 terno
2417 4178 2734 4248 impietatis,
2766 4188 2930 4250 atque
2964 4182 3119 4236 senio
3159 4183 3398 4253 perﬁdia:
3425 4169 3820 4242 delirantibus.

2211 4268 2303 4323 ISIi
2357 4277 2486 4324 sunt
2526 4270 2773 4327 seniores
2815 4271 2990 4342 plebis
3031 4273 3100 4330 de
3125 4273 3320 4345 quibus
3348 4274 3549 4330 dictum
3598 4284 3694 4333 est
3733 4277 3823 4349 qui

2212 4359 2503 4416 Dominum
2531 4360 2718 4418 Jesum
2749 4363 2925 4420 Pilato
2955 4365 3176 4435 praesidi
3205 4365 3544 4423 tradiderunt
3575 4387 3590 4424 :
3621 4369 3828 4425 Conve-

2210 4464 2396 4510 uerunt
2436 4456 2579 4511 enim
2621 4457 2939 4526 sacerdotes,
2976 4469 3023 4513 et
3049 4460 3256 4527 scribae,
3291 4471 3336 4516 et
3368 4463 3628 4528 seniores,
3667 4464 3829 4520 utait

2209 4545 2422 4602 Marcus
2466 4546 2661 4620 (Marc.
2693 4564 2808 4617 xiv,
2832 4549 2950 4621 55).
2990 4550 3059 4606 Et
3084 4552 3280 4608 iterum
3315 4551 3616 4610 :Fecerunt
3650 4573 3831 4612 sacer-

510 4641 701 4700 iterari
729 4637 932 4711 (Josue,
963 4653 1018 4703 v,
1039 4636 1096 4703 2,
1128 4635 1164 4690 5
1193 4644 1240 4689 et
1262 4631 1422 4720 (αις).
1449 4630 1668 4688 Samuel
1691 4630 1965 4686 unctionis
1988 4645 2115 4701 pro-
2139 4623 2361 4704 Ddotes
2409 4641 2689 4696 concilium
2745 4659 2863 4697 cum
2911 4643 3232 4711 senioribus;
3285 4655 3341 4701 ut
3391 4662 3508 4702 eum
3555 4651 3832 4705 traderent

508 4735 744 4808 phetica:
789 4729 992 4803 pariter
1035 4743 1100 4784 ac
1148 4725 1311 4798 regite
1351 4733 1690 4780 sacramenta
1726 4723 2106 4780 monstraverit

508 4827 554 4904 (l
581 4828 710 4902 Reg.
745 4840 856 4892 xvi,
883 4823 999 4895 15).
1028 4820 1339 4887 Videretur,
1374 4818 1625 4890 inquam,
1655 4819 1950 4889 incongrua
1978 4833 2111 4888 pra:-

504 4922 764 4994 sumptio,
795 4919 897 4975 nisi
929 4915 1286 4989 praemisisset
1312 4913 1616 4984 superiora,
1650 4912 1843 4982 quibus
1874 4929 1981 4968 non
2004 4913 2105 4968 im-

506 5018 705 5076 merito
742 5030 904 5087 super
947 5013 1208 5070 docentes
1253 5009 1589 5066 intellexisse
1618 5024 1678 5064 se
1698 5011 2102 5082 comprobaret.

580 5146 606 5173 ει
637 5135 838 5191 Omnes
866 5130 996 5188 edit.
1044 5143 1109 5184 ac
1138 5141 1269 5183 mss.
1321 5126 1548 5196 aliquot.
1581 5135 1802 5196 quantus
1825 5129 2102 5183 meditatus

507 5210 561 5265 in
602 5207 756 5277 Lege.
802 5203 872 5277 Et
901 5202 1041 5258 infra
1060 5241 1086 5277 ,_
1104 5199 1378 5254 meditatur
1407 5195 1560 5277 _Legis
1594 5195 1645 5253 et
1671 5195 2104 5277 Euangeliiprw-

508 5269 727 5336 dicato}.
747 5275 856 5334 Sed
881 5289 1011 5330 mss.
1038 5274 1220 5343 plures
1237 5284 1300 5325 ac
1315 5269 1554 5340 potiores
1567 5270 1856 5341 utrobique
1876 5269 2099 5343 habent,

506 5351 798 5408 meditator.
1153 5350 1157 5354 ’

573 5421 810 5492 l“Nempe
821 5416 1158 5487 Judaei,quos
1171 5413 1262 5470 hic
1273 5411 1504 5468 subinde
1516 5411 1565 5492 vi
1574 5421 1833 5492 [sanctus
1845 5414 2097 5492 exagitat.

583 5505 606 5534 ο
633 5483 780 5550 Edii.
817 5503 1007 5546 omnes
1035 5483 1158 5541 cum
1189 5500 1320 5541 mss.
1363 5483 1670 5545 nonnullis.
1693 5495 1741 5539 et
1776 5501 1839 5541 ex
1867 5483 2102 5541 illo‘novi

506 5565 838 5634 respondere,
884 5571 944 5634 et
972 5575 1042 5634 (ea:
1065 5558 1178 5634 illo_
1198 5573 1358 5634 supra
1386 5556 1506 5612 illos
1531 5556 1763 5634 intelligo
1785 5598 1799 5622 ,
1832 5557 1970 5628 quod
1999 5575 2099 5634 non

506 5629 1026 5710 intelligebant.__Alii
1076 5629 1563 5710 majorimnumero,
1596 5637 1664 5710 ut.
1694 5629 1746 5710 in
1793 5636 1978 5688 textu:
2011 5630 2101 5686 ubi

508 5721 631 5782 pOSt
648 5699 857 5782 ﬁlicem,
880 5703 973 5782 illo
994 5744 1008 5768 ,
1041 5699 1811 5782 subintelligendutnvidetur,
1837 5711 2099 5782 tempore,

505 5769 615 5846 quo
658 5769 909 5834 Christus
939 5773 1055 5828 haec
1083 5770 1243 5826 verba
1274 5769 1476 5846 Judteis
1517 5770 1670 5826 dixit.
1716 5769 1921 5826 Rursus
1948 5769 2100 5846 'edit.

506 5843 693 5917 Rom.,
716 5861 834 5920 qua:
860 5846 939 5900 illi
966 5860 1069 5902 nou
1098 5851 1360 5899 noverant.
1384 5843 1521 5900 Aliae
1550 5857 1673 5899 cum
1701 5856 1862 5908 mss.,
1880 5857 1996 5912 qua:
2017 5843 2106 5900 ille

2211 4735 2406 4806 (Marc.
2433 4752 2527 4802 xv,
2559 4737 2633 4806 1).
2665 4736 2730 4793 Ει
2760 4737 3052 4795 adversum
3083 4741 3361 4810 apostolos
3385 4742 3438 4797 in
3471 4741 3714 4800 Actibus
3737 4761 3831 4801 eo-

2208 4844 2328 4884 rum
2346 4869 2363 4897 ,
2387 4827 2530 4898 quod
2566 4829 2814 4887 seniores
2833 4831 3000 4888 Israel
3027 4835 3414 4914 convenerint,
3434 4835 3636 4893 Petrus
3665 4854 3836 4894 sanc-

2211 4929 2318 4989 tus,
2349 4931 2406 4976 et
2422 4918 2597 4977 Lucas
2611 4921 2952 4994 Evangelista
2981 4933 3248 4982 testantur
3275 4925 3411 5001 (Act.
3427 4930 3552 4993 tv,l
3581 4941 3636 4985 et
3660 4937 3833 5003 seq.).

2209 5017 2327 5072 Non
2357 5031 2488 5088 ergo
2513 5017 2671 5073 senili
2701 5017 2980 5090 derogavit
3008 5027 3153 5076 aetati
3188 5039 3202 5076 :
3233 5021 3328 5078 sed
3356 5037 3490 5078 voce
3517 5027 3724 5096 populi
3748 5044 3838 5084 se-

2215 5149 2316 5219 ηοξ(
2341 5133 2486 5219 pauit
2516 5148 2535 5188 :
2561 5133 2702 5219 quod
2750 5133 3097 5193 referendum
3123 5137 3190 5194 ad
3217 5140 3498 5210 superiora
3527 5161 3540 5197 :
3579 5141 3840 5219 Respon-

2214 5204 2298 5259 det
2325 5203 2708 5270 .ludteus,’etc.

2283 5273 2310 5312 (ι
2337 5274 2659 5356 Superiores
2680 5277 2838 5344 edit.,
2859 5276 2934 5356 I_n_
2957 5283 3096 5356 quo?
3114 5292 3324 5356 prapter
3347 5283 3542 5339 donum
3562 5288 3836 5356 scientitc,

2211 5347 2369 5417 quod.
2401 5388 2414 5401 .
2443 5387 2455 5400 .
2486 5389 2498 5404 .
2530 5360 2850 5431 consecutus.
2877 5347 3235 5431 Moralis,'etc'.
3261 5353 3388 5431 Mss.
3412 5367 3596 5413 autem
3625 5347 3840 5431 magno

2211 5433 2505 5497 consensu,
2537 5429 2597 5475 ut
2633 5423 2683 5474 in
2715 5436 2974 5497 corpore:
3013 5426 3113 5479 nisi
3145 5425 3290 5496 quod
3324 5426 3443 5482 loco
3468 5423 3841 5497 prteriosiiio-

2213 5491 2297 5575 nis
2335 5502 2540 5575 pilai“:
2585 5491 2739 5575 pauci
2772 5491 2978 5575 legunt,
3008 5491 3227 5566 praeest;
3250 5513 3355 5551 non
3382 5491 3545 5566 male,
3568 5491 3621 5557 si
3661 5519 3842 5575 punc-

2213 5571 2324 5616 tum
2337 5562 2716 5635 _transferatur
2739 5573 2864 5635 post
2883 5562 3072 5622 vocem
3100 5562 3419 5622 consecutus.

2284 5633 2413 5713 fita
2446 5648 2576 5713 mss.
2629 5633 2798 5713 prope
2835 5636 2903 5692 ad
2931 5653 3130 5713 ttnlttn._
3155 5638 3278 5713 vet.
3309 5649 3492 5696 autem
3523 5642 3706 5713 edit.,
3749 5650 3843 5706 Si-

2210 5704 2415 5774 quidem
2457 5705 2554 5779 Dei
2597 5707 2769 5779 gratia
2815 5723 3024 5777 erogata
3062 5709 3132 5764 ad
3174 5711 3496 5779 doctrinam,
3540 5704 3844 5776 matutini-

2213 5785 2313 5850 t_em
2361 5777 2567 5850 (etatis,
2601 5777 3003 5850 supergreditur
3061 5782 3255 5837 senilis.
3308 5777 3666 5845 Rom—edit.
3710 5829 3731 5845 .
3765 5831 3784 5846 .
3828 5831 3844 5849 .

2214 5845 2466 5904 Doctrina
2516 5845 2864 5907 maturitatem
2904 5853 3073 5910 tetatis
3123 5855 3551 5929 supergrediatur
3616 5845 3846 5926 smilis;
