3948 6376
196 246 308 303 I585

194 360 327 416 nioris
359 354 688 411 iudoeibilem
737 356 830 412 Dei
883 365 1157 413 vetustum
1200 359 1352 416 illum
1399 363 1606 417 dierum
1641 362 1734 419 Ju-
1760 368 1808 424 Α

192 451 382 506 deorum
404 449 510 505 fore
554 451 808 519 p0pulum
843 451 1223 522 prophetarit,
1259 457 1346 524 qui
1376 456 1518 524 quod
1551 457 1603 510 in
1639 456 1730 526 ju-

193 553 367 599 ventute
385 557 471 595 sua
497 557 602 598 non
631 543 982 614 acquisierat,
1015 553 1070 598 et
1101 545 1152 598 in
1174 557 1457 602 senectute
1486 549 1732 604 invenire

1239 245 1306 301 IN
1345 245 1670 305 I’SALMUM
1710 246 1923 305 CXVIII
1966 245 2347 310 EXPOSITIO.

3294 264 3315 318 I
3329 265 3432 322 386

1841 371 1908 426 tis
1941 370 2234 428 incessum.
2257 371 2515 439 Prohibe,
2542 372 2784 442 inquam,
2809 376 3003 431 resiste
3027 377 3436 447 cupiditatibus,

1836 464 2039 520 obsiste
2078 465 2314 521 motibus
2356 467 2448 538 qui
2489 468 2740 522 videnlur
2775 470 3013 536 irruere,
3063 473 3202 526 sicut
3250 473 3438 529 bestia:

1835 564 1999 627 atque
2026 559 2303 626 jumenta;
2335 568 2390 614 ut
2420 570 2634 616 teneros
2666 561 2895 630 fructus,
2919 574 2974 619 et
2995 580 3133 621 nova
3164 567 3307 621 ruris
3339 567 3437 622 ltu-

189 655 272 695 non
303 637 472 706 potuit.
509 636 756 708 Namque
785 654 814 692 a
847 638 1114 709 principio
1142 640 1514 710 frequentibus
1548 643 1734 697 Domi-
1831 649 1921 719 jus
1946 652 2113 706 nostri
2137 653 2278 708 culta
2307 654 2625 724 depascanl.

189 746 288 785 nutu
327 730 650 800 exasperavit
679 730 920 786 oli‘eusis.
955 731 1123 802 Cujus
1158 733 1319 802 igitur
1347 736 1582 804 gratiam
1609 750 1731 790 eum

190 822 537 894 essetjuvenis,
562 838 672 878 non
697 833 945 893 potuerat
965 827 1218 891 emereri,
1247 824 1410 895 hujus
1440 827 1733 883 adventum

190 934 318 974 senex
353 934 447 972 non
476 918 671 972 meruit
698 933 1014 990 agnoscere,
1053 918 1254 974 donum
1288 931 1473 977 tenere
1506 939 1611 976 non
1642 937 1738 993 po-

189 1014 282 1067 tuit.
310 1022 331 1048 ε
363 1012 560 1069 Sensus
583 1021 764 1068 autem
805 1013 858 1066 in
890 1013 1124 1077 canitie.
1147 1013 1408 1069 indicium
1438 1015 1738 1072 senectutis

189 1106 229 1159 in
250 1119 383 1159 sensu
409 1112 510 1169 est,
540 1114 595 1159 et
631 1105 873 1160 veterani
908 1104 1123 1160 consilii
1163 1107 1393 1162 scientia
1429 1108 1738 1164 intellectus

189 1201 460 1266 maturitate,
489 1214 595 1253 non
625 1200 749 1254 vita:
776 1200 1123 1270 longaavitate
1154 1200 1461 1270 prmfertur.

240 1295 308 1348 I5.
340 1292 687 1362 Exquiramus
724 1307 854 1362 ergo
901 1292 1150 1348 mandata
1194 1293 1328 1358 Dei;
1363 1303 1420 1348 ιιι
1445 1309 1608 1364 super
1652 1310 1739 1349 se-

187 1386 330 1441 niores
363 1384 759 1454 intelligamus.
806 1383 1099 1455 Fugiamus
1142 1385 1282 1440 viam
1317 1387 1576 1441 lubricam
1610 1403 1738 1457 pee-

183 1490 415 1545 ratorum;
445 1489 506 1535 ut
551 1481 824 1547 possimus
869 1485 1144 1549 pracepta
1174 1479 1450 1536 custodire
1474 1481 1739 1536 caelestia.

185 1573 271 1629 Iloc
293 1575 420 1629 enim
449 1573 731 1628 declarant
768 1573 1075 1644 sequentia.
1106 1572 1280 1642 Super
1305 1573 1555 1629 seniores
1580 1573 1743 1628 intel-

183 1667 460 1723 lexitlacob
496 1666 687 1737 junior
731 1665 940 1732 frater;
991 1667 1116 1736 quia
1169 1682 1293 1722 cum
1347 1667 1531 1722 senior
1577 1667 1743 1722 frater

184 1761 294 1816 Esau
321 1760 727 1831 prterogativam
749 1758 850 1814 sibi
880 1759 1276 1815 benedictionis
1307 1761 1588 1832 privilegio
1610 1769 1740 1816 (Ptﬂ-
1767 1755 1816 1814 Β

182 1853 234 1908 tis
267 1851 519 1922 exposcit,
575 1853 798 1922 reliquit
827 1852 1020 1922 epulas
1061 1853 1333 1917 mitiores,
1373 1853 1500 1909 dum
1547 1854 1744 1924 quaerit

182 1954 381 2016 agrestes
402 1943 564 2015 (Gen.
593 1960 731 2005 xxv,
757 1943 872 2014 '52).
898 1943 1154 2000 Profecto
1177 1944 1272 2000 illo
1296 1947 1346 1999 in
1371 1946 1738 2009 venationem,

177 2038 322 2107 jttnior
358 2037 522 2093 frater
555 2039 877 2092 vestimenta
899 2036 1016 2106 ejus
1043 2036 1287 2108 accepit,
1316 2046 1372 2091 et
1401 2037 1532 2092 mihi
1579 2039 1745 2092 tradi-

179 2133 241 2187 dit
273 2133 455 2204 populo
498 2132 822 2198 nationum,
864 2140 1112 2186 materno
1145 2147 1278 2187 usus
1313 2132 1542 2186 consilio
1583 2130 1739 2202 (Gen.

178 2243 318 2293 χχιιι,
340 2228 402 2282 I5
425 2235 471 2281 et
497 2227 659 2297 seq.).
698 2224 850 2280 Illam
899 2239 1030 2296 ergo
1055 2225 1337 2294 sapientiae
1364 2225 1559 2278 stolam
1582 2239 1742 2295 quam

180 2317 330 2374 habuit
352 2328 504 2373 antea
533 2318 772 2388 populus
798 2315 1136 2382 Judmorum,
1163 2316 1337 2371 induit
1366 2331 1452 2372 me
1475 2316 1743 2372 Rebecca.

179 2409 304 2466 Stola
341 2409 452 2480 ejus
495 2410 647 2465 bona
677 2409 786 2464 Lex
817 2417 872 2464 et
903 2409 1202 2478 prophetae.
1231 2407 1343 2462 Hac
1369 2408 1507 2463 stola
1531 2408 1624 2462 ille
1653 2422 1749 2478 po-

179 2504 312 2572 pulus
331 2513 404 2559 est
427 2504 694 2568 nudatus,
728 2517 828 2557 nos
855 2501 1028 2557 induti
1055 2515 1265 2556 sumus.
1297 2501 1476 2556 Induit
1506 2516 1606 2556 nos
1636 2516 1749 2554 ma-

177 2606 246 2652 ter
283 2596 359 2652 illa
408 2596 778 2662 Hierusalem,
825 2610 946 2666 quae
990 2594 1045 2649 in
1095 2595 1236 2650 caelo
1274 2602 1378 2649 est.
1425 2593 1750 2650 Accedimus

176 2707 286 2764 ergo
318 2697 378 2750 ad
404 2695 651 2762 Patrem,
683 2694 967 2751 offerimus
1010 2694 1088 2748 illi
1119 2693 1309 2764 epulas
1347 2693 1622 2757 mitiores,
1657 2703 1749 2759 pa-

176 2779 347 2844 tientia:
388 2791 540 2848 cibos
567 2835 581 2857 ,
637 2788 1031 2846 misericordiae
1077 2789 1358 2844 lenitatem
1383 2829 1398 2851 ,
1441 2785 1752 2842 intellectus

177 2882 484 2940 suavitatem.
540 2883 770 2954 Accipio
820 2881 1289 2949 benedictionem,
1321 2879 1577 2950 praeripio
1597 2877 1751 2932 fratri

176 2976 347 3031 seniori
375 2978 608 3047 gratiam
630 2975 954 3047 spiritalem.
977 2975 1138 3032 Venit
1167 2974 1280 3041 ille,
1313 2973 1572 3028 irascitur
1597 2988 1610 3025 :
1641 2985 1750 3026 non

177 3066 349 3122 invenit
390 3069 535 3139 quod
586 3069 841 3140 accipiat.
899 3067 1078 3125 Mater
1127 3067 1388 3132 occurrit,
1439 3073 1494 3121 et
1535 3066 1625 3135 pio
1653 3079 1752 3120 nos

178 3159 360 3218 hortatu
398 3164 681 3219 informat.
733 3161 955 3220 Residet
988 3176 1156 3234 penes
1183 3175 1270 3217 me
1297 3159 1438 3216 stola
1464 3158 1556 3214 illa
1590 3158 1750 3215 bonis
1775 3140 1822 3205 (ἶ

176 3255 351 3314 intexta
373 3259 666 3315 mandatis.

232 3350 308 3406 16.
334 3351 512 3423 (Vere.
546 3350 704 3422 IOI.)
737 3349 813 3404 Ab
846 3349 1008 3414 omni,
1037 3348 1232 3418 inquit,
1262 3347 1346 3402 uia
1373 3347 1609 3420 maligna
1629 3360 1749 3415 pro-

178 3441 296 3496 Ιιὶὑυὶ
333 3445 484 3514 pedes
535 3457 724 3506 meos;
771 3441 984 3514 1136
1027 3449 1082 3494 ut
1111 3440 1404 3494 custodiam
1443 3438 1593 3493 verba
1644 3447 1750 3492 tua.

179 3532 295 3591 Vere
313 3536 503 3607 dignus
527 3537 624 3608 qui
652 3551 818 3605 super
847 3536 1101 3590 seniores
1123 3533 1482 3604 intelligeret;
1510 3531 1755 3602 quando-

176 3629 363 3698 quidem
393 3631 594 3687 divino
618 3639 704 3687 est
728 3629 1031 3685 honoratus
1056 3626 1270 3697 spiritu,
1306 3637 1361 3680 ut
1391 3627 1631 3683 seniores
1659 3625 1758 3681 do-

175 3733 305 3780 ceret
346 3741 450 3782 non
497 3725 684 3782 solum
727 3721 1038 3778 intellectus
1061 3721 1370 3785 veritatem,
1397 3717 1755 3774 verumetiam

174 3819 353 3883 peccati
378 3819 590 3890 fugam,
611 3817 897 3886 culpaeque
917 3814 1208 3870 cautelam.
1233 3813 1421 3882 Itaque
1441 3827 1564 3868 cum
1593 3811 1756 3881 fragi-

176 3905 280 3964 litas
317 3910 550 3967 humana
591 3924 764 3982 prona
793 3908 890 3973 sit,
927 3916 984 3962 ut
1009 3907 1075 3961 ad
1105 3907 1272 3961 intum
1313 3905 1630 3968 all'ectibus,
1655 3903 1683 3942 ι)
1705 3911 1763 3959 et

175 4015 406 4061 currente
444 4003 687 4074 vestigio
728 4002 936 4058 feratur
973 4001 1027 4055 in
1057 3997 1271 4061 vitium,
1314 3997 1473 4053 docet
1500 3995 1762 4067 quemad-

175 4097 365 4154 modum
385 4100 488 4154 viae
509 4098 674 4153 istius
699 4096 967 4150 lubricum
987 4102 1043 4148 et
1064 4093 1277 4147 itineris
1295 4090 1455 4160 hujus
1478 4090 1758 4145 anfractus

175 4193 391 4250 viantem
427 4193 725 4263 implicare
756 4205 865 4245 non
891 4186 1082 4258 possit.
1118 4185 1371 4240 Prohibui
1393 4227 1407 4249 ,
1433 4183 1639 4254 inquit,
1674 4199 1763 4254 pe-

176 4283 256 4338 des
273 4301 402 4340 meos
429 4302 464 4340 α
485 4283 724 4356 maligna
749 4283 854 4348 via,
878 4279 982 4334 hoc
1011 4287 1117 4344 est,
1141 4278 1209 4333 ab
1229 4277 1384 4333 istius
1405 4275 1592 4333 saeculi
1614 4275 1762 4330 vani-

176 4383 303 4440 tate;
327 4380 447 4446 quia
473 4377 743 4433 sarculum
777 4377 830 4429 in
863 4373 1102 4442 maligno
1126 4372 1358 4442 positum
1392 4378 1497 4426 est.
1531 4369 1762 4424 Dubium

175 4469 412 4544 quidquid
464 4483 548 4528 est
579 4513 593 4537 ,
646 4480 696 4525 et
727 4466 981 4538 ancipitis
1007 4476 1028 4505 ο
1054 4464 1312 4529 effectus,
1340 4463 1441 4518 hoc
1467 4463 1760 4534 malignum

173 4573 279 4628 est;
311 4573 366 4617 ut
392 4564 484 4618 lux
513 4561 703 4626 dubia,
731 4560 963 4628 maligna
992 4555 1192 4612 dicitur
1220 4573 1233 4609 :
1264 4555 1334 4609 ita
1360 4554 1653 4625 malignum
1682 4561 1767 4609 est

1911 744 1998 798 I7.
2046 743 2297 800 Pro/tibui
2314 789 2328 814 ,
2361 748 2556 819 inquit,
2583 749 2736 820 pedes
2774 767 2932 805 meos.
2961 750 3077 806 Non
3105 753 3291 823 utique
3319 767 3441 809 cor-

1837 836 1985 905 poris
2029 837 2196 907 pedes
2244 841 2562 910 prohibent,
2607 842 2696 912 qui
2737 844 2934 898 mentis
2982 846 3082 914 pim
3122 845 3444 915 plerumque

1838 927 2216 999 obsequuntur
2256 931 2504 987 arbitrio.
2531 933 2716 1004 Neque
2744 938 2888 989 enim
2909 936 3252 1014 prohibendi
3280 947 3444 1003 sunt,

1839 1035 1960 1075 cum
2008 1022 2275 1090 prodrunl
2323 1024 2388 1078 ad
2439 1026 2532 1081 Dei
2576 1029 2855 1096 templum,
2889 1030 3064 1083 vitium
3097 1045 3254 1102 opem
3301 1032 3445 1087 ferre

1841 1113 2118 1180 festinant,
2171 1116 2394 1187 impium
2441 1119 2771 1187 prmvenire,
2816 1122 3166 1191 supplantare
3207 1123 3440 1192 aliquem

1843 1203 2268 1262 fraudulentum.
2317 1209 2470 1264 Alius
2519 1209 2680 1280 igitur
2719 1219 2802 1265 est
2832 1228 2928 1282 pes
2968 1212 3058 1282 qui
3096 1213 3218 1282 jure
3263 1215 3446 1284 prohi-

1843 1298 2020 1353 betur.
2073 1300 2205 1364 Quis
2247 1299 2341 1356 ille
2366 1303 2459 1368 sit,
2486 1302 2603 1372 ipse
2630 1304 2899 1374 Propheta
2930 1321 3028 1360 nos
3053 1305 3247 1361 doceat
3274 1325 3286 1361 :
3322 1308 3445 1362 Non

1843 1391 2043 1459 veniat,
2077 1393 2278 1463 inquit,
2327 1395 2454 1448 mihi
2501 1413 2588 1466 pes
2616 1397 3070 1469 superbia:(Psal.
3114 1416 3283 1463 xxxv,
3329 1401 3443 1470 I2).

1846 1482 1946 1540 ESt
1989 1485 2152 1540 etiam
2204 1502 2299 1556 pes
2325 1487 2655 1557 iniquitatis,
2684 1492 2774 1562 qui
2814 1493 2921 1546 cito
2953 1493 3173 1555 labitur,
3216 1503 3271 1548 et
3301 1508 3448 1550 stare

1846 1592 1951 1630 non
1977 1588 2175 1647 potest,
2205 1581 2346 1634 sicut
2376 1596 2470 1650 pes
2495 1583 2826 1651 perlidorum
2853 1594 2958 1648 est,
2992 1585 3060 1640 de
3090 1585 3287 1654 quibus
3313 1588 3450 1642 scri-

1846 1677 1994 1738 ptum
2025 1681 2110 1725 est
2135 1689 2147 1722 :
2191 1670 2279 1725 lbi
2305 1674 2597 1728 ceciderunt
2639 1691 2814 1730 omnes
2845 1678 2930 1743 qui
2961 1689 3239 1749 operantur
3260 1679 3449 1750 iniqui-

1845 1772 2033 1829 tatem,
2081 1766 2284 1834 expulsi
2321 1777 2461 1833 sunt,
2518 1785 2607 1822 nrt:
2636 1781 2912 1840 potuerunt
2947 1781 3081 1826 stare
3111 1771 3302 1842 (Ibid.,
3339 1773 3446 1843 I3).

1847 1855 2082 1912 Prohibe
2118 1873 2250 1929 ergo
2293 1860 2458 1929 pedes
2490 1870 2644 1928 tuos,
2686 1879 2757 1918 ne
2785 1865 2971 1932 cadas;
3011 1876 3136 1920 sunt
3165 1867 3309 1922 enim
3341 1883 3447 1922 non

1847 1951 2020 2006 solum
2049 1953 2356 2014 criminum,
2389 1954 2482 2010 sed
2517 1957 2678 2011 etiam
2712 1959 3039 2014 infirmitatis
3065 1961 3254 2030 pedes.
3279 1961 3348 2017 Et
3374 1962 3455 2014 vi-

1848 2045 2087 2102 dendum
2129 2063 2196 2103 ne
2253 2047 2433 2104 cadas.
2485 2048 2555 2104 Et
2603 2050 2838 2107 videaris
2883 2053 2975 2108 tibi
3027 2053 3251 2110 forsitan
3315 2055 3455 2110 bene

1849 2149 1996 2194 stare
2028 2157 2040 2193 :
2083 2140 2176 2196 sed
2209 2139 2342 2196 dicit
2382 2141 2478 2197 tibi
2508 2142 2708 2198 Paulus
2742 2163 2756 2200 :
2781 2146 2846 2199 Et
2875 2155 2930 2200 ttt
2955 2146 3043 2216 qui
3067 2155 3181 2202 stas
3202 2188 3217 2213 ,
3243 2147 3364 2203 vide
3385 2163 3452 2202 ne

1847 2231 2011 2288 cadas
2054 2232 2098 2306 (I
2124 2230 2245 2288 Cor.
2276 2250 2333 2301 κ,
2369 2233 2480 2306 I2).
2518 2235 2813 2306 Diligenter
2837 2240 3059 2293 attende
3093 2240 3234 2294 viam
3275 2249 3445 2306 tuam,

1851 2335 1910 2379 ut
1938 2324 2126 2380 audias
2153 2343 2166 2380 :
2201 2325 2279 2380 Tu
2300 2336 2473 2380 autem
2500 2327 2583 2381 hic
2608 2338 2685 2382 sta
2713 2346 2928 2383 mecum.
2961 2331 3124 2387 Stans
3153 2332 3296 2386 enim
3330 2347 3451 2387 cum

1852 2415 1994 2482 Deo,
2023 2417 2235 2487 lapsum
2262 2419 2455 2474 timere
2477 2435 2584 2475 non
2618 2421 2842 2490 poteris.
2887 2421 3051 2477 Stans
3071 2439 3193 2477 cum
3225 2424 3335 2477 Deo
3365 2439 3458 2493 po-

1853 2511 1982 2564 teris
2011 2509 2193 2566 dicere
2227 2529 2240 2563 :
2269 2510 2438 2566 Eruit.
2471 2552 2483 2564 .
2513 2548 2528 2563 .
2557 2551 2571 2565 .
2603 2514 2758 2583 pedes
2799 2531 2934 2568 nteos
2954 2532 2985 2568 a
3009 2516 3159 2586 lapsu
3177 2515 3364 2586 (Deut.
3401 2532 3456 2578 v,

1852 2600 1947 2673 51)
1975 2621 1988 2658 :
2026 2603 2122 2659 sed
2165 2604 2237 2658 ita
2268 2604 2412 2658 eruit
2447 2604 2707 2659 Dominus
2739 2605 2905 2674 pedes
2951 2615 3072 2661 tuos
3101 2607 3170 2660 ab
3200 2607 3346 2661 omni
3377 2607 3456 2659 la-

1853 2710 1976 2767 psu,
2025 2697 2068 2752 si
2112 2698 2432 2768 cognoverit
2477 2699 2622 2768 quod
2666 2708 2722 2753 tu
2761 2699 3052 2770 prohibeas
3094 2701 3258 2770 pedes
3287 2711 3408 2756 tuos
3428 2719 3455 2754 ει

1854 2789 2030 2860 lapsu.
2069 2787 2194 2845 Ideo
2219 2790 2320 2845 hoc
2347 2791 2545 2845 meruit
2585 2791 2776 2858 David,
2806 2801 2863 2846 ut
2895 2793 3036 2847 Deus
3064 2807 3091 2846 a
3116 2793 3270 2863 lapsu
3295 2794 3459 2862 pedes

1855 2882 1973 2953 ejus
2009 2893 2257 2947 erueret;
2301 2883 2556 2955 quoniam
2591 2883 2753 2954 pedes
2795 2899 2924 2939 suos
2964 2884 3080 2955 ipse
3112 2885 3455 2955 prohibebat,

1856 2992 1927 3032 ne
1973 2979 2234 3048 praecipiti
2285 2988 2447 3048 atque
2495 2978 2711 3033 incauto
2759 2987 3108 3049 peccatorum
3143 2980 3460 3035 laberentur

1854 3069 2087 3140 vestigio
2115 3087 2126 3122 :
2167 3069 2310 3124 unde
2331 3078 2385 3124 et
2411 3071 2588 3140 potuit
2610 3070 2775 3126 verba
2801 3071 3082 3126 custodire
3105 3071 3308 3126 divina.
3338 3071 3456 3127 Non

1853 3160 1997 3217 enim
2029 3162 2307 3218 custodire
2332 3163 2454 3233 quis
2480 3163 2699 3234 poterit,
2721 3163 2826 3218 nisi
2853 3165 3088 3234 potuerit
3117 3166 3265 3233 prius
3289 3174 3455 3220 stare.

1853 3254 1989 3310 Cum
2017 3265 2194 3310 autem
2221 3255 2560 3322 custodierit,
2591 3256 2690 3326 ipsi
2720 3255 2911 3325 incipit
2935 3255 3027 3310 Dei
3054 3254 3288 3311 Verbum
3316 3256 3460 3311 ferre

1855 3349 2178 3403 custodiam.
2215 3348 2526 3404 Prohibitos
2549 3349 2716 3420 pedes
2747 3365 2876 3403 suos
2899 3365 2926 3402 ιι
2953 3349 3034 3402 via
3061 3349 3298 3420 maligna
3320 3350 3461 3406 bene

1856 3441 2007 3507 dicit,
2031 3442 2123 3511 qui
2150 3441 2423 3496 Christum
2456 3442 2597 3495 viam
2619 3455 2742 3496 esse
2768 3443 2934 3496 novit.

1933 3533 2018 3588 18.
2056 3535 2233 3608 (Vers.
2269 3535 2420 3608 102.)
2458 3535 2501 3588 A
2519 3535 2735 3608 judiciis
2763 3536 2864 3589 tuis
2887 3551 2990 3589 non
3016 3535 3308 3602 declinavi;
3337 3553 3463 3607 quo-

1857 3625 2000 3680 niam
2042 3635 2095 3680 tu
2148 3625 2308 3698 legem
2335 3627 2553 3696 posuisti
2590 3628 2736 3680 milii.
2780 3627 3047 3698 Exposuit
3091 3628 3216 3698 quid
3259 3638 3404 3683 esset
3434 3646 3465 3682 a

1858 3722 1942 3776 via
1973 3722 2205 3791 maligna
2237 3721 2533 3792 prohibere
2571 3720 2798 3789 pedem;
2847 3735 2874 3774 a
2903 3720 3122 3788 judiciis
3145 3721 3327 3788 utique
3358 3734 3465 3774 non

1860 3815 2137 3871 declinare
2160 3813 2387 3879 divinis,
2420 3822 2476 3868 et
2506 3812 2720 3866 firmum
2753 3823 2914 3882 atque
2958 3811 3240 3866 immobile
3278 3827 3469 3881 perse-

1860 3909 2100 3964 verantis
2121 3906 2449 3962 innocentia:
2483 3915 2667 3960 tenere
2695 3904 3003 3971 veSIigium,
3035 3919 3141 3956 non
3172 3903 3466 3958 tlellectere

1859 4003 2119 4076 gradum,
2156 4015 2257 4054 nec
2294 3997 2360 4053 de
2403 3996 2678 4052 curriculo
2707 4001 2957 4050 avertere
2990 3993 3326 4062 disciplitue,
3370 3995 3466 4049 sed

1863 4098 2074 4157 semitis
2102 4109 2208 4148 non
2237 4092 2413 4148 solum
2455 4087 2655 4144 veteris
2679 4087 2730 4142 in
2761 4087 2915 4152 Sina,
2946 4085 3040 4139 sed
3068 4085 3278 4157 1137
3301 4086 3464 4142 etiam

1864 4209 2017 4249 nova:
2047 4190 2207 4261 Legis
2230 4187 2482 4253 insistere
2509 4181 2809 4239 secundum
2842 4180 3113 4249 Evangelii
3137 4182 3464 4234 claritatem.

1937 4285 2026 4340 I9.
2056 4283 2154 4338 Est
2185 4281 2349 4336 etiam
2393 4273 2672 4345 Evangelii
2711 4274 2820 4339 lex,
2863 4272 2931 4327 de
2977 4286 3080 4341 qua
3125 4270 3257 4327 dicit
3297 4272 3348 4325 in
3381 4286 3474 4328 su-

1864 4379 2172 4452 perioribus
2201 4375 2288 4429 hic
2331 4371 2594 4442 propheta
2629 4387 2641 4423 :
2675 4366 2961 4430 Constitue,
2993 4363 3234 4426 Domine,
3264 4363 3474 4435 legisla-

1872 4484 2029 4528 torem
2059 4486 2213 4540 super
2253 4483 2337 4522 eos
2366 4482 2383 4520 :
2427 4467 2591 4518 sciant
2617 4471 2790 4533 gentes
2815 4459 3058 4529 quoniam
3087 4457 3321 4510 homines
3351 4468 3475 4511 sunt

1874 4564 2046 4635 (Psal.
2079 4579 2154 4628 Ix,
2184 4559 2300 4632 21).
2330 4556 2631 4612 Adventum
2662 4555 2848 4621 utique
2876 4549 3088 4604 Domini
3122 4547 3474 4616 intelligimus

177 4652 416 4726 quidquid
454 4653 730 4709 admiscet
761 4650 984 4705 malitim
1011 4648 1262 4703 tenebras
1287 4645 1522 4702 veritati.
1553 4646 1767 4702 Revoca
1795 4675 1851 4736 Β
1876 4655 1903 4694 d
1933 4651 2268 4728 prophetari,
2298 4660 2355 4705 et
2375 4647 2711 4702 vocationem
2739 4641 2981 4712 gentium
3013 4654 3131 4709 quae
3159 4650 3284 4692 ante
3310 4638 3362 4692 in
3391 4641 3472 4693 tu.

173 4759 292 4816 ergo
309 4748 378 4802 ab
400 4748 568 4802 istius
598 4744 780 4800 mundi
803 4741 1015 4798 lubrico
1037 4740 1202 4812 pedes
1223 4738 1394 4795 animi
1417 4738 1512 4804 tui,
1539 4747 1593 4793 et
1618 4752 1773 4792 men-

239 4869 265 4899 ⁸ι
293 4859 416 4917 Vel.
435 4861 606 4926 etlit.,
638 4860 944 4932 Speciosam
971 4866 1150 4932 autent
1171 4858 1224 4910 in
1250 4870 1393 4932 canae
1412 4853 1667 4932 iudicium
1696 4868 1771 4907 sea

176 4935 380 4988 aestatis
420 4949 614 4989 sensus
659 4925 747 4986 est.
798 4929 956 4985 Rom.
995 4967 1008 4982 .
1038 4968 1052 4984 .
1081 4968 1094 4983 .
1133 4929 1334 4981 incana:
1350 4925 1606 4998 judicium
1634 4941 1774 4979 sene-

176 5003 334 5066 ctutis,
355 5015 402 5059 et
427 5003 809 5059 oeterani.etc.
835 5001 964 5056 Mss.
991 5011 1133 5055 tres:
1159 4996 1422 5067 Sponsum
1448 4996 1522 5066 (id
1545 5006 1628 5050 est
1651 5012 1775 5064 pro-

173 5072 435 5148 missum).
475 5077 641 5130 Duo:
673 5072 1166 5148 l’rontptunt‘autetn
1197 5067 1665 5148 incantejudicium
1692 5083 1772 5120 se-

176 5137 457 5201 nsautis'in
488 5161 648 5200 sensu
679 5156 773 5199 est.
797 5137 993 5199 Caneri
1033 5142 1286 5211 denique,
1317 5150 1377 5193 ut
1397 5137 1450 5192 in
1476 5149 1773 5203 contextu;

177 5218 270 5269 nisi
291 5218 436 5283 quod
470 5217 724 5272 nonnulli
747 5215 968 5280 habent,
990 5212 1248 5283 judicium
1265 5211 1558 5283 senectutis.

239 5285 270 5326 δ
307 5282 458 5344 Edit.
489 5297 642 5352 anl.,
671 5303 833 5358 prona
861 5287 923 5339 sit
962 5282 1014 5337 ut
1041 5284 1244 5338 labatur
1271 5299 1373 5358 non
1407 5282 1474 5334 ad
1513 5295 1673 5334 unum
1702 5282 1776 5358 af-

177 5357 382 5426 {quiin
411 5364 646 5421 attalum,
670 5352 714 5411 et
754 5365 1037 5411 currentem
1071 5365 1256 5408 cmtcta
1289 5356 1341 5406 in
1370 5352 1778 5426 prwdl’psattSCi-

175 5423 310 5500 ﬁetu
353 5429 576 5500 probra,
609 5439 754 5500 atque
794 5437 906 5500 toto
936 5443 962 5479 e
1000 5428 1229 5500 vestigio
1241 5423 1437 5500 feratur
1473 5424 1776 5500 iit-vitium:

177 5494 316 5574 docet
353 5494 808 5574 quemadmodum
861 5499 976 5574 vita:
1021 5494 1171 5574 istius
1213 5494 1464 5550 lubricam
1519 5494 1786 5574 declinans

179 5561 421 5639 tenuitatis,
459 5571 695 5636 itineris,
723 5579 854 5633 etc.,
884 5567 1047 5624 Rom.
1080 5568 1212 5639 edit.
1247 5576 1370 5635 post
1395 5580 1557 5618 voces
1580 5561 1786 5639 allecti-

177 5634 507 5711 ὕαῗόιαιιὶηι,
562 5641 644 5696 ita
669 5634 910 5709 reposuit
944 5657 958 5694 :
997 5640 1088 5693 sed
1117 5634 1412 5694 universum
1447 5645 1553 5690 toto
1575 5634 1786 5711 vestigio

178 5711 366 5782 fuit
401 5717 462 5769 in
481 5709 701 5782 uitium,
724 5721 770 5764 et
790 5721 1071 5766 currentem
1097 5719 1282 5765 cuncta
1298 5711 1351 5763 in
1377 5709 1789 5782 prwceps_susci-

181 5777 580 5862 Μηνοὺτη.
615 5781 797 5844 Docet,
825 5792 927 5837 etc.
971 5782 1100 5838 Mss.
1132 5797 1264 5839 vero
1291 5777 1484 5838 omnes
1510 5777 1580 5835 ad
1609 5777 1790 5835 locum

659 5873 931 5936 Ριτιιοι..
970 5872 1114 5936 XV.

1879 4761 1992 4806 tum
2023 4744 2293 4818 quoddam
2324 4739 2572 4808 corporis
2601 4735 2761 4805 hujus
2791 4732 3112 4787 videbantur
3150 4729 3352 4794 inllxte,
3384 4744 3480 4784 vo-

1877 4861 2268 4924 restiluendnm
2296 4859 2666 4926 concurrunt;
2705 4847 2809 4926 nisi
2839 4846 2980 4918 quod
3014 4847 3065 4898 in
3097 4842 3306 4898 duoth
3335 4844 3474 4926 1.98;-

2012 4935 2188 5008 pronis
2215 4941 2268 4985 ut
2295 4928 2363 4981 ad
2400 4930 2471 5008 im
2493 4941 2559 4976 tm
2587 4921 2882 5008 aﬂeqtibtts,
2916 4927 2964 5008 e.t
3003 4920 3477 5008 current-eit'estigio

1875 4989 2071 5080 feratur
2089 5009 2139 5061 in
2155 5005 2357 5064 vitium,
2377 4999 2526 5052 docet
2539 5006 2683 5080 ,_ete.
2706 4991 2819 5080 Non
2846 4989 3008 5080 pullo,
3033 4989 3078 5040 si
3100 4989 3286 5080 vocula
3312 5000 3363 5040 ut
3383 5005 3479 5042 es-

1879 5062 2228 5152 ἰίωιαοτηιηι,
2259 5062 2793 5152 [nquihusdatualiis
2849 5062 3076 5145 habetur
3096 5062 3259 5152 etiam
3295 5075 3474 5152 unum,

1881 5134 1978 5223 pro
1991 5134 2248 5223 ἶιιιιιιηεεκ
2262 5134 2368 5223 quo
2390 5154 2579 5196 errore
2595 5147 2668 5190 tot
2680 5134 2880 5223 ius-loci
2896 5134 3478 5223 petituri

1956 5201 2130 5274 Etuta.
2160 5201 2491 5275 complures,
2519 5222 2564 5263 et
2586 5201 3098 5283 ancipitis‘ulfectus;
3129 5201 3178 5283 id
3208 5209 3313 5258 est.
3337 5202 3481 5264 quod

1885 5273 2108 5361 ancipiti
2154 5273 2316 5344 modo
2344 5299 2443 5338 nus
2479 5273 2656 5335 movet
2697 5288 2753 5332 et
2776 5273 3100 5361 al_fipit.$li‘i
3137 5278 3480 5361 ιιιᾞςῐιμιιιιι

2189 5361 2320 5413 edit.
2350 5370 2565 5434 omne-.
2597 5341 3170 5434 ςςθαηεὶρὶιὶξμῖεεφδε
3204 5341 3357 5434 ρᾼιξξξίί
3389 5358 3486 5434 Ἦ·-

1887 5414 2105 5492 ἶέιιινάθ
2131 5432 2360 5498 maligna
2412 5414 2850 5498 lttco:_atljie_i_tur,
2889 5414 3160 5498 itLpt't‘tEuI
3191 5414 3357 5468 dubio
3385 5415 3484 5468 de-

1888 5485 2161 5576 sit-inpium
2191 5485 2364 5556 esl'ex
2388 5498 2480 5552 illo
2513 5485 2664 5563 Virg.
2691 5491 2783 5545 lib.
2820 5503 2872 5541 v1
2902 5485 3118 5540 1Eneid.
3153 5502 3168 5538 :

2143 5617 2295 5677 Quale
2322 5626 2411 5678 per
2433 5614 2666 5678 incertam
2691 5603 2853 5652 lunam
2872 5599 2964 5650 sub
2989 5597 3099 5648 luce
3124 5595 3334 5658 maligna

2141 5672 2227 5733 Εδι
2250 5672 2343 5729 iter
2370 5678 2421 5726 in
2446 5672 2597 5724 silvis.

1963 5771 1990 5809 ά
2022 5771 2148 5831 Mss.
2177 5766 2405 5837 aliquot,
2456 5756 2749 5830 prophetari
2788 5748 3052 5807 vocatione
3077 5745 3325 5821 gentium.
3360 5743 3498 5802 Rur-

3005 5839 3047 5905 7
