3948 6336
191 285 307 344 1589

1280 289 1346 352 ΙΝ
1385 282 1711 353 PSALMUM
1748 284 1960 352 CXVIII
2000 288 2391 359 EXPOSlTiO.

3332 308 3475 370 £390

185 402 315 467 tiam,
354 414 523 456 serva.
542 402 792 457 mandata
831 402 1023 475 (Eccli.
1054 420 1097 471 ι,
1120 402 1235 479 35).
1269 402 1377 461 Sed
1409 421 1570 461 nemo
1590 414 1773 479 potest
1795 409 1850 467 Δ
1874 410 2057 466 saeculi
2089 420 2249 479 sunt;
2306 426 2374 467 ne
2397 411 2604 469 securis
2629 413 2912 472 aﬂectihus
2939 424 2994 473 et
3033 417 3226 474 otiosis
3256 419 3464 478 blandi-

183 508 382 551 servare
399 535 414 559 ,
442 494 547 550 nisi
590 496 680 568 qui
710 495 978 570 intelligit.
1002 496 1247 568 Denique
1263 497 1563 554 redduntur
1587 500 1766 569 quoti-

185 583 259 641 die
296 585 478 642 omnia
508 587 674 643 verba
705 587 863 656 chis
910 604 939 643 a
968 588 1292 658 quibusdam
1320 590 1629 646 senioribus
1665 592 1758 648 Ju-

182 678 427 746 dteorum,
454 688 511 734 et
529 696 694 735 nemo
715 696 903 735 eorum
928 688 1100 750 potest
1119 680 1399 737 custodire
1426 683 1762 739 mandatum.

181 770 347 842 Neque
371 772 520 829 enim
552 773 802 829 arborem
823 772 1055 830 dixerim
1077 773 1355 832 custodire
1381 775 1765 832 fecunditatem

181 876 391 931 naturzc,
419 882 542 938 qua:
580 866 818 922 luxuriat
865 869 917 923 in
963 866 1131 934 foliis,
1164 869 1408 924 vanescit
1449 868 1504 924 iu
1539 869 1718 925 fructu
1750 888 1764 926 :

182 975 266 1016 nec
308 969 508 1016 terram
558 960 706 1017 illam
759 960 989 1018 dixerim
1026 963 1304 1019 custodire
1353 963 1561 1020 fruetus
1611 980 1762 1035 suos,

178 1068 283 1127 qua:
327 1054 524 1109 ﬁlicem
576 1055 809 1110 invisam
844 1057 985 1125 parit
1032 1054 1246 1129 1139
1285 1056 1562 1127 agricolis,
1602 1057 1767 1113 edere

178 1144 431 1202 frumenta
463 1162 570 1203 non
603 1148 777 1207 soleat
820 1166 832 1201 :
882 1163 983 1204 nec
1011 1162 1200 1221 pastor
1233 1150 1512 1207 custodire
1555 1151 1767 1207 videtur

176 1254 351 1311 pecus,
379 1240 471 1311 qui
498 1240 700 1317 eligere
734 1241 929 1312 pabula
959 1242 1236 1312 profutura
1268 1259 1374 1298 non
1421 1244 1652 1311 noverit,
1685 1245 1766 1300 Iu-

174 1344 260 1402 pos
282 1347 500 1400 cavere,
547 1333 775 1388 canibus
802 1333 1006 1389 vallare
1050 1334 1212 1389 ovilia
1257 1349 1378 1400 sua,
1414 1336 1624 1391 nesciat
1669 1351 1765 1407 po-

172 1433 290 1487 tum,
319 1441 447 1481 cum
474 1441 615 1497 opus
640 1429 734 1495 sit,
765 1427 1097 1484 ministrare.
1142 1427 1275 1483 Nam
1309 1429 1612 1499 producere
1640 1438 1729 1486 tan
1747 1463 1762 1473 -

172 1516 437 1572 tummodo
477 1518 598 1574 sine
644 1518 749 1573 ulla
796 1533 924 1574 cura
954 1528 1163 1574 mutum
1206 1522 1394 1590 pecus,
1426 1521 1759 1579 tantumdem

171 1620 242 1666 est
277 1623 543 1681 quantum
569 1610 884 1681 Scripturas
911 1612 1090 1678 legere
1121 1621 1329 1668 tantum
1361 1614 1621 1683 pepulum
1666 1614 1762 1670 Ju-

170 1702 420 1759 daeorum.
452 1704 551 1761 Ubi
597 1705 707 1760 sint
751 1704 1017 1775 spiritalis
1046 1720 1243 1776 pascua
1274 1708 1623 1773 sacramenti,
1671 1707 1758 1769 ubi

1869 513 1953 561 ter
1996 506 2422 562 conciliatricula
2469 509 2761 581 voluptatis
2809 512 3014 587 irrepat
3049 515 3331 574 illecebra.
3369 518 3473 574 Fa-

1867 595 1972 652 cile
2010 598 2155 668 capit
2202 599 2392 654 oculos
2437 601 2738 670 petulanlis
2786 603 2956 659 forma
3007 609 3334 677 meretricis,
3367 611 3470 667 uisi

1868 701 1965 743 eos
1992 688 2116 745 odia
2157 700 2408 757 premant
2435 692 2602 762 justa,
2647 704 2702 748 et
2750 695 3115 768 impurita'em
3162 700 3470 775 indignatus

1866 786 2079 835 avertat
2108 780 2352 838 allectus.
2395 782 2549 839 Inﬂal
2580 784 2901 859 plerumque
2930 788 3201 858 homines,
3232 803 3287 849 et
3328 793 3358 835 δ
3386 804 3466 853 tu-

1868 872 2017 929 mido
2066 876 2352 942 resupinat
2401 879 2614 935 fastidio
2644 880 2944 940 nobilitatis
2978 884 3260 956 iactantia,
3292 901 3344 951 et
3384 905 3471 947 rc-

1866 981 1988 1022 rum
2016 966 2296 1024 amoentia
2330 960 2709 1039 saecularium;
2762 976 2862 1030 nisi
2895 977 3090 1045 pudeat
3120 980 3173 1034 in
3211 989 3263 1037 te
3289 982 3466 1040 aliena

1866 1058 2062 1128 magis,
2109 1075 2271 1131 quam
2320 1063 2539 1133 propria
2583 1065 2813 1121 laudari.
2850 1067 3104 1126 Christus
3146 1086 3269 1129 cum
3314 1075 3471 1134 dives

1865 1159 2033 1218 e~set,
2067 1166 2276 1223 panper
2299 1153 2475 1210 factus
2500 1164 2585 1212 est
2628 1175 2642 1213 :
2677 1158 2729 1214 in
2761 1175 3018 1231 paupere,
3057 1180 3166 1219 non
3209 1166 3260 1221 in
3292 1166 3468 1232 divite

1864 1248 1921 1296 te
1950 1243 2204 1313 redemit.
2234 1244 2635 1305 Conlitentihus
2674 1252 2768 1308 Dei
2815 1252 2984 1310 illium
3034 1256 3338 1329 imperabat
3390 1272 3469 1317 ta-

1864 1350 2018 1402 cere;
2077 1347 2137 1393 ut
2185 1342 2442 1409 operibus
2491 1343 2660 1416 magis
2713 1361 2874 1417 quam
2924 1352 3269 1407 sermonibus
3320 1353 3470 1409 Deus

1862 1440 2253 1500 agnosceretur
2282 1449 2296 1500 ;
2324 1443 2381 1490 et
2411 1442 2466 1489 tu
2491 1437 2729 1492 nobilem
2763 1447 2815 1494 te
2843 1439 3001 1509 dicis,
3030 1443 3118 1513 qui
3146 1459 3205 1501 es
3232 1443 3407 1503 iactus
3438 1463 3470 1504 e

1862 1523 2046 1578 terra?
2077 1524 2244 1581 David
2275 1543 2366 1583 rex
2391 1528 2527 1584 dicit
2560 1548 2573 1583 :
2610 1530 2886 1601 Memento,
2915 1535 3161 1605 Domine,
3192 1541 3316 1608 quia
3351 1540 3470 1609 pul-

1860 1615 1937 1669 vis
1965 1633 2144 1709 sumus
2165 1616 2343 1689 (Paul.
2367 1636 2459 1686 cn,
2493 1620 2585 1693 M)
2616 1643 2630 1680 :
2892 1637 2946 1681 et
2976 1638 3029 1682 tu
3057 1632 3108 1685 in
3135 1633 3238 1687 hoc
3258 1633 3467 1691 caduco

1859 1715 2021 1778 atque
2051 1707 2248 1766 limoso
2293 1727 2494 1785 genere
2535 1714 2814 1785 gloriaris,
2855 1729 2910 1773 et
2939 1719 3162 1777 divitem
3204 1733 3256 1780 te
3283 1738 3463 1796 putas,

168 1796 331 1854 littera
377 1798 610 1864 occidat,
645 1798 737 1853 ubi
769 1798 1135 1868 intelligibiles
1182 1798 1463 1855 incursent
1499 1799 1632 1869 lupi,
1665 1799 1753 1856 ubi
1785 1799 1835 1860 B
1861 1798 1951 1867 qui
1979 1813 2101 1854 cras
2149 1813 2302 1871 potes
2342 1820 2466 1861 esse
2507 1806 2821 1874 mendicus;
2875 1825 2998 1866 cum
3061 1814 3170 1870 vita
3220 1824 3306 1871 tua
3358 1834 3466 1875 non

167 1889 226 1945 sit
264 1891 488 1961 requies
508 1889 843 1958 refectiouis,
886 1892 974 1947 ubi
1012 1906 1139 1961 spes
1174 1892 1613 1959 resurrectionis,
1665 1893 1756 1962 qui

165 1982 257 2037 sint
295 1998 467 2039 canes
507 1983 598 2054 qui
637 1998 740 2054 pro
766 1984 943 2055 gregis
990 1984 1198 2055 possint
1247 1985 1448 2041 latrare
1483 1986 1753 2055 custodia,

162 2076 380 2147 populus
406 2085 462 2131 et
487 2076 607 2146 ipso
629 2091 793 2148 grege
821 2078 991 2146 magis
1017 2086 1193 2133 mutus
1216 2078 1452 2149 ignorat.

221 2167 307 2222 27.
353 2166 539 2238 Itaque
562 2169 606 2223 si
631 2168 776 2223 dicat
811 2186 824 2222 :
858 2169 1105 2224 Mandata
1134 2171 1418 2234 custodio;
1452 2170 1756 2240 responde-

164 2268 240 2315 tur
263 2262 308 2317 ei
355 2280 369 2314 :
401 2260 485 2316 Tu
522 2278 644 2316 vero
685 2261 842 2316 odisti
884 2263 1236 2334 disciplinam,
1282 2273 1331 2318 et
1358 2264 1623 2335 proiecisti
1647 2280 1757 2319 ser-

164 2370 318 2409 mones
355 2371 493 2409 nicas
520 2364 636 2427 post
665 2364 733 2409 te.
773 2355 835 2411 Si
861 2355 1070 2410 uidebas
1100 2356 1288 2426 furem.
1332 2355 1488 2411 simul
1514 2358 1756 2412 currebas

161 2462 263 2501 cum
302 2464 390 2513 eo,
437 2457 484 2502 et
538 2464 657 2502 cum
707 2446 959 2502 adulteris
1009 2447 1297 2519 portionem
1325 2456 1467 2503 tuam
1503 2450 1750 2517 ponebas.

164 2536 227 2593 οι
259 2550 401 2594 tuum
423 2538 710 2593 abundauit
747 2539 992 2610 nequitia,
1023 2550 1071 2595 et
1096 2541 1273 2611 lingua
1296 2551 1383 2597 tua
1413 2540 1755 2595 concinnabat

158 2634 310 2690 dolos.
335 2633 542 2691 Sedens
568 2635 814 2690 adversus
833 2634 1048 2704 fratrem
1080 2644 1225 2689 tuum
1249 2634 1548 2690 detrahebas
1575 2633 1751 2707 (Psal.

157 2742 294 2796 ιιικ,
340 2728 546 2800 11³30).
580 2728 697 2783 Non
742 2736 830 2784 est
874 2728 979 2785 hoc
1027 2729 1302 2784 custodire
1349 2729 1623 2796 mandata,
1655 2729 1750 2785 sed

155 2821 518 2891 βιῶναι-ἰωῆς
548 2822 767 2877 statutis
795 2822 975 2878 facere
1004 2823 1305 2888 contraria,
1344 2836 1454 2876 non
1479 2829 1565 2877 est
1594 2822 1752 2877 intel—

156 2913 328 2986 ligere,
374 2916 475 2972 sed
527 2915 801 2997 ignorare.
849 2917 1136 2986 Quomodo
1168 2926 1397 2987 possunt
1444 2916 1607 2972 verba
1654 2916 1750 2972 Dei

154 3007 312 3064 dulcia
343 3025 477 3066 esse
501 3009 556 3065 iu
580 3009 829 3065 faucibus
856 3009 984 3077 tuis,
1016 3008 1069 3063 in
1096 3008 1295 3079 quibus
1334 3015 1420 3065 est
1444 3007 1751 3065 amaritudo

154 3104 433 3177 nequitiae?
472 3104 762 3172 Quomodo
786 3104 891 3160 mel
917 3116 972 3160 et
1002 3104 1086 3160 lac
1131 3103 1233 3159 sub
1260 3104 1440 3175 lingua
1473 3103 1596 3158 tua?
1623 3119 1747 3158 cum
1800 3140 1803 3141 ν

1859 1889 1913 1945 in
1943 1892 2269 1950 abundantia
2318 1903 2439 1971 tua,
2489 1899 2586 1954 sed
2614 1898 2669 1954 in
2701 1900 2794 1955 Dei
2823 1901 2894 1957 sit
2926 1903 3341 1964 misericordia?
3368 1909 3468 1967 Cui

1860 1984 2053 2052 honor,
2083 1987 2421 2057 gloria,laus.
2447 1994 2789 2065 perpetuitas
2816 2009 2847 2050 a
2872 1999 3110 2065 saeculis,
3137 2012 3192 2055 et
3218 2018 3383 2074 nunc,
3411 2014 3471 2062 et

1857 2092 2097 2152 semper,
2129 2091 2183 2138 et
2210 2083 2263 2138 in
2295 2085 2477 2142 omnia
2508 2088 2711 2143 sarcula
2747 2090 3096 2149 seculorum.
3136 2093 3333 2154 Amen.

2165 2215 2401 2283 SEBMO
2444 2217 2781 2289 QUARTUS
2831 2224 3149 2291 DECIMUS.

2525 2337 2571 2388 J.
2606 2331 2759 2391 Nan.

1931 2442 1981 2497 1.
2000 2441 2129 2499 Non
2142 2444 2321 2500 littera
2340 2445 2554 2503 ltebma
2570 2457 2656 2504 est
2670 2459 2862 2520 quarta
2878 2452 3268 2528 decima’eujus
3294 2460 3468 2520 inter-

1856 2537 2091 2607 pretatio
2128 2546 2234 2601 est.
2287 2537 2546 2595 Unicus‘:
2594 2542 2678 2597 vel
2725 2544 2779 2597 in
2822 2545 2926 2600 alia
2959 2546 3464 2620 interpretatione:

1854 2624 2067 2683 Pascua
2097 2646 2294 2685 eorum.
2330 2631 2469 2687 Ecce
2500 2632 2620 2702 ipse
2651 2633 3001 2693 llebrteorum
3030 2640 3232 2697 litterae
3271 2645 3466 2702 tcstill-

1854 2729 2049 2777 cantur
2079 2722 2370 2779 Dominum
2399 2722 2584 2781 Jesum
2613 2740 2736 2782 esse
2779 2729 2995 2785 unicum
3029 2732 3211 2789 Patris
3239 2734 3465 2808 Filium,

1855 2811 2094 2869 Verbum
2129 2816 2242 2871 Dei.
2278 2816 2524 2889 Denique
2554 2820 2733 2888 primo
2779 2826 2964 2878 statim
2991 2840 3149 2881 versu
3187 2828 3365 2886 Ditid
3393 2830 3463 2887 de

1804 2955 1809 2959 .
1853 2906 2014 2961 unico
2039 2906 2179 2962 Filio
2209 2906 2302 2963 Dei
2330 2910 2461 2965 dicit
2495 2927 2509 2962 :
2547 2909 2783 2967 Lucerna
2821 2915 3040 2983 pedibus
3068 2919 3198 2974 meis
3243 2919 3465 2979 Verbum

1850 3008 2016 3067 tuum,
2052 3008 2100 3054 et
2142 3000 2316 3057 lumen
2343 3004 2536 3057 semitis
2575 3005 2722 3060 meis.
2762 3004 2919 3063 Unde
2951 3008 3308 3082 intelligimus
3341 3016 3462 3073 ideo

1850 3110 1948 3165 per
1990 3095 2199 3151 litteras
2247 3096 2614 3153 Hit'bt'aaorttm
2664 3099 2933 3171 psalmum
2974 3102 3122 3161 hunc
3163 3121 3285 3163 esse
3312 3107 3466 3181 dige-

152 3198 319 3252 tlolum
352 3199 542 3267 lingua
571 3207 662 3253 tua
692 3207 1016 3269 componat:
1052 3208 1108 3253 ttt
1135 3199 1285 3253 aliud
1317 3207 1536 3269 pectore
1564 3198 1719 3253 conci

1858 3196 2032 3254 stum;
2068 3198 2124 3243 ut
2154 3187 2319 3244 homo
2349 3199 2534 3247 noster
2568 3200 2846 3263 tamquam
2893 3196 3172 3265 parvulus,
3204 3211 3257 3254 et
3286 3201 3361 3273 ab
3383 3204 3465 3256 in-

152 3284 271 3356 pias,
304 3288 462 3345 aliud
508 3287 713 3345 forensi
750 3305 1004 3346 sermone
1049 3290 1378 3360 prtetendas,
1413 3298 1472 3345 ttt
1504 3290 1748 3361 deripias

151 3379 409 3439 incautum
464 3401 480 3438 :
512 3398 635 3438 cum
666 3383 760 3439 tibi
793 3383 988 3439 Petrus
1015 3384 1294 3454 apostolus
1337 3381 1507 3448 dicat,
1547 3392 1606 3437 ut
1653 3383 1749 3440 de-

151 3488 304 3544 ponas
332 3492 556 3532 omnem
601 3475 887 3543 malitiam,
930 3486 987 3532 et
1016 3478 1195 3532 lucum
1223 3477 1583 3533 simulationis
1606 3476 1744 3546 ahji~

148 3568 270 3637 cias,
295 3570 531 3628 dicens:
566 3571 716 3627 Sicut
759 3587 897 3625 nunc
926 3571 1085 3643 geniti
1120 3571 1363 3640 infantes,
1393 3570 1744 3636 rationabiles,

149 3672 193 3716 et
217 3664 320 3720 sine
361 3665 515 3731 dolo,
557 3665 637 3720 lac
664 3664 1008 3735 concupiscite
1034 3664 1075 3736 (l
1102 3662 1245 3718 Petr.
1291 3661 1454 3733 11.2).
1497 3660 1749 3719 Ostendit

149 3757 278 3812 enim
306 3758 476 3815 nobis
505 3757 634 3830 quid
664 3758 739 3813 sit
765 3757 873 3812 mel
898 3766 952 3813 et
982 3758 1065 3812 lae
1092 3756 1295 3812 habere
1318 3754 1421 3813 sub
1446 3756 1658 3827 lingua;
1689 3763 1749 3810 ut

150 3863 243 3905 non
286 3851 626 3908 maledicere
665 3848 1138 3905 maledicentlhus.
1168 3848 1265 3904 sed
1310 3846 1745 3901 benedictionem

146 3942 341 4001 referre
378 3946 701 4000 noverimus
751 3959 765 3997 :
798 3942 1101 3997 nesciamus
1129 3939 1309 3995 odisse
1339 3940 1440 3994 nisi
1474 3941 1615 3992 viam
1644 3937 1747 3993 iui-

145 4037 385 4107 quitatis;
436 4047 501 4092 ut
546 4035 729 4092 facere
767 4036 909 4107 quod
937 4049 1308 4101 exsecramur,
1337 4032 1623 4088 reluctanti
1652 4046 1740 4087 ca-

144 4145 355 4188 veamus
404 4129 632 4186 affectu.
687 4127 815 4184 ideo
868 4127 1068 4184 Paulus
1096 4126 1323 4184 cavebat
1362 4125 1414 4181 in
1455 4141 1620 4181 carne
1646 4140 1741 4181 sua

143 4224 370 4292 malum;
397 4224 529 4296 quia
578 4221 770 4277 oderat
813 4220 993 4296 (llam.
1024 4236 1132 4295 vn,
1169 4219 1280 4291 15).
1330 4219 1458 4276 ideo
1505 4217 1744 4275 Joannes

143 4329 317 4375 monet
352 4319 406 4374 in
437 4317 671 4388 epistola
715 4331 810 4371 sua
840 4331 907 4372 ne
933 4314 1224 4385 diligamus
1253 4314 1518 4369 δωριιιιιιιι
1556 4333 1569 4369 :
1607 4314 1743 4380 Quia

142 4430 280 4469 omne
293 4415 436 4488 quod
462 4417 517 4471 in
540 4414 735 4469 swculo
760 4423 860 4479 est,
887 4410 1302 4484 concupiscentia
1336 4418 1411 4465 est
1457 4409 1650 4475 carnis,
1691 4420 1745 4465 et

137 4509 545 4576 concupiscentia
560 4508 904 4571 oculorum,et
916 4505 1175 4580 jactantia
1186 4505 1303 4560 vita:
1322 4504 1365 4577 (l
1383 4501 1736 4575 Joan.tt,16).

1846 3281 2013 3337 {nulla
2074 3298 2173 3354 per
2222 3284 2527 3356 litterarum
2590 3285 2860 3342 elementa
2915 3289 3204 3358 formatus,
3262 3282 3461 3365 quibus

1847 3386 1979 3431 tetas
2011 3375 2232 3444 puerilis
2256 3379 2518 3446 assuevit,
2549 3393 2719 3451 usque
2748 3378 2813 3434 ad
2848 3383 3214 3439 maturitatem
3246 3386 3463 3443 virtutis

1848 3478 2154 3526 excrescat.
2192 3470 2417 3527 Littera:
2453 3480 2634 3528 autem
2675 3474 2902 3545 singulae
2952 3477 3101 3532 velut
3142 3478 3284 3535 tituli
3328 3490 3459 3537 sunt

1848 3580 2039 3621 eorum
2090 3581 2378 3633 versuum,
2431 3567 2524 3638 qui
2570 3567 2673 3624 sub
2701 3568 2906 3639 ﬁiisdem
2940 3568 3142 3628 litteris
3179 3573 3463 3629 ascribun-

1849 3670 1958 3727 tur,
2001 3659 2205 3715 seriem
2257 3669 2312 3716 et
2357 3658 2749 3716 continentiam
2788 3660 3154 3731 declarantes,
3188 3667 3331 3722 sicut
3368 3666 3457 3724 hic

1848 3753 2058 3809 unicum
2091 3752 2362 3822 signilieat
2401 3752 2601 3822 littera,
2635 3762 2691 3808 et
2729 3753 2796 3809 de
2828 3756 3107 3826 unigenito
3152 3757 3246 3813 Dei
3292 3757 3451 3826 Filio,

1847 3857 2014 3920 atque
2039 3847 2154 3920 ejus
2181 3849 2372 3905 interni
2402 3850 2621 3905 luminis
2650 3850 2899 3905 claritate
2928 3850 3119 3920 psalmi
3144 3850 3306 3921 hujus
3330 3868 3456 3923 por-

1847 3940 1922 3994 tio
1951 3942 2265 4012 prophetat.

1915 4034 1972 4097 2.
2016 4033 2127 4089 Nec
2157 4050 2291 4091 sane
2319 4034 2388 4089 ab
2418 4035 2517 4090 ista
2546 4032 2808 4089 abhorret
2828 4035 2996 4090 etiam
3038 4034 3127 4089 illa
3152 4034 3206 4091 in
3229 4034 3338 4093 alio
3367 4052 3456 4095 re-

1848 4137 2003 4198 perta
2041 4127 2232 4184 codice
2262 4127 2460 4182 littera:
2487 4126 2647 4197 huius
2690 4136 2713 4165 α
2743 4126 3141 4198 interpretatio.
3166 4128 3297 4198 Qua:
3326 4139 3456 4186 sunt

1847 4222 1993 4278 enim
2022 4236 2218 4290 pascua
2250 4231 2460 4285 nostra,
2494 4220 2596 4289 hoc
2621 4230 2725 4289 est,
2748 4220 3014 4286 fidelium,
3041 4222 3146 4278 nisi
3173 4223 3457 4281 Christus?

1847 4313 1903 4368 in
1937 4312 2094 4385 cujus
2126 4312 2341 4382 [maenis
2382 4329 2442 4369 se
2477 4313 2713 4369 locatum
2765 4312 3035 4383 Protiheta
3088 4315 3302 4371 la-tatus
3345 4325 3455 4387 est,

1847 4407 2072 4464 dicens:
2107 4405 2173 4461 In
2201 4408 2315 4463 loco
2342 4424 2551 4478 pascua:
2572 4408 2645 4462 ibi
2682 4423 2764 4462 me
2799 4407 3070 4462 collocarit
3095 4406 3273 4479 (Psal.
3317 4426 3457 4480 xm,

1844 4500 1925 4574 2).
1962 4502 2078 4572 Ipse
2109 4501 2253 4557 enim
2285 4516 2385 4557 nos
2414 4503 2610 4572 pascit,
2642 4510 2697 4557 et
2725 4501 2922 4557 reiicit.
2952 4500 3099 4556 Bona
3140 4517 3337 4572 pascua
3367 4505 3452 4560 di-

203 4601 292 4658 28.
320 4603 424 4658 Est
452 4617 585 4672 ergo
610 4601 666 4657 in
701 4600 858 4655 nobis
884 4609 941 4653 ut
966 4609 1021 4653 et
1045 4598 1184 4653 bene
1208 4596 1412 4668 aliquid
1442 4598 1743 4665 oderimus,
1770 4593 1823 4656 D
1851 4596 1972 4650 vina
2008 4603 2346 4650 sacramenta
2396 4602 2541 4647 sunt.
2592 4591 2785 4663 Carpis
2831 4594 2941 4647 illic
2998 4609 3195 4648 novum
3236 4593 3451 4664 ﬂorem,

139 4703 191 4749 et
216 4692 357 4750 bene
393 4693 603 4764 aliquid
635 4692 947 4763 diligamus.
981 4690 1135 4745 Sicut
1164 4688 1309 4744 enim
1341 4689 1482 4745 bene
1511 4698 1744 4744 aamare

141 4799 425 4855 possentne
446 4801 637 4843 servos
650 4785 744 4840 Dei
763 4826 779 4851 ,
797 4792 857 4840 et
872 4784 1010 4839 bene
1029 4782 1256 4853 diligere
1272 4796 1492 4853 possum
1501 4780 1747 4836 usinimi—

141 4893 229 4947 eos
247 4893 470 4938 nostros
489 4877 789 4936 secundum
811 4876 1044 4933 Verbum
1058 4875 1275 4931 Domini
1298 4873 1516 4950 (Matth.
1534 4890 1587 4940 v,
1610 4874 1702 4943 44)
1729 4890 1743 4927 :

139 4970 208 5027 ita
232 4974 374 5032 bene
405 4973 591 5037 odisse
611 4985 901 5042 possumus
922 4970 1173 5025 inimicos
1199 4969 1313 5027 Dei.
1339 4966 1522 5024 odisse
1544 4967 1745 5039 iniqui-

137 5071 321 5132 tatem,
350 5067 541 5127 odisse
576 5064 890 5137 perlidiam,
928 5063 1110 5118 odisse
1135 5060 1517 5132 turpitudines,
1562 5058 1748 5115 odisse

139 5159 318 5221 mandi
347 5159 514 5217 istius
539 5159 833 5215 vanitates.
863 5156 1005 5214 Odia
1028 5157 1192 5235 igitur
1218 5170 1342 5213 esse
1378 5153 1583 5212 debent
1616 5169 1742 5226 qua:

202 5330 229 5398 ξ
445 5340 619 5379 amare
640 5339 916 5398 possumus
946 5332 1153 5377 sanctas
1179 5319 1293 5398 Dei.

196 5391 406 5457 Ruit.
438 5407 575 5459 τοι..
599 5389 803 5456 tum
840 5412 930 5449 ore
965 5406 1174 5465 supinat
1195 5393 1462 5464 fastigium
1488 5389 1727 5465 nobilita-

136 5463 218 5527 εἱε.
231 5466 517 5529 iactatum.
542 5481 646 5524 etc.
667 5468 825 5522 Rotn.
849 5474 904 5520 et
924 5462 1039 5519 duo
1063 5462 1220 5525 Iussu,
1248 5462 1444 5517 tttiuzdo
1469 5462 1734 5529 resupinat

136 5482 218 5527 ΠΙ.
326 5482 517 5525 tamin.
542 5482 646 5524 etc.
668 5482 825 5522 Imm.
849 5482 904 5520 et
924 5482 1032 5519 duo
1063 5482 1220 5525 IIHS.,
1248 5482 1444 5517 tttiumo
1469 5482 1734 5529 resupsutu

368 5538 657 5595 nobilitatis
695 5539 975 5610 iactantia.
1006 5537 1113 5610 Alii
1143 5550 1343 5606 magno
1377 5548 1627 5599 numero,
1657 5544 1741 5610 tit-

294 5623 393 5663 ακ
425 5602 895 5681 sapientiastth
934 5620 1043 5681 etc.
1071 5602 1584 5681 Οηξιιιῇηχιωῃιηη,
1616 5602 1738 5670 sed,

135 5685 327 5758 90in
359 5679 585 5751 assident
630 5676 855 5752 iudicio,
905 5680 993 5745 hic
1024 5676 1373 5750 praeferendi,
1432 5677 1641 5748 legunt,
1680 5686 1741 5740 ut

136 5760 188 5802 in
211 5762 473 5809 WI'B.
1012 5764 1021 5770 ’

206 5790 473 5881 Γ
491 5821 655 5889 edin,
675 5814 1056 5894 interpretatio,
1082 5810 1199 5893 qut:
1221 5829 1317 5889 est,
1334 5835 1528 5892 pascua
1545 5830 1744 5886 eorum,

1849 4690 1942 4760 qui
1986 4688 2188 4743 bonmu
2235 4685 2458 4741 odorem
2489 4685 2643 4740 dedit
2691 4685 3127 4741 resurrectionis.
3170 4684 3364 4757 Carpis
3394 4688 3459 4744 li~

1849 4783 2003 4845 lium,
2033 4781 2137 4837 hoc
2165 4790 2269 4849 est,
2313 4779 2663 4851 splendorem
2696 4780 3040 4837 atteruitatis.
3070 4780 3264 4854 Carpis
3293 4781 3320 4821 δ
3367 4800 3456 4840 ru-

1850 4890 1990 4941 sam,
2019 4874 2123 4930 hoc
2164 4884 2270 4940 est,
2320 4873 2585 4929 Dominici
2636 4873 2885 4943 corporis
2933 4875 3275 4945 sanguinem.
3305 4875 3454 4934 Bona

1852 4969 2017 5025 etiam
2050 4982 2247 5037 pascua
2273 4967 2397 5023 libri
2445 4975 2571 5021 sunt
2605 4967 3008 5038 Scripturarum
3041 4968 3371 5036 caelestium,
3400 4971 3455 5026 in

1854 5060 2056 5131 quibus
2088 5059 2405 5131 quotidiana
2437 5059 2675 5115 lectione
2708 5061 2999 5131 paseimur,
3035 5060 3090 5116 in
3127 5061 3323 5125 quibus
3364 5058 3457 5119 rc-

1854 5169 2111 5210 crcamnr
2159 5167 2223 5209 ac
2264 5150 2580 5219 reﬁcimur;
2630 5167 2752 5208 cum
2800 5167 2864 5208 ea
2902 5168 3025 5225 quae
3068 5152 3268 5225 scripta
3309 5163 3458 5222 sunt,

1844 5318 1941 5373 hac
1992 5326 2083 5381 est,
2117 5316 2371 5388 ﬁdelium.
2410 5314 2563 5388 ‘Ouat
2610 5325 2728 5370 sunt
2781 5331 3002 5386 pascua,
3050 5316 3153 5371 nisi
3191 5314 3463 5374 Christus?

1836 5391 1969 5449 Mss.
2004 5389 2069 5442 ad
2100 5386 2288 5448 unum.
2322 5398 2379 5441 ut
2407 5386 2463 5441 iu
2497 5397 2682 5444 textu.

1909 5459 1937 5499 ιι
1979 5460 2191 5523 Rosatu,
2225 5474 2292 5513 eo
2325 5459 2465 5515 forte
2500 5457 2853 5530 Dominicum
2878 5458 3234 5530 sanguineus
3277 5474 3458 5529 vocat,

1839 5532 1982 5601 quotd
2014 5531 2352 5601 frequentius
2390 5546 2422 5585 e
2460 5528 2586 5601 vino
2619 5530 2771 5601 ruhci
2796 5528 3463 5589 coloriCconst-eraretur

1828 5599 2080 5660 maxime
2115 5605 2186 5655 ob
2213 5600 2648 5673 similitudinem.
2677 5599 2920 5673 Qonsule
2950 5616 3147 5673 super
3170 5618 3233 5659 ea
3275 5620 3335 5660 re
3363 5604 3462 5661 lib.

1844 5691 1899 5737 tv
1921 5674 2301 5750 ds_§acram..__
2329 5687 2452 5744 cap.
2498 5672 2643 5750 ι-,Λοι
2678 5671 2778 5745 lib.
2824 5687 2849 5741 ι
2884 5671 3253 5750 domum“
3293 5675 3462 5745 Qut”

1838 5761 1967 5818 mt-
2002 5746 2061 5815 ὃ.
2088 5761 2240 5815 om
2270 5744 2331 5815 9.
2359 5741 2485 5817 res.
2508 5741 2611 5815 Ai)-
