3948 6354
419 251 579 309 £391.
1707 286 1720 299 .
1764 247 2011 306 SANCTI
2049 249 2070 304 ἐ

2175 249 2381 310 330$"
3592 251 3731 311 i592

416 369 794 440 degustamus,
825 364 909 421 vel
938 378 1153 420 summo
1184 378 1280 420 ore
1306 365 1470 421 libata
1502 364 1838 436 frequentius
1868 364 2035 422 rumi-
2063 383 2113 444 Α
2140 366 2421 447 et‘audivit
2443 366 2714 424 dicentem
2742 366 2844 423 sibi
2877 385 2890 421 :
2926 367 3108 433 Saule,
3144 367 3328 431 Sante,
3359 366 3484 445 quid
3508 381 3589 420 me
3614 383 3743 444 per-5

426 479 641 519 namus.
669 462 765 519 llis
791 459 1005 532 pascuis
1034 474 1162 530 grex
1202 458 1416 513 Domini
1446 459 1747 530 saginatur.
2143 460 2367 531 sequeris
2393 459 2531 534 (Act.
2556 476 2635 526 1x,
2661 459 2748 531 4)?
2778 459 2844 516 Et
2871 476 3062 532 magna
3088 459 3304 531 quidem
3338 460 3451 514 lux.
3497 459 3735 530 Denique

497 559 550 612 3.
588 566 611 593 τι
647 556 793 611 Bona
821 556 983 609 etiam
1019 550 1225 607 Christi
1274 566 1496 622 pascua,
1546 552 1635 622 qui
1673 552 1853 622 pascit
1884 552 1935 606 in
1973 551 2042 607 li-
2145 552 2380 609 lucernae
2408 552 2553 608 Pauli
2585 552 2765 610 lumen
2807 555 3050 619 evanuit,
3096 553 3187 609 ubi
3239 551 3441 609 divina:
3484 551 3736 623 splendor

428 651 539 718 liis,
570 651 624 705 in
659 647 953 718 Splendore
980 654 1294 702 sant-torum
1354 664 1367 700 :
1423 646 1563 701 bona
1624 660 1824 715 pascua
1875 646 2038 701 etiam
2142 645 2277 702 lucis
2302 645 2546 701 emicuit.

427 753 641 798 montes
670 740 1021 796 convallium.
1052 736 1187 794 Nam
1216 737 1344 794 etin
1376 737 1461 793 his
1491 739 1732 809 pascitur
1766 736 2038 803 Christus,
2215 749 2267 803 7,
2303 748 2369 803 [gr
2394 762 2524 805 νει-ε
2553 747 2773 804 meeum
2801 756 2886 805 εει
2905 745 3039 803 mihi
3069 744 3338 814 Christus,
3387 743 3603 816 quando
3639 744 3739 801 ίειο

429 835 565 889 sicut
599 831 907 901 capreolus,
939 830 1311 886 authinnulus
1335 844 1649 886 corvorum.
1684 829 1893 885 Montes
1914 836 2042 884 sunt

2175 849 2334 895 .ostro
2362 854 2456 895 ore
2484 848 2817 896 recensetnr.
2860 841 3022 897 Lucet
3057 839 3110 894 in
3139 838 3293 904 limo,
3324 834 3492 908 fulget
3533 836 3586 891 in
3617 850 3741 892 va~e

425 925 781 992 centrallium,
814 926 956 980 sicut
985 924 1272 979 luminaria
1305 923 1461 979 istius
1500 923 1684 978 muntli
1718 921 1906 978 sedula
1933 921 2038 977 hu-
2147 930 2300 988 ﬁctili
2330 930 2614 987 thesaurus
2645 931 2758 998 me,
2786 947 2947 1003 quem
2980 929 3242 986 habemus
3268 929 3320 985 in
3349 928 3496 984 vasis
3528 940 3550 968 ιι
3600 927 3740 984 ﬁeri.

428 1019 658 1076 ιιιῖίίιδίθ
705 1017 997 1088 Γυιεθηιθε.
1055 1017 1150 1085 ηυῑ
1198 1016 1465 1071 “limum
1506 1013 1845 1070 diversatum
1899 1028 2039 1084 ρτω·
2144 1023 2308 1080 libus.
2340 1022 2487 1078 Mitte
2510 1024 2715 1090 oleum,
2747 1038 2816 1079 ne
2855 1021 3074 1078 deﬁciat
3105 1021 3236 1086 tibi;
3267 1020 3392 1092 quia
3438 1020 3620 1077 lumen
3661 1019 3741 1076 lu-

427 1118 574 1168 stant
597 1110 904 1175 cacumine.
935 1117 989 1164 et
1017 1123 1180 1178 supra
1223 1107 1485 1163 mundum
1516 1106 1727 1163 meritis
1757 1105 1870 1162 suis
1901 1104 2041 1161 emi-

2179 1133 2326 1173 erna:
2358 1126 2443 1173 est
2486 1118 2686 1185 oleum,
2744 1132 2854 1172 non
2902 1116 3081 1171 oleum
3129 1124 3409 1183 terrestre,
3459 1114 3555 1171 sed
3614 1111 3743 1172 illud

430 1215 583 1262 uent.
617 1204 707 1260 lsti
731 1214 851 1258 sunt
881 1202 951 1258 dc
973 1202 1172 1273 quibus
1197 1202 1397 1257 dicitur
1432 1218 1446 1254 :
1481 1199 1557 1256 De
1589 1202 1685 1255 hoc
1718 1198 1913 1254 tutando
1938 1213 2042 1252 non
2144 1207 2327 1263 oleum
2366 1206 2759 1265 misericordia,
2810 1207 3052 1264 οωιοεῃε
3079 1216 3137 1263 οι
3172 1206 3384 1279 ενθιίπ,
3431 1221 3538 1279 quo
3584 1221 3745 1276 υηεε.

427 1310 572 1368 sunt,
604 1300 738 1355 sicut
763 1310 809 1354 et
837 1314 931 1370 ego
960 1313 1062 1351 non
1093 1312 1210 1350 sum
1252 1299 1316 1350 de
1338 1293 1440 1350 hoc
1465 1293 1661 1349 mundo
1699 1290 1881 1363 (Jaau.
1907 1306 2039 1355 n11,
2145 1301 2343 1358 bantur
2386 1301 2688 1372 ριοοριιειω,
2726 1299 2918 1357 Oleum
2967 1311 3114 1357 mum
3162 1299 3441 1356 ιιυωίιίιεε
3486 1307 3590 1367 εει,
3644 1314 3746 1370 quo

432 1394 561 1461 ﬂ);
589 1393 714 1465 quia
743 1407 906 1461 supra
929 1389 1193 1445 mundum
1222 1397 1350 1443 sunt
1377 1387 1469 1458 qui
1497 1385 1775 1442 Christum
1805 1399 2041 1456 sequun-

2175 1396 2378 1453 tirvicis
2405 1405 2608 1452 nostra:
2639 1395 2777 1452 dura
2805 1396 3131 1452 mollescunt
3159 1413 3171 1451 :
3207 1394 3385 1451 oleum
3413 1402 3564 1450 tuum
3587 1394 3755 1451 mise—

432 1498 540 1542 tur.
574 1484 851 1541 Couvallis
879 1492 1059 1539 autem
1086 1478 1320 1536 tuundus
1346 1488 1432 1534 est
1462 1497 1476 1534 :
1507 1478 1741 1549 ideoque
1771 1476 2043 1547 diSposuit

430 1583 484 1638 in
511 1579 762 1638 convalle
791 1578 984 1644 ﬂetus;
1010 1593 1078 1635 eo
1106 1577 1251 1649 quod
1282 1577 1335 1631 in
1368 1576 1471 1632 hoc
1497 1573 1701 1630 mundo
1746 1573 1905 1629 ﬂetus
1932 1572 2046 1628 sint

426 1676 811 1749 lacrymanque.
845 1672 912 1728 Et
943 1669 1236 1742 providens
1268 1669 1530 1725 Dominus
1558 1666 1831 1736 disposuit
1854 1665 1909 1722 in
1941 1666 2045 1721 hoc

2147 1487 2378 1545 ricordia
2401 1496 2493 1545 tua
2519 1498 2624 1556 est,
2650 1503 2759 1559 quo
2798 1488 2961 1544 etiam
3001 1487 3188 1543 collisa
3232 1485 3476 1557 scopulis
3502 1493 3750 1558 peceato-

2149 1601 2266 1640 rum
2316 1582 2572 1641 foveatur
2605 1597 2856 1654 corpora.
2900 1582 3015 1639 Hoc
3056 1582 3237 1638 oleum
3286 1580 3570 1636 vulnerato
3613 1580 3748 1637 illia

2155 1677 2474 1745 latronibus,
2518 1676 2867 1732 descendenti
2904 1690 2970 1733 ex
3009 1674 3348 1732 Hierusalem
3392 1673 3753 1746 Evangelicus

429 1767 636 1825 mundo
673 1765 1085 1823 Testameﬂmm
1127 1777 1315 1828 suum;
1369 1769 1426 1815 ιιι
1479 1759 1649 1830 magis
1692 1758 1781 1815 hic
1819 1757 2046 1815 “eamus
2078 1771 2123 1832 Β
2153 1770 2247 1827 ille
2272 1770 2651 1826 Samaritanus
2677 1767 2894 1836 infudit,
2924 1769 3013 1840 qui
3041 1768 3232 1825 videns
3260 1783 3410 1836 eum,
3443 1768 3752 1824 misericor-

430 1868 652 1934 peccata
684 1865 893 1921 nostra,
920 1870 1080 1928 quam
1107 1852 1286 1910 ﬂenda
1313 1868 1616 1909 servemus.

507 1951 717 2031 1151
756 1952 812 2007 4.
849 1951 1061 2007 Pascua
1084 1955 1271 2005 nostra
1293 1948 1456 2004 etiam
1480 1944 1572 2002 isti
1603 1944 1861 2002 versiculi
1885 1953 2038 2011 sunt,

431 2049 501 2106 de
520 2048 719 2119 quibus
748 2045 914 2102 hodie
943 2044 1229 2100 tractaturi
1257 2056 1468 2108 sumus,
1504 2041 1556 2096 in
1588 2038 1618 2087 ι’
1646 2039 1845 2110 quibus
1874 2036 2042 2094 David

434 2141 569 2197 dicit
598 2157 612 2192 :
642 2136 937 2193 Pascebam
966 2150 1100 2191 oves
1131 2133 1302 2204 patris
1344 2132 1475 2200 mei,
1516 2132 1816 2189 ostendens
1856 2145 2045 2186 veram

432 2237 739 2296 lucernam,
795 2232 1004 2286 docens
1054 2226 1420 2283 humilitatem
1462 2225 1505 2297 (Ι
1548 2225 1681 2296 Reg.
1746 2239 1878 2291 xv",
1926 2222 2045 2293 54).

438 2328 498 2385 In
529 2308 755 2400 pascuis
795 2322 997 2378 talibus
1043 2334 1205 2377 verus
1251 2318 1443 2385 David,
1504 2332 1665 2374 verus
1705 2314 1952 2379 humilis,
1995 2321 2053 2370 et

440 2436 604 2477 manu
626 2419 800 2483 fortis,
835 2418 927 2488 qui
955 2431 1063 2471 non
1104 2412 1349 2485 rapinam
1379 2411 1683 2468 arbitratus
1712 2418 1797 2466 est
1833 2422 1957 2465 esse
1991 2420 2054 2462 se

438 2513 702 2585 aequalem
739 2511 870 2575 Deo,
903 2507 998 2564 sed
1040 2505 1398 2577 semetipsum
1421 2503 1755 2570 cxinanivit;
1803 2510 1860 2557 et
1885 2499 2054 2555 homo

444 2617 605 2663 natus
639 2620 736 2677 per
773 2600 1016 2674 Virginis
1059 2614 1272 2671 partum
1320 2596 1631 2654 humiliavit
1668 2610 1730 2652 sc
1774 2608 1944 2664 usque
1987 2590 2055 2647 ad

440 2709 695 2764 mortem,
725 2710 861 2751 oves
890 2694 1071 2750 Patris
1110 2691 1193 2747 sui
1220 2690 1406 2745 divina
1446 2687 1833 2759 praedicatione
1863 2700 2053 2756 pasce-

444 2793 538 2847 bat
558 2807 577 2857 ;
599 2804 725 2845 cum
746 2785 1045 2843 secundum
1068 2783 1381 2853 Scripturas
1404 2797 1559 2836 suum
1582 2776 1840 2849 probaret
1858 2776 2063 2832 adven-

444 2895 558 2941 tum
577 2881 1087 2955 (Luc.1v,2l),cum
1101 2878 1337 2948 quinque
1362 2876 1591 2946 panibus
1617 2873 1896 2929 etduobus
1909 2870 2068 2942 pisci-

448 2978 552 3034 bus
564 2975 842 3031 hominum
857 2970 1026 3027 millia
1043 2970 1208 3023 multa
1226 2975 1519 3024 saturaret.
1539 2964 1594 3038 (.1
1599 2980 1801 3026 oau.v1.
1816 2965 1852 3021 9
1868 2974 1917 3018 et
1933 2961 2067 3031 seq.)

515 3071 571 3127 5.
651 3067 860 3140 (Vers.
913 3063 1090 3131 105.)
1159 3060 1288 3117 Haec
1341 3076 1473 3132 ergo
1534 3067 1720 3115 nostra
1780 3066 1909 3114 sunt
1974 3070 2071 3126 pa-

2142 1862 2228 1918 dia
2263 1872 2441 1918 motus
2487 1872 2595 1928 est,
2644 1870 2700 1918 et
2728 1860 2974 1932 alligavit
3011 1860 3235 1916 vulnera
3276 1859 3414 1932 ejus,
3466 1859 3752 1916 infundens

2144 1954 2326 2010 oleum
2366 1963 2420 2010 et
2454 1954 2664 2010 vinum.
2699 1952 2857 2023 (Luc.
2888 1969 2941 2017 χ,
2971 1953 3042 2008 55
3078 1962 3128 2007 et
3158 1950 3272 2025 54).
3306 1951 3423 2008 Hoc
3457 1952 3638 2008 olcmu
3673 1967 3757 2007 sa-

2145 2056 2241 2106 nat
2288 2058 2550 2121 aegrotos;
2613 2047 2985 2105 misericordia
3027 2047 3171 2103 enim
3203 2062 3234 2102 a
3276 2054 3500 2118 peccato
3541 2045 3754 2102 liberat.

2149 2144 2263 2199 Hoc
2307 2144 2490 2199 oleum
2544 2142 2691 2198 lucet
2740 2142 2793 2197 in
2845 2140 3109 2208 tenebris,
3159 2140 3205 2195 si
3246 2154 3414 2209 opera
3453 2147 3642 2194 nostra
3677 2138 3755 2194 lu-

2149 2243 2314 2292 ceant
2341 2249 2527 2290 coram
2559 2232 2891 2289 hominibus.
2923 2231 3037 2287 Hoc
3058 2230 3237 2287 oleum
3260 2232 3406 2287 lucet
3429 2229 3756 2288 inEcclesi'e

2153 2326 2611 2384 solemnitatibus.
2636 2325 2882 2397 Denique
2902 2325 3098 2397 quibus
3119 2325 3299 2381 oleum
3317 2339 3424 2381 non
3443 2322 3639 2391 defuit,
3664 2339 3758 2381 nec

2154 2420 2334 2476 lumen
2351 2418 2475 2475 fidei
2497 2418 2725 2485 defecit;
2748 2419 2844 2475 sed
2861 2434 2983 2474 cum
2999 2408 3408 2490 lampadibusin
3428 2418 3607 2475 locum
3629 2433 3761 2490 nup«

2158 2512 2352 2568 tiarum
2394 2512 2621 2567 introire
2650 2522 2965 2568 meruerunt
2988 2527 3138 2585 :qute
3166 2521 3347 2567 autem
3385 2511 3439 2567 in
3478 2511 3620 2567 vasis
3650 2510 3761 2567 suis

2159 2606 2341 2661 oleum
2369 2621 2473 2660 non
2495 2602 2704 2678 1142
2720 2606 2977 2673 tulerunt,
3007 2607 3109 2661 hoc
3131 2613 3237 2672 est,
3258 2620 3364 2660 non
3382 2603 3690 2662 habuerunt
3707 2603 3763 2659 ﬂ-

2162 2700 2284 2757 dem
2295 2716 2423 2769 ,non
2437 2699 2917 2771 prudentiam,nnn
2934 2699 3357 2755 misericordiam
3368 2697 3652 2766 ,animmin
3666 2698 3766 2755 hoc

2163 2794 2474 2851 constituta:
2498 2808 2750 2863 corpore,
2780 2791 2977 2847 merito
3009 2789 3343 2846 infidelitatis
3367 2790 3603 2846 exclusa:
3636 2797 3766 2847 sunt

2169 2884 2385 2959 (Matth.
2416 2899 2542 2950 xxv,
2570 2882 2781 2954 10-12).
2805 2882 2937 2938 ldeo
2962 2890 3016 2938 et
3041 2888 3095 2937 tu
3121 2880 3325 2936 habeto
3346 2896 3565 2953 semper
3594 2882 3774 2938 lucer-

2172 2993 2294 3033 nam
2340 2976 2643 3043 ardentem,
2674 2975 2759 3031 vel
2795 2975 3066 3031 lucentem
3100 2973 3294 3029 facem.
3328 2973 3387 3030 Si
3417 2974 3563 3030 enim
3592 2988 3771 3045 neque

2172 3072 2419 3135 lucerna,
2443 3084 2618 3140 neque
2645 3068 2852 3139 lampas
2884 3078 2971 3123 tua
3015 3067 3225 3131 luceat,
3256 3067 3420 3124 stulta
3443 3068 3598 3139 virgo
3623 3068 3775 3124 dice-

453 3179 618 3227 seua,
656 3159 773 3216 hzec
811 3172 1004 3215 eorum
1053 3160 1145 3226 qui
1176 3162 1402 3226 possunt
1427 3151 1612 3207 dicere
1645 3168 1659 3204 ε
1692 3150 1863 3214 Quum
1892 3146 2069 3202 ἀηισία
2093 3159 2140 3222 C
2172 3163 2271 3227 ris,
2301 3178 2402 3219 nec
2427 3162 2678 3218 introibis
2699 3161 2752 3216 in
2779 3161 3075 3216 thalamum
3105 3160 3397 3232 Sponsitni
3421 3159 3729 3232 superioris
3757 3176 3771 3213 :

454 3252 686 3327 faucibus
729 3250 857 3306 meis
895 3249 1045 3305 verba
1078 3256 1168 3301 tua
1220 3246 1385 3315 (Sup.
1420 3260 1470 3299 υ.
1518 3242 1677 3315 105)ῑ
1731 3241 1855 3296 Haec
1880 3254 2075 3296 eorum

455 3362 690 3419 pascua,
741 3342 833 3414 qui
884 3341 1073 3396 dicunt
1133 3357 1147 3395 :
1212 3337 1450 3393 Lucerna
1507 3333 1725 3409 pedibus
1780 3333 1908 3389 meis
1961 3348 2077 3388 ver-

457 3440 577 3497 bum
609 3447 777 3502 tuum,
827 3432 1076 3490 Domine.
1123 3433 1373 3488 Pascitur
1401 3432 1545 3488 enim
1572 3444 1635 3485 os
1662 3438 1914 3485 nostrum
1948 3441 2070 3481 ver-

462 3534 554 3597 ba,
579 3546 705 3587 cum
740 3527 1011 3598 loquimur
1054 3523 1306 3579 mandata
1360 3523 1454 3579 Dei
1492 3521 1672 3578 Verbi.
1727 3520 1979 3577 Pascitur
2020 3524 2077 3572 et

458 3626 651 3683 oculus
700 3632 887 3678 noster
942 3616 1170 3674 interior
1221 3619 1461 3674 lucernae
1511 3614 1775 3688 spiritalis
1821 3611 2027 3668 lumine
2057 3650 2074 3676 ,

463 3735 585 3789 qua:
614 3716 771 3772 nobis
802 3714 855 3768 in
887 3715 987 3766 bac
1018 3709 1205 3767 mundi
1245 3721 1404 3767 nocte
1442 3710 1734 3781 pra-lucet;
1764 3721 1830 3760 ne
1851 3705 1996 3760 sicut
2023 3703 2077 3757 in

458 3810 704 3870 tenebris
728 3805 1092 3870 ambulantes,
1142 3804 1368 3861 incertis
1393 3802 1689 3859 titubemns
1715 3798 1982 3870 vestigiis,
2023 3807 2082 3853 et

459 3906 601 3961 viam
634 3916 819 3960 veram
849 3900 1094 3954 invenire
1131 3910 1488 3968 nequeamus.
1520 3890 1885 3965 lutelligibilis
1915 3889 2080 3961 igitur

462 3999 660 4071 pedum
682 4008 925 4067 gressus,
949 3990 1305 4061 intelligibilis
1330 4000 1387 4048 et
1409 3990 1663 4055 lucerna;
1691 3987 1815 4059 quia
1838 3984 2080 4042 Verbum

469 4091 563 4146 Dei
605 4089 824 4143 lucerna
874 4095 978 4142 est.
1030 4080 1218 4140 Nonne
1250 4083 1353 4138 hoc
1385 4084 1438 4137 in
1486 4079 1756 4152 principio
1802 4087 1919 4134 erat
1947 4075 2084 4132 Ver-

468 4183 597 4238 bum
624 4180 765 4251 apud
795 4180 964 4236 Deum
992 4196 1007 4234 :
1036 4175 1312 4251 quomodo
1339 4190 1472 4246 ergo
1500 4175 1723 4230 lucerna
1741 4172 1860 4230 est?
1890 4170 2084 4227 Nonne

467 4274 572 4332 hoc
596 4282 716 4328 erat
738 4287 922 4328 vernn
962 4271 1167 4334 lumen,
1196 4266 1340 4339 quod
1372 4266 1642 4325 illuminat
1664 4279 1882 4319 omnem
1901 4260 2080 4316 hinni-

471 4384 594 4425 nem
623 4367 927 4423 venientem
959 4364 1013 4420 in
1044 4365 1188 4418 hunc
1213 4359 1469 4416 umndum
1500 4374 1516 4412 :
1546 4356 1819 4428 quomodo
1847 4370 1976 4423 ergo
1998 4352 2084 4407 lu-

473 4477 637 4519 cerua
664 4460 902 4517 dicitur?
930 4458 1119 4515 Esaias
1145 4456 1344 4511 clamat
1375 4472 1387 4506 :
1418 4452 1658 4523 Populus
1681 4451 1770 4522 qui
1794 4448 1998 4505 sedebat
2030 4447 2084 4501 in

2174 3255 2270 3313 sed
2294 3254 2601 3311 remanebis
2634 3253 2687 3309 in
2722 3252 2965 3309 tenebris
2999 3253 3285 3319 crecitatis,
3328 3252 3482 3324 quasi
3512 3253 3605 3323 qui
3637 3252 3774 3309 ode-

2176 3350 2253 3407 ris
2280 3349 2488 3415 lucem;
2518 3364 2587 3404 nc
2611 3362 2777 3418 opera
2801 3358 2890 3403 tua
2917 3346 3178 3418 ﬂagitiosa
3208 3347 3506 3418 prodantur
3535 3363 3551 3402 :
3584 3344 3774 3400 Omnis

2176 3443 2312 3498 enim
2339 3441 2432 3514 qui
2456 3440 2591 3495 male
2605 3441 2732 3513 agit,
2754 3439 2862 3494 odit
2888 3439 3073 3494 lucem.
3103 3436 3286 3512 (Joan.
3318 3454 3398 3505 111,
3413 3437 3529 3509 20).
3566 3436 3777 3494 Habeto

2182 3533 2365 3599 fidem,
2399 3533 2601 3589 habeto
2631 3530 2999 3604 prudentiam,
3027 3539 3088 3586 ut
3116 3544 3337 3599 semper
3361 3529 3565 3585 habeas
3595 3529 3654 3585 in
3682 3543 3780 3583 va-

2179 3628 2256 3682 sis
2299 3627 2402 3682 tuis
2456 3625 2636 3682 oleum
2694 3623 3108 3690 misericordia),
3154 3622 3466 3681 devotionis
3508 3622 3778 3693 gratiam;

2179 3718 2307 3790 quia
2340 3717 2637 3788 prudentes
2665 3722 2994 3786 acceperunt
3023 3714 3212 3771 oleum
3242 3715 3296 3771 in
3337 3715 3482 3770 vasis
3507 3714 3623 3770 suis
3654 3727 3783 3771 cum

2182 3808 2529 3881 lampadibus
2585 3808 2719 3863 suis.
2773 3806 3005 3880 Ungite,
3072 3821 3107 3863 ο
3156 3805 3439 3874 homines,
3499 3805 3787 3877 lampades

2185 3912 2396 3960 vestras
2443 3919 2457 3957 :
2497 3918 2620 3958 cum
2657 3901 2918 3973 jejunatis
2958 3901 3143 3972 ungite
3179 3908 3343 3972 caput
3378 3907 3644 3955 vestrum.
3692 3899 3785 3954 lu-

2187 3995 2480 4053 fnndamus
2514 3995 2787 4052 meatibus
2838 3995 3040 4051 nostris
3085 3994 3300 4062 oleum;
3334 4004 3394 4050 ut
3431 4009 3635 4065 corpus
3682 4008 3788 4048 no-

2185 4097 2358 4147 strum
2390 4087 2627 4146 lucidum
2655 4088 2748 4144 sit.
2781 4087 2986 4145 Luceat
3014 4088 3111 4144 tibi
3142 4104 3361 4165 semper
3390 4088 3615 4144 lucerna
3651 4086 3793 4145 Ver-

2185 4181 2316 4237 bum
2350 4181 2446 4237 Dei
2473 4197 2487 4234 :
2516 4180 2695 4237 luceat
2721 4189 2778 4237 et
2799 4180 3020 4238 lucerna
3049 4179 3295 4252 corporis
3319 4180 3395 4236 tui
3412 4180 3608 4236 oculus
3637 4191 3793 4237 tuus.

2183 4273 2525 4330 Conscientia
2548 4282 2636 4329 tua
2667 4273 2877 4342 lucens,
2910 4272 3051 4331 bene
3076 4273 3129 4329 in
3160 4274 3263 4329 hoc
3287 4287 3517 4342 corpore
3541 4272 3794 4331 lucerna:

2184 4368 2277 4424 lux
2309 4374 2425 4434 est;
2455 4366 2582 4439 quia
2614 4368 2727 4437 ipsa
2753 4375 2839 4424 est
2859 4367 3048 4423 oculus
3078 4375 3219 4422 tuus.
3259 4365 3338 4423 Sit
3378 4381 3545 4435 purus
3592 4367 3796 4424 oculus

2186 4470 2332 4517 tuus.
2359 4460 2418 4515 Si
2444 4458 2780 4516 conscientia
2808 4468 2894 4514 tua
2919 4458 3116 4515 munda
3144 4460 3236 4523 sit,
3281 4457 3478 4514 munda
3535 4468 3623 4515 est
3661 4473 3802 4516 caro

474 4556 714 4619 tenebris,
744 4553 910 4608 lucem
938 4550 1062 4607 υίάὶι
1102 4563 1345 4620 magna!"
1368 4543 1550 4618 (Εδαῑ-
1586 4560 1663 4610 ην
1690 4543 1760 4613 2)
1792 4558 1809 4599 1
1838 4558 2078 4614 qltomo-
2108 4575 2161 4640 Β
2188 4562 2276 4609 tua
2310 4570 2324 4606 :
2367 4553 2411 4609 si
2445 4561 2626 4608 autem
2658 4551 2948 4609 tenebrosa
2991 4559 3080 4609 est
3121 4550 3447 4608 conscientia
3475 4561 3587 4619 tua,
3619 4554 3799 4609 etiam

474 4651 544 4707 d0
576 4652 664 4706 hic
687 4648 720 4705 d
744 4658 888 4705 C'tur
913 4645 1173 4704 lucerna?

549 4744 603 4800 6.
636 4741 742 4800 Sed
770 4740 1051 4798 videamus
1073 4754 1141 4794 ne
1168 4737 1307 4793 forte
1349 4736 1494 4794 idem
1546 4736 1783 4793 Verbum
1832 4737 1926 4794 Dei
1963 4739 2087 4797 aliis

478 4853 671 4910 magna
712 4836 803 4892 lux
835 4838 932 4903 sit,
965 4834 1090 4889 aliis
1128 4834 1369 4890 lucerna.
1424 4831 1553 4889 Μιιιί
1603 4832 1849 4901 lucerna,
1879 4837 2086 4908 angelis

477 4931 568 4987 ius
595 4939 700 4986 est.
737 4930 900 4985 Petro
930 4928 1020 4984 lux
1062 4934 1203 4992 erat,
1228 4924 1451 4998 quando
1480 4925 1650 4980 astitit
1689 4928 1738 4982 ei
1765 4928 1990 4998 ang-dus
2032 4929 2083 4987 in

478 5037 724 5089 carcere,
776 5018 1432 5076 etlumeucircumlulsit
1474 5032 1599 5074 eum
1654 5016 1794 5085 (Act.
1852 5034 1950 5085 xu,
2003 5020 2082 5091 7).

479 5117 645 5173 Paulo
674 5117 763 5171 lux
798 5125 936 5180 erat,
990 5113 1208 5185 quando
1257 5120 1478 5168 euntem
1528 5110 1595 5164 ad
1646 5112 2082 5182 persequi-mlum

395 5197 398 5199 λ
483 5210 742 5282 populum
762 5207 1133 5265 Christianum
1155 5203 1515 5261 eircumfulsit
1548 5218 1674 5259 eum
1701 5204 1788 5259 lux
1821 5205 1891 5261 de
1920 5206 2081 5274 coelo,

552 5408 576 5434 ιι
606 5397 680 5454 Ita
735 5411 832 5452 sex
878 5409 1011 5448 mss.
1044 5393 1286 5448 melinris
1335 5402 1481 5449 notat
1522 5411 1534 5447 :
1570 5393 1622 5449 in
1673 5395 1795 5448 aliis
1827 5408 1980 5455 vero.
2033 5402 2087 5449 et

483 5479 598 5525 aut.
631 5465 763 5521 vdit.
803 5472 1150 5532 omittuntur,
1186 5462 1327 5520 Nam
1357 5478 1404 5519 et
1454 5465 1506 5518 in
1531 5464 1613 5519 his
1743 5476 1939 5520 montes
1967 5475 2090 5521 sunt

483 5539 811 5594 convallium.
856 5538 926 5593 At
986 5535 1146 5590 Rom.
1194 5536 1327 5591 edit.
1379 5537 1542 5590 verba
1598 5538 1678 5591 sic
1733 5541 2085 5593 inverterat:

460 5610 634 5665 'Boua
662 5610 813 5663 etiam
840 5606 1030 5678 Christi
1067 5624 1256 5678 pascua
1278 5617 1475 5663 montes
1513 5607 1827 5663 convallium
1862 5613 2005 5674 (nam
2036 5617 2086 5663 et

470 5679 542 5734 in
566 5679 647 5732 Itis
670 5679 899 5751 pascitur
925 5676 1181 5751 Christus,
1217 5679 1350 5751 sicut
1362 5679 1671 5751 popualus,
1704 5689 1793 5733 aut
1834 5678 2086 5751 [tinnulas

477 5749 769 5820 cervorum)
785 5747 882 5804 hoc
895 5758 991 5814 est,
1013 5749 1068 5804 in
1086 5747 1448 5819 splendoribus
1467 5759 1785 5815 sanctorum,
1798 5749 1950 5820 sicut,
1974 5760 2078 5807 etc.

2186 4660 2385 4716 corpus
2410 4653 2560 4700 tuum
2583 4645 2935 4702 conscientia
2958 4653 3066 4702 tua:
3094 4654 3256 4701 nocte
3287 4644 3636 4701 tenebrosum
3686 4653 3802 4701 est.

2187 4738 2450 4795 Lucerna:
2478 4753 2609 4809 ergo
2646 4747 2700 4794 et
2728 4752 2829 4793 nos
2858 4752 3046 4793 sumus
3072 4745 3188 4794 toto
3209 4736 3381 4808 operti
3412 4750 3673 4806 corpore,
3707 4738 3805 4793 vix

2185 4829 2391 4902 aliquid
2427 4829 2679 4900 exiguum
2712 4829 2972 4885 habentes
3002 4827 3147 4884 unde
3175 4828 3361 4884 lucere
3385 4826 3687 4898 possimus.

2259 4922 2316 4977 8.
2359 4924 2600 4992 Denique
2642 4932 2699 4979 et
2740 4920 2981 4978 Joannes
3018 4921 3238 4977 lucerna
3278 4928 3420 4982 erat,
3461 4920 3603 4975 sicut
3657 4919 3816 4977 dixit

2190 5014 2450 5070 Dominus
2489 5014 2559 5069 de
2593 5028 2661 5070 eo
2693 5030 2707 5067 :
2745 5011 2846 5068 ιιιε
2870 5022 2982 5068 erat
3023 5013 3236 5069 lucerna
3264 5012 3476 5079 ardens,
3506 5021 3553 5067 et
3594 5012 3816 5069 illumi-

2188 5125 2319 5163 nans
2353 5105 2534 5178 (Joan.
2569 5121 2626 5175 v,
2654 5105 2770 5179 35).
2808 5105 2956 5161 Bona
2995 5106 3240 5174 lucerna,
3277 5121 3399 5178 qua:
3429 5104 3617 5161 lumen
3653 5106 3816 5164 acci-

2187 5200 2696 5275 piebataChristo;
2749 5208 2808 5258 ut
2833 5199 3015 5259 lucere
3066 5207 3252 5273 posset
3277 5200 3331 5257 in
3385 5199 3490 5256 hoc
3540 5200 3817 5257 saeculo:
3898 5180 3905 5189 ’

2250 5392 2292 5478 ,ιι
2331 5392 2457 5478 Mss.
2509 5400 2740 5464 septem,
2770 5393 2825 5446 in
2851 5389 3039 5462 quibus
3085 5388 3256 5444 Dauid
3284 5387 3525 5460 pascebat
3556 5400 3687 5442 om
3717 5403 3825 5460 pa-

2192 5472 2289 5575 m:
2310 5466 2532 5592 ‘Sfitnes
2566 5535 2701 5591 edit.
2725 5549 2790 5590 ac
2810 5604 2813 5605 ν
2836 5531 3136 5605 ηοηῃιιιιοί
3181 5545 3350 5605 ωδε..
3380 5528 3662 5605 ﬁctilibus.
3702 5529 3824 5586 Lu-

2189 5623 2307 5662 men
2351 5608 2579 5662 lucarme
2609 5616 2707 5670 est,
2746 5604 2890 5661 mitte
2930 5599 3099 5661 oleum
3145 5619 3210 5658 ne
3247 5602 3456 5668 deﬁciat
3497 5599 3599 5670 tibi
3621 5602 3823 5657 tamen

2189 5679 2435 5734 lacerate.
2454 5677 2523 5731 Et
2568 5676 2742 5733 oleum
2787 5691 2893 5731 non
2926 5677 3056 5730 oleae
3082 5674 3364 5735 terrestris,
3414 5680 3522 5727 etc.
3566 5669 3824 5742 Septem

2187 5749 2279 5806 alii
2310 5764 2442 5807 mss.
2472 5747 2717 5806 melioris
2745 5756 2910 5816 notae,
2943 5754 3000 5801 ut
3024 5759 3122 5802 nos
3152 5745 3205 5801 in
3239 5751 3410 5809 textu.
