3948 6382
437 350 577 410 1385

1787 346 2034 405 SANCTI
2073 347 2402 405 AMBROS“

3600 349 3732 406 1396

434 470 538 525 dati
579 467 888 525 accendunt
931 466 1174 537 quotidie
1230 464 1724 538 (Exodxxvuflti).
1767 465 1878 520 Illae
1931 465 2034 521 sub
2061 467 2108 527 Α
2139 465 2468 520 Humiliutus
2502 481 2616 520 sunt
2652 480 3026 535 usquequaque.
3066 463 3178 520 Vox
3217 464 3546 521 ambulantis
3574 465 3626 520 in
3659 469 3736 522 lu.

436 563 624 618 umbra
657 563 861 622 lucent.
893 571 944 616 et
969 560 1380 629 exstinguuntur
1407 558 1674 629 quotidie;
1725 559 1851 628 quia
1892 558 2036 628 quod

434 657 659 719 faciunt,
693 637 797 710 non
815 653 998 709 vident
1025 653 1200 723 :quod
1229 653 1434 722 legunt,
1465 650 1734 717 m-scinnt,
1767 650 2036 720 accipien-

433 760 514 806 tes
551 749 846 805 secundum
896 748 1131 802 litteram
1197 746 1338 816 quod
1385 747 1694 816 praecipitur
1739 746 2036 801 secundum

430 841 705 912 spiritum.
763 838 1196 893 Tabernaculum
1251 838 1395 890 enim
1457 835 1778 892 Testimonii
1830 850 2030 906 corpus

432 937 535 989 hoc
581 944 828 988 nostrum
868 940 973 999 est,
999 933 1050 987 in
1082 947 1191 1002 quo
1227 928 1476 986 Christus
1514 930 1752 996 advenit,
1797 945 1894 1001 per
1921 945 2038 986 am-

427 1028 570 1098 plius
599 1035 655 1082 et
677 1024 967 1095 perfectius
991 1025 1424 1089 tabernaculum,
1451 1025 1595 1078 sicut
1619 1023 1882 1092 scriptum
1914 1035 2029 1089 est;

426 1119 588 1191 (Ileb.
622 1135 698 1186 ιι,
735 1119 794 1174 11
833 1127 880 1172 et
913 1117 1033 1189 1‘2);
1085 1126 1144 1172 ut
1185 1133 1279 1185 per
1323 1117 1640 1187 sanguinem
1671 1131 1826 1170 suum
1862 1117 2031 1170 intra-

426 1221 511 1267 ret
555 1212 610 1267 in
659 1219 872 1277 sancta,
931 1218 986 1266 et
1029 1210 1420 1265 conscientiam
1486 1218 1725 1263 nostram
1774 1208 1844 1262 ab
1881 1208 2032 1264 omni

430 1320 599 1373 opere
627 1314 964 1359 mortuorum
987 1315 1041 1358 et
1060 1303 1180 1358 labe
1209 1301 1534 1366 mundaret;
1565 1317 1673 1372 quo
1705 1301 1756 1355 in
1782 1301 2031 1370 corpori—

424 1397 527 1452 bus
553 1397 778 1461 nosnis,
805 1411 924 1466 qua)
953 1411 1174 1450 suorum
1205 1394 1517 1451 testimonio
1544 1400 1601 1448 et
1620 1394 1882 1465 qualitate
1922 1395 2032 1448 fac-

427 1499 604 1544 torum
640 1488 1028 1560 cogitationum
1071 1499 1377 1543 nostrarum
1417 1487 1736 1542 abscondita
1765 1497 1820 1541 et
1847 1487 2032 1543 occul-

425 1592 476 1635 ta
504 1589 795 1644 testantur,
825 1580 1172 1634 lucernarum
1202 1579 1365 1634 modo
1403 1579 1586 1635 luceat
1611 1589 1918 1635 nostrarum
1940 1581 2030 1635 lux

423 1673 566 1729 clara
583 1673 860 1727 virtutum.
880 1671 1002 1726 Ista:
1025 1681 1150 1727 sunt
1175 1671 1413 1727 lucerna:
1430 1674 1704 1735 ardentes,
1720 1688 1838 1743 qum
1852 1671 1941 1727 die
1964 1687 2030 1728 ac

421 1775 582 1823 nocte
610 1767 662 1822 in
689 1767 892 1832 templo
908 1766 1000 1821 Dei
1024 1767 1222 1821 lucent.
1248 1765 1303 1821 Si
1320 1765 1576 1836 templum
1604 1765 1698 1820 Dei
1721 1767 1774 1819 in
1800 1776 2030 1833 corpore

2144 562 2288 614 mine
2317 569 2402 615 est
2428 575 2550 613 cum
2579 559 2903 614 auctoritate
2929 560 3114 614 dicere
3149 577 3163 612 :
3191 558 3377 613 Juravi
3401 599 3415 623 ,
3452 559 3662 632 1145
3689 569 3735 616 et

2139 653 2318 706 statui.
2350 653 2450 720 Qui
2480 653 2624 706 enim
2653 652 2859 717 statuit,
2895 667 3002 707 non
3033 662 3302 717 movetur,
3327 669 3436 707 non
3463 653 3650 707 tttetttit
3673 669 3735 710 ne

2139 746 2317 810 cadat,
2344 748 2468 814 quia
2497 747 2615 814 plus
2648 754 2733 801 est
2757 757 3021 814 Statucre,
3049 762 3210 816 quam
3237 757 3406 802 stare.
3438 745 3555 801 Stat
3584 746 3737 817 igitur

2140 839 2308 896 David
2341 839 2536 896 mentis
2566 842 2801 895 statione
2833 841 3085 895 fundatus
3110 880 3126 906 ,
3160 855 3259 894 nec
3291 842 3446 894 timet
3473 853 3543 894 ne
3578 843 3630 894 in
3660 839 3735 896 bis

2140 933 2329 988 mundi
2355 935 2513 1002 hujus
2541 933 2789 989 tenebris
2830 933 3000 1003 possit
3025 945 3245 992 errare;
3275 932 3319 985 si
3359 932 3504 986 enim
3537 942 3738 988 metue-

2136 1036 2258 1092 ret,
2291 1041 2397 1080 non
2421 1026 2670 1096 jnraret:
2703 1025 2750 1080 si
2783 1026 3111 1097 trepidaret,
3143 1032 3327 1080 utrum
3353 1025 3531 1078 divina
3563 1033 3738 1094 posset

2137 1117 2413 1172 custodire
2458 1117 2660 1188 judicia
2688 1159 2702 1182 ,
2753 1132 2860 1171 non
2911 1133 3032 1171 cum
3076 1116 3431 1187 jurisjurandi
3471 1124 3734 1174 statueret

2137 1219 2502 1266 Sacramenta.
2546 1209 2716 1264 Nemo
2749 1209 2889 1265 bene
2915 1210 3086 1279 jurat,
3111 1209 3216 1264 nisi
3253 1210 3344 1278 qui
3377 1217 3556 1279 potest
3603 1210 3739 1266 scire

2132 1302 2277 1372 quod
2297 1303 2464 1370 jurat.
2491 1300 2683 1357 Jurare
2703 1300 2890 1371 igitur,
2921 1300 3179 1354 indicium
3202 1300 3469 1364 scientiae,
3500 1301 3741 1355 testimo-

2135 1396 2282 1451 nium
2306 1395 2658 1451 conscientite
2679 1404 2784 1449 est.
2814 1394 2879 1449 Et
2901 1393 3036 1449 bene
3055 1393 3226 1464 jurat,
3254 1393 3347 1463 qui
3368 1392 3437 1448 ad
3466 1392 3738 1449 lucernam

2134 1487 2287 1543 verbi
2319 1487 2486 1557 pedes
2524 1501 2653 1543 suos
2682 1486 2900 1557 dirigit,
2935 1485 3030 1555 qui
3062 1488 3238 1542 lucem
3285 1487 3340 1540 in
3377 1487 3588 1540 semitis
3633 1486 3742 1542 suis

2134 1580 2333 1634 cernit.
2381 1577 2500 1633 Lux
2546 1577 2640 1632 tibi
2686 1587 2909 1648 praeeat,
2934 1577 2979 1632 si
3012 1577 3197 1647 jUrare
3225 1576 3507 1647 disponis,
3541 1576 3593 1632 id
3639 1588 3738 1644 cst,

2132 1674 2374 1744 Cognitio
2398 1672 2643 1728 veritatis
2684 1673 2986 1742 praecedat;
3016 1679 3074 1726 ut
3103 1671 3376 1726 vinculum
3409 1670 3736 1726 sacramenti

2135 1767 2227 1822 tibi
2261 1782 2368 1822 non
2404 1766 2574 1836 possit
2609 1779 2825 1820 nocere.
2859 1764 2964 1821 Ubi
2993 1763 3180 1835 religio
3209 1764 3481 1834 sanctior),
3506 1764 3578 1818 ibi
3607 1764 3740 1820 lides

422 1876 516 1921 tuo
533 1881 741 1928 servas,
767 1864 810 1918 si
827 1863 1066 1918 membra
1092 1873 1180 1917 tua
1199 1862 1438 1918 membra
1462 1859 1822 1925 sunthristi,
1847 1859 2029 1914 lucent
2059 1859 2107 1919 B
2136 1861 2375 1916 veritatis
2402 1869 2488 1915 est
2515 1859 2743 1930 plenior.
2778 1858 3022 1928 Denique
3053 1857 3175 1913 ideo
3208 1857 3490 1922 Dominus,
3516 1859 3610 1928 qui
3638 1873 3724 1914 ve.

424 1959 653 2015 virtutes
679 1966 806 2024 ture,
831 1973 965 2026 quas
987 1956 1168 2012 nullus
1185 1956 1502 2027 exstinguit,
1519 1955 1620 2010 nisi
1644 1970 1737 2011 eas
1752 1964 1900 2009 tuum
1923 1953 2034 2009 cri-

423 2066 547 2106 men
579 2047 930 2105 ex'stinxerit.
952 2049 1065 2103 lloe
1097 2048 1472 2104 luminecasta:
1491 2050 1689 2101 mentis
1718 2055 1774 2101 et
1803 2047 1903 2115 pia:
1929 2045 2029 2102 de-

421 2144 657 2202 v0tioois
678 2143 1039 2198 solemnitatis
1073 2152 1275 2197 nostrae
1302 2140 1438 2195 festa
1476 2138 1882 2210 resplendeant.

492 2236 581 2293 12.
614 2235 813 2292 Luceat
844 2251 976 2306 ergo
1005 2249 1223 2305 semper
1262 2235 1484 2288 lucerna
1514 2241 1622 2287 tua.
1656 2233 1846 2301 Arguit
1871 2228 2033 2284 Citri-

419 2341 534 2386 stus
567 2327 730 2385 etiam
771 2343 865 2384 eos
904 2329 997 2399 qui
1036 2338 1258 2382 utuntur
1283 2328 1540 2393 lucerna,
1569 2326 1614 2379 si
1657 2340 1764 2379 non
1810 2338 2031 2393 semper

418 2432 658 2488 utantur,
683 2422 872 2476 dicens
901 2440 914 2474 :
943 2420 1064 2475 Sint
1093 2419 1253 2474 lumbi
1286 2419 1441 2473 vestri
1464 2417 1728 2491 praecincti
1747 2458 1762 2482 ,
1790 2425 1836 2470 et
1864 2417 2031 2470 lucer-

416 2532 499 2571 na:
518 2517 758 2571 ardentes
784 2513 938 2587 (Luc.
963 2529 1056 2575 xtl,
1089 2513 1204 2585 55).
1231 2512 1348 2568 Νοιι
1381 2512 1444 2567 ad
1474 2511 1663 2565 horam
1694 2509 2029 2564 eXsultemus

415 2607 470 2663 in
500 2609 726 2663 lumine.
770 2607 850 2661 Ad
895 2606 1084 2660 horam
1113 2605 1383 2670 exsultat,
1407 2603 1498 2675 qui
1531 2602 1680 2658 audit
1714 2602 1935 2657 verbum
1973 2601 2026 2654 in

416 2699 657 2756 Ecclesia
684 2708 739 2754 et
766 2698 965 2770 gaudet
991 2715 1005 2750 :
1035 2711 1290 2768 egresms
1319 2707 1498 2752 autem
1527 2693 1862 2750 oblivi<citur
1883 2691 2026 2762 quod

414 2793 642 2858 audivit,
668 2803 721 2846 et
755 2792 997 2862 negligit.
1025 2791 1129 2846 lste
1151 2790 1344 2860 estqui
1372 2789 1491 2844 sine
1516 2787 1738 2843 lucerna
1770 2787 1824 2842 in
1864 2785 2027 2841 domo

415 2901 511 2941 sua
558 2885 838 2950 ambulat;
898 2885 1129 2954 ichque
1187 2886 1238 2938 in
1299 2882 1539 2938 tenebris
1599 2881 1878 2945 ambulat,
1933 2879 2028 2951 qui

413 2993 577 3046 opera
610 2978 957 3032 tenebrarum
987 2976 1133 3040 facit,
1167 2977 1219 3030 in
1245 2975 1734 3030 comessationibns
1759 2985 1814 3028 et
1845 2974 2024 3029 ebrie-

413 3070 617 3126 tatibus
639 3112 654 3136 ,
687 3070 740 3124 in
769 3069 1038 3125 cubilibus
1061 3078 1117 3124 et
1157 3068 1513 3138 impudicitiis
1532 3109 1546 3133 ,
1576 3068 1628 3121 in
1657 3067 2023 3122 contentioni-

411 3164 513 3219 bus
549 3172 605 3218 et
640 3162 1111 3227 mniulationihus,
1160 3160 1381 3216 indutus
1408 3159 1732 3214 vestimenta
1779 3159 2019 3225 diaboli,

2133 1956 2214 2010 nit
2241 1955 2444 2010 docere
2486 1954 2760 2024 parvulos,
2789 1953 3033 2008 imbuerc
3063 1967 3238 2006 novos
3259 1991 3275 2017 ,
3310 1960 3336 1988 ει
3368 1950 3592 2006 iii-inare
3624 1968 3742 2022 per-

2131 2047 2336 2114 fectos,
2385 2048 2461 2100 ait
2509 2047 2560 2100 in
2618 2045 2920 2114 Evangelio
2963 2061 2977 2097 :
3027 2043 3153 2098 Non
3197 2042 3487 2114 furandum
3533 2045 3741 2099 omnino

2133 2137 2350 2211 (Matth.
2391 2154 2447 2205 v,
2489 2139 2613 2209 '54);
2656 2139 2778 2206 quia
2829 2137 3058 2192 infirmis
3099 2137 3447 2208 loquebatur.
3500 2136 3742 2210 Denique

2132 2246 2239 2285 non
2269 2231 2336 2284 ad
2367 2230 2515 2284 solos-
2557 2229 2836 2300 apostolos
2878 2229 3202 2300 loquebatur
3229 2269 3245 2294 ,
3269 2230 3364 2284 sed
3395 2229 3463 2284 ad
3514 2231 3698 2286 turbas
3723 2245 3739 2296 ;

2131 2324 2303 2379 voluit
2345 2324 2489 2379 enim
2541 2334 2590 2378 te
2638 2338 2747 2378 non
2779 2327 2988 2390 jurare,
3016 2339 3084 2378 ne
3112 2326 3382 2393 perjures.
3422 2322 3490 2378 Et
3533 2324 3737 2380 addidit

2132 2430 2240 2469 non
2260 2414 2447 2484 jurare
2469 2415 2695 2469 omnino
2719 2431 2895 2486 neque
2927 2431 3023 2484 per
3051 2416 3275 2481 coelum,
3307 2431 3481 2486 neque
3512 2432 3612 2486 per
3636 2427 3738 2473 ter-

2131 2521 2287 2572 ram,
2337 2521 2514 2576 neque
2560 2522 2656 2576 per
2713 2507 3178 2578 llieromlymam,
3225 2523 3400 2579 neque
3437 2524 3534 2579 per
3581 2517 3740 2580 caput

2133 2607 2281 2653 tuum
2313 2597 2730 2670 (lbid.,'5£-56),
2767 2616 2861 2669 per
2893 2601 3010 2655 banc
3037 2599 3295 2656 videlicet
3335 2616 3458 2671 quae
3495 2601 3739 2671 subjecta

2133 2708 2240 2746 non
2273 2702 2401 2746 sunt
2431 2703 2534 2746 tute
2566 2693 2840 2762 potestati.
2873 2691 3080 2746 Juruvit
3103 2690 3382 2759 Dominus,
3406 2710 3497 2748 nec
3526 2695 3741 2762 panite-

2130 2783 2201 2840 6it
2246 2803 2361 2841 eum
2391 2785 2564 2858 (Paul.
2603 2801 2714 2854 cu,
2746 2786 2828 2857 i).
2863 2786 3018 2842 Juret
3055 2803 3186 2857 ergo
3221 2787 3310 2842 ille
3352 2804 3514 2856 quem
3557 2803 3739 2844 sacra-

2131 2882 2297 2936 menti
2327 2884 2409 2936 sui
2449 2879 2718 2950 poenitere
2749 2895 2857 2934 non
2895 2883 3119 2951 poterit.
3149 2882 3214 2936 Et
3241 2880 3371 2950 quid
3393 2879 3602 2950 iuravit
3631 2881 3738 2936 Do-

2131 2973 2488 3041 minus?Quia
2509 2970 2760 3028 Christus
2781 2973 2833 3026 in
2856 2985 3117 3028 aeternum
3142 2973 3398 3029 sacerdos
3415 2986 3493 3028 est
3514 2972 3734 3045 (lbid.).

2129 3066 2401 3136 Numquid
2449 3068 2750 3132 incertum,
2784 3066 3043 3136 ntnnquid
3073 3067 3415 3138 impossibile
3442 3078 3558 3122 erat
3589 3068 3736 3138 quod

2123 3164 2326 3233 juravit
2357 3162 2667 3217 Dominus?
2705 3162 2974 3232 Numquid
3019 3172 3228 3230 poterat
3258 3177 3379 3218 εεδο
3420 3162 3732 3218 mutabile?

415 3270 520 3309 non
557 3255 856 3310 Christum.
895 3254 1020 3309 llmc
1049 3253 1187 3310 linnt
1222 3251 1440 3322 quando
1473 3251 1620 3305 verbi
1663 3251 1881 3305 lucerna
1915 3265 2022 3305 non
2051 3243 2096 3306 C
2127 3254 2246 3310 Noli
2276 3271 2406 3325 ergo
2444 3270 2708 3325 usurpare
2739 3255 3053 3322 exemplum
3101 3255 3466 3320 sacramenti,
3508 3256 3600 3326 qui
3637 3257 3737 3310 im-

414 3348 579 3403 lucct.
623 3341 926 3418 Numquam
972 3361 1103 3417 ergo
1142 3344 1476 3415 negligamus
1517 3344 1740 3400 verbum
1786 3344 2005 3400 Domini

417 3458 482 3498 ex
513 3458 620 3514 quo
649 3443 805 3496 nobis
836 3442 1076 3496 ninnium
1108 3440 1265 3511 origo
1293 3440 1549 3494 virtutum
1578 3445 1664 3493 est
1686 3480 1699 3503 ,
1735 3441 2020 3493 universo-

414 3549 644 3604 rumque
675 3549 898 3603 operum
932 3533 1147 3602 quidam
1181 3546 1490 3602 processus.
1531 3529 1586 3586 Si
1619 3530 1859 3585 membra
1901 3545 2020 3584 cor-

414 3627 565 3696 poris
594 3627 763 3681 nosni
794 3626 912 3680 sine
940 3625 1061 3681 luce
1085 3624 1299 3694 operari
1335 3632 1479 3678 recte
1506 3639 1611 3678 non
1637 3631 1842 3692 queunt
1871 3621 2015 3696 (nam

415 3720 583 3790 pedes
604 3720 856 3776 vacillant
885 3721 1002 3774 sine
1026 3719 1248 3783 lumine,
1278 3719 1536 3783 etftnanns
1559 3717 1788 3788 errant),
1815 3726 2018 3788 quanto

416 3813 590 3884 magis
615 3811 681 3868 ad
707 3811 856 3868 verbi
886 3812 1067 3867 lumen
1097 3810 1378 3880 dirigenda
1421 3817 1546 3864 sunt
1580 3811 1775 3864 animae
1818 3821 2019 3864 nostra:

414 3907 661 3977 vestigia.
691 3920 854 3976 atque
897 3908 1095 3960 mentis
1125 3905 1401 3960 incessus!
1428 3903 1566 3959 Sunt
1596 3913 1652 3959 et
1683 3921 1875 3959 manus
1904 3905 2018 3958 ani-

416 4016 518 4055 mae
544 4016 666 4070 qme
703 4001 840 4056 bene
872 4009 1119 4070 tangunt,
1142 4008 1207 4076 ut
1237 4000 1412 4070 tetigit
1441 3999 1678 4054 Thomas
1721 3999 2017 4056 Dominicte

411 4093 828 4148 resurrectionis
862 4092 1057 4147 indicia
1095 4090 1274 4160 (Joan.
1318 4107 1414 4159 xx,
1442 4091 1570 4163 27),
1601 4093 1646 4146 si
1677 4093 1826 4147 verbi
1879 4109 2016 4162 prae-

412 4183 584 4236 sentis
612 4181 767 4236 nobis
796 4181 978 4236 lumen
1019 4181 1220 4236 luceat.
1265 4177 1389 4236 lltec
1415 4181 1639 4237 lucerna
1679 4199 1906 4239 accensa
1940 4185 2017 4240 sit

409 4274 464 4328 in
507 4273 656 4327 omni
689 4272 880 4335 verbo,
912 4275 963 4327 in
1009 4273 1156 4327 omni
1201 4289 1390 4342 opere.
1419 4267 1501 4328 Ad
1551 4278 1687 4330 hanc
1736 4279 2012 4334 lucernam

409 4380 632 4438 gressus
661 4375 845 4422 noster
870 4364 1104 4420 foren'sis
1136 4365 1489 4437 internusqne
1517 4378 1818 4424 moveatur.

483 4459 571 4514 l3.
605 4445 713 4514 Sed
736 4457 849 4528 jam
879 4458 1289 4529 progrediamur
1309 4458 1378 4512 ad
1404 4466 1624 4524 cattera,
1652 4467 1706 4514 et
1738 4460 1829 4514 liat
1863 4447 2013 4530 pedi-

409 4552 512 4610 bus
541 4551 679 4606 meis
705 4551 924 4606 lucerna
954 4552 1178 4606 verbum
1212 4550 1306 4606 Dei
1332 4592 1346 4613 .
1374 4559 1431 4607 et
1470 4552 1683 4609 semitis
1713 4553 1850 4610 meis
1895 4556 2006 4612 lux.

2130 3345 2658 3417 plcndisacramenti
2691 3362 2795 3401 non
2825 3347 2991 3402 habes
3024 3357 3368 3416 potestatem.

2199 3439 2290 3494 15.
2336 3438 2475 3504 Quid
2528 3439 2688 3508 igitur
2731 3437 2932 3508 iuravit
2972 3437 3180 3493 David?
3212 3438 3482 3494 Custodire
3519 3440 3733 3510 judicia
3816 3486 3823 3494 .

2115 3531 2335 3602 justitia:
2360 3529 2593 3586 Domini.
2618 3529 2676 3585 In
2700 3531 2848 3585 nullo
2873 3529 3122 3586 videlicet
3145 3531 3256 3600 jam
3277 3530 3732 3603 perfectum,jam

2122 3624 2453 3679 instructum
2479 3623 2675 3678 divina:
2699 3624 2927 3694 justitim
2955 3624 3242 3679 movebant
3270 3624 3497 3695 judicia.
3531 3627 3734 3695 Quanti

2123 3733 2430 3786 moventur,
2459 3735 2582 3774 cum
2630 3720 2824 3775 vident
2853 3720 3060 3789 justum
3092 3722 3328 3793 aliquem
3375 3723 3630 3778 orbatum
3673 3725 3733 3779 li-

2122 3811 2287 3876 beris,
2318 3811 2724 3881 diSpendiisque
2752 3812 3125 3881 frequentibus
3142 3814 3208 3867 ad
3234 3815 3434 3869 ultima:
3464 3820 3731 3884 egestatis

2121 3905 2411 3961 deductum
2455 3907 2860 3972 necessitatem,
2895 3918 2951 3962 ut
2983 3909 3098 3978 ipsa
3124 3910 3503 3962 alimentorum
3534 3909 3722 3964 subsi-

2120 3999 2206 4053 dia
2239 3998 2440 4054 habere
2489 4014 2595 4054 non
2647 4000 2854 4069 possit:
2886 4000 3114 4055 fractum
3163 4001 3486 4072 aegritudine
3529 4004 3688 4073 gravi
3715 4043 3731 4068 ,

2121 4102 2175 4148 et
2221 4103 2475 4163 perpetua
2527 4093 2802 4148 debilitate
2842 4104 3122 4160 vexatum,
3182 4104 3239 4149 ut
3281 4095 3434 4150 obire
3484 4109 3730 4166 nequeat

2119 4187 2424 4240 communis
2472 4185 2652 4240 officia
2706 4186 2946 4241 naturae?
2973 4185 3079 4242 Sed
3107 4187 3199 4256 qui
3247 4187 3433 4241 firmus
3463 4197 3586 4255 est,
3617 4205 3731 4244 non

2117 4288 2385 4345 movetur,
2420 4289 2474 4334 et
2524 4279 2570 4333 is
2610 4279 2781 4350 magis
2822 4279 3076 4350 intelligit
3109 4280 3372 4349 justitiam
3399 4279 3489 4334 Dei
3522 4282 3731 4350 praedi-

2117 4372 2523 4440 candam;quia
2553 4371 2782 4451 corripit
2823 4373 3084 4430 Dominus
3116 4390 3272 4442 quem
3311 4373 3506 4444 diligit.
3544 4374 3730 4430 Num-

2114 4464 2242 4535 quid
2265 4479 2372 4520 non
2396 4465 2730 4536 frequentius
2753 4467 3040 4536 corripitur
3059 4468 3226 4534 filius,
3251 4483 3412 4538 quam
3430 4471 3729 4525 servulus?

2115 4557 2318 4627 lnjusta
2340 4572 2471 4628 ergo
2517 4560 2689 4627 pietas
2719 4559 2908 4630 patris.
2942 4561 3112 4630 magis
3140 4575 3301 4632 quam
3333 4561 3537 4616 domini
3563 4579 3731 4619 seve-

408 4645 646 4702 Pedihus
685 4647 908 4702 lucerna
941 4646 1075 4702 satis
1120 4655 1204 4702 est
1239 4647 1305 4700 ad
1346 4646 1768 4712 ambulandum,
1803 4647 2010 4705 semitis
2039 4633 2089 4694 D
2117 4649 2288 4705 ritas?
2321 4652 2710 4721 Asperioribus
2757 4664 2978 4708 exercet
3005 4662 3162 4724 pater
3189 4654 3390 4719 lilium,
3417 4670 3577 4724 quam
3616 4657 3727 4711 dn-

411 4754 520 4797 non
563 4749 648 4797 est
691 4741 823 4796 satis
863 4741 928 4796 ad
971 4740 1384 4796 illuminandunt
1420 4759 1433 4796 :
1474 4741 1616 4797 idem
1646 4743 1880 4799 Verbum
1933 4757 2010 4800 ta-

408 4845 533 4888 men
557 4840 617 4887 et
643 4832 870 4900 pedibus
895 4833 1112 4888 lucerna
1137 4842 1222 4889 est
1243 4875 1260 4901 ,
1285 4843 1337 4890 et
1367 4836 1579 4891 semitis
1610 4835 1700 4890 lux
1731 4847 1854 4901 est;
1883 4838 2008 4908 quia

401 4927 548 4984 idem
579 4929 885 5000 unigenitns
917 4929 1012 4985 Dei
1052 4929 1193 4985 ﬁlius
1229 4942 1282 4986 et
1310 4930 1749 5003 delinquentibus
1779 4933 2009 4989 advoca-

408 5031 514 5087 tus,
543 5031 600 5077 et
627 5034 1006 5079 remuneratur
1033 5036 1116 5080 est
1146 5024 1374 5082 fortibus
1397 5069 1413 5092 ,
1443 5035 1784 5097 peccatorum
1815 5030 2006 5084 remis-

407 5131 520 5183 sor,
547 5115 893 5188 prtemiorum
923 5117 1166 5189 largitor.
1619 5174 1628 5180 _

483 5209 572 5266 14.
604 5210 793 5283 (Vcrs.
819 5209 971 5284 106.)
996 5213 1180 5284 Itaque
1213 5213 1298 5268 cui
1334 5212 1553 5269 lucerna
1591 5209 2005 5273 fueritVerbnm

407 5300 524 5365 Dei.
543 5302 667 5358 huic
682 5305 1022 5376 quocumque
1042 5305 1236 5376 pergit,
1253 5306 1436 5361 lucent
1453 5307 1681 5374 semita»,
1704 5307 1846 5364 sicut
1864 5309 2006 5364 luce-

403 5393 536 5452 bant
566 5396 755 5451 sancto
782 5389 988 5464 David;
1017 5407 1070 5451 et
1103 5397 1225 5452 ideo
1249 5391 1398 5468 quasi
1420 5399 1472 5453 in
1503 5391 1704 5455 lumine
1720 5400 2004 5456 ambulans

399 5488 571 5544 dicit:
598 5489 784 5546 Jurooi
802 5533 817 5559 ,
847 5501 896 5547 et
921 5492 1078 5546 statui
1111 5491 1372 5547 custodire
1399 5491 1605 5566 judicia
1624 5493 1850 5565 justitite
1875 5503 2001 5571 tuae.

474 5641 654 5697 'Mss.
696 5656 900 5718 novem
927 5685 941 5704 ,
982 5645 1191 5711 ﬁrmare
1235 5646 1581 5718 imperfectos.
1615 5645 1893 5718 Reliqui,
1940 5659 1996 5705 et

401 5725 614 5788 cunctae
644 5714 804 5788 edit.,
842 5714 1057 5788 ﬁrmare
1097 5714 1372 5788 perfectos.
1405 5714 1551 5786 Quid
1581 5717 1628 5773 si
1677 5714 2001 5788 legendum,

407 5785 636 5854 formare
656 5786 817 5854 imper
825 5788 862 5854 [ο
872 5786 1022 5840 ctos?

472 5851 499 5891 δ
532 5850 772 5910 εταάίιὶο
795 5851 886 5917 hic
909 5856 1261 5925 idem-sonat,
1292 5873 1355 5912 ac
1387 5857 1676 5916 verborum
1697 5860 2000 5940 castigatio.

2117 4742 2295 4798 minus
2333 4745 2705 4801 vernaculum.
2738 4745 2844 4800 Sed
2883 4745 3016 4800 dura
3043 4747 3212 4816 patris
3241 4762 3348 4801 non
3376 4748 3730 4803 aestimantur

2115 4837 2388 4906 impertita
2438 4837 2830 4910 ﬂagella;quia
2876 4839 2989 4895 vult
3017 4839 3185 4895 lilium
3232 4839 3511 4896 meliorem
3552 4857 3726 4912 esse,

2111 4943 2271 5002 quam
2301 4932 2594 4987 servulum.
2628 4931 2656 4971 δ
2679 4933 2926 4989 Eruditio
2976 4951 3105 5006 ergo
3152 4935 3310 5006 plena
3339 4935 3568 5005 iustitia:
3609 4940 3728 4993 est.

2183 5025 2271 5082 l6.
2298 5027 2528 5082 Orbatus
2558 5038 2638 5083 est
2693 5037 2911 5085 sanctus
2955 5027 3057 5084 Job
3109 5029 3294 5085 liberis
3324 5029 3458 5097 suis,
3492 5029 3545 5084 in
3574 5048 3730 5102 quos

2112 5119 2373 5176 Dominus
2399 5131 2722 5192 potestatem
2747 5121 2969 5177 diabolo
2999 5122 3166 5178 dedit.
3197 5122 3468 5193 Numquid
3495 5123 3731 5194 iniquus

2111 5213 2288 5269 Deus?
2310 5215 2468 5270 Absit
2499 5232 2511 5268 :
2542 5215 2709 5269 immo
2738 5214 2946 5282 justus;
2977 5217 3101 5286 quia
3144 5218 3467 5286 probaturus
3499 5216 3729 5286 justum

2107 5318 2298 5374 suutn,
2332 5320 2426 5376 per
2470 5305 2776 5376 hujttsmodi
2819 5309 3075 5364 exercitia
3106 5309 3160 5362 in
3193 5308 3388 5379 quibus
3412 5308 3534 5378 ejus
3575 5322 3672 5365 est
3702 5317 3726 5344 ο

2108 5401 2333 5470 probata
2356 5399 2632 5471 patientia,
2656 5391 2825 5472 magis
2847 5401 3067 5472 dignum
3095 5404 3182 5474 qui
3208 5402 3549 5472 probaretur,
3584 5403 3732 5461 ell‘e-

2107 5496 2197 5550 cit.
2222 5496 2341 5563 Quo
2369 5494 2513 5551 enim
2544 5495 2745 5550 clarius
2769 5497 3024 5552 meritum
3051 5497 3317 5561 coronati,
3352 5494 3457 5550 hoc
3486 5496 3731 5556 uberior

2179 5662 2200 5690 ε
2225 5651 2352 5725 biss.
2385 5668 2491 5707 non
2524 5655 2707 5722 pauci,
2736 5669 2801 5709 ac
2824 5662 3042 5710 veteres
3072 5654 3228 5718 edit.,
3258 5653 3477 5724 probata
3500 5658 3733 5725 sapien-

2106 5723 2421 5806 tiazblelius
2452 5735 2631 5781 tamen
2663 5725 2758 5781 alii
2787 5741 2921 5783 mss.
2971 5741 3036 5782 ac
3078 5725 3237 5782 Rom.
3261 5723 3265 5724 ⁷
3290 5726 3455 5792 edit.,
3485 5723 3731 5797 probata

2107 5805 2377 5848 patientia.

2106 5808 2377 5867 patientia.
