3948 6340
210 326 328 383 1597

1266 320 1331 376 IN
1369 318 1696 377 PSALMUM
1735 319 1952 378 CXVIII
1991 319 2380 378 ιιιροειτιο.

3332 328 3356 382 ί
3368 324 3476 384 398

195 441 378 512 justitia
401 437 722 494 coronantis.
753 436 992 493 Nudatos
1015 446 1102 492 est
1145 435 1491 492 facultatibus
1516 446 1643 490 cum
1674 434 1757 489 di-
1784 437 1841 498 Α
1865 450 2026 506 quam
2071 437 2452 503 creationem;
2504 437 2631 508 quia
2676 439 2844 494 creati
2873 440 2944 494 ad
2989 439 3229 495 laborem
3265 453 3478 508 sumus,

201 549 282 590 ves
305 545 469 598 esset,
491 541 546 586 et
588 533 705 586 haec
737 531 845 586 Deo
873 530 1040 585 subiit
1069 531 1427 600 permittente
1448 527 1754 596 dispendia.

198 626 297 682 Non
324 639 466 681 erant
499 624 743 693 pecnnia-
768 623 882 693 j‘tm
899 623 1232 688 datnna,sed
1261 629 1414 683 vitae;
1450 638 1573 679 cum
1603 622 1761 677 dees-

195 730 267 776 set
293 718 556 780 alimoaia,
584 717 857 785 ademptis
879 718 1159 772 omnibus.
1190 717 1326 782 Quis
1356 723 1578 770 accuset
1595 715 1760 784 justi-

199 815 306 868 tiam
326 811 444 878 Dei;
467 826 586 866 cum
610 809 714 866 Job
731 811 899 864 sinon
922 810 1427 866 omnetttamisisset
1451 810 1758 880 pecuniam,

198 920 288 960 non
314 911 506 957 mitam
537 904 834 958 invenisset
859 903 1136 972 gratiam?
1166 901 1441 958 Athletam
1471 918 1624 956 suum
1665 918 1764 956 nu-

195 999 303 1054 dum
341 1013 531 1066 erigere
574 997 744 1052 voluit
794 997 985 1052 Deus.
1023 994 1150 1052 oleo
1199 996 1558 1066 ptenitetitim;
1604 1005 1662 1050 ut
1707 1005 1766 1051 et

202 1089 382 1164 1156
418 1089 701 1144 subeundo
749 1087 957 1144 ticeret
999 1088 1284 1143 certamini
1337 1087 1656 1150 fortiorem.
1709 1095 1767 1142 et

193 1181 450 1237 emerendo
471 1181 699 1250 pratulo
719 1179 1046 1250 digniorem.
1081 1179 1338 1234 Perfusus
1369 1187 1538 1233 totum
1565 1193 1766 1248 corpus

195 1277 391 1331 vulnere
437 1274 613 1345 gravi.
647 1275 876 1329 sedebat
917 1277 972 1328 in
1016 1285 1291 1336 stercore,
1315 1273 1518 1328 radens
1556 1274 1766 1328 saniem

193 1367 325 1422 saevis
352 1369 588 1422 ulcerum
622 1367 889 1422 vibicibus
917 1365 1248 1421 deﬂuentem
1281 1382 1295 1419 :
1327 1367 1509 1421 ethoc
1539 1367 1767 1435 permis-

195 1475 246 1514 su
277 1459 471 1514 Domini
517 1459 772 1513 diabolus
819 1459 1074 1513 intulerat
1113 1460 1262 1529 justo
1311 1459 1447 1514 viro.
1480 1459 1769 1514 Videretur

195 1555 360 1608 vicisse
379 1553 478 1607 sibi
501 1551 782 1616 diabolus,
807 1553 910 1606 nisi
933 1562 1152 1620 accepta
1175 1592 1190 1618 ,
1221 1566 1381 1622 quam
1417 1561 1764 1621 poposcerat,

189 1653 422 1715 potestate
447 1652 601 1700 esset
633 1645 795 1698 etiam
829 1643 945 1712 ipse
972 1655 1277 1711 superatus.
1307 1643 1447 1711 Quid
1477 1643 1645 1712 igitur
1664 1641 1769 1698 fuit

187 1738 258 1791 illa
287 1739 527 1800 teutatio.
558 1737 687 1808 quid
715 1737 899 1805 inopia
929 1735 1249 1792 facultatum
1269 1778 1283 1803 ,
1313 1738 1594 1792 destittttio
1623 1738 1766 1792 Illiu-

180 1847 297 1893 rum,
327 1832 618 1886 tolerantia
649 1833 963 1897 vulnerum,
999 1832 1103 1886 nisi
1143 1833 1466 1887 exercitium
1501 1833 1625 1888 lidei
1648 1835 1763 1896 ,in-

180 1924 306 1993 signe
332 1926 633 1993 patientiae,
668 1924 904 1979 eruditio
953 1926 1190 1993 gloriosa
1223 1927 1460 1991 virtutis,
1490 1927 1762 1981 Confessio

180 2016 309 2083 plena
336 2017 613 2079 victoriae;
649 2027 702 2070 ut
732 2017 823 2086 qui
864 2028 991 2070 ante
1019 2017 1485 2071 contradicentcm
1524 2017 1763 2072 habebat

179 2106 438 2174 diabolum,
472 2118 670 2178 postea
715 2123 822 2163 non
853 2106 1117 2164 haberet?
1144 2108 1314 2164 Nemo
1339 2123 1470 2178 ergo
1497 2109 1631 2162 dura
1663 2124 1762 2178 pu-

179 2207 243 2253 tet
265 2215 376 2254 esse
427 2215 561 2270 qua:
599 2200 742 2269 iusta
791 2211 940 2254 sttnt.
971 2198 1089 2255 Non
1139 2199 1470 2255 videbantur
1497 2200 1629 2253 dura
1669 2199 1758 2268 ci,

178 2292 250 2359 qui
272 2297 472 2359 poterat
517 2290 711 2347 dicere
744 2309 757 2344 :
793 2291 845 2345 Ν
851 2293 984 2346 udus
1011 2303 1168 2346 natus
1198 2308 1344 2357 sum,
1375 2295 1544 2346 nudus
1574 2294 1758 2348 exibo:

179 2380 401 2438 Domina;
425 2385 597 2447 dedit,
624 2383 880 2439 Dominus
899 2385 1134 2439 abstulit.
1164 2424 1179 2439 .
1209 2423 1223 2437 .
1257 2385 1320 2439 sit
1341 2401 1523 2439 nomen
1546 2383 1762 2439 Domini

177 2474 629 2549 benedictam(lob.
663 2493 703 2541 I,
727 2475 840 2548 SI).
866 2475 1144 2532 Benedicit
1171 2478 1313 2531 enim
1343 2477 1631 2532 Dominum
1672 2477 1760 2547 ju-

176 2579 274 2623 stus
293 2586 401 2626 cum
433 2573 676 2638 laborat,
708 2582 960 2641 peccator
984 2587 1108 2626 cum
1141 2572 1166 2610 δ
1198 2573 1459 2627 luxuriat.
1485 2573 1604 2628 Non
1628 2588 1760 2643 ergo

176 2677 236 2716 ex
266 2664 572 2721 inﬁrmitate
600 2675 782 2722 nostra
810 2667 894 2721 vis
914 2667 1230 2722 :BSiilIlallda
1254 2667 1480 2738 iustitiae
1507 2676 1610 2722 est.

237 2757 310 2812 I7.
344 2758 477 2827 Quid
503 2760 710 2815 durum
743 2766 994 2830 putamus
1021 2775 1143 2815 esse
1183 2760 1442 2830 quidquid
1466 2775 1564 2827 per
1591 2760 1761 2816 imbe-

175 2849 427 2905 cillitatem
458 2853 635 2906 animi
664 2852 810 2907 terre
834 2867 938 2906 non
967 2853 1296 2921 possumus?
1323 2852 1474 2906 Tolle
1507 2867 1759 2921 persecu-

175 2938 344 3009 tiones,
370 2953 423 2996 et
455 2954 733 3013 martyres
756 2941 972 2997 desunt.
996 2943 1102 2999 Sed
1120 2953 1174 2998 et
1196 2953 1570 3013 persecutores
1593 2944 1755 3014 Deus,

173 3030 220 3084 id
241 3043 672 3104 est,putestates
727 3039 911 3094 saeculi
965 3048 1048 3092 est
1095 3054 1288 3108 passus
1335 3053 1648 3108 assurgere;
1689 3054 1758 3094 ne

175 3120 399 3180 deessent
419 3131 510 3198 qui
556 3129 836 3183 vincerent
863 3127 1104 3183 Christo.
1147 3131 1278 3197 Quis
1311 3138 1437 3184 tunc
1484 3146 1590 3183 non
1621 3131 1759 3184 dixit

1864 528 2131 597 redempti
2163 530 2228 581 ad
2253 531 2514 598 quietem.
2551 529 2796 597 Denique
2823 530 2945 601 ipse
2989 532 3262 587 advocatis
3304 547 3479 603 popu-

1865 621 1950 674 Ios
1997 622 2061 674 ad
2117 620 2548 675 misericordiam
2601 637 2798 686 suam,
2861 622 2930 678 de
2985 625 3293 680 humilitate
3352 640 3483 694 pro-

1867 712 1984 782 pria
2015 712 2301 781 gloriatur,
2339 711 2532 768 dicens
2563 730 2577 767 :
2609 712 2797 769 Palam
2832 717 3000 785 factas
3029 732 3146 770 sum
3193 734 3296 772 non
3331 734 3482 785 quar-

1870 805 2098 857 rentibns
2146 820 2269 860 me:
2301 806 2526 874 apparat
2569 807 2632 859 iis
2673 807 2760 875 qni
2811 824 2893 862 me
2942 824 3043 861 non
3095 809 3481 881 interrogabant

1871 895 2043 966 (Esai.
2076 910 2205 961 va,
2240 897 2302 965 ι).
2337 896 2406 952 Ει
2445 896 2572 951 alibi
2601 915 2614 952 :
2647 897 2908 970 Scupalas
2959 917 3096 954 meas
3142 901 3265 953 dedi
3290 906 3342 955 in
3380 903 3482 971 ﬂa-

1867 989 2026 1056 gella,
2061 990 2304 1042 maxillas
2349 1007 2490 1044 meas
2516 991 2570 1044 in
2597 995 2800 1061 palmas
2825 1007 2845 1047 .°
2869 993 3059 1060 facient
3109 1006 3281 1047 autem
3305 1010 3479 1047 nteant

1869 1097 1973 1135 non
2016 1082 2176 1134 auerti
2207 1099 2239 1135 a
2265 1083 2574 1152 confusione
2617 1096 2890 1152 spatorum
2923 1082 3089 1148 .Etai.
3123 1102 3172 1146 ι..
3201 1084 3278 1158 6).
3313 1085 3482 1144 Recte

1870 1187 2001 1242 ergo
2056 1171 2224 1225 David
2273 1172 2561 1227 humiliat'e
2608 1187 2669 1227 se
2721 1174 2926 1237 voluit;
2962 1184 3018 1228 ιιι
3061 1175 3473 1232 tribulationum

1871 1265 2070 1321 Christi
2099 1266 2151 1319 in
2178 1281 2240 1321 se
2265 1267 2400 1334 ipso.
2425 1267 2571 1337 quod
2603 1267 2844 1331 deesset,
2878 1267 3156 1336 impleret.

1940 1358 2032 1414 20.
2059 1359 2247 1414 Paleit
2270 1370 2323 1413 et
2351 1359 2464 1428 ipse
2495 1359 2599 1412 hoc
2627 1374 2691 1413 ex
2719 1373 2814 1413 sua
2841 1375 3068 1428 persona
3091 1376 3188 1434 per
3215 1376 3277 1414 os
3306 1361 3476 1416 David

1871 1455 2086 1508 locutus
2129 1453 2374 1508 dIXISSO:
2410 1451 2738 1506 Hnntiliatus
2767 1469 2883 1505 sum
2913 1453 3088 1518 nimis,
3118 1453 3209 1523 qni
3253 1455 3388 1507 dixit
3420 1455 3475 1509 in

1871 1547 2170 1616 Evattgelio
2193 1563 2206 1598 :
2244 1545 2424 1601 Venite
2445 1547 2512 1600 ad
2533 1561 2637 1613 me,
2659 1562 2835 1600 omnes
2856 1547 2939 1616 qni
2964 1545 3234 1611 laboratis,
3264 1545 3474 1618 1147

1871 1650 1917 1695 et
1950 1641 2149 1694 onerati
2196 1639 2352 1702 estis,
2392 1649 2439 1692 et
2479 1655 2571 1708 ego
2615 1655 2703 1692 vos
2749 1637 3003 1707 reﬁciant.
3063 1636 3250 1692 Tollite
3281 1642 3475 1712 jugum

1873 1751 2038 1789 meum
2052 1750 2208 1804 super
2230 1721 2340 1798 eos,
2364 1745 2409 1786 et
2425 1731 2648 1786 discitea
2667 1749 2768 1798 me,
2784 1733 2904 1802 quia
2923 1733 3060 1785 mitis
3080 1749 3215 1796 sunt,
3235 1742 3281 1785 et
3304 1733 3475 1786 [turni-

1793 1833 1839 1894 Β
1867 1829 1932 1883 iis
1949 1829 2118 1890 corde,
2133 1838 2182 1881 et
2201 1827 2471 1880 invenietis
2492 1827 2717 1897 requiem
2740 1826 3013 1880 animabus
3045 1827 3224 1880 vestris
3253 1825 3469 1897 (Matth.

1870 1938 1947 1987 χι,
1961 1923 2032 1976 ‘28
2053 1932 2097 1975 et
2122 1921 2236 1993 29).
2263 1922 2542 1975 Discamus
2562 1936 2697 1989 ergo
2717 1921 2786 1974 ab
2803 1935 2889 1986 eo,
2912 1923 3000 1989 qui
3025 1920 3228 1974 docere
3251 1936 3355 1973 nos
3380 1934 3476 1974 vo-

1865 2017 1962 2070 luit
1978 2015 2120 2085 quod
2141 2017 2430 2084 proliceret
2450 2015 2515 2067 ad
2540 2016 2800 2079 salutem,
2823 2025 2879 2068 et
2902 2013 3060 2068 nobis
3077 2014 3208 2067 dicit
3234 2031 3247 2066 :
3274 2010 3472 2066 Discite

1862 2126 1894 2162 a
1912 2125 2012 2162 nte.
2034 2108 2147 2162 Non
2165 2118 2251 2164 est
2273 2110 2545 2163 mediocre
2557 2109 2697 2179 quod
2711 2106 2867 2170 dicit,
2891 2106 3204 2174 D.'scile':et
3225 2106 3472 2161 addidit:

1864 2201 1908 2254 Α
1929 2218 2007 2255 me
2025 2202 2228 2257 discite.
2253 2200 2369 2256 Non
2400 2201 2550 2255 facile
2567 2208 2747 2270 potest
2759 2202 3044 2272 quisquam
3063 2199 3426 2254 humilitatem
3445 2209 3467 2236 ο

1863 2294 2063 2350 ducere
2108 2295 2324 2349 inﬂatus
2353 2311 2368 2348 :
2401 2295 2650 2365 quamvis
2693 2296 2766 2350 sit
2797 2295 3032 2349 humana
3083 2294 3343 2363 prtedittts
3375 2305 3467 2346 sa-

1864 2389 2099 2458 pientia;
2130 2403 2284 2444 mens
2306 2397 2486 2443 tamen
2520 2388 2758 2453 inﬂatur,
2784 2401 2946 2457 quam
2999 2387 3255 2456 superbia
3286 2385 3470 2440 carnis

1863 2483 2101 2538 extollit.
2129 2481 2192 2536 Et
2231 2483 2323 2552 qui
2377 2492 2696 2552 paupertate
2744 2491 3037 2535 contentus
3085 2490 3204 2543 est,
3237 2494 3346 2534 non
3381 2489 3471 2532 est

1863 2583 2154 2629 contentus
2183 2574 2379 2643 injuria
2414 2592 2427 2627 :
2452 2584 2508 2629 et
2537 2573 2628 2643 qui
2653 2580 2835 2644 potest
2862 2571 3007 2626 ferre
3037 2571 3327 2626 verberum
3353 2581 3469 2637 pm-

1863 2681 1979 2732 nas,
2013 2666 2322 2734 exagitetur
2354 2665 2643 2719 verborum
2671 2662 3027 2719 contumeliis
3051 2679 3065 2715 :
3089 2672 3143 2716 et
3171 2663 3262 2731 qui
3291 2669 3472 2730 potest

1864 2760 2380 2814 administrationes
2407 2771 2791 2820 contemnere,
2810 2757 3082 2810 dolctsihi
3103 2756 3337 2826 aliquem
3371 2755 3473 2810 ho-

1864 2851 2204 2906 noriﬁcentia
2237 2867 2358 2906 esse
2393 2851 2701 2920 pra-latum.
2736 2849 2955 2906 Grande
2996 2857 3082 2902 est
3123 2848 3177 2902 in
3216 2848 3473 2904 onmibus

1863 2941 2182 2997 humilitatis
2199 2952 2386 2997 tenere
2406 2957 2709 2997 mensuras.
2730 2940 2992 3010 Superbia
3007 2939 3279 2995 hominem
3298 2939 3474 3010 prima

1859 3035 2078 3105 dejecit.
2114 3035 2247 3088 Dum
2298 3035 2419 3104 plus
2466 3035 2714 3088 vulumtts
2736 3075 2750 3099 ,
2783 3035 2948 3088 etiam
2983 3034 3124 3102 quod
3170 3032 3352 3087 minus
3381 3043 3471 3088 est

1858 3135 2103 3186 solemus
2147 3131 2422 3184 amittere.
2451 3129 2595 3183 Bona
2626 3127 2929 3190 hmnilitas,
2956 3143 3076 3196 qua:
3121 3125 3259 3181 nihil
3297 3141 3464 3195 appe-

174 3215 392 3273 intirmns
423 3237 437 3274 :
467 3219 730 3288 Domine,
755 3237 852 3276 cur
880 3221 1075 3278 dedisti
1107 3225 1316 3292 plebem
1349 3232 1492 3277 tuam
1523 3225 1572 3277 in
1605 3232 1758 3294 pute-
1785 3227 1830 3289 C
1864 3226 2032 3280 tendo
2052 3267 2066 3291 ,
2095 3232 2264 3278 totum
2291 3223 2436 3293 quod
2479 3221 2817 3284 contemnit,
2839 3219 3177 3290 adipiscitur.
3213 3219 3332 3288 Ipse
3357 3219 3466 3271 Do-

174 3313 850 3384 statempersequentiuml
877 3315 983 3370 Sed
1004 3315 1128 3386 quis
1172 3316 1331 3370 hodie
1361 3328 1519 3387 neget
1550 3317 1757 3372 beatio-

173 3416 246 3456 res
267 3403 383 3461 illus
409 3422 543 3462 esse
576 3411 666 3477 qui
695 3409 841 3477 passi
870 3419 996 3463 sunt
1017 3449 1032 3470 .
1071 3424 1232 3480 quam
1273 3411 1396 3465 illos
1426 3425 1564 3482 quos
1611 3413 1755 3468 nulla

177 3507 411 3552 vexarunt
429 3499 710 3570 supplicia
741 3510 1151 3569 persecuturum
1171 3501 1196 3556 ?

230 3588 311 3643 18.
339 3589 532 3647 Justus
577 3608 712 3661 ergo
735 3603 888 3662 optat
934 3594 1184 3662 probari,
1207 3597 1402 3650 tentari
1433 3611 1537 3651 non
1573 3597 1750 3663 timet;

175 3680 250 3748 qui
277 3683 416 3737 enim
476 3686 678 3738 statuit
729 3685 1006 3739 custodire
1041 3686 1246 3755 judicia
1302 3688 1426 3750 Dei,
1464 3704 1568 3743 non
1602 3691 1758 3746 timet

173 3778 498 3832 tentatiottes.
539 3776 645 3833 Ubi
672 3781 880 3841 statuit,
911 3779 1015 3832 nisi
1049 3781 1101 3833 in
1137 3781 1342 3835 corde?
1366 3782 1477 3836 Illic
1504 3784 1647 3836 enim
1671 3799 1757 3838 ra-

172 3864 314 3922 dicati
340 3879 395 3922 et
425 3870 640 3924 fundati
670 3884 794 3925 esse
836 3871 1128 3936 debemus,
1168 3889 1275 3926 non
1318 3870 1626 3939 ﬂuitantes,
1662 3890 1755 3930 Ite-

171 3971 257 4025 que
281 3961 510 4018 mobiles
541 3963 691 4016 omni
722 3973 882 4017 vento
903 3963 1189 4018 doctrinm.
1225 3964 1371 4018 Intus
1396 3980 1526 4034 ergo
1548 3976 1755 4020 statua-

176 4065 277 4104 ntus
299 4051 350 4105 iu
383 4057 558 4109 corde
589 4066 778 4109 nostro
798 4095 813 4121 ,
845 4056 894 4109 in
924 4066 1168 4126 pectore,
1200 4057 1252 4110 in
1279 4057 1488 4122 animo;
1515 4065 1574 4111 ιιι
1602 4057 1758 4112 nobis

172 4143 254 4198 ﬁat
279 4147 402 4201 illud
435 4147 821 4218 propheticum
853 4166 867 4200 :
911 4149 1260 4218 Cogitationes
1281 4149 1544 4218 jnstorunt
1563 4151 1758 4205 untin

173 4235 461 4308 (Promxn,
487 4241 572 4312 5)).
603 4241 662 4296 In
715 4243 800 4295 bis
849 4242 1056 4297 semitis
1106 4243 1244 4297 bene
1281 4243 1517 4297 ambulat
1545 4243 1754 4313 justus;

170 4331 379 4404 ideoque
417 4338 555 4389 dicit
585 4353 599 4389 ε
636 4333 810 4388 Proba
835 4351 938 4401 me,
972 4333 1211 4398 Domine,
1245 4345 1450 4389 ettanta
1481 4353 1559 4391 me
1581 4335 1755 4407 (Psal.

170 4437 284 4489 XXV,
312 4429 391 4495 2).
415 4427 663 4497 Denique
687 4429 785 4481 hoc
807 4442 1025 4498 quoque
1047 4429 1167 4483 loco
1196 4428 1502 4484 auctoritati
1533 4446 1755 4498 respon-

166 4514 287 4570 dens
321 4534 473 4586 suae,
507 4522 600 4590 qui
639 4520 952 4588 juravcrat,
985 4529 1038 4575 ct
1076 4532 1337 4576 statuerat
1370 4523 1648 4578 custodire
1669 4523 1757 4592 jn-

1862 3322 2041 3376 minus
2062 3319 2221 3374 Jesus
2243 3333 2304 3373 se
2323 3317 2654 3382 bumlliavit;
2688 3326 2740 3370 ut
2773 3328 2872 3369 nos
2897 3315 3143 3369 elevaret
3166 3331 3180 3367 :
3203 3321 3259 3366 et
3284 3311 3465 3366 humi-

1839 3404 2009 3467 lliavit
2040 3425 2100 3466 se
2131 3427 2304 3477 usque
2330 3409 2398 3463 ad
2442 3424 2686 3472 crucem,
2734 3406 2959 3476 PrOpter
3005 3408 3142 3472 quod
3180 3403 3460 3471 exaltabit,

1862 3506 2074 3575 inquit,
2105 3504 2256 3558 illam
2297 3502 2524 3557 Dens....
2557 3512 2611 3555 ut
2642 3503 2696 3554 in
2743 3501 2950 3554 nomine
2987 3502 3105 3572 ejus
3146 3515 3295 3552 omne
3333 3513 3464 3566 genu

1860 3600 2102 3668 ﬂectatur
2146 3595 2374 3669 (Philip.
2405 3610 2477 3658 tl,
2509 3596 2541 3650 9
2573 3603 2621 3648 et
2658 3593 2773 3656 i0).
2803 3593 3013 3660 Quanta
3043 3592 3173 3647 fecit
3205 3591 3463 3644 Dominus

1862 3693 2036 3745 audeo
2065 3687 2276 3754 dicere,
2299 3700 2352 3743 et
2376 3705 2483 3742 nun
2515 3687 2639 3741 ﬂexi
2668 3687 2721 3742 ci
2741 3686 2906 3758 genu?
2935 3685 3042 3740 Sed
3065 3683 3188 3738 ﬂexi
3232 3682 3282 3736 ei
3313 3689 3462 3751 post-

1860 3800 2019 3854 quam
2048 3799 2108 3837 se
2139 3782 2458 3837 humiliuvit.
2495 3781 2586 3835 Sic
2614 3781 2758 3834 enim
2780 3821 2796 3844 ,
2846 3777 2952 3832 hoc
2978 3785 3085 3840 est,
3117 3791 3212 3844 per
3238 3773 3457 3828 humili-

1861 3885 2047 3938 tatem,
2083 3889 2178 3942 per
2206 3888 2424 3928 crucem
2457 3873 2559 3926 sibi
2584 3869 2882 3925 Ecclesium
2911 3867 3278 3936 congregavit.

1936 3969 2027 4022 2i.
2059 3967 2230 4021 David
2278 3982 2369 4022 rex
2417 3977 2528 4020 erat
2551 4005 2566 4030 ,
2593 3965 2798 4018 incerta
2838 3972 2889 4015 ct
2921 3961 3133 4016 occulta
3167 3955 3452 4024 sapientia:

1859 4060 1962 4114 sibi
2010 4062 2274 4128 patelacta
2309 4069 2538 4112 testatur
2567 4072 2582 4110 :
2614 4056 2708 4111 sed
2739 4053 2861 4110 ideo
2890 4069 2950 4108 se
2992 4051 3163 4122 magis
3201 4049 3455 4104 humilia-

1861 4151 1952 4206 bat
1977 4150 2153 4221 (Psal.
2183 4167 2236 4216 ι,
2266 4149 2347 4219 8).
2371 4149 2442 4204 At
2486 4163 2618 4203 vero
2659 4147 2921 4202 Ezechias
2952 4145 3151 4202 cecidit
3181 4142 3250 4196 ab
3279 4141 3463 4196 altitu-

1861 4245 1991 4302 dine
2021 4244 2204 4300 cordis
2232 4245 2337 4299 sui.
2375 4243 2468 4299 Ille
2507 4242 2792 4298 laudabilis
2819 4257 2947 4306 rex,
2979 4241 3067 4294 ille
3097 4238 3185 4308 qtti
3210 4236 3278 4291 de
3312 4235 3460 4291 obsi-

1858 4341 2056 4405 dione,
2099 4338 2168 4394 de
2196 4339 2514 4409 :egritndine
2535 4337 2814 4393 beneﬁciis
2865 4333 3075 4390 [tutnitti
3106 4341 3161 4387 et
3193 4329 3461 4386 mirabili-

1859 4433 1959 4489 bus
1985 4433 2269 4498 liberatttr,
2293 4429 2488 4486 cecidit
2514 4448 2612 4499 per
2637 4429 2944 4501 superbiam
2963 4468 2978 4495 ,
3009 4435 3066 4481 et
3091 4427 3318 4496 gratiam
3344 4435 3459 4478 tne-

1862 4528 1948 4583 riti
1979 4528 2279 4598 superioris
2303 4528 2595 4580 imminuit.
2621 4525 2764 4592 Quid
2797 4525 2986 4578 fuisset
3029 4520 3253 4588 Joscph,
3281 4520 3326 4572 si
3358 4517 3461 4572 ltu-

168 4610 292 4666 dicia
316 4614 545 4681 justitite
583 4615 829 4680 Domini,
859 4615 1072 4685 probari
1101 4631 1161 4672 se
1206 4617 1446 4671 voluisse
1473 4617 1636 4682 divit,
1665 4619 1754 4688 qui
1786 4619 1833 4678 D
1864 4623 2010 4677 milis
2039 4636 2143 4675 non
2174 4621 2399 4676 fuisset?
2441 4620 2613 4675 Scivit
2643 4618 2747 4674 sibi
2785 4617 3058 4677 obfuisse,
3089 4613 3234 4683 quod
3260 4612 3460 4683 praela-

170 4703 520 4762 humilitatent
552 4708 886 4764 subeundam
917 4709 1144 4764 credidit
1172 4724 1296 4764 esse
1329 4726 1424 4776 pro
1449 4710 1685 4764 Christo.

233 4793 315 4851 i9.
335 4797 522 4871 (Vers.
556 4798 704 4872 107.)
729 4799 960 4872 Ideoque
980 4804 1056 4856 ait
1082 4820 1093 4854 :
1125 4801 1442 4858 Hutnilialus
1464 4821 1572 4857 sunt
1589 4803 1760 4862 nimis.

167 4885 273 4946 Non
299 4893 482 4948 solum
511 4892 871 4960 humiliatum,
905 4894 1004 4949 sed
1033 4898 1197 4968 etiam
1232 4897 1392 4950 nimis
1417 4897 1759 4952 humiliatum
1809 4894 1816 4900 ’

169 4996 221 5036 se
241 4999 358 5038 esse
387 4985 610 5055 gaudet.
647 4986 845 5041 Beatus
869 4987 963 5057 qtti
1013 4990 1279 5058 gloriatur
1311 4989 1614 5045 humilitate
1645 5009 1756 5046 tua-

165 5073 256 5141 gis,
295 5091 462 5145 quam
500 5086 786 5145 potestate.
811 5075 1060 5133 Potestas
1084 5078 1306 5151 decipit,
1343 5081 1622 5137 humilitas
1649 5099 1753 5138 non

166 5163 423 5222 destituit.
461 5167 608 5223 Bona
639 5168 940 5236 humilitas,
965 5188 1084 5242 qua:
1116 5175 1277 5228 etiant
1309 5173 1364 5227 in
1396 5171 1614 5229 Christo
1643 5175 1760 5230 latt-

161 5257 280 5316 dem
321 5263 549 5318 virtutis
605 5265 835 5320 invenit.
883 5264 1037 5321 Hanc
1086 5266 1139 5320 in
1191 5267 1286 5322 illo
1334 5269 1455 5338 plus
1499 5284 1754 5336 veneror,

233 5471 259 5500 ⁸
287 5463 454 5536 Rom.
483 5463 639 5534 edit.,
662 5465 774 5519 oleo
798 5466 1079 5535 patientia.
1101 5465 1208 5522 Sed
1227 5467 1367 5534 alite,
1402 5482 1466 5522 ac
1498 5484 1629 5524 mss.
1650 5484 1768 5526 om-

171 5550 263 5589 nes
292 5533 666 5603 refragantur.

213 5603 240 5643 δ
262 5603 403 5659 Cod.
428 5607 572 5660 Nav.
595 5607 758 5680 alter,
784 5607 1014 5661 (nutriat
1033 5608 1162 5680 (hoc
1183 5615 1283 5664 est.
1309 5607 1592 5680 abundat).
1624 5609 1770 5665 Non-

173 5693 376 5801 ιιζὲρο
399 5694 474 5733 ea;
523 5678 822 5747 inﬁrmitate
858 5678 1171 5734 nostra'visa
1215 5689 1334 5735 sunt
1366 5679 1499 5735 dura
1527 5685 1771 5738 mandata

176 5764 192 5803 I
296 5761 409 5803 tua.

167 5764 409 5906 ﬁngitis.
443 5818 578 5876 edit.
611 5835 734 5878 cum
791 5821 975 5896 paucis
1024 5836 1156 5879 mss.
1201 5821 1307 5880 Alii
1334 5829 1512 5880 autem
1543 5823 1769 5898 partim,

1866 4725 1952 4767 Ius
1974 4723 2089 4768 erat
2118 4712 2374 4765 fratribus
2402 4730 2414 4766 :
2445 4711 2606 4765 etiam
2639 4710 2759 4780 pius
2781 4725 2936 4762 amur
2961 4706 3234 4761 miseriam
3265 4705 3461 4774 pracla-

1865 4807 2028 4861 tionis
2059 4805 2358 4860 invenerat.
2385 4803 2635 4859 Praelatio
2665 4803 2898 4858 armavit
2921 4801 3115 4856 fratres
3135 4842 3148 4865 ,
3181 4799 3461 4854 humilitas

1863 4899 2180 4953 conciliavit
2208 4908 2531 4953 extraneos:
2566 4898 2810 4967 praelatio
2831 4895 3122 4950 concitavit
3145 4906 3457 4965 germanos,

1865 4991 2144 5046 humilitas
2188 5007 2370 5062 regem
2416 4991 2691 5045 Subditum
2746 4992 2900 5054 fecit;
2938 5000 3000 5044 ut
3027 5004 3155 5043 vere
3204 4988 3356 5056 quasi
3388 5001 3457 5041 ex

1867 5098 2103 5154 perSOIta
2129 5084 2329 5148 JLScpil
2353 5081 2555 5136 dictum
2582 5091 2852 5153 ptttettttts,
2877 5083 3018 5152 quod
3044 5083 3130 5135 hic
3160 5083 3275 5149 ipse
3297 5093 3462 5148 supra

1865 5177 2052 5240 dixit:
2093 5175 2407 5230 llumiliatus
2453 5191 2600 5242 sum,
2650 5187 2697 5230 et
2746 5177 2943 5230 saluam
2990 5191 3068 5228 nte
3115 5174 3235 5244 fecit
3285 5170 3457 5240 (Psat.

1866 5285 2013 5334 CXIV,
2037 5269 2133 5341 6);
2165 5283 2492 5340 quamquam
2518 5271 2565 5325 si
2595 5269 3011 5326 consideremus
3036 5281 3161 5339 quae
3195 5268 3299 5320 iste
3324 5265 3464 5320 tole-

1872 5472 2212 5527 Imntilitatcm
2237 5474 2422 5528 daren
2439 5492 2458 5529 :
2481 5475 2632 5544 inﬂat
2656 5473 2881 5545 quemvis
2922 5474 3150 5527 humana
3171 5471 3427 5545 sapientia
3447 5509 3465 5537 ,

1872 5561 2014 5598 mens
2043 5549 2212 5598 curuis
2239 5547 2460 5608 extollit,
2479 5541 2612 5611 ac..-
2661 5541 2877 5610 t'iartim,
2904 5545 3245 5599 ltuitiilitmem
3284 5541 3468 5596 docere

1873 5615 2118 5684 inﬂatus;
2148 5619 2374 5685 quamvis
2395 5620 2618 5670 Immanu
2649 5635 2790 5670 mens
2817 5621 3066 5686 sapientia
3087 5615 3256 5670 carnis
3299 5612 3468 5668 estote

1874 5687 2028 5813 laxo.
2063 5689 2158 5744 \el
2183 5689 2382 5754 etiam,
2409 5688 2640 5744 humana
2685 5690 2940 5760 sapientia
2984 5705 3126 5745 mens
3168 5686 3340 5742 carnis
3374 5699 3467 5741 eai-

1874 5769 1924 5812 to
1969 5769 2091 5813 intr.
3081 5810 3087 5813 .

1873 5769 2091 5814 ιοιιιιιιιο.
