3948 6388
376 336 391 345 ’
458 355 590 412 I599

1802 362 2050 421 SANCTI
2088 364 2415 423 AMBROSII

3620 372 3758 428 1400

446 472 624 540 ravit,
692 489 758 530 ex
832 489 1063 547 persona
1110 490 1205 531 sua
1251 490 1374 531 eum
1437 476 1644 532 dixisse
1698 479 2056 548 reperiemus.
2085 480 2138 542 Α
2167 481 2242 535 hil
2274 479 2452 552 (Joan.
2478 498 2530 547 ι,
2567 481 2704 554 1-5).
2732 482 2797 537 Et
2829 491 2884 538 ιιι
2914 482 3157 539 imitator
3183 493 3303 539 esto
3330 483 3447 540 Dei.
3472 485 3762 553 Quomodo

525 568 615 623 22.
643 569 799 625 Golia
840 579 1130 641 superato,
1161 580 1513 625 occurrerant
1550 570 1859 641 juvencula:
1906 571 2050 642 psal-

458 661 636 716 lentes
669 679 684 717 :
717 659 849 717 Saul
902 662 955 715 in
1003 661 1253 725 millibus,
1291 660 1460 716 David
1502 663 1557 718 in
1602 662 1779 718 decem
1825 664 2052 719 millibus

452 754 497 826 (l
531 754 663 824 Reg.
696 770 845 817 svnt,
883 755 978 822 7):
1012 763 1348 810 commotum
1379 766 1463 810 est
1511 757 1581 812 fel
1613 759 1776 829 regis,
1806 769 1862 814 et
1906 775 2053 829 qua:-

455 850 611 903 rehat
657 864 781 902 eum
831 847 1126 904 occidere:
1158 860 1213 904 et
1268 849 1566 905 humiliavit
1598 866 1658 908 se
1709 852 1881 907 David
1927 863 2053 909 ante

454 938 724 994 Jonathan
755 939 922 994 lilium
969 941 1136 1011 regis,
1167 950 1222 995 et
1246 944 1519 998 convertit
1541 943 1658 1013 ejus
1684 943 1968 1011 alii-ctum;
1996 956 2083 1001 ut-

452 1046 613 1099 quem
642 1046 1015 1088 successorem
1048 1035 1208 1103 patrii
1238 1036 1389 1106 regni
1418 1044 1667 1103 potuerat
1708 1036 1911 1094 habere
1937 1053 2054 1094 sus-

457 1136 695 1193 pectum,
720 1125 972 1180 eumdem
1006 1125 1294 1182 adversum
1326 1127 1501 1181 studia
1534 1139 1753 1198 paterna
1782 1138 2050 1194 servaret,

456 1215 645 1270 dicens
670 1218 807 1284 patri
832 1235 845 1271 :
873 1215 1014 1283 Quid
1044 1234 1227 1288 peccas
1254 1220 1308 1272 in
1340 1220 1644 1287 sanguinem
1680 1221 1967 1278 innocentis
1995 1221 2051 1294 (I

457 1310 588 1382 Reg.
619 1326 734 1376 xix,
763 1311 941 1381 5)?et
965 1311 1014 1365 id
1048 1327 1239 1367 vocem
1289 1322 1643 1383 extorqueret
1685 1314 1877 1380 invito,
1912 1318 2056 1385 quod

460 1420 568 1459 non
595 1412 902 1461 mereretur
923 1405 1098 1459 occidi
1137 1404 1328 1460 David.
1362 1406 1528 1461 Recte
1559 1422 1690 1477 ergo
1719 1408 1834 1461 ait:
1871 1406 2059 1464 Humi-

452 1499 613 1551 lintus
636 1513 770 1562 sum,
806 1507 853 1552 et
893 1498 1089 1551 salvum
1120 1514 1199 1551 me
1222 1499 1341 1567 fecit
1363 1496 1536 1566 (Psal.
1562 1512 1709 1563 cxtv,
1735 1497 1813 1571 7).
1854 1499 1924 1554 Et
1960 1501 2059 1555 ite-

459 1604 579 1642 rum
607 1603 729 1649 cnm
754 1588 821 1642 ad
837 1605 959 1643 cum
981 1589 1241 1658 pmpheta
1262 1589 1524 1658 venisset,
1544 1600 1599 1645 et
1626 1590 2056 1661 indignationem

462 1678 679 1734 Domini
697 1680 748 1733 in
763 1694 926 1734 causa
944 1679 1246 1741 Bethsahee
1268 1681 1507 1737 ιιιιιιίθιοὶμ
1534 1680 1929 1744 denuntiasset.
1961 1683 2060 1737 hu-

461 1770 691 1826 miliavit
721 1786 803 1837 se,
827 1769 1498 1829 etaitzPeccariDomino.
1518 1758 1740 1828 Eidixit
1757 1774 1966 1830 Nathan
1992 1777 2061 1831 ad

2153 574 2439 631 imitator?
2460 574 2731 646 Numquid
2761 575 2959 634 caelum
2992 586 3148 647 potes
3170 577 3368 646 facere,
3399 587 3495 633 aut
3520 587 3759 646 terram,

2153 676 2245 722 aut
2268 666 2467 723 mare?
2493 667 2612 723 Non
2645 670 2832 741 utique
2862 687 2878 737 ;
2908 669 3006 726 sed
3029 672 3279 726 utomnia
3304 685 3403 739 per
3424 673 3651 728 verbum
3678 677 3758 730 la-

2154 763 2289 829 cias,
2319 762 2452 817 nihil
2475 763 2594 820 sine
2618 765 2784 821 verbo
2813 781 2828 831 ;
2854 765 3035 820 omnia
3059 780 3181 820 cum
3212 766 3430 821 ratione
3474 767 3607 823 nihil
3643 769 3764 825 sine

2155 858 2406 924 ratione;
2434 859 2560 929 quia
2590 874 2698 914 non
2725 873 2787 916 es
2817 858 3204 915 irrationabilis
3227 901 3242 928 ,
3268 877 3303 917 ο
3325 860 3506 927 homo,
3530 862 3626 918 sed
3678 877 3767 918 ra-

2157 951 2451 1006 tionahilis.

2231 1022 2541 1093 24.(Vers.
2599 1024 2751 1096 l08.)
2806 1025 3063 1094 Sequitur
3107 1040 3300 1082 versus
3353 1035 3615 1098 quartus:
3660 1027 3766 1084 Vo-

2158 1114 2387 1169 luntaria
2413 1116 2523 1170 oris
2572 1118 2669 1171 mei
2719 1118 3017 1187 comproba,
3071 1117 3315 1184 Domine,
3367 1129 3416 1175 et
3434 1120 3647 1192 judicia
3675 1130 3766 1175 tua

2158 1208 2283 1262 doce
2322 1224 2420 1262 me.
2455 1208 2556 1276 Qui
2589 1225 2649 1266 se
2671 1209 2942 1276 ltumiliat,
2974 1209 3285 1266 viviﬁcatur
3310 1211 3611 1267 secundum
3641 1228 3768 1281 pro-

2159 1299 2384 1356 missum
2432 1299 2646 1356 Domini
2689 1320 2701 1355 :
2755 1302 2846 1373 qui
2899 1302 3202 1358 vivilicatur
3244 1304 3440 1375 spiritu
3479 1305 3599 1373 Dei,
3663 1321 3763 1361 vo-

2160 1390 2426 1447 luntarius
2450 1400 2536 1448 est
2564 1393 2812 1450 minister
2841 1410 2856 1459 ;
2889 1393 3180 1465 plurimum
3206 1396 3352 1450 euiut
3378 1395 3544 1452 refert
3580 1407 3765 1453 utrum

2144 1497 2223 1555 .ex
2253 1483 2530 1539 voluntate
2559 1484 2687 1552 quid
2712 1484 2899 1553 facias,
2923 1501 2991 1542 an
3013 1503 3079 1543 ex
3113 1487 3467 1550 necessitate.
3484 1490 3630 1561 quod
3648 1490 3766 1560 pla-

2160 1586 2280 1632 ceat
2313 1576 2445 1633 Deo.
2481 1577 2723 1650 Denique
2771 1580 3106 1637 voluntarius
3156 1581 3402 1638 minister
3425 1582 3590 1638 habet
3626 1599 3768 1657 prte-

2163 1671 2355 1739 mium,
2374 1680 2593 1728 coactus
2622 1673 2901 1743 dispensat
2932 1675 3252 1745 obsequium
3273 1716 3289 1743 ,
3319 1676 3460 1730 sicut
3497 1675 3768 1747 Apostolo

2161 1761 2393 1818 docente
2413 1765 2786 1834 cognovimus.
2826 1764 3058 1836 Scripsit
3097 1766 3244 1821 enim
3281 1781 3295 1820 :
3338 1765 3430 1822 Vw
3469 1775 3605 1822 enim
3636 1769 3768 1824 mihi

458 1878 586 1918 eum
614 1880 628 1918 :
659 1863 916 1930 Quoniam
936 1864 1169 1932 paenituit
1199 1874 1265 1931 te,
1286 1865 1494 1919 abstulit
1523 1864 1774 1920 Dominus
1790 1878 2049 1937 peccatum

2162 1863 2237 1908 est
2265 1856 2309 1908 si
2340 1870 2440 1908 non
2492 1856 2905 1926 euangelizarent
2940 1856 2962 1910 .'
2990 1856 3051 1911 Si
3081 1857 3217 1912 enim
3268 1858 3439 1914 uolens
3485 1860 3585 1913 hoc
3635 1876 3762 1932 ago,

459 1966 602 2010 tuum
631 1971 652 2020 ;
679 1955 894 2028 ιιάε
937 1972 1041 2010 non
1084 1967 1243 2011 morte
1271 1958 1505 2012 morieris
1532 1956 1601 2029 (II
1634 1958 1766 2031 Reg.
1793 1974 1888 2025 xu,
1939 1959 2055 2031 I3).

465 2047 608 2104 Bona
630 2049 1102 2118 igiturhuutilitas.
1126 2048 1369 2121 Denique
1401 2051 1719 2106 humiliatus
1742 2062 1848 2117 est,
1878 2064 1935 2109 et
1952 2055 2060 2109 sal-

462 2154 560 2194 vus
593 2138 765 2194 factus
786 2148 890 2211 est.
917 2140 983 2194 Et
1003 2140 1111 2195 alio
1135 2140 1282 2209 loco,
1314 2156 1436 2197 cum
1460 2153 1685 2213 propter
1711 2154 2057 2201 numeratum

465 2234 719 2304 populum
744 2234 1006 2289 Dominus
1035 2233 1455 2303 essetotl'eusus,
1486 2244 1542 2290 et
1566 2236 1810 2293 misisset
1827 2238 2063 2308 prophe-

464 2335 570 2381 tam
603 2326 741 2393 Gad,
782 2326 875 2397 qui
902 2327 1021 2396 regi
1044 2325 1210 2381 David
1239 2327 1452 2384 diceret
1481 2369 1493 2383 .
1518 2326 1672 2402 Elige
1703 2330 1795 2383 tibi
1824 2330 1948 2400 quid
1979 2349 2065 2387 ve-

463 2421 526 2473 lis
549 2420 681 2488 fieri,
706 2419 926 2474 triennio
947 2421 1139 2491 fantem
1167 2436 1321 2490 super
1347 2430 1560 2489 terram,
1588 2424 1854 2478 autlribus
1877 2425 2063 2479 mensi-

460 2513 552 2566 bus
573 2515 752 2582 fugere
775 2520 824 2565 te
851 2528 883 2565 a
900 2513 1032 2584 facie
1062 2512 1389 2567 inimicorum
1418 2523 1624 2568 tuorum
1654 2518 2061 2586 persequentium
2104 2539 2122 2553 -

460 2616 529 2669 te,
551 2615 637 2659 aut
659 2604 774 2675 ﬁeri
800 2603 976 2657 triduo
998 2614 1211 2658 mortem
1237 2605 1292 2659 in
1330 2616 1468 2659 terra
1490 2604 1560 2677 (II
1590 2606 1718 2678 Reg.
1748 2623 1905 2676 xxtv,
1941 2606 2059 2682 15),

457 2696 739 2766 respondit
790 2694 1290 2769 David:Angnstia:
1332 2706 1450 2751 sunt
1496 2696 1622 2751 mihi
1652 2698 1760 2754 hac
1783 2700 1884 2753 tria
1913 2715 1933 2754 :
1972 2700 2061 2754 sed

459 2792 622 2860 magis
648 2789 875 2844 incidam
894 2790 949 2843 in
972 2805 1183 2843 manum
1201 2788 1436 2856 Domini,
1462 2791 1708 2862 quoniam
1751 2808 1942 2862 magna
1987 2803 2061 2847 est

462 2881 816 2935 misericordia
844 2882 990 2936 illius
1013 2882 1183 2947 valde,
1217 2899 1372 2954 quant
1402 2884 1458 2936 in
1477 2899 1662 2938 manus
1683 2884 1945 2939 hominum
1980 2887 2061 2939 in-

462 2973 633 3027 cidam
655 2972 848 3041 (lbid.,
880 2970 995 3042 14).
1023 2971 1091 3026 Ει
1122 2988 1244 3027 cum
1277 2973 1519 3030 dedisset
1541 2974 1806 3030 Dominus
1828 2987 2058 3032 mortem

460 3068 515 3123 in
535 3065 700 3122 Israel
727 3080 759 3120 a
785 3081 942 3119 mane
967 3079 1138 3135 usque
1167 3064 1236 3120 ad
1265 3065 1455 3121 horam
1478 3068 1714 3137 prandii,
1744 3070 2062 3139 septuagin—

463 3170 515 3215 ta
558 3158 795 3214 millibus
817 3158 1095 3212 hominum
1126 3159 1376 3235 mortuis,
1408 3159 1645 3227 reSpexit
1669 3159 1836 3215 David
1855 3160 1924 3215 ad
1956 3161 2061 3215 Do-

2162 1947 2446 2001 mercedem
2492 1948 2653 2003 habeo
2681 1964 2699 2002 :
2734 1949 2779 2003 si
2807 1958 2979 2004 autem
3009 1950 3221 2018 invitus,
3269 1950 3590 2020 dispensatio
3637 1954 3771 2008 mihi

2162 2039 2356 2093 credita
2378 2050 2448 2094 est
2472 2039 2516 2111 (I
2540 2028 2661 2095 Cor.
2692 2058 2741 2096 ix
2776 2040 2845 2096 16
2869 2052 2916 2096 et
2949 2040 3061 2112 17).
3097 2042 3231 2098 Vide
3259 2044 3626 2099 voluntarium
3667 2060 3769 2101 ex-

2161 2141 2466 2187 secutorem
2506 2131 2746 2188 caelestis
2767 2132 2998 2188 arbitrii.
3032 2132 3199 2190 Liber
3218 2143 3339 2195 erat
3362 2151 3429 2191 ex
3451 2138 3717 2194 omnibus
3747 2180 3762 2204 ,

2162 2225 2191 2263 h
2218 2235 2273 2281 et
2292 2228 2535 2283 omnium
2565 2243 2755 2284 servus
2771 2237 2857 2284 est
2882 2227 3080 2297 factus,
3109 2229 3389 2286 voluntate
3420 2231 3629 2303 utique,
3657 2248 3769 2289 non

2166 2319 2615 2382 necessitate;ut
2659 2321 2922 2392 plurimos
2967 2322 3275 2379 lucraretur
3327 2321 3764 2399 (Ibid.,19-22).

2167 2412 2236 2467 lis
2260 2428 2480 2484 quoque
2525 2413 2615 2484 qui
2645 2414 2808 2486 Legis
2838 2414 3055 2471 vinculo
3089 2425 3407 2473 tenerentur
3458 2419 3613 2488 quasi
3662 2419 3770 2474 sub

2165 2502 2310 2574 Lege
2337 2514 2503 2570 esset,
2520 2520 2578 2560 se
2600 2504 2870 2574 exhibuit,
2893 2521 3017 2562 cum
3040 2506 3142 2562 sub
3173 2507 3314 2579 Lege
3355 2524 3464 2564 non
3493 2520 3679 2575 esset;
3712 2521 3772 2565 ut

2163 2610 2260 2652 eos
2285 2606 2527 2653 servaret
2543 2598 2635 2666 qui
2663 2598 2765 2652 sub
2795 2599 2935 2670 Lege
2956 2599 3227 2656 vivebant.
3252 2598 3493 2656 Inﬁrmis
3510 2600 3772 2657 infirmus

2165 2687 2336 2745 lactus
2361 2699 2446 2744 est
2475 2707 2488 2756 ;
2514 2699 2572 2745 ut
2607 2690 2852 2747 inﬁrmos
2881 2692 3252 2763 assumptione
3281 2693 3612 2748 inlirmitatis
3640 2709 3773 2763 pro-

2166 2782 2302 2852 priae
2371 2783 2691 2838 sustineret.
2759 2782 3024 2839 Omnibus
3096 2784 3277 2841 omnia
3362 2784 3542 2841 lactus
3616 2795 3712 2841 est
3751 2827 3767 2853 ,

2164 2891 2271 2931 non
2303 2887 2325 2915 ε
2355 2876 2591 2953 legitima
2627 2878 2975 2944 necessitate,
3006 2877 3101 2933 sed
3132 2878 3429 2934 voluntatis
3474 2878 3770 2949 obsequio.

2164 2967 2389 3038 Aperuit
2423 2966 2637 3041 1159
2678 2967 2808 3023 mihi
2857 2967 3019 3039 hujus
3070 2968 3413 3027 altitudinem
3453 2970 3676 3027 consilii
3719 2973 3774 3027 in

2162 3061 2388 3132 epistola
2444 3062 2512 3115 ad
2554 3061 2928 3118 Philemonem
3009 3061 3258 3133 scripta;
3291 3064 3417 3134 quia
3453 3062 3599 3135 quod
3646 3064 3774 3135 ipse

2163 3163 2333 3219 esset.
2367 3154 2530 3210 alium
2564 3170 2685 3213 esse
2715 3156 2877 3214 vellet
2911 3174 2925 3223 ;
2955 3167 3013 3213 ut
3057 3156 3339 3214 voluntate
3369 3159 3548 3230 potius
3596 3174 3771 3231 quam

463 3254 695 3320 minum,
723 3262 778 3308 et
797 3267 921 3308 eum
950 3250 1176 3306 vidisset
1197 3251 1463 3322 Aogelum
1495 3250 1779 3308 ferientem
1800 3253 2056 3323 populum
2087 3249 2132 3313 C
2166 3249 2491 3305 necessitate
2510 3249 2772 3306 detulisse
2817 3250 3049 3307 Domino
3094 3249 3393 3307 videretur.
3433 3250 3620 3320 Itaque
3667 3265 3774 3322 pro

460 3346 603 3401 dixit
629 3363 642 3399 :
670 3344 803 3401 Ecce
828 3361 921 3416 ego
952 3343 1180 3415 peccavi,
1204 3352 1251 3396 et
1276 3359 1369 3415 ego
1390 3351 1567 3413 pastor
1592 3343 1845 3414 malefeci
1867 3360 1885 3398 :
1908 3353 1958 3399 el
1976 3346 2060 3399 isti

461 3442 515 3494 in
541 3439 638 3493 hoc
658 3455 811 3512 grege
825 3440 948 3507 quid
969 3437 1243 3510 fecerunt?
1263 3434 1390 3492 Fiat
1413 3454 1597 3492 manus
1618 3448 1707 3492 tua
1732 3439 1788 3493 in
1814 3420 1913 3505 me,
1943 3440 2058 3494 et‘in

462 3533 675 3588 domum
694 3534 851 3599 patris
871 3533 971 3586 mei
998 3531 1045 3593 tl
1055 3530 1145 3584 bid
1155 3571 1197 3592 .,
1223 3531 1336 3593 l7).
1363 3529 1431 3585 Et
1459 3531 1724 3601 propitius
1774 3533 1947 3588 lactus
1974 3543 2059 3590 est

465 3626 750 3691 Dominus,
792 3639 915 3679 cum
957 3622 1284 3678 sacriﬁrium
1316 3623 1774 3681 reconciliationis
1828 3625 2057 3684 Domino

354 3768 361 3777 .
458 3726 607 3773 esset
632 3714 894 3772 oblatum.
926 3714 1071 3770 Bona
1098 3731 1229 3784 ergo
1254 3714 1551 3781 humilitas,
1579 3732 1702 3786 qu:e
1729 3733 1908 3788 regem
1937 3720 2057 3790 ple-

460 3810 692 3880 bemque
739 3811 997 3863 servavit.
1037 3807 1247 3877 Itaque,
1277 3806 1626 3862 reconciliata
1668 3808 1892 3865 Domino
1918 3851 1933 3875 ,
1981 3813 2058 3865 ait

458 3901 856 3958 David:Bonunt
869 3902 996 3956 mihi
1006 3900 1248 3973 est,qnod
1261 3902 1561 3955 humiliatus
1572 3900 1845 3973 sum(Snp.
1859 3905 2025 3975 ,v.7l)
2039 3947 2051 3960 .

523 3995 612 4050 23.
647 3993 794 4048 Bona
826 4008 958 4063 ergo
986 3993 1283 4057 humilitas,
1311 3994 1609 4061 praesertim
1634 3993 1680 4048 si
1729 3994 2057 4066 adjuugatut‘

454 4088 505 4144 ei
537 4088 754 4142 devotio
783 4086 1109 4143 voluntaria.
1142 4085 1379 4155 Ideoque
1397 4102 1457 4142 se
1479 4085 2051 4145 vivilicarisccundum

452 4181 678 4236 verbum
712 4180 885 4248 petit;
916 4190 973 4234 ut
1002 4178 1297 4235 secundum
1329 4180 1557 4235 verbum
1581 4181 1745 4249 vivat,
1789 4195 1841 4238 ct
1870 4185 2050 4241 omnia

451 4288 573 4330 cum
599 4273 809 4328 ratione
832 4270 1016 4334 iaciat,
1034 4285 1139 4325 non
1166 4270 1464 4326 secundum
1493 4275 1673 4328 carnis
1689 4276 2045 4333 voluntatem.

455 4365 608 4422 Unde
631 4373 657 4403 ι
681 4365 966 4434 mysticum
1000 4362 1130 4418 illud
1158 4364 1320 4418 etiam
1341 4364 1623 4421 moraliter
1639 4367 1808 4438 accipi
1841 4379 2047 4438 potest:

456 4456 524 4512 In
553 4457 810 4528 principio
831 4466 940 4511 erat
973 4453 1216 4521 Verbum,
1244 4464 1293 4510 et
1331 4453 1675 4511 Verbumeral
1701 4459 1842 4527 apud
1859 4459 2046 4529 Deum,

449 4561 501 4607 et
526 4550 665 4605 Deus
679 4561 791 4607 erat
814 4548 1035 4604 Verbum
1055 4565 1075 4604 :
1096 4547 1192 4603 hoc
1212 4557 1323 4603 erat
1344 4548 1398 4602 in
1414 4549 1670 4621 principio
1689 4551 1831 4621 apud
1854 4551 2044 4609 Deum.

2164 3344 2426 3399 Onesimo
2457 3344 2846 3412 interveniens,
2877 3345 2955 3400 sic
2994 3345 3073 3399 ait
3105 3362 3119 3399 :
3155 3342 3199 3398 Τ
3201 3361 3237 3399 tt
3287 3353 3457 3399 autem
3508 3344 3667 3398 illum
3713 3353 3776 3398 ut

2163 3455 2275 3493 mea
2302 3439 2494 3493 viscera
2519 3439 2744 3510 suscipe,
2772 3454 2919 3509 quem
2938 3454 3030 3508 ego
3055 3437 3315 3493 volueram
3341 3452 3542 3491 mecum
3566 3437 3779 3492 detine-

2161 3549 2217 3587 re
2241 3549 2259 3594 ;
2287 3542 2342 3585 ut
2382 3547 2475 3601 pro
2504 3539 2551 3584 te
2573 3531 2702 3584 mihi
2742 3531 3060 3586 ministraret
3104 3532 3155 3584 in
3191 3529 3409 3584 vinculis
3440 3526 3723 3599 Evangelii
3756 3543 3777 3583 :

2160 3625 2251 3681 sed
2277 3626 2388 3681 sine
2398 3625 2614 3680 consilio
2641 3634 2727 3679 tuo
2738 3623 2867 3679 nihil
2887 3623 3060 3692 facem
3080 3622 3255 3688 volui;
3278 3639 3343 3677 ne
3359 3623 3573 3677 velutex
3590 3639 3778 3677 neces-

2159 3718 2310 3773 sitate
2332 3717 2523 3771 bonuut
2550 3725 2856 3782 tuumesset,
2883 3719 2971 3770 sed
3001 3704 3349 3770 voluntarium
3371 3713 3628 3787 (Philem.
3653 3730 3769 3782 xu,

2163 3812 2232 3868 15
2256 3822 2302 3866 et
2332 3807 2443 3882 M).
2471 3812 2640 3879 Quam
2672 3810 2897 3867 sedulus
2932 3823 3125 3865 suasor
3147 3851 3163 3876 ,
3192 3808 3284 3879 qui
3313 3824 3436 3864 cum
3475 3817 3625 3865 esset
3669 3823 3775 3863 vas

2111 3890 2123 3901 ’
2159 3902 2441 3960 electionis
2460 3903 2691 3968 divinae,
2724 3903 3063 3960 consortium
3105 3900 3321 3957 consilii
3348 3916 3457 3956 non
3497 3899 3774 3970 dedigna-

2157 3996 2317 4052 batur
2342 3995 2546 4061 alieni;
2598 4012 2667 4050 ne
2692 3995 2921 4051 alterum
2970 3995 3147 4050 fructu
3197 3993 3493 4050 voluntatis
3523 3994 3772 4064 propria:

2157 4086 2525 4142 defraudaret.
2558 4085 2723 4142 Recte
2772 4101 2904 4158 ergo
2942 4085 3110 4141 David
3141 4085 3218 4140 ait
3260 4085 3414 4155 quasi
3443 4085 3720 4155 prOpheta
3755 4103 3772 4140 :

2169 4180 2476 4237 Voluntaria
2523 4183 2630 4235 oris
2669 4182 2767 4235 mei
2826 4179 3122 4254 comproba,
3164 4180 3426 4247 Domine,
3478 4181 3596 4234 oris
3675 4181 3773 4236 sui

2155 4273 2392 4329 oll'erens
2448 4274 2680 4329 Domino
2717 4270 3045 4329 sacriﬁcium
3081 4272 3483 4336 voluntarium;
3511 4286 3584 4326 eo
3613 4273 3771 4343 quod

2157 4374 2216 4420 ut
2241 4367 2357 4436 apis
2379 4365 2470 4421 illa
2497 4366 2810 4436 prophetica
2842 4366 3017 4423 bonos
3048 4364 3209 4421 liores
3230 4364 3486 4434 colligere
3507 4379 3609 4420 ore
3620 4380 3768 4420 con-

2154 4458 2410 4523 sueverit,
2430 4457 2581 4514 favos
2607 4473 2702 4514 ore
2725 4458 2948 4530 ﬁngere.
2969 4458 3126 4513 mella
3144 4472 3240 4512 ore
3251 4470 3677 4526 componere,et
3695 4471 3772 4513 ex

2156 4553 2338 4608 herbis
2366 4552 2621 4609 suavibus
2650 4550 2677 4591 ά
2709 4568 2807 4609 ore
2837 4551 2981 4608 illius
3007 4550 3220 4623 legere';
3249 4566 3369 4622 qua:
3400 4566 3519 4604 cum
3545 4551 3639 4617 sit,
3678 4551 3771 4605 in-

450 4643 642 4699 Omnia
667 4660 758 4715 per
778 4645 944 4712 ipsum
973 4646 1113 4714 facta
1134 4650 1275 4708 sunt,
1299 4652 1349 4695 et
1376 4642 1487 4697 sine
1513 4642 1629 4712 ipso
1651 4648 1847 4714 factum
1878 4656 1952 4701 est
1970 4649 2049 4702 ni-
2076 4640 2127 4701 D
2153 4651 2292 4722 quit,
2323 4652 2507 4706 robore
2529 4652 2776 4722 imﬁrma,
2803 4652 3072 4724 sapientite
3100 4649 3468 4723 pradicationc
3507 4649 3771 4705 substan-

518 4815 545 4843 ε
580 4801 857 4874 Mysticnm
878 4843 891 4864 ,
921 4800 1024 4874 hoc
1067 4799 1189 4874 loco
1221 4798 1536 4874 neutiquam
1583 4800 1875 4874 opponitur
1897 4802 2045 4859 litte-

449 4878 547 4931 rali
572 4892 585 4941 ;
611 4871 827 4946 quando
844 4872 1061 4943 quidem
1083 4871 1283 4946 ultique
1309 4871 1593 4946 litteralem
1619 4872 1844 4946 hujusce
1867 4884 2045 4930 textus

448 4944 755 5017 Evangelici
778 4959 997 4999 sensom
1016 4944 1457 5017 constantissime
1483 4954 1785 5017 propugnat
1803 4944 2039 5000 Ambro-

447 5022 564 5075 sius
593 5014 625 5070 ε*
639 5028 802 5087 atque
830 5017 966 5070 adeo
1013 5014 1503 5087 interpunctiouem
1535 5014 1603 5069 alt
1633 5016 2042 5087 _Alexandrinis

444 5102 499 5145 et
532 5083 926 5160 [Egypiiisnec
959 5101 1064 5160 non
1092 5083 1170 5140 ct,
1191 5101 1220 5139 a
1271 5083 1504 5160 Pltotino
1531 5101 1598 5137 eo
1630 5083 1942 5160 inductam,
1976 5105 2042 5144 ne

443 5161 529 5215 vel
557 5156 778 5214 minima
807 5158 1000 5211 haeresi
1026 5160 1232 5210 arianre
1267 5156 1494 5226 daretur
1513 5156 1757 5226 occasio,
1790 5158 2042 5226 rejicien-

443 5231 566 5287 dam
599 5230 911 5290 Contendit,
945 5236 1003 5281 ut
1029 5229 1214 5282 videre
1239 5236 1323 5282 est
1365 5225 1530 5280 Enar.
1558 5228 1611 5281 in
1645 5225 1791 5281 Psal.
1824 5244 2034 5294 xxxvi,

443 5319 593 5357 num.
638 5302 730 5365 5‘3,
752 5311 805 5353 et
835 5299 1027 5353 Cotum
1098 5299 1152 5352 in
1181 5314 1301 5365 cap.
1334 5312 1350 5351 ι
1384 5297 1564 5353 Lucae.
1615 5297 1712 5351 Ilic
1733 5313 1862 5368 ergo
1884 5302 2036 5356 testi-

442 5374 680 5428 monium
705 5373 834 5425 illud
867 5371 989 5424 ideo
1016 5371 1287 5441 mysticum
1313 5368 1531 5441 dicitur,
1561 5370 1686 5441 quia
1722 5384 1836 5423 rem
1871 5371 2035 5427 mini-

439 5460 525 5500 me
554 5458 875 5509 corpoream
898 5483 912 5503 ,
945 5440 1039 5494 sed
1067 5439 1095 5494 ἐι
1121 5440 1391 5504 sensibus,
1418 5439 1587 5493 immo
1606 5439 1673 5492 al)
1703 5442 1820 5509 ipso
1841 5440 2032 5496 huma-

435 5531 506 5569 no
534 5516 810 5569 intellectu
861 5511 1280 5567 remotissimam
1331 5521 1594 5579 exttouat,
1624 5518 1884 5566 mternam
1926 5514 2032 5568 sci-

435 5587 559 5643 licet
595 5586 753 5641 Verbi
780 5581 951 5637 divini
979 5584 1409 5652 generationem.
1454 5582 1729 5637 Moralitas
1759 5592 1939 5638 autem
1973 5587 2024 5640 in

431 5670 500 5729 eo
525 5668 629 5723 est,
657 5656 799 5729 quod
825 5653 973 5729 λόγος
989 5652 1163 5729 (ξηυοί
1186 5654 1389 5707 codicis
1406 5652 1602 5709 Latine
1623 5652 1844 5729 verbum
1870 5664 1925 5709 et
1941 5670 2029 5729 ra-

427 5726 633 5780 tionem
672 5723 958 5793 signilicet.
993 5723 1165 5779 Porro
1213 5740 1334 5777 cum
1363 5739 1430 5777 ex
1478 5725 1796 5779 memoratis
1844 5727 2023 5783 verbis

424 5800 615 5851 morali
635 5812 797 5868 sensu
828 5795 1244 5864 haudquaquam
1270 5794 1484 5868 excludi
1506 5793 1804 5868 ili‘tleralem
1834 5796 2021 5868 nobis-

416 5881 539 5923 cum
591 5864 838 5924 conﬁteri
867 5874 1131 5934 cogantur
1155 5866 1282 5920 novi
1325 5865 1607 5934 haeretici,
1658 5864 2011 5936 quamobrem

2154 4808 2317 4863 etiam
2340 4823 2445 4865 non
2469 4808 2892 4875 confitebuntur,
2917 4806 3089 4863 sicubi
3112 4821 3325 4862 sacrum
3348 4804 3487 4861 illud
3503 4805 3770 4863 elfatum:

2156 4878 2272 4952 Hoc
2294 4890 2365 4933 est
2388 4896 2576 4952 corpus
2616 4895 2783 4952 meum
2801 4920 2814 4941 .
2845 4895 2876 4934 a
2902 4878 3152 4952 Patribus
3181 4878 3410 4949 mystice
3439 4892 3505 4931 ac
3525 4878 3775 4952 spirita-

2154 4951 2279 5005 liter
2321 4948 2628 5018 (‘XIIDSIIUIII
2675 4951 2928 5015 videant;
2968 4949 3093 5003 inde
3144 4948 3331 5018 tamen
3365 4948 3683 5005 naturalem
3713 4960 3781 5007 et

2152 5017 2443 5076 litteralem
2474 5021 2976 5089 inerpretationem
3008 5034 3116 5074 non
3146 5017 3569 5074 excludendum.

2221 5090 2249 5130 ³³
2272 5092 2401 5147 Mss.
2435 5093 2703 5162 quinque,
2729 5089 2797 5145 Et
2829 5092 2882 5145 in
2911 5092 3148 5145 omnibus
3176 5106 3353 5162 seruus
3378 5099 3456 5144 est
3478 5089 3685 5157 factus.

2224 5173 2248 5234 ς
2282 5161 2534 5234 Legitima
2556 5164 2830 5218 necessitas
2851 5170 2935 5234 est
2958 5176 3019 5217 ea
3040 5203 3054 5224 ,
3086 5175 3248 5231 quant
3279 5161 3648 5234 leximpnnit.

2217 5230 2245 5270 ἀ
2278 5230 2371 5288 lt:{
2386 5249 2518 5288 mss.
2550 5249 2664 5288 sex.
2693 5233 2904 5302 Reliqui
2936 5247 3064 5287 vero
3084 5230 3137 5287 et
3171 5240 3284 5303 aut.
3306 5230 3479 5303 edit.,
3532 5247 3627 5286 ore
3652 5234 3778 5303 ﬂo-

2142 5321 2223 5359 res
2247 5308 2432 5375 legere.
2465 5304 2651 5371 Rom.,
2682 5321 2771 5359 ore
2812 5300 2962 5359 natos
3006 5305 3193 5375 legere.
3227 5300 3449 5375 Scilicet
3500 5300 3775 5375 quia'ad—

2140 5371 2416 5431 verterant
2461 5379 2699 5432 editores
2742 5376 2933 5431 Ambr.
2968 5371 3212 5429 alludere
3266 5372 3338 5427 ad
3384 5371 3776 5443 Virgilianum

2139 5446 2268 5502 illud
2295 5462 2326 5503 e
2358 5449 2452 5503 lib.
2482 5464 2532 5502 tv
2558 5446 2759 5518 Georg.
2793 5464 2807 5500 :

2378 5557 2568 5621 Yernm
2588 5560 2708 5621 ipsis
2732 5571 2763 5608 e
2785 5555 2911 5607 foliis
2930 5562 3087 5616 natos,
3115 5559 3169 5605 et
3186 5552 3418 5605 suavibus
3434 5552 3619 5604 herbis

2378 5619 2479 5672 Ore
2503 5619 2699 5682 legunt.

2128 5726 2260 5786 Vide
2287 5730 2409 5857 6h7ac
2463 5732 2579 5802 ipsa
2625 5730 2694 5787 de
2750 5743 2812 5785 re
2860 5729 2958 5787 lib.
2993 5742 3027 5783 v
3081 5728 3380 5794 lienem,
3443 5742 3575 5801 cap.
3632 5732 3770 5806 21,

2128 5816 2251 5857 num
2368 5840 2382 5855 .

2123 5816 2251 5857 num
2287 5816 2382 5857 07.
