3948 6302
172 308 288 362 ΗΜ

1217 305 1279 359 IN
1321 303 1648 360 PSALMUM
1686 306 1899 362 CXVIII
1941 306 2326 364 EXPOSITIO.

3296 317 3434 371 1402

168 429 242 482 tite
267 442 368 480 sua:
396 425 626 496 producit
651 432 850 479 wtatem
879 421 1062 494 (Prov.
1099 439 1168 489 τι,
1200 423 1281 494 8).
1315 421 1468 490 Quod
1497 423 1564 477 sit
1593 423 1732 478 istud
1762 435 1816 494 Α
1841 441 2040 490 meum,
2069 427 2254 494 loquar
2309 425 2685 496 propositiones
2737 428 2799 481 ab
2851 427 3000 481 initio
3033 427 3210 482 saeculi
3261 426 3434 498 (Psal.

167 517 514 571 voluntarium
543 518 651 571 oris
683 514 1028 581 sacriﬁcium,
1054 530 1394 585 recognosce
1421 533 1432 568 :
1469 514 1692 570 lmmola
1719 557 1732 582 ,

169 611 343 681 inquit,
375 608 489 663 Deo
511 609 822 678 sacriﬁcium
851 608 1019 662 laudis
1043 607 1162 678 (Ps.
1192 625 1339 675 thx,
1372 608 1484 681 14).

229 706 311 759 23.
373 705 663 774 Exspectat
721 703 983 758 Dominus
1051 703 1384 758 voluntarios
1436 703 1734 757 ministros.

169 799 385 870 Denique
411 799 464 852 iu
497 799 640 852 libro
673 797 848 851 Esaia:
869 796 994 851 dicil
1029 796 1284 850 Dominus
1311 814 1323 848 :
1355 795 1518 861 Quem
1540 798 1738 850 mittam

169 894 322 964 (Emi.
352 909 428 959 vi,
461 891 562 960 8)?
595 891 792 962 Utique
814 891 1030 946 servulo
1057 905 1155 944 suo
1186 899 1399 960 poterat
1443 891 1734 960 imperare,

169 1002 307 1056 quem
337 985 557 1054 dignum
587 983 678 1054 qui
711 982 1035 1047 mitteretur,
1061 982 1339 1036 invenerat
1371 997 1384 1034 :
1418 981 1515 1036 sed
1549 981 1740 1034 maluit

167 1097 274 1136 eum
301 1089 605 1150 spontanee:
632 1077 925 1132 oblationis
947 1091 1051 1131 non
1078 1076 1324 1130 fraudare
1347 1075 1616 1141 mercede,
1648 1075 1736 1144 qui

168 1185 214 1230 ut
242 1177 344 1243 ipse
372 1189 430 1228 se
457 1172 708 1237 oll‘erret,
745 1171 1086 1242 praestolatus
1117 1179 1221 1224 est.
1259 1170 1322 1224 Et
1349 1169 1596 1240 quamvis
1621 1167 1739 1238 ejus

167 1268 311 1321 sciret
333 1265 584 1320 allectum
604 1307 618 1328 ,
651 1264 988 1334 exspectavit
1015 1272 1193 1317 tamen
1219 1276 1437 1327 vocem;
1469 1270 1527 1315 ut
1547 1275 1738 1315 cumu-

167 1360 280 1416 laret
307 1359 551 1432 gratiam.
591 1358 742 1415 Unde
772 1373 832 1414 se
851 1357 1083 1412 oﬂ'erens
1114 1357 1301 1412 Esaias
1330 1357 1437 1410 ait:
1469 1355 1604 1410 Ecce
1623 1371 1736 1425 ego,

165 1454 285 1507 mitte
311 1470 384 1506 nte
415 1451 612 1525 (lbid.)
646 1469 660 1517 ;
706 1461 761 1507 et
780 1453 859 1508 sic
891 1462 1077 1522 postea
1104 1454 1299 1507 missus
1331 1461 1416 1506 est
1470 1451 1536 1506 ad
1570 1466 1740 1520 pepu-

167 1547 276 1600 lmn.
303 1545 422 1602 Ideo
461 1545 531 1601 de
559 1561 628 1600 co
654 1545 855 1600 dictum
889 1555 1004 1601 est:
1052 1547 1186 1614 Quia
1242 1546 1426 1601 Esaias
1473 1546 1650 1611 audet,
1691 1557 1738 1600 et

165 1640 268 1692 dicit
292 1638 461 1710 (Rom.
517 1655 582 1705 x,
613 1638 733 1708 21)).
769 1639 980 1693 Etenim
1013 1639 1165 1709 quasi
1199 1638 1560 1692 voluntarium
1584 1652 1740 1707 orga—

164 1749 268 1787 num
295 1734 549 1788 ubeiiore
571 1733 794 1804 spiritus
823 1734 904 1788 sui
930 1733 1103 1803 gratia
1133 1733 1383 1788 Christus
1411 1732 1687 1802 implevit.

1843 535 2044 584 Lxxvu,
2067 518 2143 592 2).
2178 517 2369 573 Paravi
2391 521 2652 574 lucernam
2675 518 2879 576 Christo
2899 536 3013 575 meo
3040 521 3210 593 (Psal.
3245 536 3434 586 cxxxt,

1843 613 1953 681 I7).
1983 611 2193 683 Corpus
2221 627 2376 668 sumn
2406 612 2548 683 quod
2575 623 2693 669 erat
2718 626 2846 670 ante
2870 615 3144 680 limosnm,
3199 623 3255 669 et
3278 629 3438 669 emno

1842 703 2199 760 haereditarite
2230 707 2549 762 colluvionis
2575 707 2935 773 obstructum,
2964 718 2989 745 τι
3015 719 3076 762 ιιι
3104 708 3284 763 oleum
3317 709 3427 778 spi'

1842 799 2002 855 ritale
2035 801 2275 870 recipere
2300 816 2407 855 non
2438 799 2874 870 pOSSet,Christo
2903 801 3134 871 paravit,
3157 808 3215 855 ut
3237 800 3435 856 luceat.

1841 892 2060 948 Christo
2091 893 2250 957 lucet,
2279 893 2433 963 cujus
2465 908 2629 963 opera
2661 893 2713 947 in
2749 893 2952 949 Chrisu
2997 894 3178 950 lucent
3208 893 3430 948 lumine.

1842 988 2060 1041 Christo
2091 986 2306 1041 lucebat
2334 986 2545 1052 Petrus,
2575 1002 2698 1041 cum
2721 986 2926 1042 diceret
2950 1005 2962 1042 :
2991 985 3058 1041 In
3087 989 3292 1040 nomine
3309 986 3437 1040 Jesu

1843 1078 2030 1134 Christi
2063 1079 2326 1134 Nazareni
2357 1095 2528 1151 surge,
2560 1090 2609 1134 et
2636 1079 2842 1134 ambula
2870 1081 3015 1148 (Act.
3051 1095 3131 1146 ιιι,
3159 1079 3190 1132 6
3210 1059 3437 1149 ).ὈΙιι·ἰο

1841 1186 1925 1229 sto
1952 1174 2165 1230 lucebat
2193 1174 2283 1228 ille
2307 1175 2394 1242 qui
2422 1173 2633 1229 dieebat
2667 1192 2678 1226 :
2715 1174 2875 1229 Sanet
2917 1183 2964 1227 te
2992 1171 3246 1227 Dominus
3284 1173 3440 1229 Jesus

1842 1273 1979 1343 (Act.
2007 1288 2080 1335 ix,
2109 1270 2222 1341 54).
2257 1270 2475 1325 Christo
2497 1270 2716 1326 lucebat
2743 1283 3042 1342 martyrum
3067 1271 3313 1336 lucerna,
3345 1273 3439 1342 qui

1844 1381 1940 1435 pro
1968 1363 2183 1420 Christo
2206 1363 2425 1419 subiere
2455 1365 2796 1436 martyrium.
2828 1363 3044 1420 Christo
3088 1366 3302 1422 lucebat
3334 1365 3439 1420 Da-

1843 1457 1954 1524 vid,
1979 1458 2065 1526 qui
2089 1466 2299 1526 poterat
2319 1455 2505 1511 dicere
2525 1472 2538 1508 :
2565 1453 2667 1510 Cor
2686 1472 2855 1510 meum
2876 1467 2923 1512 et
2945 1473 3067 1511 caro
3083 1473 3198 1511 mea
3212 1458 3438 1512 exsulta-

1842 1551 2087 1604 veruntin
2110 1547 2273 1602 Deum
2296 1549 2461 1600 vivum
2485 1546 2601 1618 (Ps.
2637 1563 2857 1615 Lxxxut,
2873 1547 2953 1619 5).
2973 1548 3191 1604 Christo
3211 1564 3438 1619 parave-

1845 1651 2174 1697 ratmentem
2215 1656 2336 1695 cum
2359 1640 2426 1695 de
2466 1655 2553 1706 eo,
2586 1655 2615 1694 a
2655 1656 2762 1711 quo
2785 1639 3097 1710 frequenter
3121 1641 3187 1696 ad
3207 1651 3434 1696 mortem

1843 1735 2021 1791 fuerat
2046 1735 2339 1804 appetitus,
2371 1733 2615 1788 diceret:
2655 1732 2775 1787 Non
2813 1733 2941 1788 mihi
2987 1734 3247 1805 contingat
3271 1750 3304 1787 a
3333 1733 3438 1786 Do-

218 1826 299 1881 25-
335 1825 442 1882 Nec
470 1829 653 1882 οῑῖοεθ
684 1828 784 1882 hoc
815 1827 1046 1897 POSilum
1078 1837 1207 1897 Ριιιο
1233 1843 1247 1890 ;
1281 1825 1404 1896 (tilia
1434 1825 1736 1880 voluntaria
1770 1833 1815 1892 Β
1843 1831 2000 1897 mino,
2034 1831 2078 1884 si
2109 1829 2274 1899 fecero
2297 1830 2392 1882 hoc
2419 1828 2646 1891 verbum,
2683 1827 2906 1882 Domino
2931 1825 3289 1894 meo,Christo
3317 1824 3429 1882 Do-

168 1919 260 1974 oris
286 1920 362 1974 sui
390 1919 616 1990 placere
642 1919 916 1975 desiderat
944 1920 1194 1976 Domino.
1229 1919 1380 1974 Multi
1437 1918 1734 1988 pr0phelaa,

164 2015 242 2068 sed
268 2017 313 2068 in
342 2015 601 2070 omnibus
642 2015 753 2070 oris
797 2015 1102 2070 voluntaria
1151 2015 1387 2084 placent.
1433 2013 1739 2068 Evcusabat

163 2106 449 2176 Hieremias,
472 2109 699 2164 dicens:
737 2107 864 2173 Quis
891 2126 944 2163 es
969 2109 1284 2170 dominator,
1311 2106 1534 2161 Domine
1551 2109 1576 2159 Υ
1609 2106 1740 2159 Ecce

162 2202 304 2254 nescio
332 2203 503 2271 loqui,
543 2203 665 2270 quia
686 2202 928 2272 juvenior
955 2217 1068 2254 sum
1099 2217 1228 2270 ego;
1261 2209 1306 2253 et
1330 2199 1462 2252 dixit
1484 2200 1528 2252 ei
1559 2198 1740 2251 Domi-

162 2310 241 2348 nus
261 2310 276 2347 :
295 2293 413 2348 Noli
433 2295 636 2359 dicere,
654 2295 775 2364 quia
790 2294 1034 2365 juvenior
1055 2309 1168 2346 sum
1195 2310 1318 2364 ego;
1336 2293 1456 2363 quia
1475 2294 1544 2346 ad
1565 2308 1738 2346 omnes

160 2387 218 2438 ad
233 2403 568 2458 quoscumque
587 2389 772 2441 misero
802 2397 869 2452 te,
907 2387 1070 2441 abibis
1093 2404 1112 2440 :
1141 2397 1188 2441 et
1241 2386 1525 2440 secundum
1567 2388 1738 2441 omnia

160 2495 454 2550 quaecumque
481 2481 802 2533 mandavero
827 2479 938 2546 tibi,
967 2481 1190 2549 loqueris
1215 2478 1431 2551 (Jerem.
1465 2495 1506 2545 ι,
1527 2478 1560 2533 6
1585 2488 1636 2533 et
1654 2479 1732 2548 7).

164 2570 449 2626 V'ereeunde
484 2571 759 2642 propheta
786 2581 997 2628 aetatem
1025 2573 1272 2641 corporis
1323 2570 1733 2641 praetendebat;

161 2677 216 2715 ne
235 2665 589 2733 exsequendis
616 2663 931 2719 caelestibus
954 2664 1233 2733 imperatis
1262 2664 1435 2733 impar
1455 2676 1576 2717 esse
1601 2660 1730 2716 ado.

161 2754 391 2809 lescentia
419 2756 956 2826 deprehenderetur.
987 2755 1092 2810 Sed
1124 2756 1263 2810 Deus
1295 2765 1351 2809 ut
1383 2757 1471 2825 qni
1521 2769 1732 2809 morum

159 2849 305 2916 magis
329 2864 486 2917 quam
517 2865 786 2904 annorum
815 2849 1087 2917 jutlicaret
1130 2858 1344 2903 tetatem
1377 2845 1731 2902 consideran-

157 2938 285 3006 dam,
310 2953 360 2996 et
387 2942 439 2996 in
459 2942 697 3012 juvenili
725 2957 955 3012 corpore
981 2943 1345 2996 maturitatem
1377 2941 1616 2995 robusta!
1645 2955 1732 2994 sa-

157 3031 350 3098 pientia:
376 3033 430 3088 in
458 3048 572 3090 suo
601 3034 820 3089 servulo
851 3032 1194 3102 prmvideret,
1226 3032 1339 3086 ait:
1378 3031 1504 3085 Noli
1538 3032 1728 3095 dicere,

149 3123 360 3190 jarenior
385 3141 502 3180 sum
541 3141 657 3198 ego,
691 3124 791 3179 hoc
829 3134 932 3189 est,
991 3125 1264 3194 prohibuit
1314 3139 1436 3178 eum
1477 3123 1731 3190 juvenilis

1842 1923 1971 1975 mini
1998 1923 2207 1991 injicere
2227 1936 2432 1974 manum
2462 1935 2629 1974 meam
2649 1918 2692 1990 (ι
2717 1917 2847 1990 Reg.
2877 1933 3031 1985 xxtv,
3062 1919 3142 1990 7).
3168 1921 3300 1974 Cum
3325 1933 3440 1973 ma-

1838 2016 2014 2086 jorem
2046 2013 2271 2069 haberet
2300 2028 2520 2068 causam
2548 2013 2762 2067 tuenda:
2793 2013 2983 2069 salutis
3024 2027 3156 2078 suae,
3206 2022 3262 2066 ut
3286 2011 3436 2068 occi-

1841 2108 1994 2164 deret
2028 2113 2480 2178 persequentem;
2511 2105 2674 2160 etiam
2697 2105 2834 2160 alios
2857 2105 2948 2174 qui
2976 2104 3278 2160 suadebant
3335 2103 3436 2159 ini-

1842 2202 1980 2256 mico
2008 2215 2114 2254 non
2139 2213 2258 2254 esse
2287 2197 2639 2268 parcendum,
2658 2211 2820 2267 quem
2846 2197 3100 2251 Dominus
3125 2195 3280 2266 juxta
3313 2211 3437 2266 pro-

1843 2294 2067 2348 missum
2091 2306 2268 2358 suum,
2298 2290 2350 2344 in
2381 2304 2572 2344 manus
2603 2288 2773 2358 ipsius
2824 2287 3158 2353 tradidisset,
3213 2287 3283 2344 ab
3314 2287 3434 2358 ejus

1840 2384 2071 2440 necandi
2099 2381 2395 2453 cupiditate
2423 2380 2731 2438 revocabat.
2783 2381 3003 2435 Christo
3047 2379 3263 2436 lucebat
3295 2380 3430 2436 Pro-

1842 2477 2024 2548 pheta,
2054 2493 2174 2533 cum
2207 2477 2275 2532 de
2304 2492 2370 2532 eo
2399 2476 2490 2546 qui
2523 2475 2688 2546 patris
2736 2475 2956 2530 domum
3005 2475 3143 2545 turpi
3198 2475 3434 2529 macula-

1837 2581 1991 2626 verat
2014 2572 2245 2633 incestu,
2265 2569 2354 2640 qui
2373 2569 2538 2638 patris
2559 2569 2787 2623 salutem
2806 2567 3216 2638 parricidalibus
3233 2565 3432 2635 przcliis

1837 2664 2147 2734 appetebat,
2181 2664 2299 2732 pius
2328 2673 2478 2732 pater
2505 2659 2908 2716 tatnendiceret
2937 2659 3004 2714 ad
3037 2661 3281 2729 praelium
3307 2675 3431 2730 pro-

1840 2757 2102 2811 iecturis:
2139 2753 2348 2809 Parcite
2389 2756 2500 2823 ﬁlio
2521 2769 2630 2807 meo
2676 2752 2953 2808 Abessalon
2979 2752 3044 2825 (II
3095 2751 3227 2824 Reg.
3277 2769 3428 2819 xvttt,

1837 2845 1916 2916 5).
1948 2846 2184 2902 Tacebat
2206 2846 2567 2916 improbitatis
2593 2846 2772 2900 scelus
2801 2861 2814 2898 :
2849 2847 3062 2914 pietatis
3087 2855 3265 2900 autem
3296 2861 3425 2916 gra-

1835 2939 1986 3006 dutn,
2011 2947 2066 2996 et
2096 2953 2291 2994 nomen
2319 2938 2733 2994 necessitudinis
2765 2937 3119 3007 prmferebat;
3151 2945 3210 2992 ut
3229 2954 3431 3008 pugna-

1837 3035 1939 3088 turi
1971 3050 2076 3087 non
2099 3032 2467 3089 adversarium
2521 3032 2684 3102 regis,
2744 3031 2837 3086 sed
2888 3031 3055 3087 lilium
3102 3031 3425 3103 engitztntes,

1836 3127 2080 3183 dolorem
2105 3127 2247 3182 laesae
2278 3126 2495 3196 pietatis
2545 3125 2872 3182 inhiberent.
2916 3126 2974 3180 Et
3027 3135 3147 3197 post
3195 3136 3424 3181 mortem

157 3215 305 3268 atatis
347 3216 818 3285 contemplatione
874 3217 1017 3270 vires
1061 3230 1186 3270 suas
1228 3215 1586 3286 perpendere,
1640 3213 1725 3268 cui
1756 3221 1801 3283 ρ
1832 3219 1948 3289 ejus
1979 3219 2191 3288 operuit
2223 3219 2414 3274 faciem
2440 3233 2615 3285 suam,
2640 3228 2695 3274 et
2725 3233 2857 3273 voce
2891 3233 3082 3289 magna
3128 3217 3422 3284 clamabat,

155 3306 264 3361 lides
305 3313 559 3367 canitiem
604 3311 886 3380 sapientia:
934 3310 1286 3365 ministraret.
1321 3310 1387 3364 Et
1430 3309 1623 3364 iterum
1671 3310 1722 3362 in

155 3404 512 3464 posterioribus
539 3418 662 3458 cum
693 3402 920 3456 dixisset
941 3402 1080 3456 idem
1111 3401 1375 3472 propheta
1403 3419 1416 3454 :
1445 3399 1718 3455 Seduxisti

153 3506 234 3559 me,
260 3490 487 3563 Domine,
527 3506 575 3548 et
596 3496 839 3549 seductus
865 3512 1047 3549 sum...
1070 3493 1136 3548 Et
1158 3494 1267 3548 dixi
1296 3512 1315 3548 .'
1345 3492 1466 3548 Non
1490 3495 1726 3548 nomina-

152 3583 203 3636 Ito
228 3603 394 3644 nomen
421 3592 567 3661 ejus,
596 3601 644 3645 et
667 3606 768 3644 non
821 3590 998 3659 loquar
1041 3591 1092 3642 in
1134 3589 1340 3643 nomine
1377 3590 1494 3656 ejus
1539 3589 1676 3642 ultra
1705 3605 1723 3654 ;

152 3676 361 3736 addidit:
405 3682 473 3736 Et
505 3683 682 3752 factus
708 3693 784 3737 est
811 3684 864 3736 in
909 3684 1066 3738 corde
1087 3700 1220 3747 meo,
1252 3692 1306 3736 ut
1329 3685 1464 3753 ignis
1510 3683 1720 3752 ardens,

154 3771 388 3837 ﬂammans
414 3778 466 3830 in
499 3779 708 3830 ossibus
731 3777 858 3828 meis
885 3791 902 3829 :
931 3786 980 3829 et
1007 3776 1288 3830 dissolutus
1311 3792 1428 3829 sum
1471 3774 1720 3844 undique,

151 3874 189 3914 et
213 3865 334 3933 [τηε
359 3887 461 3923 non
496 3885 709 3936 possunt
736 3867 949 3940 (Jerem.
982 3885 1083 3933 xx,
1116 3869 1146 3921 7
1174 3879 1222 3922 et
1245 3869 1326 3938 9).
1377 3867 1723 3923 Advenimus

153 3954 289 4024 igitur
313 3961 450 4029 quod
477 3962 552 4016 iis
595 3960 757 4016 etiam
805 3961 896 4030 qui
923 3970 1016 4013 aut
1061 3960 1431 4014 excusandum
1485 3959 1719 4013 olticium

150 4059 298 4110 suum,
324 4061 416 4106 aut
458 4061 614 4107 certa
659 4049 837 4120 aliqua
866 4065 1027 4104 causa
1057 4050 1362 4119 negandum
1391 4050 1718 4121 putaverint,

165 4135 389 4196 Dominus
417 4153 602 4197 tamen
633 4153 818 4198 noster
863 4151 957 4195 aut
1008 4143 1218 4196 ratione
1248 4141 1592 4210 persuadeat,
1629 4150 1722 4196 aut

151 4233 409 4302 cupiditate
444 4237 666 4310 1150
697 4236 1023 4304 prapheticze
1064 4235 1416 4289 revelationis
1445 4236 1711 4304 inspiret;

152 4333 200 4378 ut
217 4325 273 4380 ad
299 4330 637 4385 subeundum
670 4327 908 4383 ofﬁcium
933 4327 1208 4382 voluntate
1235 4337 1585 4392 concurrant,
1613 4344 1717 4381 non

147 4421 438 4476 necessitate
469 4421 882 4486 conscendant;
911 4436 1018 4491 quo
1043 4435 1252 4476 merces
1279 4421 1345 4474 ad
1379 4436 1474 4476 eos
1496 4422 1720 4490 integra:

144 4505 415 4567 devotionis
443 4513 626 4585 possit
657 4514 868 4583 plenior
917 4513 1220 4581 pervenire.
1270 4511 1624 4580 Prophetavit
1666 4520 1720 4566 et

1829 3313 2054 3368 dicens:
2115 3310 2289 3367 Filius
2338 3329 2479 3366 meus
2509 3312 2805 3377 Abessalon,
2857 3313 2999 3380 [ilius
3041 3329 3180 3366 mens
3227 3312 3423 3383 (Ibid.,

1827 3404 1941 3474 33).
1970 3404 2116 3459 llanc
2143 3419 2333 3458 vocem
2366 3404 2630 3473 parricida
2664 3421 2768 3457 non
2827 3403 3026 3458 meruit
3057 3421 3071 3458 :
3132 3404 3226 3458 sed
3269 3404 3427 3459 Chri-

1827 3496 1897 3550 sti
1951 3497 2310 3566 pr0phetahat
2365 3496 2614 3566 gratiam.
2675 3496 2945 3552 Didicerat
3017 3496 3284 3567 Pr0pheta
3357 3497 3424 3550 de

1827 3587 2044 3642 Christo
2094 3588 2270 3643 bonus
2299 3602 2419 3642 esse
2468 3599 2638 3657 pater,
2673 3589 2764 3659 qui
2801 3589 2943 3644 hono
2991 3589 3104 3644 lilio
3131 3590 3419 3645 serviebat.

1897 3680 1986 3736 98.
2034 3681 2274 3749 Denique
2303 3681 2424 3736 ideo
2445 3680 2653 3736 dicebat
2685 3699 2696 3734 :
2735 3681 3016 3752 Etjudicia
3041 3692 3129 3735 tua
3157 3684 3280 3736 doce
3303 3699 3380 3738 me
3408 3700 3424 3746 ;

1826 3773 1948 3842 quia
1976 3773 2178 3840 judicia
2204 3773 2298 3829 Dei
2325 3775 2462 3828 sicut
2483 3774 2708 3844 abyssus
2736 3776 2925 3838 multa,
2950 3783 3004 3830 et
3030 3776 3421 3840 inscrutabilia,

1827 3873 1885 3918 ut
1913 3867 2209 3934 Apostolus
2233 3866 2361 3921 dicit
2392 3866 2570 3937 (Rom.
2610 3882 2686 3931 xt,
2731 3866 2844 3936 55).
2879 3866 3007 3921 Ideo
3057 3883 3164 3922 non
3209 3878 3421 3936 poterat

1825 3973 1912 4022 ea,
1957 3959 2058 4012 nisi
2113 3957 2330 4012 Christo
2375 3960 2628 4024 docente,
2677 3973 3058 4028 cognoscere;
3108 3961 3232 4028 quia
3284 3977 3422 4016 unus

1827 4051 2081 4118 magister
2101 4051 2340 4103 omnimn
2365 4049 2619 4104 Christus
2649 4061 2729 4104 est
2753 4049 2968 4124 (Matth.
3001 4067 3155 4119 χχιιι,
3182 4051 3262 4122 8).
3296 4051 3422 4106 llaec

1826 4153 2004 4197 autem
2035 4141 2236 4197 Christi
2262 4142 2466 4212 judicia
2496 4153 2660 4210 sunt;
2694 4153 2750 4198 ut
2781 4146 2843 4198 iis
2871 4146 2959 4216 qui
2999 4145 3154 4200 nobis
3184 4145 3420 4200 insidiati

1826 4237 2047 4302 fuerint,
2078 4238 2388 4292 noverimus
2411 4254 2516 4294 non
2540 4240 2710 4294 vicem
2745 4239 2953 4308 injuria:
2987 4239 3421 4308 rependendam,

1823 4331 1918 4385 sed
1953 4346 2048 4400 pro
2079 4331 2274 4400 injuria
2305 4333 2474 4402 magis
2499 4331 2846 4387 deferendam
2891 4333 3144 4403 gratiam.
3179 4333 3422 4398 Denique

1825 4422 2272 4477 maledicentibus
2329 4439 2434 4477 non
2482 4424 2844 4488 remuli-dixit,
2898 4425 3264 4492 percutientes
3313 4440 3418 4478 non

1823 4515 2189 4584 repercussit:
2222 4514 2316 4566 sed
2347 4513 2514 4582 magis
2535 4516 2697 4567 etiam
2751 4515 3044 4568 cruciﬁxus
3096 4528 3192 4580 pro
3239 4528 3420 4580 perse-

143 4597 520 4674 Caiphas,Quia
550 4607 930 4672 expeditunum
959 4605 1218 4658 hominem
1247 4606 1379 4659 mori
1403 4623 1496 4675 pro
1520 4607 1710 4677 populo
1736 4600 1790 4661 D
1814 4607 2106 4677 quentibus
2131 4623 2190 4662 se
2220 4607 2738 4675 pimintercessionis
2762 4607 2904 4676 apud
2928 4607 3138 4660 Patrem
3161 4605 3420 4660 auxilium

145 4689 304 4759 (latin.
349 4714 423 4765 xt,
456 4701 546 4771 50)
579 4719 590 4754 :
635 4700 730 4754 sed
760 4699 862 4753 hoc
899 4698 1264 4752 voluntarium
1305 4699 1415 4752 oris
1466 4699 1709 4754 ministe-

146 4783 261 4839 rium
293 4805 396 4844 non
420 4800 582 4857 erat;
639 4792 764 4862 quia
819 4789 1139 4860 loquebatur
1192 4789 1412 4846 invitus.
1472 4790 1710 4861 Denique

143 4877 249 4940 quid
273 4879 491 4945 diceret,
525 4882 821 4938 nesciebat.

201 4965 282 5021 ιι.
296 4972 421 5035 Quae
439 4989 569 5042 ergo
588 4974 888 5028 voluntaria
902 4974 1014 5028 oris
1030 4972 1113 5028 sui
1140 4973 1370 5028 Domino
1395 4973 1558 5027 David
1589 4973 1707 5042 pla-

141 5069 249 5112 cere
276 5061 545 5118 desiderat
571 5065 595 5118 ‘l
625 5063 774 5135 Elegi
803 5065 1035 5137 abjectus
1059 5082 1168 5120 esse
1197 5066 1250 5119 in
1299 5065 1451 5119 domo
1474 5064 1705 5130 Domini,

145 5153 284 5222 magis
308 5171 460 5224 quam
485 5157 712 5211 habitare
731 5159 786 5211 in
812 5158 1158 5212 tabernaculis
1185 5168 1509 5224 peccatorum
1533 5155 1704 5227 (Psal.

144 5253 344 5310 Lxxxnt,
380 5247 492 5315 II).
522 5248 746 5302 Audiam
791 5249 915 5320 quid
959 5249 1198 5317 loquatur
1243 5249 1297 5302 in
1326 5265 1407 5302 me
1451 5247 1708 5304 Dominus

142 5327 260 5386 Deus
306 5334 478 5407 (Psal.
530 5356 768 5409 Lxxxtv,
820 5341 906 5411 9).
963 5341 1204 5412 Aperiam
1256 5341 1311 5393 in
1351 5341 1614 5409 parabolis
1650 5357 1707 5396 os

203 5455 224 5480 ³
258 5443 424 5514 Edit.,
457 5461 510 5523 ut
530 5454 700 5506 oleum
728 5454 962 5523 spiritale
985 5454 1210 5522 recipere
1240 5463 1426 5523 posset.
1475 5453 1704 5511 Mss.....

140 5527 435 5593 tton‘posset.
471 5521 654 5577 Melius
684 5541 699 5588 ;
752 5521 1018 5593 siquidem
1047 5521 1149 5579 hec
1175 5521 1276 5578 IoCi
1309 5535 1434 5593 ante
1462 5535 1540 5590 ut,
1573 5527 1700 5580 sub-

142 5589 518 5664 intelligendum
570 5604 678 5664 est,
731 5589 846 5661 ita';
897 5611 1017 5664 quae
1073 5595 1288 5650 dicendi
1333 5589 1709 5653 formabonls

140 5662 428 5714 auctoribus
451 5672 531 5718 est
556 5663 858 5719 familiaris.

202 5722 229 5762 δ
259 5728 458 5807 pnigea
483 5735 661 5801 edit..-
691 5737 931 5806 quisquis.
966 5736 1266 5807 spiritaliter
1295 5736 1636 5803 intellexerit,
1661 5749 1708 5794 et

143 5795 316 5862 iecerit.
348 5801 543 5864 Omnes
570 5795 790 5864 mssfut
817 5795 870 5865 in
899 5795 1068 5865 texiu.
1103 5808 1206 5866 Sed
1252 5821 1282 5864 a
1332 5809 1515 5866 multis
1539 5795 1701 5867 etiam

1813 4698 2095 4754 deferebat
2119 4699 2308 4754 dicens
2337 4717 2349 4752 :
2377 4699 2558 4763 Pater,
2583 4700 2781 4754 dimitte
2804 4701 2940 4765 illis;
2962 4717 3064 4754 non
3086 4701 3221 4754 enim
3251 4701 3426 4754 sciunt

1811 4791 1936 4859 quid
1985 4791 2178 4860 faciunt
2209 4790 2364 4862 (Luc.
2410 4807 2539 4846 χχιιι
2562 4833 2576 4855 ,
2625 4791 2742 4863 54).
2771 4791 2898 4848 ιίιιιο
2928 4794 3088 4862 igitur
3120 4791 3145 4830 δ
3177 4792 3422 4862 quisquis

1815 4880 2000 4936 fecerit
2026 4882 2156 4952 legis
2179 4884 2401 4952 judicia,
2427 4886 2863 4940 remuneratione
2881 4885 3150 4940 donatura
3175 4883 3417 4939 Christo.

1892 4976 2101 5048 1151
2132 4977 2222 5031 29.
2248 4977 2430 5048 (Vers.
2465 4977 2612 5047 I09.)
2640 4979 2744 5031 Sed
2768 4978 2888 5048 quis
2911 4978 3112 5048 judicia
3146 4977 3239 5032 Dei
3275 4987 3296 5013 ο
3322 4976 3422 5030 do-

1817 5069 1926 5121 ceri
1959 5078 2157 5138 potest,
2194 5070 2295 5123 nisi
2328 5073 2418 5140 qui
2449 5072 2683 5125 animum
2713 5085 2864 5124 suam
2897 5085 3115 5140 semper
3162 5069 3411 5124 intende-

1817 5160 1887 5214 rit
1915 5161 1982 5212 ad
2020 5160 2352 5214 Dominum?
2383 5162 2482 5230 Qui
2515 5172 2689 5233 potest
2719 5163 2902 5218 dicere
2929 5179 2942 5216 :
2991 5163 3178 5216 Anima
3219 5177 3330 5214 mea
3361 5161 3415 5213 in

1815 5253 2053 5306 manibus
2082 5256 2182 5308 tuis
2209 5272 2430 5328 semper,
2455 5266 2502 5310 et
2534 5259 2694 5330 legem
2718 5269 2860 5312 luant
2899 5274 3000 5312 non
3050 5273 3162 5311 sum
3203 5254 3418 5309 oblitus.

1815 5343 1997 5415 Aliqui
2028 5344 2232 5402 habent
2262 5365 2273 5400 :
2320 5349 2506 5403 Anima
2532 5366 2645 5403 mea
2666 5347 2691 5386 ἀ
2716 5351 2768 5404 in
2793 5351 3028 5406 manibus
3051 5351 3174 5403 meis
3196 5363 3418 5416 semper,

1819 5459 2018 5540 absunt
2048 5474 2338 5540 sequentes
2365 5463 2486 5520 dure
2514 5483 2706 5533 voces,
2739 5468 2864 5540 legis
2881 5469 3106 5540 judicia.

1895 5542 1916 5610 ς
1958 5530 2160 5589 Omnes
2185 5535 2319 5610 edit.
2365 5553 2485 5590 cum
2515 5554 2644 5592 mss.
2696 5530 2924 5608 aliquoi,
2981 5540 3162 5593 docere
3210 5547 3419 5610 potest;

1817 5600 1908 5683 alii
1945 5607 2353 5683 lttss.-Illeil(_)ris
2382 5623 2545 5674 ιιοιίιι,
2599 5613 2772 5664 doceri
2793 5600 2988 5680 potest.
3020 5600 3258 5680 Optime.
3315 5610 3416 5662 huc

1816 5678 1960 5728 enim
1975 5678 2416 5754 aptiusrohteret
2431 5696 2553 5736 cum
2568 5678 2962 5752 superioribus,
2979 5678 3093 5738 ideo
3105 5700 3208 5738 non
3222 5690 3418 5754 potirat

1817 5759 1912 5826 ea,
1932 5747 2032 5826 nisi
2060 5747 2266 5803 Christo
2282 5752 2545 5826 docente,
2559 5747 2865 5826 cognoscere
2881 5797 2894 5821 .
2945 5763 3056 5826 εις.

1889 5814 1912 5850 ά
1945 5816 2162 5876 Hieron.
2199 5821 2370 5896 epist.
2405 5825 2471 5881 ad
2516 5814 2752 5888 'Suiiia'm
2795 5814 2934 5900 apud
2977 5814 3119 5888 LXX
3177 5827 3423 5896 aliasque
