3948 6376
1289 79 1486 86 ._.__——
2023 73 2120 79 ——

171 337 293 394 “05
1201 334 1269 392 IN
1308 334 1634 394 PSALMUII
1671 336 1885 396 CXVIII
1922 337 2307 398 EXPOSITIO.
3286 340 3425 399 1406

164 482 307 539 serto,
334 470 394 528 ad
424 471 568 528 illum
597 471 882 528 ﬂorentem
908 487 1126 544 semper
1151 474 1328 529 locum
1357 474 1716 543 iucunditatis
1744 455 1796 517 Α
1822 451 2057 524 praedam
2091 454 2272 525 petiti.
2323 455 2517 527 laqueo
2562 456 2677 526 ipse
2721 466 2775 514 te
2824 456 3013 515 oecus-
3069 457 3204 513 Esca
3247 458 3425 529 laquei

163 580 367 629 tolerate.
415 566 531 622 ista:
559 578 687 622 sunt
732 567 959 622 virtutes
1008 582 1126 637 quae
1169 578 1225 622 et
1269 567 1323 623 in
1365 566 1541 622 Esaia:
1582 567 1724 622 libro
1823 547 2051 604 avaritia
2083 557 2168 604 est
2208 566 2223 604 :
2279 550 2637 613 esca‘diaboli
2669 551 2907 607 luxtnies
2934 562 3055 619 est,
3103 552 3297 622 quibus
3327 566 3428 609 nos

162 665 354 720 dicunt:
386 660 508 729 Quis
561 671 638 715 est
695 662 791 716 iste
839 662 930 732 qui
971 661 1177 717 advenit
1230 678 1294 717 ea:
1335 660 1530 729 Edam,
1568 662 1725 717 rubor

162 755 529 810 vestimentorum
574 768 643 808 ea:
667 750 856 822 Bosor,
888 754 965 809 sic
996 755 1251 822 pretiosus
1277 755 1331 808 in
1357 758 1492 809 stola
1538 753 1720 822 (Esai.

162 843 399 910 utu.l)?
426 840 568 909 Istae,
596 842 842 912 inquam,
885 853 1015 900 sunt
1042 861 1164 916 qua:
1212 846 1478 901 mirantur
1520 862 1589 901 ex
1619 847 1724 901 isto

160 936 443 1006 confragoso
472 937 873 1007 scopulosaque
898 936 1121 993 deserto
1149 938 1385 1008 aliquam
1426 939 1724 995 ascendere

159 1032 359 1087 animam
385 1044 542 1099 posse
566 1030 688 1085 sine
716 1045 1034 1102 magnorum
1061 1031 1183 1087 labe
1208 1032 1497 1098 vitiorum;
1529 1042 1584 1089 et
1601 1034 1724 1090 ideo

159 1126 458 1196 gratulantur
484 1135 785 1194 repertam,
816 1141 943 1193 qua:
966 1126 1290 1181 vestimenta
1323 1127 1534 1199 1153
1566 1128 1725 1183 iuno-

159 1221 324 1277 rentia:
348 1220 607 1275 naturalis
628 1234 737 1274 non
770 1219 1031 1290 polluerit
1070 1230 1378 1275 atramento
1397 1220 1723 1290 insipientia:

155 1313 394 1368 saecularis
420 1328 434 1364 :
463 1311 563 1366 sed
595 1311 764 1382 magis
788 1308 1078 1381 sapientiai
1105 1311 1386 1382 spiritalis,
1436 1320 1491 1367 et
1531 1313 1723 1382 gratia:

162 1402 360 1459 candore
385 1402 687 1459 mandarit.

208 1521 286 1575 55.
301 1516 473 1591 (Vers.
502 1516 656 1591 llo.)
678 1517 963 1590 Dicitergo
975 1534 1035 1574 ea
1051 1519 1228 1574 anima
1245 1517 1351 1588 iam
1374 1531 1589 1585 secura,
1609 1518 1722 1588 jam

158 1611 281 1666 ltcta:
307 1610 595 1667 Posueruut
613 1621 900 1684 peccatores
920 1612 1156 1682 laqueum
1170 1613 1295 1666 mihi
1315 1627 1334 1667 :
1360 1612 1487 1679 etde
1506 1614 1723 1665 manda-

155 1703 607 1759 tistuisttouerraoi.
629 1704 791 1774 Digna
818 1716 918 1761 vox
946 1704 1299 1774 relinquentis
1312 1702 1415 1759 hoc
1440 1703 1719 1772 szccnlum,

154 1818 208 1859 eo
225 1804 349 1875 quod
372 1803 504 1858 retia
528 1804 991 1874 persequentium,
1018 1814 1072 1857 et
1094 1802 1475 1857 insidiatorum
1500 1802 1724 1872 laqueos

1826 643 1942 696 vult
1963 642 2227 711 inescare,
2259 658 2365 699 non
2392 659 2637 717 pascere.
2669 644 2737 701 Et
2766 647 2887 702 ideo
2912 646 3181 703 clamabat
3206 657 3430 717 aposto-

1826 735 1908 790 lus
1931 752 1944 791 :
1976 733 2061 789 Ne
2085 738 2535 804 attuminareritis,
2579 754 2642 791 ne
2664 738 3010 809 gustaueritis,
3042 754 3155 809 qua:
3174 750 3291 797 sunt
3318 755 3429 795 out-

1824 828 1910 882 nia
1933 830 2002 882 ad
2023 830 2368 902 corruptelam
2392 831 2508 900 ipso
2536 847 2631 885 usu
2662 829 2883 902 (Coloss.
2918 846 2978 891 ii,
3002 831 3065 886 21
3097 841 3143 887 et
3169 830 3283 901 22).
3306 830 3427 889 Noli

1822 936 1954 992 ergo
1981 924 2304 978 attatniuare
2333 923 2626 989 luxuriam,
2654 923 2811 978 etilla
2839 932 2891 978 te
2922 924 3294 979 contaminare
3317 939 3425 981 non

1824 1014 2043 1086 poterit.
2094 1013 2213 1070 Noli
2241 1025 2459 1085 gustare
2494 1015 2737 1071 avaritiae
2775 1016 3177 1086 corruptelam,
3224 1027 3277 1072 et
3318 1017 3429 1075 eris

1822 1106 2080 1163 immunis
2108 1120 2140 1163 ιι
2187 1107 2405 1177 laqueo.
2454 1107 2594 1175 Quid
2624 1108 2716 1162 tibi
2744 1119 3025 1177 postremo
3069 1124 3191 1165 cum
3225 1108 3385 1166 terris
3409 1151 3427 1177 ,

1824 1202 1917 1274 qui
1945 1218 2068 1258 cum
2102 1202 2320 1259 Christo
2343 1204 2687 1260 resurrexisti
2712 1203 2735 1261 ?
2766 1203 2897 1271 Qua:
2916 1219 3123 1261 sursum
3143 1215 3261 1259 sunt
3281 1219 3426 1268 qure-

1823 1298 1941 1361 rite,
1970 1296 2057 1351 ubi
2087 1295 2322 1354 Christus
2342 1308 2417 1354 est
2461 1338 2476 1354 .
2521 1338 2535 1353 .
2584 1336 2597 1352 .
2642 1338 2655 1352 .
2688 1315 2800 1365 qua
2829 1315 3035 1354 stn‘sum
3069 1307 3187 1355 sunt
3226 1301 3427 1371 sapite,

1823 1407 1927 1446 non
1950 1402 2064 1462 qua:
2088 1408 2241 1457 sitpcr
2283 1401 2472 1448 terram
2508 1389 2735 1465 (Coloss.
2764 1408 2841 1459 ut,
2875 1393 2898 1446 i
2939 1404 2985 1447 et
3010 1390 3091 1464 Ξ).
3115 1392 3309 1448 Mortui
3338 1409 3430 1449 su—

1824 1498 1948 1539 mus
1983 1482 2199 1557 1155
2229 1486 2411 1550 terris,
2444 1487 2607 1541 vitam
2639 1498 2882 1542 noetram
2914 1503 3035 1543 cum
3058 1486 3275 1542 Christo
3302 1486 3431 1542 abs-

1824 1579 2111 1635 condimus
2140 1579 2194 1635 in
2230 1581 2338 1636 Deo
2364 1590 2552 1637 nostro
2599 1599 2613 1635 :
2648 1595 2755 1637 non
2777 1580 2888 1651 jam
2916 1596 3017 1638 nos
3042 1581 3296 1648 vivimus,
3329 1580 3427 1636 sed

1823 1667 2077 1727 Christus
2105 1670 2238 1726 vivit
2267 1673 2320 1727 in
2350 1671 2528 1728 nobis.
2572 1670 2713 1741 Quid
2743 1674 2939 1728 iterum
2971 1673 3037 1727 ad
3080 1681 3296 1728 terrena
3338 1684 3426 1730 re-

1826 1779 2070 1821 meamus
2088 1765 2114 1819 ?
2143 1764 2274 1822 Ecce
2300 1766 2531 1838 clanpavl
2558 1768 2793 1837 rugiens,
2824 1765 2955 1821 dicit
2981 1775 3201 1821 sanctus
3231 1764 3250 1836 (
3278 1764 3426 1820 Ptol.

157 1857 370 1953 evaserit.
403 1857 725 1967 Voxidigna-
746 1857 1074 1967 martyribus
1099 1937 1113 1958 ,
1164 1894 1359 1966 quibus
1388 1895 1555 1950 multa
1570 1857 1719 1965 lsup-
1751 1872 1796 1938 Β
1828 1860 1995 1967 [in]?
2030 1857 2265 1967 );,,¹ἶὶάε
2290 1858 2819 1967 ιθίαθῖδίηίσῗᾱαίξ
2848 1867 2897 1913 ⁸⁸
2922 1858 3349 1967 ῗθηηῗίϋαξθηὴ
3373 1859 3429 1914 δη

153 1993 281 2062 plicia
305 1991 773 2063 proponebantur,
808 1990 971 2045 multa
1004 1989 1164 2045 etiatn
1188 1988 1557 2045 olTercbantur
1579 2003 1718 2060 prte-

151 2086 267 2151 mia;
307 2093 360 2139 ut
385 2102 412 2138 ιι
444 2083 701 2155 martyrii
734 2081 911 2138 studio
948 2082 1032 2137 vel
1064 2089 1278 2137 terrore
1306 2086 1589 2152 pinnarum
1617 2124 1631 2147 ,
1665 2091 1720 2137 et

152 2189 285 2230 ttevze
313 2178 490 2230 mortis
524 2176 785 2242 horrore,
829 2175 919 2230 vel
950 2175 1295 2244 praemiorum
1324 2183 1708 2230 revocarentur

149 2267 386 2323 illecebra.
428 2264 631 2323 Gravis
677 2266 904 2337 laqueus
935 2264 1386 2336 proscriptionis,
1431 2265 1522 2336 qui
1572 2280 1719 2336 sape

146 2358 312 2430 frangit
330 2368 552 2416 sanctos
581 2359 780 2430 inopiae
806 2356 1155 2413 delormitate
1177 2399 1190 2423 ,
1226 2372 1364 2429 quos
1393 2358 1586 2415 inertis
1608 2359 1716 2412 lor-

145 2444 266 2511 tttido
293 2470 388 2510 non
426 2455 663 2527 fregerit
703 2472 717 2510 :
761 2455 989 2526 laqueus
1016 2455 1154 2511 alius
1182 2454 1416 2511 incendii
1444 2496 1460 2523 ,
1491 2454 1714 2526 laqueus

149 2552 369 2615 carceris,
388 2550 744 2621 diuturnique
768 2542 1048 2621 supplicii:
1082 2550 1300 2621 grandis
1324 2548 1564 2621 laqueus,
1593 2565 1718 2604 cum

142 2640 317 2695 divitia:
346 2645 740 2713 promittuntur
762 2684 777 2708 ,
827 2656 949 2697 cum
982 2641 1216 2697 honores
1238 2684 1253 2707 ,
1300 2648 1423 2697 cum
1463 2641 1717 2697 amicitize

141 2742 477 2803 tyrannorum.
502 2726 620 2803 Qtii
651 2742 783 2806 ergo
807 2732 927 2789 inec
954 2736 1209 2800 evaserit,
1233 2740 1288 2789 et
1313 2734 1378 2789 ad
1400 2734 1716 2801 martyrium

139 2829 388 2895 pervenire
413 2828 679 2899 potuerit,
713 2830 859 2883 rccte
886 2826 1018 2882 dicit
1043 2845 1055 2881 :
1103 2824 1398 2881 Posuerunt
1425 2834 1718 2899 peccatores

139 2917 342 2987 (equum
369 2920 493 2975 mihi
521 2936 545 2975 :
594 2920 687 2974 sed
733 2937 764 2973 a
788 2929 989 2975 tuorum
1018 2922 1384 2973 mandatorum
1430 2932 1533 2972 non
1558 2918 1718 2973 decli-

141 3014 235 3066 nari
260 3014 484 3081 semitis;
529 3014 618 3069 cui
646 3012 963 3085 despicienti
996 3012 1285 3085 pr.rsentia
1310 3056 1325 3080 ,
1362 3013 1540 3069 futura
1569 3029 1719 3084 quae-

140 3107 276 3171 tenti,
296 3118 518 3179 regnum
556 3106 784 3165 cteleste
812 3116 837 3146 ι
868 3106 1168 3164 divinitatis
1200 3118 1304 3165 tua:
1349 3106 1718 3181 promissione

136 3208 393 3257 reserattim
422 3211 531 3258 est.

189 3314 268 3371 36.
284 3316 378 3383 Qui
400 3327 533 3374 sunt
567 3316 653 3373 isti
678 3326 991 3389 peccatores
1017 3318 1107 3392 qui
1139 3330 1439 3392 posuerunt
1460 3318 1717 3390 laqueos?

135 3406 326 3477 Aperuit
366 3411 461 3467 tibi
492 3408 800 3483 Apostolus
847 3422 1129 3470 auctorem
1171 3413 1415 3469 omnium
1466 3424 1717 3485 peccato-

135 3516 251 3568 rum,
276 3518 326 3560 et
351 3496 758 3563 demonstravit
778 3507 967 3564 dicens
991 3525 1004 3560 :
1039 3506 1140 3575 Qui
1162 3507 1335 3562 volunt
1364 3507 1545 3563 divites
1573 3508 1712 3579 ﬁeri,

133 3596 331 3652 incidunt
358 3601 413 3653 in
439 3600 786 3655 teutationem
816 3612 861 3655 et
895 3601 1133 3670 laqueum
1160 3598 1352 3655 diaboli
1381 3600 1431 3674 (Ι
1464 3600 1603 3655 Tim.
1637 3616 1714 3668 vt,

140 3688 217 3760 9).
252 3690 494 3749 Advertis
544 3695 713 3766 igitur
758 3694 1008 3762 laqueum
1054 3694 1255 3750 diaboli
1293 3711 1416 3750 esse
1453 3694 1670 3751 divitias
1697 3737 1713 3760 ,

133 3797 262 3847 quem
302 3782 534 3841 tetendit
584 3787 749 3841 etiam
787 3784 1058 3841 Salvatori
1110 3804 1121 3839 :
1176 3785 1270 3842 sed
1314 3786 1404 3841 ille
1443 3787 1532 3855 qui
1583 3784 1716 3841 nihil

136 3871 289 3931 habuit
332 3880 475 3950 quod
526 3885 727 3951 posset
776 3877 1030 3951 princeps
1078 3876 1231 3933 istius
1281 3877 1462 3933 tmmdi
1495 3879 1715 3934 veniens

132 3979 261 4021 suum
285 3968 468 4027 dicere
495 4013 511 4037 ,
570 3968 887 4042 laqueorum
921 3969 1038 4041 ejus
1070 3971 1277 4025 vincula
1319 3969 1589 4026 dissolvit.
1636 3969 1716 4026 Ac

135 4071 188 4109 ne
209 4058 526 4117 mediocrem
564 4060 709 4116 hunc
737 4058 988 4134 laqueum
1023 4071 1179 4133 putes
1206 4104 1220 4129 ,
1256 4063 1343 4119 hic
1370 4064 1592 4135 laqueus
1622 4063 1717 4120 Ju-

129 4146 233 4204 dant
254 4150 559 4222 apostolum
595 4152 971 4224 strangulavit.
1024 4153 1125 4222 Qui
1166 4154 1331 4212 miser
1354 4196 1370 4223 ,
1417 4171 1541 4211 cum
1570 4167 1717 4213 esset

129 4240 419 4314 illaqueatus
447 4256 511 4303 ut
538 4244 802 4320 proderet
828 4244 1135 4313 Dominum,
1169 4250 1254 4305 ubi
1282 4249 1515 4306 advertit
1540 4268 1712 4323 quau-

130 4343 224 4389 tuut
251 4336 471 4396 sceleris
498 4349 654 4399 esset
680 4338 974 4397 admissum
998 4384 1013 4407 ,
1043 4340 1234 4413 laqueo
1256 4357 1316 4400 se
1346 4343 1461 4410 ipSP.
1487 4359 1714 4416 suspen-

129 4425 215 4483 dit.
263 4428 365 4487 Sed
397 4438 455 4490 et
488 4434 611 4505 ipse
650 4422 875 4506 laqueus
901 4432 1101 4489 diaboli
1134 4434 1231 4489 fuit
1255 4478 1269 4503 ,
1312 4444 1370 4490 ut
1397 4451 1503 4491 non
1532 4447 1717 4508 ageret

128 4522 475 4591 omnitentiam
506 4569 524 4597 ,
575 4524 673 4582 sed
701 4527 894 4599 laqueo
921 4544 981 4584 se
1017 4528 1330 4584 sull'ocaret.
1385 4528 1526 4586 Deus
1569 4531 1712 4585 enim

126 4606 346 4676 etiamin
372 4618 530 4693 ipsos
557 4623 683 4693 pius
715 4630 797 4678 est
824 4620 1171 4695 proditores;
1224 4626 1279 4678 'ut
1320 4621 1389 4679 ad
1440 4623 1707 4693 pmniten-
1742 4642 1792 4703 ι)

128 4710 236 4768 tiam
258 4729 651 4786 provocentttr,
679 4725 843 4786 atque
872 4732 900 4768 a
935 4708 1200 4786 liagitioso
1223 4713 1501 4789 proposito
1529 4716 1718 4773 reﬂec-

127 4804 287 4864 tantur
311 4854 324 4873 ,
353 4818 407 4866 et
434 4811 768 4883 resipiscam
795 4826 825 4865 a
852 4800 1055 4865 diaboli
1088 4808 1299 4881 laqueis
1322 4853 1337 4879 ,
1379 4827 1409 4865 a
1441 4825 1549 4880 quo
1572 4811 1714 4883 capti

126 4905 360 4959 tenentur
377 4900 447 4958 ad
483 4905 663 4974 ipsius
691 4900 1051 4959 voluntatem.
1081 4903 1199 4958 iam
1229 4919 1336 4958 non
1363 4919 1602 4958 :erumna
1632 4913 1718 4959 est

125 4984 379 5063 incidisse,
415 4990 517 5053 sed
553 4997 761 5052 crimen
790 5016 803 5051 :
833 4996 923 5069 qui
955 5012 1061 5051 non
1091 4994 1266 5050 solum
1296 5010 1357 5050 se
1386 4995 1586 5066 dedere
1624 5011 1717 5051 ca-

126 5084 325 5156 piendos
356 5134 372 5156 ,
405 5091 507 5149 sed
551 5091 713 5147 etiam
745 5092 813 5146 ad
844 5090 1179 5148 voluntatem
1211 5090 1415 5146 diaboli
1468 5100 1722 5146 tenentur

125 5184 311 5239 astricti
351 5201 369 5250 ;
409 5188 542 5240 culti
586 5184 799 5255 possint
850 5183 1037 5240 dicere
1070 5199 1084 5237 :
1114 5180 1488 5253 Dirumpamus
1517 5181 1723 5237 uincula

125 5271 333 5342 ipsorum
353 5275 542 5345 (Psal.
575 5293 633 5346 tt,
664 5277 740 5347 5).
770 5274 927 5332 Dedit
949 5274 1093 5333 enim
1118 5273 1215 5330 tibi
1245 5275 1522 5345 Scriptura
1542 5274 1721 5330 divina

125 5375 174 5420 ut
200 5382 300 5425 non
330 5368 516 5427 salum
536 5385 732 5426 caveas
757 5369 959 5425 diaboli
982 5369 1233 5440 laqueum
1263 5385 1276 5421 :
1309 5367 1404 5424 sed
1434 5370 1597 5424 etiam
1624 5383 1721 5438 per

125 5456 485 5524 Writentiam
515 5463 638 5533 ejus
663 5462 873 5518 vincula
900 5462 1205 5532 dirumpas.

185 5572 270 5629 37.
296 5560 443 5647 Quid
475 5566 607 5640 tibi,
634 5568 819 5646 homo,
848 5590 970 5631 cum
1002 5572 1213 5631 deliciis
1236 5588 1299 5632 ac
1319 5570 1721 5643 voluptatibus?

122 5663 229 5727 Non
252 5672 402 5741 copit
431 5669 673 5740 laqueus
695 5711 712 5737 ,
765 5668 871 5725 nisi
896 5677 1023 5725 ante
1049 5683 1176 5727 eaea
1210 5678 1263 5725 te
1291 5666 1543 5739 cmperit.
1583 5666 1718 5729 Dum

147 5812 214 5891 .'
238 5794 371 5879 εὐάν
401 5805 553 5891 te“,
586 5796 799 5891 Wex:
831 5821 970 5891 ιιειιιε
992 5848 1030 5891 ς-
1059 5798 1237 5891 divite
1280 5809 1468 5891 ιειεεωο
1496 5810 1718 5891 Μηδέν

124 5876 251 5967 tius
264 5876 565 5945 ructatum
583 5887 678 5947 est.
691 5876 1041 5954 Aliialiquot.
1068 5880 1350 5973 divinitatis
1368 5890 1471 5939 tua
1489 5876 1715 5955 promis-

38 6360 57 6376 1-
106 6360 369 6376 "m
398 6368 501 6376 -ννγη

1820 1956 2026 2010 civitate
2056 1953 2219 2025 (Ibid.
2247 1988 2263 2023 ,
2297 1954 2409 2026 10).
2461 1953 2667 2024 Laqnei
2696 1962 2823 2009 sunt
2861 1955 3006 2009 enim
3039 1952 3130 2009 ubi
3155 1962 3240 2007 est
3264 1966 3427 2009 om

1823 2060 1878 2106 et
1904 2048 2083 2105 dolus.
2138 2047 2423 2115 Elongavit
2460 2047 2552 2103 ille
2596 2046 2810 2117 fugiens
2857 2058 3070 2103 terrena
3111 2045 3425 2110 dedecora;

1821 2143 1943 2199 ideo
1973 2143 2039 2199 ad
2069 2142 2310 2198 cheSIia
2342 2141 2588 2212 pervenit
2618 2141 2865 2211 praeunia.

1894 2236 1985 2292 58.
2030 2235 2168 2304 Quid
2201 2276 2216 2301 ,
2266 2235 2483 2305 inquam
2507 2276 2523 2302 ,
2559 2244 2610 2291 te
2637 2233 2875 2290 reﬂectis
2925 2233 2976 2288 in
3005 2240 3207 2289 terram
3233 2272 3252 2299 ,
3297 2231 3344 2288 si
3374 2230 3428 2288 in

1825 2327 2014 2384 Enoch
2047 2337 2232 2398 raptus
2262 2326 2330 2382 ad
2359 2329 2557 2384 emtum
2584 2332 2668 2392 es,
2699 2329 2753 2383 in
2785 2326 2897 2382 Elia
2930 2325 3140 2381 levatus
3160 2340 3221 2380 es
3240 2339 3426 2391 curru,

1823 2424 1874 2478 in
1917 2423 2085 2478 Paulo
2126 2432 2312 2493 raptus
2360 2437 2420 2478 es
2464 2421 2530 2477 ad
2583 2422 2930 2490 paradisum,
2984 2429 3342 2475 conversatus
3367 2418 3423 2474 iu

1821 2515 1979 2572 ctelis
2002 2555 2019 2582 ,
2054 2514 2109 2570 in
2148 2514 2313 2570 David
2343 2513 2632 2570 exauditus
2660 2530 2675 2580 ι
2723 2518 2780 2568 ut
2810 2528 3015 2583 pennas
3040 2512 3308 2568 columbm
3334 2525 3426 2565 as-

1821 2622 2070 2664 sumeres
2089 2648 2104 2671 ,
2147 2614 2204 2663 et
2228 2608 2441 2664 volares
2469 2625 2481 2661 :
2516 2607 2570 2662 in
2600 2605 2823 2662 Christo
2849 2606 3119 2661 exaltatus
3144 2647 3158 2670 ,
3190 2604 3428 2662 volneris

1821 2700 1996 2757 factus
2026 2703 2076 2756 in
2109 2702 2356 2772 Spiritu;
2404 2700 2621 2772 quando
2651 2700 2789 2754 sicut
2817 2699 3064 2755 columba
3103 2696 3425 2767 descendit,

1823 2795 1943 2851 illas
1969 2797 2064 2850 tibi
2090 2795 2209 2850 aias
2232 2795 2417 2861 dedit;
2448 2804 2506 2849 ut
2528 2802 2582 2848 tu
2606 2793 2848 2849 discere:
2874 2794 3093 2848 evolare
3124 2791 3193 2847 de
3222 2791 3428 2848 terris?

1821 2886 2005 2957 Neque
2034 2902 2165 2943 vero
2205 2886 2567 2942 cunctandum
2614 2897 2767 2956 putes
2795 2885 3068 2957 qumnodo
3116 2884 3212 2939 tibi
3243 2883 3430 2940 volun-4

1820 2980 1951 3037 dum
1980 2981 2050 3035 sit
2075 3020 2089 3041 ,
2117 2980 2313 3049 quibus
2339 2980 2547 3035 alarum
2577 2978 2843 3048 remigiis.
2897 2978 3041 3035 Dixit
3067 2977 3287 3047 quidem
3317 2976 3426 3031 Da-

1820 3072 1910 3128 vid
1936 3090 1949 3128 :
1987 3072 2114 3141 Quis
2141 3073 2280 3126 dabit
2310 3072 2440 3127 mihi
2463 3086 2657 3141 pennas
2678 3072 2809 3126 sicut
2837 3071 3119 3137 columba,
3150 3081 3196 3126 et
3221 3069 3422 3136 volabo,

1820 3178 1869 3222 et
1896 3167 2220 3238 requiescam
2242 3163 2436 3239 (llud,
2461 3163 2563 3235 7)?
2591 3165 2657 3219 Et
2685 3163 2839 3233 quasi
2864 3162 3144 3219 dubitasse
3175 3163 3322 3218 visus
3344 3166 3433 3218 est

1743 3271 1792 3336 ρ
1822 3274 1850 3312 a
1881 3273 1990 3328 quo
2020 3269 2229 3327 pennas
2261 3263 2447 3325 posset
2474 3255 2726 3327 accipere
2756 3271 2772 3320 ;
2823 3255 2953 3309 licet
2980 3255 3059 3310 sic
3087 3255 3261 3309 soleat
3288 3252 3423 3309 divi-

1822 3365 1887 3405 na
1917 3351 2090 3422 gratia
2118 3347 2406 3413 declarari,
2439 3364 2559 3417 qua:
2588 3347 2640 3402 in
2669 3357 2766 3402 teri
2782 3346 2826 3401 is
2856 3358 2966 3401 non
2993 3353 3172 3415 potest
3217 3345 3426 3401 inveni-

1820 3442 1900 3497 ri:
1936 3441 2075 3498 idem
2112 3451 2289 3497 tamen
2322 3441 2375 3496 in
2405 3439 2820 3510 posterioribus,
2862 3454 2983 3509 quae
3008 3439 3116 3495 sint
3146 3439 3266 3494 istae
3294 3454 3418 3507 pen-

1820 3550 1926 3602 um,
1950 3534 2130 3591 docuit
2154 3534 2433 3591 evidenter
2463 3535 2653 3592 dicens
2681 3551 2695 3589 :
2727 3534 2789 3590 Si
2811 3534 3078 3589 dormiam
3098 3534 3232 3589 inter
3260 3533 3424 3589 clerus

1818 3628 1993 3691 medii,
2029 3642 2210 3697 penna:
2235 3626 2488 3683 columba:
2512 3626 2881 3699 deargentatw,
2908 3636 2956 3681 et
2985 3628 3265 3692 posteriora
3278 3626 3427 3682 dorsi

1818 3722 1931 3792 ejus
1966 3720 2020 3774 in
2047 3720 2214 3791 specie
2231 3721 2349 3775 auri
2372 3720 2392 3791 (
2418 3718 2564 3776 Psal.
2596 3736 2782 3787 van,
2816 3719 2942 3792 It).
2985 3720 3101 3776 Etsi
3136 3720 3377 3776 dormias
3403 3763 3419 3788 ,

1817 3824 2118 3882 ettsurgnut
2145 3823 2324 3869 tamen
2358 3830 2550 3883 penum
2579 3825 2705 3869 tuan.
2752 3812 2890 3870 Sunt
2919 3815 3060 3869 enim
3085 3814 3177 3884 qui
3203 3814 3424 3884 vigilant

1818 3908 2178 3975 dormientes,
2208 3919 2265 3962 ut
2302 3906 2330 3947 δ
2368 3909 2620 3979 vigilabat
2654 3907 2742 3962 illa
2768 3923 2888 3977 qua!
2916 3907 3097 3962 dixit:
3148 3906 3262 3977 Ego
3300 3909 3423 3961 dor-

1818 4004 1942 4068 mio,
1974 4013 2019 4058 et
2048 4019 2139 4057 cor
2163 4019 2332 4057 meum
2362 4003 2541 4074 vigilat
2564 4001 2584 4073 (
2610 4000 2764 4056 Cant.
2794 4017 2854 4065 ll,
2884 3999 2984 4067 5).
3037 4000 3150 4055 Etsi
3185 4016 3287 4055 nos
3312 4010 3418 4069 est,

1820 4096 2004 4167 vigilat
2024 4096 2268 4165 spiritus,
2290 4094 2358 4149 de
2393 4110 2502 4164 quo
2528 4096 2789 4165 scriptum
2816 4102 2900 4149 est
2924 4111 2938 4148 :
2971 4091 3051 4148 De
3074 4104 3221 4149 nocte
3246 4095 3424 4167 vigilat

1817 4191 1887 4245 ad
1917 4200 1964 4244 te
1991 4190 2205 4260 spiritus
2228 4205 2369 4244 meus
2397 4188 2567 4260 (Emi.
2596 4204 2743 4254 sxw,
2770 4189 2852 4260 9).
2886 4189 3037 4245 Tune
3063 4190 3157 4244 tibi
3182 4191 3425 4259 panden-

1818 4294 1905 4341 tur
1932 4284 2032 4339 nhe
2060 4299 2126 4339 ex
2153 4284 2384 4355 eloquiis
2408 4284 2770 4356 spiritalibus,
2797 4284 3144 4353 pretiosaque
3160 4284 3275 4338 auri
3298 4295 3426 4350 pru-

1816 4380 2001 4436 dentia
2032 4380 2244 4435 volatus
2286 4387 2555 4449 assurgat.
2613 4376 2714 4433 Ubi
2759 4386 2889 4448 ergo
2943 4376 3168 4447 laqueos
3214 4374 3424 4447 poteris

1820 4473 2207 4543 pertimescere
2230 4512 2247 4540 ,
2276 4471 2362 4527 cui
2387 4471 2671 4541 remigium
2696 4479 2893 4540 praesto
2924 4470 3171 4540 spiritale
3198 4469 3323 4522 est?
3364 4467 3424 4523 Si

1819 4568 2103 4623 sinceritas
2125 4568 2314 4635 animi,
2348 4566 2392 4621 si
2426 4566 2632 4634 paritas
2668 4562 2867 4619 mentis
2892 4563 3143 4633 aliulgeat
3168 4602 3183 4625 ,
3214 4561 3424 4616 colum-

1823 4665 1889 4720 ba
1920 4678 2002 4719 es.
2031 4662 2157 4718 ideo
2179 4662 2271 4717 tibi
2291 4660 2495 4717 dictum
2515 4668 2597 4715 est
2633 4676 2646 4712 :
2675 4656 2871 4713 Estota.
2895 4696 2908 4711 .
2932 4699 2945 4711 .
2966 4694 2978 4709 .
3009 4655 3266 4726 simplices
3291 4655 3426 4709 sicut

1824 4757 2073 4813 columbae
2100 4754 2388 4829 (Mutilus,
2409 4754 2517 4822 I6).
2540 4752 2598 4809 Si
2620 4751 2822 4821 majora
2851 4749 3048 4806 desunt
3062 4747 3312 4817 remigia,
3340 4746 3424 4803 vel

1825 4852 2036 4907 minora
2068 4865 2137 4904 ne
2165 4861 2417 4918 spernas.
2448 4846 2577 4901 Esto
2602 4845 2688 4900 vel
2722 4854 2909 4913 passer
2935 4859 2950 4909 ;
3005 4852 3062 4897 ut
3089 4842 3311 4912 laqueus
3341 4855 3428 4894 sa-

1823 4946 1939 5015 gaci
1971 4943 2223 5015 indagine
2252 4939 2589 5013 prmvideas,
2632 4947 2688 4993 et
2735 4952 2873 5007 pene
2922 4946 3114 5007 captus
3152 4935 3425 4991 illecebris

1827 5047 2173 5108 peccatorum
2198 5077 2212 5101 ,
2264 5044 2441 5090 tamen
2470 5029 2761 5102 aliquando
2792 5040 3085 5085 revocatus
3125 5029 3299 5097 possis
3339 5027 3425 5082 di-

1826 5146 1990 5188 cere:
2021 5130 2208 5183 Anima
2238 5138 2412 5182 nostra
2451 5125 2578 5179 sicut
2615 5137 2791 5199 passer
2835 5131 3007 5194 erepta
3041 5131 3115 5175 est
3148 5120 3213 5175 de
3241 5119 3425 5191 laqueo

1826 5225 2158 5280 venantium:
2183 5220 2391 5291 laqueus
2421 5216 2668 5272 contritus
2697 5225 2791 5277 est,
2822 5222 2869 5270 et
2894 5230 2988 5267 nos
3017 5213 3221 5268 liberati
3249 5229 3425 5267 sumus

1827 5315 2003 5386 (Psal.
2034 5328 2226 5375 cunt,
2260 5313 2336 5384 7).
2391 5312 2467 5367 De
2495 5324 2604 5379 quo
2633 5309 2886 5378 quoniam
2916 5304 3043 5359 alibi
3070 5303 3227 5377 (Lib.
3261 5318 3343 5367 ιιι,
3370 5304 3425 5357 in

1826 5413 1954 5467 Luc.
1981 5427 2028 5465 c.
2058 5424 2130 5463 xu
2159 5410 2177 5479 )
2208 5407 2514 5475 putavimus
2540 5417 2662 5458 esse
2695 5398 3033 5456 tractandum
3059 5437 3076 5465 ,
3126 5411 3267 5452 nunc
3315 5396 3424 5451 alio

1824 5498 2209 5562 transeundum
2235 5498 2465 5559 videtur.

1893 5598 1985 5655 59.
2011 5595 2152 5650 Satis
2177 5603 2261 5648 est
2291 5592 2387 5649 tibi
2417 5600 2478 5648 ut
2496 5605 2650 5647 avem
2681 5598 2735 5645 te
2760 5603 2882 5645 esse
2912 5584 3147 5652 noveris,
3169 5591 3429 5656 assump-

1822 5700 1934 5747 tum
1975 5691 2028 5744 in
2057 5692 2309 5742 naturam
2351 5684 2567 5740 volandi
2602 5726 2618 5752 ,
2656 5683 2873 5740 dicente
2901 5680 3134 5737 Domino
3165 5688 3260 5752 per
3285 5678 3422 5735 Pro»

1822 5809 1966 5867 siane
1994 5818 2305 5867 reservatum
2332 5814 2426 5863 est.

1894 5878 1924 5925 ι
1948 5876 2269 5972 Complures
2286 5886 2444 5950 αισι,
2476 5874 2721 5965 vigilabat
2742 5878 2831 5971 qui
2857 5877 3012 5965 dixit.
