3948 6334
516 293 540 347 1
553 293 654 349 407

1876 283 2122 342 ΒᾹΝΟΤΙ
2166 283 2492 342 AMBROSII

3701 281 3831 337 “03

517 410 738 481 phetam
764 427 777 464 :
815 417 838 446 ει
865 409 1100 462 Liberate
1123 421 1208 461 vos
1235 422 1300 462 ea:
1327 407 1508 476 laqueo
1537 412 1856 469 venatorum,
1887 412 1935 456 et
1957 419 1987 455 a
2010 417 2121 455 rer-
2150 403 2200 460 Α
2228 399 2344 455 haec
2389 410 2473 456 est
2503 398 2718 454 virtutis
2753 398 3082 453 litoreditas:
3133 397 3223 453 illa
3261 410 3360 452 nos
3384 396 3648 469 obligavit
3676 438 3690 462 ,
3721 398 3833 452 btec

516 505 578 558 bo
599 502 1000 558 conturbationis
1021 499 1194 573 (Psal.
1230 515 1320 566 xc,
1352 499 1406 570 5)
1435 515 1450 566 ;
1486 513 1592 552 non
1611 497 1758 552 enim
1780 495 1981 566 injuste
2005 505 2121 550 ten-

517 603 720 657 duntur
752 600 890 654 retia
922 597 1130 653 avibus.
1163 595 1294 651 Avis
1323 610 1405 661 es,
1434 610 1468 650 o
1499 594 1684 658 homo,
1719 593 1809 663 qui
1839 593 1978 647 sicut
2005 591 2120 645 avis

517 695 572 750 in
604 692 890 764 quamdam
935 691 1127 762 aquila:
1157 698 1450 745 renovatus
1477 704 1536 745 es
1559 687 1924 759 iuventutem.
1975 684 2002 723 δ
2053 683 2122 740 Et

518 787 642 843 ideo
672 801 778 841 non
808 782 1006 856 injuste
1035 783 1330 839 tenduntur
1362 784 1493 838 retia
1523 783 1733 838 avibus.
1784 777 1922 850 Quid
1972 780 2116 834 enim

519 889 572 934 te
602 880 656 934 in
684 889 884 934 terram
917 877 1106 948 dejicis
1133 919 1146 942 ,
1175 876 1266 946 qui
1309 876 1418 945 jam
1467 875 1664 931 (Telum
1701 873 1962 943 petebas?
2001 871 2118 928 Non

515 970 662 1026 enim
713 970 914 1041 injuste
954 976 1214 1024 renovato
1263 967 1559 1022 tenduntur
1603 968 1778 1030 retia;
1842 964 1965 1033 quia
2005 962 2116 1033 jam

516 1062 720 1118 Christi
747 1076 868 1117 esse
892 1060 1127 1131 coepisti,
1148 1059 1459 1113 venantium
1487 1072 1609 1113 esse
1632 1055 1861 1112 desiisti.
1887 1055 2122 1110 Attende

517 1153 742 1226 laqueos
767 1162 1107 1208 venatorum.
1135 1150 1276 1206 Ante
1305 1149 1458 1220 quasi
1489 1149 1724 1218 praedam
1757 1161 1908 1203 suam
1935 1146 2122 1201 diabo-

516 1246 604 1302 lus
631 1262 730 1301 suo
756 1246 879 1316 jure
908 1244 1158 1314 capiebat
1189 1259 1202 1295 :
1246 1257 1388 1296 nunc
1434 1242 1726 1296 Dominicae
1761 1240 1938 1295 crucis
1978 1254 2119 1294 mer-

515 1351 638 1394 cem
671 1353 769 1391 cur
795 1336 1004 1390 alienus
1043 1333 1324 1388 incursat?
1372 1333 1534 1387 Potes
1579 1343 1755 1387 tamen
1802 1330 1967 1386 etiam
2019 1329 2122 1384 hos

518 1429 740 1500 laqueos
771 1428 975 1483 evitare
1002 1467 1016 1492 ,
1065 1442 1134 1504 ne
1170 1426 1319 1481 dicas
1361 1443 1374 1479 :
1424 1434 1683 1480 venantes
1726 1431 1988 1495 ceperunt
2033 1439 2120 1477 me

517 1521 659 1575 sicut
690 1535 963 1590 passerem
990 1535 1004 1584 ;
1033 1518 1079 1573 si
1099 1519 1347 1588 laqueum
1375 1517 1557 1572 cordis
1580 1517 1798 1582 evadas,
1827 1531 1987 1585 quem
2022 1516 2117 1570 mi-

521 1612 591 1667 sit
612 1611 863 1666 diabolus
893 1612 944 1664 in
973 1626 1070 1666 cor
1090 1611 1242 1665 Judzc
1273 1653 1288 1677 ,
1338 1619 1390 1665 et
1425 1610 1498 1664 ita
1525 1625 1650 1664 eum
1677 1610 1728 1664 in
1760 1608 1968 1664 facinus
1998 1623 2121 1680 pro-

522 1705 746 1760 ditionis
771 1704 1028 1761 armavit.
1076 1707 1304 1759 Avertat
1339 1703 1549 1776 1155
1593 1719 1622 1758 a
1663 1703 1822 1760 nobis
1853 1705 1996 1758 Deus
2021 1703 2120 1758 hos

2227 493 2426 548 solvit:
2461 490 2487 528 ά
2521 493 2608 546 illa
2640 491 2911 546 obseratos
2943 492 3130 546 fenore
3153 491 3472 544 delictorum
3501 488 3836 560 adjudicavit

2226 588 2481 655 inimico,
2535 587 2651 642 hinc
2697 585 3010 654 redemptos
3043 584 3197 638 titulo
3225 582 3518 638 Dominicae
3563 583 3836 653 passionis

2225 681 2442 737 Christo
2469 681 2776 752 acquisivit.
2825 679 2965 734 Mala
3012 677 3139 733 Eva:
3167 678 3440 734 successio
3472 687 3495 714 ε
3527 687 3704 732 totum
3736 679 3836 733 bo-

2228 775 2425 830 minem
2447 774 2747 830 dei-Orabat
2773 791 2785 827 :
2826 772 3090 842 praeclara
3111 771 3314 827 Christi
3342 771 3636 827 haereditas
3664 781 3836 827 totum

2226 866 2500 923 hominem
2523 867 2797 921 liberavit.
2816 864 2932 920 Non
2951 864 3016 919 ad
3039 879 3201 918 unum
3224 862 3463 932 quidem,
3487 877 3595 916 non
3619 861 3685 916 ad
3707 878 3839 934 pau-

2222 976 2318 1016 cos
2352 980 2365 1016 :
2398 962 2493 1016 sed
2537 959 2603 1015 ad
2633 974 2824 1015 onmes
2847 957 3255 1014 Testamentum
3303 970 3461 1011 suum
3488 955 3710 1026 scripsit
3747 955 3838 1011 Je-

2225 1070 2337 1112 sus.
2367 1057 2569 1110 Omnes
2601 1053 2785 1123 scripti
2814 1051 3068 1107 hmredes
3099 1065 3285 1106 sumus
3308 1067 3415 1128 non
3446 1066 3542 1120 pro
3564 1051 3839 1122 portione,

2224 1149 2320 1204 sed
2347 1164 2443 1219 pro
2477 1147 2854 1202 universitate.
2889 1145 3305 1201 Testamentum
3337 1159 3630 1200 commune
3658 1154 3766 1210 est,
3788 1152 3846 1200 et

2222 1243 2312 1312 jus
2343 1247 2586 1298 omnium
2615 1283 2629 1307 ,
2679 1240 2972 1296 hiereditas
3011 1239 3430 1304 universorum,
3495 1247 3549 1292 et
3596 1237 3844 1293 soliditas

2225 1335 2588 1405 singulorum.
2641 1331 2850 1388 Novum
2895 1332 3308 1412 Testamentum
3351 1330 3546 1402 singuli
3586 1330 3841 1394 adeunt,

2225 1439 2281 1485 et
2329 1444 2522 1484 omnes
2563 1427 2878 1498 possident:
2930 1441 3028 1482 nec
3077 1427 3340 1481 minuitur
3394 1424 3638 1491 hatredi,
3685 1425 3845 1494 quid-

2226 1524 2355 1594 quid
2405 1522 2840 1579 acohzeredibus
2873 1521 3200 1577 vindicatur.
3266 1520 3446 1575 Manet
3493 1521 3840 1576 emolumen-

2226 1627 2339 1673 tum
2370 1617 2664 1686 integrum,
2695 1625 2752 1672 et
2779 1631 2844 1671 eo
2873 1615 3043 1686 magis
3071 1615 3300 1684 singulis
3325 1614 3542 1679 crescit,
3572 1630 3684 1684 quo
3719 1613 3842 1683 plu-

2226 1708 2374 1764 ribus
2404 1708 2567 1766 fuerit
2591 1709 2936 1780 acquisitum.
2967 1709 3085 1762 Alia
3115 1706 3357 1762 conditio
3387 1717 3468 1761 est
3499 1704 3841 1761 haereditzitis

522 1798 746 1870 laqueos
774 1841 788 1867 ,
820 1814 959 1870 quos
985 1813 1148 1870 super
1175 1809 1488 1868 peccatores
1527 1797 1686 1869 pluit.
1737 1798 1799 1852 Et
1843 1795 1965 1852 ideo
1995 1797 2127 1852 dicit
2155 1795 2201 1856 B
2237 1808 2508 1859 humana).
2541 1802 2596 1858 Si
2629 1801 2796 1856 divisa
2824 1800 3027 1856 fuerint
3055 1800 3445 1862 emolumenta,
3485 1799 3846 1854 minuuntur:

519 1893 796 1964 PrOpbeta
822 1893 993 1966 (Psal.
1027 1909 1212 1956 xxxrv,
1243 1893 1346 1964 8):
1381 1891 1544 1947 Dabis
1574 1891 1720 1957 illis,
1755 1890 1981 1945 Domine
2004 1930 2019 1955 ,
2052 1889 2130 1944 la-

520 2003 718 2058 queum
751 1987 932 2042 cordis
961 2002 1174 2053 eorum,
1215 1997 1236 2024 ο
1270 2001 1431 2057 quem
1463 1987 1664 2057 parasti
1705 1985 1809 2041 eis.
1839 1984 2006 2041 Nobis
2032 2000 2130 2040 au-

524 2092 632 2136 tem
659 2081 747 2148 da,
772 2081 1019 2144 Domine,
1050 2080 1346 2145 auxilium;
1373 2091 1428 2133 ut
1459 2089 1580 2150 post
1603 2090 1652 2134 te
1683 2094 1994 2150 sequamur,
2026 2079 2132 2133 tuis

523 2173 729 2244 alligati
753 2173 1004 2229 vinculis.
1032 2173 1185 2228 Nulla
1211 2173 1356 2228 enim
1388 2172 1814 2238 vehementiora,
1840 2172 1983 2227 nulla
2009 2181 2133 2227 sunt

523 2266 800 2336 gratiora,
831 2281 991 2335 quam
1036 2266 1244 2321 vincula
1290 2264 1588 2322 charitatis.
1646 2264 1752 2332 Qui
1801 2265 1892 2321 tibi
1940 2264 2133 2335 ligatus

525 2366 630 2421 est,
659 2357 870 2412 solutus
891 2367 975 2412 est
1002 2357 1223 2412 mundo.

599 2448 690 2504 40.
726 2450 910 2522 (Vers.
935 2451 1084 2521 111.)
1125 2449 1444 2506 Ilwreditavi
1487 2451 1780 2506 testimonia
1800 2461 1888 2504 tua
1908 2453 1962 2506 in
1987 2460 2136 2506 teter-

528 2559 693 2610 nunt;
722 2545 966 2614 quoniam
987 2545 1267 2599 exsultatio
1296 2544 1465 2599 cordis
1497 2546 1595 2600 mei
1621 2555 1761 2600 sunt.
1813 2544 1991 2599 Etiam
2034 2547 2134 2599 ista

533 2650 634 2690 vos
668 2644 969 2707 martyrum
998 2646 1103 2703 est,
1135 2636 1431 2692 dicentium
1461 2637 1604 2708 quod
1631 2637 2003 2693 hmreditatem
2043 2652 2135 2692 ac-

532 2731 778 2798 ceperint
822 2731 1126 2787 coelestium
1161 2733 1619 2787 testimoniorum.
1675 2733 1813 2787 Dicit
1839 2747 1971 2802 ergo
2003 2731 2135 2786 Pro-

539 2825 734 2892 pheta:
771 2825 958 2880 Hacres
988 2839 1106 2879 sum
1142 2825 1518 2880 mandatorum
1546 2835 1760 2881 tuorum
1783 2868 1796 2887 ,
1835 2826 2138 2880 successio-

539 2934 664 2974 nem
695 2930 840 2972 tuam
874 2918 996 2973 ﬁdei
1026 2920 1349 2988 pietatisque
1374 2921 1495 2988 jure
1521 2921 1765 2991 qumsivi.
1811 2921 1927 2976 Non
1959 2931 2140 2993 potest

539 3011 720 3065 dicere
749 3009 910 3072 istud,
948 3011 1049 3064 nisi
1080 3013 1171 3080 qui
1202 3013 1450 3066 mandata
1477 3014 1736 3079 custodit,
1757 3015 1897 3069 coelo
1916 3023 1971 3068 et
1995 3023 2136 3069 terra

540 3103 772 3159 testibus
794 3146 808 3168 ,
838 3103 1123 3170 acquisita.
1154 3103 1297 3158 Dixit
1323 3105 1466 3158 enim
1492 3105 1753 3159 Dominus
1789 3123 1800 3158 :
1837 3105 1997 3172 Audi,
2041 3124 2136 3161 cae-

541 3198 668 3260 lum,
696 3207 740 3251 et
769 3196 985 3251 auribus
1016 3197 1240 3267 percipe,
1273 3207 1408 3250 terra
1438 3197 1456 3267 (
1482 3197 1624 3251 Esai.
1651 3213 1667 3251 ι
1694 3239 1707 3262 ,
1739 3197 1774 3252 2
1794 3196 1834 3269 ).
1883 3197 2136 3253 Testatur
2161 3182 2206 3246 (δῖ

541 3289 811 3344 elementa
846 3289 1104 3344 Dominus
1131 3288 1198 3342 ad
1231 3287 1634 3358 redarguendos
1663 3304 1757 3343 eos
1777 3331 1789 3353 ,
1831 3291 1920 3360 qui
1952 3289 2140 3345 nolue-

543 3383 651 3437 rint
680 3394 948 3453 prmcepta
987 3383 1169 3438 divina
1198 3397 1416 3437 servare
1442 3399 1456 3446 ;
1507 3394 1565 3436 ut
1597 3383 1797 3453 refugia
1823 3384 2002 3439 omnia
2047 3401 2140 3440 ex-

544 3476 841 3530 cusationis
881 3476 1148 3546 obsepiat.
1196 3475 1445 3530 TeSIatttr
1485 3484 1540 3530 et
1586 3474 1865 3543 homines,
1914 3476 2139 3534 dicens:

548 3567 723 3623 Estote
749 3569 874 3622 mihi
901 3577 1046 3622 testes
1070 3610 1086 3636 ,
1110 3577 1158 3622 et
1186 3584 1275 3641 ego
1306 3569 1445 3621 testis
1469 3609 1485 3632 ,
1518 3567 1638 3620 dicit
1670 3565 1924 3622 Dominus
1948 3568 1967 3641 (
1993 3568 2142 3624 Esai.

545 3676 698 3727 xuu,
733 3659 845 3730 10).
881 3659 1124 3714 Mandata
1157 3675 1286 3729 ergo
1320 3659 1530 3715 Domini
1559 3660 1717 3730 plena
1742 3668 1867 3715 sunt
1895 3661 2140 3716 testimo-

545 3755 649 3810 niis
673 3797 686 3822 ,
719 3764 773 3809 ct
801 3755 915 3824 ipsa
942 3761 1070 3808 sunt
1098 3755 1404 3809 testimonia
1427 3793 1443 3820 ,
1489 3769 1720 3824 quorum
1754 3754 1888 3809 satis
1917 3754 2143 3809 idoneus

543 3850 698 3905 testis
726 3857 830 3915 cst,
857 3849 944 3919 qui
979 3862 1084 3903 non
1117 3847 1375 3903 mentitur
1404 3849 1565 3915 Deus,
1592 3846 1731 3914 apud
1755 3862 1912 3924 quem
1935 3857 1986 3902 et
2014 3862 2144 3902 con-

541 3943 768 3997 scientia
801 3950 891 3996 tua
921 3942 1073 3996 testis
1104 3949 1187 3995 est
1213 3982 1226 4006 ,
1272 3940 1692 4011 cogitationibus
1721 3940 2101 3995 accusantibus
2127 3983 2139 4003 ,

542 4043 638 4088 aut
663 4035 826 4089 etiam
853 4031 1292 4098 defendentibus,
1328 4034 1462 4087 satis
1486 4032 1658 4087 ﬁdelis
1686 4032 1852 4087 etiam
1897 4034 1949 4087 in
1980 4032 2142 4088 inﬁdo

545 4136 764 4196 pectore
806 4141 820 4189 ;
871 4127 1127 4194 quoniam
1178 4125 1438 4180 arbitrmn
1495 4126 1737 4180 omnium
1787 4141 2142 4197 quaecumque

542 4219 833 4274 commissa
859 4229 986 4273 sunt
1011 4259 1024 4284 ,
1058 4219 1227 4273 latere
1257 4234 1360 4272 non
1395 4227 1639 4288 possunt.
1689 4218 1822 4274 Nam
1851 4221 1895 4274 si
1926 4222 1977 4275 itt
2001 4221 2145 4290 judi-

542 4313 629 4367 cio
661 4313 902 4367 terrestri
934 4312 1095 4366 etiam
1128 4313 1170 4365 is
1199 4311 1290 4380 qui
1319 4312 1385 4366 ad
1418 4311 1790 4367 mentiendum
1817 4314 2024 4368 venerit
2045 4330 2138 4368 su-

543 4405 807 4460 bornatus
832 4446 847 4472 ,
879 4415 1055 4460 tamen
1084 4405 1127 4459 si
1162 4405 1470 4459 testimonio
1497 4404 1663 4460 fuerit
1686 4405 1966 4461 convictus
2002 4408 2138 4462 alte—

543 4500 679 4565 rius,
700 4500 836 4554 solet
858 4499 1089 4569 prodere
1104 4499 1408 4565 veritatem;
1430 4507 1632 4569 quanto
1664 4500 1834 4569 magis
1862 4499 1912 4554 in
1934 4499 2141 4569 judicio

543 4593 751 4648 caelesti
775 4594 914 4663 apud
949 4592 1233 4648 Dominum
1249 4592 1434 4648 Iesum
1463 4608 1687 4649 necesse
1700 4592 1860 4647 habet
1876 4609 1996 4663 quae
2010 4608 2134 4649 vera

2233 1906 2288 1953 et
2319 1897 2550 1952 hmredis
2601 1904 2685 1950 est
2709 1894 2966 1949 damnum
2997 1892 3290 1962 descriptio
3329 1891 3652 1946 cohzcredis.
3702 1890 3850 1946 Indi-

2233 1990 2408 2046 visum
2443 2004 2668 2060 regnum
2700 1987 2902 2043 Christi
2931 1995 3054 2053 est,
3086 1987 3317 2042 indivisa
3347 1986 3655 2041 limreditas.
3700 1985 3849 2054 Quo-

2236 2084 2397 2141 modo
2424 2084 2540 2140 lieri
2571 2093 2778 2154 poterat
2805 2125 2820 2148 ,
2853 2092 2910 2138 ttt
2938 2081 3109 2137 divisa
3142 2090 3292 2137 esset
3321 2080 3609 2137 hmreditas
3650 2097 3665 2146 ;
3722 2096 3848 2136 cum

2237 2177 2568 2234 hmreditatis
2610 2177 2816 2231 fructus
2860 2173 2930 2230 sit
2973 2174 3270 2239 indivisus,
3322 2173 3466 2245 quod
3496 2183 3581 2229 est
3619 2190 3848 2244 regnum

2235 2272 2544 2329 caelorum?
2589 2273 2793 2327 Aurum
2822 2313 2835 2337 ,
2869 2278 3152 2341 argentum
3180 2310 3195 2334 ,
3232 2268 3492 2339 pra‘dium
3524 2268 3595 2324 ab
3628 2269 3850 2325 homine

2239 2366 2482 2435 pluribus
2528 2365 2850 2421 derelictum
2882 2363 3225 2419 diSIribuitur
3266 2377 3328 2416 ac
3369 2370 3625 2418 secatur:
3668 2361 3849 2419 solida

2235 2458 2302 2513 ad
2330 2458 2569 2529 singulos
2600 2457 2796 2511 Christi
2826 2456 2966 2510 dena
3000 2455 3214 2528 1156
3241 2454 3567 2526 perveniunt
3604 2472 3618 2508 :
3649 2469 3849 2510 omnes

2238 2551 2459 2618 habent,
2485 2561 2539 2607 et
2572 2565 2732 2605 nemo
2761 2548 3060 2604 l‘raudatur.

2312 2644 2404 2699 42.
2455 2643 2753 2698 Audiamus
2793 2642 2953 2710 igitur
2997 2639 3281 2696 commoda
3321 2639 3690 2696 hzereditaria.
3743 2640 3853 2696 Re-

2240 2737 2426 2792 missio
2450 2743 2791 2806 peccatorum
2814 2733 3100 2789 litt-reditas
3120 2731 3324 2787 Christi
3353 2741 3458 2788 est.
3487 2731 3650 2789 Certe
3672 2733 3852 2788 solida

2242 2845 2339 2901 per
2366 2829 2612 2899 singulos
2644 2869 2658 2895 ,
2685 2837 2738 2881 ct
2767 2827 2818 2881 in
2851 2841 3140 2881 commune
3161 2835 3244 2880 est
3274 2825 3572 2891 lucrativa;
3624 2826 3859 2895 quibus-

2239 2936 2470 2991 cumque
2493 2920 2637 2974 enim
2671 2919 2867 2973 collata
2909 2916 3107 2980 fuerit,
3158 2916 3290 2971 nulli
3337 2915 3554 2971 decedit
3582 2957 3598 2981 ,
3639 2916 3855 2972 accedit

2241 3013 2520 3068 omnibus.
2567 3009 2794 3080 Corpori
2841 3008 3176 3079 acquiritur,
3231 3007 3491 3078 quidquid
3552 3008 3856 3076 unicuique

2241 3106 2534 3159 relaxatur.
2583 3102 2716 3158 Nam
2745 3103 2789 3157 si
2821 3101 2999 3172 angeli
3045 3115 3210 3170 super
3254 3114 3362 3154 uno
3405 3112 3692 3172 peccatore
3740 3116 3857 3169 pa:—

2240 3198 2523 3254 nitentiam
2554 3208 2749 3267 agente
2782 3196 3068 3260 laetantur;
3122 3193 3244 3265 quia
3289 3195 3500 3249 lucrum
3547 3209 3707 3249 suum
3760 3210 3861 3264 pu-

2244 3302 2358 3346 tant
2389 3290 2622 3344 hominis
2653 3288 3131 3357 redemptionem:
3178 3296 3384 3357 quanto
3425 3286 3596 3356 magis
3636 3288 3856 3342 lucrum

2242 3392 2326 3439 est
2366 3383 2582 3453 generis
2610 3424 2623 3447 ,
2673 3381 2815 3452 quod
2864 3389 2949 3436 est
2994 3382 3202 3436 lucrum
3251 3380 3500 3434 naturae?
3541 3379 3857 3435 [hereditas

2242 3474 2448 3530 Christi
2495 3483 2580 3531 est
2630 3472 2981 3529 resurrectio.
3053 3472 3202 3526 Hanc
3254 3470 3538 3542 quisquam
3589 3471 3856 3526 damtinm

2243 3582 2399 3623 suum
2428 3566 2626 3621 dixerit
2651 3605 2666 3628 ,
2717 3579 2838 3635 qute
2868 3566 2920 3618 in
2965 3579 3072 3618 uno
3099 3562 3408 3617 communis
3432 3563 3623 3633 gratia:
3656 3579 3859 3619 nomen

2246 3660 2453 3715 invenit
2479 3659 2501 3712 ?
2523 3659 2772 3713 Christus
2803 3659 2946 3712 enim
2976 3671 3227 3727 surgens,
3253 3655 3507 3712 omnibus
3525 3661 3858 3722 resurrexit;

2245 3753 2499 3822 quoniam
2533 3767 2629 3821 per
2657 3750 2931 3805 hominem
2959 3748 3287 3803 resurrectio
3315 3758 3678 3802 mortuorum.
3711 3750 3865 3816 Quo-

2248 3844 2408 3899 modo
2437 3844 2598 3913 igitur
2627 3851 2803 3914 pOIest
2835 3842 3168 3913 singulorum
3191 3856 3315 3897 esse
3339 3841 3708 3912 dispendium,
3736 3859 3863 3913 qum

2247 3947 2332 3994 est
2378 3937 2543 3992 totius
2590 3935 2838 4006 corporis
2877 3945 2932 3990 et
2982 3935 3203 3989 humani
3245 3935 3461 4005 generis
3491 3937 3864 3989 return-alio?

2246 4031 2522 4088 Rocitetur
2547 4031 2726 4101 itaque
2755 4030 3161 4085 Testamentum
3189 4073 3202 4093 ,
3247 4039 3299 4084 et
3327 4031 3700 4086 institutiones
3727 4033 3857 4102 ejus

2247 4126 2679 4181 consideremus.
2718 4121 2879 4178 Testis
2903 4133 3072 4178 autem
3103 4124 3246 4177 nobis
3277 4135 3324 4177 et
3360 4123 3591 4194 Spiritus
3615 4137 3862 4180 sanctus.

2249 4219 2377 4275 Cum
2408 4219 2540 4273 enim
2579 4219 2595 4256 τ
2646 4219 2833 4272 dixerit
2872 4234 2891 4273 :
2944 4216 3058 4272 Hoc
3099 4229 3269 4272 autem
3307 4228 3672 4274 testamentum
3723 4221 3868 4291 quod

2250 4313 2470 4368 testabor
2509 4313 2576 4366 ad
2615 4313 2734 4366 illos
2753 4353 2769 4379 ,
2799 4312 2922 4366 dicit
2952 4309 3227 4366 Dominus.
3275 4308 3422 4366 Dabo
3463 4312 3604 4383 leges
3635 4330 3779 4369 meas
3808 4315 3869 4368 in

2249 4404 2488 4460 cordibus
2515 4421 2690 4459 eorum
2716 4446 2730 4470 ,
2762 4414 2810 4459 et
2839 4405 2891 4458 in
2920 4405 3148 4460 sensibus
3183 4421 3355 4459 eorum
3392 4405 3622 4460 scribam
3653 4424 3742 4462 eas
3770 4449 3787 4473 ,
3822 4417 3872 4460 et

2247 4501 2440 4571 peccati
2466 4509 2513 4554 et
2541 4499 2809 4573 injustitia:
2836 4516 3012 4554 eorum
3053 4516 3155 4553 non
3198 4500 3518 4554 memorabor
3549 4499 3569 4572 (
3599 4499 3763 4554 Hebr.
3797 4517 3829 4555 x
3854 4544 3871 4566 ,

2247 4597 2314 4650 15
2341 4605 2388 4649 et
2425 4593 2582 4665 seq.).
2613 4592 2657 4648 Ο
2688 4609 2815 4648 vere
2842 4603 3069 4649 testator
3090 4603 3348 4660 aeternus,
3378 4592 3474 4662 qui
3502 4598 3710 4649 nostris
3736 4612 3875 4650 eor-

545 4695 673 4740 sunt
702 4685 971 4746 conﬁteri,
1005 4699 1164 4753 quem
1207 4686 1354 4739 novit
1390 4687 1532 4740 scire
1560 4685 1701 4754 quod
1733 4661 1929 4740 factum
1961 4693 2045 4740 est
2071 4685 2094 4738 ?
2171 4661 2221 4720 D
2249 4688 2406 4744 dibus
2435 4661 2578 4758 leges
2605 4684 2776 4756 al‘ligit
2804 4701 2952 4752 suas,
2987 4697 3039 4742 et
3066 4687 3252 4741 scribit
3281 4687 3332 4741 in
3362 4661 3658 4752 sensibus;
3691 4697 3751 4742 ut
3783 4689 3877 4744 ni-

524 4815 532 4825 .
617 4779 705 4832 41.
738 4778 805 4832 Ει
837 4779 975 4834 bene
1000 4778 1106 4833 ait:
1143 4776 1682 4848 Htet'editatequwsivi
1707 4781 1996 4834 testimonia
2023 4790 2142 4846 tua;

545 4873 800 4942 quoniam
833 4873 975 4928 sicut
1002 4882 1126 4927 ante
1159 4872 1405 4928 lueredes
1436 4873 1632 4927 luimus
1664 4872 1968 4942 peccatoris
2008 4889 2023 4927 :
2073 4875 2144 4928 ita

548 4980 690 5020 nunc
732 4964 980 5021 hmredes
1021 4979 1208 5020 sumus
1256 4965 1481 5021 Christi.
1534 4966 1628 5022 illa
1667 4966 2101 5024 fuitcriminum
2129 5013 2142 5036 ,

621 5117 646 5143 ⁸·
697 5105 768 5160 lta
801 5120 991 5159 omnes
1018 5120 1148 5159 mss.
1181 5115 1341 5167 atque
1369 5105 1499 5160 edit.
1533 5115 1642 5160 vet.
1683 5120 1806 5160 eum
1853 5116 1966 5161 ant.
2007 5108 2140 5163 edit.

545 5179 606 5234 Β.
637 5178 847 5232 llilarii.
881 5176 1019 5230 Edit.
1053 5186 1231 5230 autem
1259 5175 1413 5231 Rom.
1444 5193 1509 5232 ex
1537 5192 1815 5231 sacrorum
1857 5178 2140 5245 codicum,

546 5252 886 5319 aliorumque
918 5249 1137 5302 Patrum
1165 5248 1485 5302 auctoritate
1511 5289 1526 5312 ,
1555 5248 1786 5302 liberabit
1809 5261 1858 5303 te
1877 5266 1940 5304 ea:
1965 5251 2144 5320 laqueo

548 5331 866 5376 venatorum.

621 5393 647 5431 ι)
675 5392 744 5447 Et
771 5390 885 5445 ideo
910 5407 1015 5464 non
1045 5389 1236 5464 injuste
1255 5391 1536 5444 tenduntur
1562 5391 1914 5464 retiaauibus,
1950 5393 2147 5448 desunt

550 5466 604 5520 in
635 5463 1006 5532 superioribus
1031 5463 1162 5516 edit.
1195 5465 1262 5516 At
1293 5465 1343 5514 in
1375 5477 1505 5517 mss.
1536 5463 1900 5530 reperiuntur.
1945 5465 2145 5520 lterum

532 5552 736 5590 omnes
759 5533 888 5588 edit.
921 5549 1043 5587 cum
1067 5535 1241 5604 multo
1269 5533 1456 5604 majori
1490 5542 1640 5599 parte
1670 5549 1800 5591 mss.
1851 5541 2148 5590 venantium

547 5625 654 5662 esse
685 5606 920 5671 desiisti;
949 5605 1036 5658 ubi
1068 5605 1189 5658 cod.
1216 5603 1397 5669 ϐοτη..
1419 5603 1600 5673 Ρίεοη
1631 5606 1890 5675 librulph.
1927 5608 2147 5674 habent,

551 5680 842 5732 venantium
890 5692 1002 5731 esse
1049 5677 1256 5732 desiste.
1302 5677 1586 5732 Postremo
1633 5678 1722 5732 tibi
1767 5690 1980 5734 cuncta:
2017 5678 2147 5733 edit.

549 5762 613 5819 ac
643 5762 774 5819 mss.
816 5757 1068 5819 quatuor,
1117 5746 1247 5819 Ante
1283 5757 1329 5800 te
1364 5747 1544 5819 laqueo
1573 5758 1781 5819 uenator
1801 5791 1816 5817 ,
1845 5760 1977 5817 ante,
2003 5751 2152 5819 quasi

554 5816 782 5886 pro-dam
808 5858 820 5883 ,
863 5817 936 5870 ibi
965 5816 1196 5885 quatuor
1225 5816 1436 5886 legunt,
1484 5816 1652 5871 Halm
1681 5822 1770 5887 qui
1799 5830 1845 5873 te
1875 5816 2052 5875 liberet
2091 5822 2154 5874 de

2253 4781 2331 4836 hil
2358 4780 2500 4834 aliud
2533 4782 2775 4850 cogitare
2798 4822 2812 4846 ,
2861 4779 2962 4833 nisi
3013 4778 3193 4834 divina
3243 4788 3508 4850 praacepta
3543 4780 3830 4850 possimus
3857 4825 3875 4849 ,

2255 4875 2387 4929 nihil
2415 4873 2557 4929 aliud
2586 4872 2813 4938 sentire,
2841 4873 2942 4927 nisi
2968 4872 3064 4928 Dei
3096 4872 3313 4927 oracula
3339 4870 3659 4928 debeamus.
3698 4872 3882 4930 Dedit

2255 4970 2482 5041 gratiam
2505 5011 2519 5035 ,
2547 4967 2864 5023 reformavit
2894 4975 3143 5021 naturam
3172 5007 3185 5032 ,
3236 4964 3447 5035 sibique
3478 4964 3574 5034 qui
3604 4965 3878 5022 oblivisci

2253 5111 2455 5179 laqueo.
2509 5106 2737 5162 Venator
2761 5115 2880 5160 ante
2907 5107 3057 5179 quasi
3099 5104 3349 5177 prtedam.
3400 5103 3618 5177 Reliqui
3665 5121 3881 5165 omnes

2257 5177 2550 5237 lectionem
2580 5189 2818 5233 uestram
2851 5177 3206 5232 constituunt.

2329 5263 2350 5290 ο
2386 5252 2544 5306 Rom.
2579 5250 2711 5303 edit.
2741 5249 2878 5313 Sola,
2907 5265 3055 5319 quem
3081 5257 3391 5316 paraverunt
3412 5249 3580 5304 nobis.

2323 5320 2350 5360 ἀ
2398 5324 2525 5378 Mss.
2570 5320 2766 5376 Navar.
2821 5336 2956 5373 unus
2996 5320 3154 5374 Colb.
3181 5361 3194 5384 ,
3245 5319 3400 5375 Gem.
3444 5331 3500 5374 et
3532 5320 3670 5376 Aud.
3697 5365 3713 5390 ,
3779 5323 3883 5377 illa

2253 5393 2544 5450 obarrltauil
2575 5396 2748 5457 fenore
2774 5391 3092 5454 delictorum,
3125 5403 3232 5445 etc.

2326 5478 2348 5503 ο
2378 5467 2532 5520 Rom.
2561 5463 2694 5519 edit.
2736 5463 2875 5525 sola,
2905 5474 3064 5516 totum
3095 5463 3350 5516 hominem
3379 5463 3662 5518 denotavit.

2333 5536 2350 5575 τ
2397 5537 2526 5592 Post
2561 5539 2786 5590 verbum
2816 5535 3044 5596 dixerit,
3089 5535 3418 5603 subjungunt
3456 5550 3651 5590 omnes
3676 5537 3833 5591 edit.
3868 5582 3884 5602 ,

2254 5609 2421 5664 Testis
2449 5622 2560 5661 sum
2583 5616 2996 5660 testamentorum
3021 5621 3268 5669 meorum,
3291 5621 3406 5672 quae
3427 5606 3738 5676 testiﬁcatus
3760 5626 3888 5662 sum

2256 5681 2309 5734 in
2338 5678 2476 5733 vobis
2496 5720 2509 5740 ,
2540 5687 2659 5731 tunc
2694 5679 3038 5731 testimonium
3070 5676 3346 5745 perliibebit
3371 5678 3511 5744 quod
3553 5687 3784 5734 testatus
3818 5683 3894 5735 sit

2245 5752 2475 5821 dicens:
2511 5746 2620 5821 Hoc
2641 5758 2832 5812 autem,
2866 5759 2974 5821 etc.
3001 5746 3109 5810 Sed
3139 5747 3430 5821 illoneque
3467 5748 3522 5803 in
3557 5765 3689 5806 mss.
3741 5752 3894 5806 ullis

2261 5815 2448 5877 Anthr;
2482 5817 2570 5875 aut
2595 5820 2886 5890 Scripturte
2911 5819 3041 5874 edit.
3076 5815 3400 5890 reperimus,
3425 5823 3606 5891 neque
3635 5825 3894 5880 utnnino
