3948 6300
146 247 274 326 “09

1186 253 1252 309 lN
1293 255 1625 313 PﬁALMUM
1661 258 1872 315 CXVIII
1914 258 2297 319 EXl’OSl'l‘IO.

3281 280 3419 337 ΗΠ)

129 360 242 416 nihil
283 359 450 425 solet,
534 360 856 415 memoriam
911 376 1156 419 meorum
1196 368 1419 423 abstulit
1466 379 1718 440 peccato-
1750 378 1794 435 Α
1829 371 2019 428 Filium
2051 375 2146 431 Dei
2177 392 2393 433 carnem
2418 381 2714 452 sumpsisse
2747 383 2815 439 de
2845 386 3034 455 Maria,
3069 390 3255 447 videor
3285 396 3414 449 mihi

137 468 260 514 runt,
285 463 308 488 ιι
336 453 463 506 mihi
491 450 659 507 tledit
685 465 1076 524 prteccptorunt
1109 473 1356 514 suorum.

207 545 286 599 45.
324 545 438 599 Noli
468 560 599 616 ergo
626 546 816 602 tollere
857 549 924 602 de
952 551 1118 606 corde
1151 561 1240 606 luo
1275 553 1448 623 legem
1483 556 1619 622 Dei,
1662 564 1721 612 et

151 634 342 705 afﬁgere
370 637 541 706 legem
568 641 796 707 peccati.
828 639 947 694 Noli
975 642 1216 699 scribere
1248 644 1301 699 in
1334 647 1588 702 sensibus
1613 650 1719 705 tuis

147 728 319 783 diaboli
347 730 645 798 illecebras,
678 743 731 787 et
759 733 853 788 Dei
885 734 1068 792 delere
1101 738 1373 794 mandata.
1421 741 1556 796 Ecce
1585 759 1674 816 ego
1698 785 1714 810 ,

147 821 291 890 inquit
314 863 331 890 ,
358 822 502 890 pinxi
534 839 706 877 muros
734 835 848 880 tuos
870 865 886 891 ,
931 827 1054 881 dicit
1082 827 1335 885 Dominus
1361 833 1429 886 ad
1460 832 1509 886 Η
1517 834 1714 888 ierusa-

147 915 228 966 lem
252 913 403 984 (Esai.
439 930 591 978 χιιι,
621 915 752 984 16);
787 918 887 973 hoc
910 929 1016 986 est,
1049 921 1115 974 ad
1143 924 1378 977 animam
1416 925 1715 979 studiosam

147 1009 515 1078 tranquillitatis
532 1020 585 1064 et
614 1013 782 1080 pacis,
807 1029 969 1084 quam
995 1015 1124 1070 fecit
1144 1017 1207 1072 ad
1229 1019 1515 1089 imaginem
1537 1037 1712 1076 suam.

144 1099 263 1162 Noli,
292 1100 498 1170 inquam
525 1143 540 1168 ,
569 1102 785 1160 auferre
817 1106 1104 1177 imaginem
1133 1110 1410 1186 caeleSIetu
1435 1154 1452 1179 ,
1500 1121 1556 1168 et
1581 1114 1718 1168 ima-

141 1198 292 1265 ginem
321 1197 510 1251 mortis
538 1197 842 1268 imponere.
887 1200 1169 1259 Recusasti
1212 1206 1586 1263 luereditatem
1614 1223 1716 1264 sm-

142 1287 263 1341 culi:
293 1303 438 1343 serva
468 1289 676 1344 Christi
715 1294 1064 1361 testimonia;
1112 1300 1364 1368 quoniam
1409 1301 1461 1355 in
1497 1303 1579 1356 his
1613 1319 1715 1358 ex—

142 1381 325 1436 sultatio
349 1393 506 1452 atque
539 1383 724 1438 laetitia
756 1394 858 1452 est,
890 1389 1327 1460 quandoquidem
1359 1394 1536 1448 omnis
1559 1394 1717 1450 ﬂetus

140 1473 369 1527 delebitur
392 1515 408 1540 ,
435 1483 492 1528 et
532 1491 682 1529 mors
716 1492 822 1532 non
854 1481 960 1532 erit
987 1481 1221 1548 amplius
1246 1525 1260 1548 ,
1297 1498 1470 1554 neque
1497 1485 1672 1540 luctus
1695 1527 1712 1553 ,

140 1584 282 1639 neque
310 1567 502 1637 ﬂetus,
563 1585 737 1640 neque
786 1573 1012 1628 clamor.
1063 1575 1248 1631 Passio
1289 1576 1487 1632 Christi
1535 1579 1714 1650 imago

139 1662 214 1714 iuit
250 1661 387 1732 regni
432 1662 699 1718 caelestis.
754 1663 926 1720 Nemo
954 1665 1158 1721 audivit
1203 1668 1254 1721 in
1287 1669 1479 1738 plateis
1522 1685 1710 1726 vocem

1821 479 1941 517 cum
1978 464 2198 523 Christo
2228 470 2341 538 ipse
2389 470 2721 530 descendere
2765 477 2980 546 (Matth.
3014 498 3054 548 ι,
3105 483 3218 555 16).
3273 485 3419 556 Lego

1819 559 1966 612 enim
2001 576 2124 616 eum
2150 603 2166 628 ,
2199 565 2433 633 quicum
2458 566 2509 619 in
2535 566 2704 622 forma
2737 569 2830 626 Dei
2858 584 3026 639 esset,
3066 577 3416 647 semetipsum

1820 652 2113 709 exinanivit
2171 655 2409 730 (Philip.
2444 677 2503 727 ιι,
2529 662 2562 717 6
2609 674 2658 718 et
2707 665 2785 736 7).
2848 667 3160 725 Exinanivit
3189 682 3368 727 autem
3397 714 3413 740 ,

1820 751 1879 797 ut
1901 743 2129 801 formam
2162 750 2304 804 servi
2331 753 2643 823 acciperet:
2677 766 2733 812 et
2757 761 2938 830 specie
2962 761 3212 819 inventus
3239 774 3298 819 ut
3319 764 3420 820 ho-

1820 852 1928 904 mo,
1962 837 2263 896 humiliavit
2293 861 2353 900 se
2397 861 2567 918 usque
2595 849 2660 903 ad
2691 863 2944 908 mortem.
2982 855 3125 928 Lego
3153 859 3296 915 enim
3328 863 3414 917 di-

1818 941 2029 985 centem
2060 951 2071 985 :
2110 933 2284 990 Vertite
2298 938 2367 991 ad
2390 955 2492 1004 me,
2522 959 2695 996 omnes
2717 945 2805 1014 qui
2829 947 3096 1014 laboratis,
3131 961 3178 1006 et
3220 957 3418 1009 onerati

1817 1027 1960 1092 estis,
1992 1037 2040 1080 et
2063 1045 2155 1100 ego
2185 1031 2419 1100 reﬁciant
2464 1049 2570 1090 vos.
2619 1036 2809 1094 Tollite
2830 1044 3021 1114 jugum
3061 1062 3227 1100 meum
3263 1065 3417 1115 super

1817 1135 1926 1184 vos,
1957 1129 2004 1173 et
2034 1121 2213 1176 discite
2257 1142 2288 1178 a
2318 1143 2397 1180 me
2425 1129 2546 1198 quia
2572 1132 2710 1186 mitis
2755 1150 2869 1187 sunt
2895 1176 2909 1200 ,
2951 1147 2998 1190 et
3025 1137 3236 1193 humilis
3262 1143 3416 1196 corde

1821 1211 2036 1284 (Matth.
2063 1233 2137 1283 ιιι,
2156 1217 2228 1273 ‘28
2245 1229 2294 1273 et
2313 1220 2432 1291 29).
2455 1222 2569 1278 Non
2601 1225 2764 1280 dixit:
2795 1227 2997 1285 Discite
3019 1245 3045 1282 a
3071 1247 3156 1285 me
3172 1235 3298 1303 quia
3321 1249 3418 1303 po-

1817 1314 1937 1361 tens
1954 1324 2070 1363 sum
2092 1327 2226 1366 :uon
2245 1313 2409 1368 dixit:
2435 1316 2633 1372 Discite
2653 1334 2681 1371 a
2707 1335 2793 1375 me
2813 1323 2937 1392 quia
2960 1323 3232 1393 gloriosus
3249 1341 3366 1380 sum
3395 1343 3412 1380 :

1817 1401 1910 1455 sed
1959 1402 2206 1461 discitea
2252 1423 2339 1463 me
2384 1411 2509 1479 quia
2563 1411 2781 1468 humilis
2811 1430 2968 1482 sum,
2998 1419 3142 1484 quod
3191 1419 3417 1489 potestis

1814 1490 2032 1549 imitari.
2081 1495 2256 1552 Nolite
2291 1501 2557 1558 extollere
2608 1519 2720 1570 vos,
2755 1505 2780 1543 ι)
2829 1507 2997 1564 nolite
3029 1511 3268 1570 exaltare
3317 1527 3416 1567 cor

1816 1594 2070 1642 vestrum.
2107 1589 2297 1645 Docuit
2323 1609 2454 1663 ergo
2483 1611 2568 1650 me
2592 1596 2883 1666 humiliari,
2931 1607 2986 1654 et
3030 1601 3288 1659 inclinare
3317 1621 3418 1661 cor

1815 1693 1994 1732 memn
2023 1681 2089 1735 ad
2123 1681 2661 1757 faciendasjustitias
2689 1707 2703 1754 ;
2753 1707 2858 1746 non
2911 1695 2976 1747 ad
3025 1696 3363 1768 iniquitatem
3393 1741 3410 1768 ,

138 1755 263 1824 ejus;
293 1757 408 1826 quia
439 1756 544 1811 illo
570 1756 787 1811 silentio
819 1759 1080 1830 passionis
1113 1778 1223 1814 suae
1273 1761 1568 1818 clamorem
1597 1779 1714 1818 om-
1742 1791 1792 1852 Β
1818 1771 1910 1826 sed
1944 1773 2008 1827 ad
2041 1777 2350 1844 aequitatem
2378 1781 2640 1838 inclinare
2669 1825 2684 1850 ,
2747 1797 2956 1858 propter
3004 1791 3414 1850 retributionem.

140 1865 234 1904 ncm
259 1851 304 1905 in
332 1863 612 1922 posterum
639 1853 818 1923 impiae
840 1855 988 1907 vocis
1014 1853 1288 1910 abolebat.
1320 1855 1548 1911 Nolebat
1571 1855 1712 1925 ﬂeri,

135 1945 204 2011 qui
230 1945 424 2001 dicebat
448 1947 520 2002 ad
553 1948 694 2002 tilias
739 1947 1082 2003 Hierusalem
1119 1947 1315 2003 :Filite
1360 1949 1709 2005 Hierusalem.

136 2043 262 2096 nolite
299 2060 372 2096 me
390 2046 524 2113 ﬂere
553 2085 570 2110 ,
604 2044 695 2098 sed
735 2060 823 2098 vos
851 2045 993 2113 ipsas
1019 2046 1136 2115 ﬂete
1163 2043 1183 2118 (
1207 2044 1338 2099 Luc.
1374 2061 1503 2100 mu
1531 2089 1546 2114 ,
1575 2045 1646 2100 28
1668 2044 1710 2118 ).

134 2136 387 2192 Ablaturus
432 2139 588 2191 enim
619 2152 809 2193 omnes
840 2138 1108 2210 lacrymas
1139 2155 1250 2193 sua:
1277 2139 1544 2196 beneﬁcio
1583 2157 1710 2195 cru-

132 2231 223 2296 cis,
271 2230 316 2284 in
361 2232 620 2298 passione
667 2233 881 2303 propria
915 2233 1109 2288 futurtn
1156 2235 1326 2289 instar
1361 2235 1710 2291 beatitudinis

134 2321 414 2389 exhibebat;
442 2336 500 2379 ut
538 2339 702 2380 nemo
729 2323 918 2391 ﬂeret,
951 2325 1055 2381 nisi
1082 2328 1172 2395 qui
1198 2324 1401 2382 Christi
1451 2327 1708 2382 beneﬁcia

133 2431 217 2468 non
253 2424 468 2472 teneret.

184 2505 264 2563 ιιι.
290 2507 468 2564 Merito
505 2525 646 2579 ergo
672 2510 757 2564 vir
787 2509 1148 2580 Evangelicus
1174 2510 1338 2566 dicit:
1391 2510 1710 2567 Haareditate

131 2603 304 2670 (μιαὲήυὶ
329 2605 623 2657 testimonia
645 2613 735 2658 tua
761 2604 816 2658 in
844 2614 1091 2659 wternum
1115 2620 1135 2669 ;
1163 2605 1407 2674 quoniam
1429 2604 1708 2660 exsultatio

131 2694 270 2748 cordis
294 2696 386 2749 mei
403 2707 552 2750 sunt.
579 2696 710 2765 Quis
742 2711 848 2752 non
877 2697 1131 2762 exsultet,
1161 2698 1251 2764 qui
1283 2699 1480 2754 etelum
1512 2706 1568 2754 et
1599 2709 1708 2753 ter-

130 2802 221 2840 tam
248 2787 561 2844 hzercditate
589 2790 838 2858 quaesivit
876 2790 1039 2861 (qua:
1085 2793 1192 2844 duo
1222 2793 1488 2846 elementa
1519 2801 1706 2846 conte-

130 2885 271 2934 status
296 2891 372 2936 est
396 2882 567 2937 etiam
598 2881 744 2938 Deus
767 2924 782 2945 ,
811 2897 932 2937 cum
957 2884 1131 2953 legem
1165 2882 1357 2955 daret)
1392 2885 1518 2954 quia
1558 2901 1710 2954 qua:-

130 2971 228 3024 sivit
257 2972 434 3039 Deum,
464 2974 540 3029 de
570 2990 680 3045 quo
701 2973 832 3030 dicit
858 2974 1088 3031 Sanctus
1115 2995 1127 3027 :
1179 2975 1354 3030 Partio
1381 2993 1492 3031 utea
1529 2976 1707 3030 Domi-

131 3078 244 3116 tius:
281 3066 530 3135 quaesivit
565 3066 846 3122 Dominum
891 3066 1072 3122 Jesum
1101 3109 1114 3132 ,
1160 3067 1407 3136 qttmsivit
1444 3069 1702 3138 Spiritum

1819 1862 2126 1922 Rctributio
2155 1884 2378 1939 regnum
2422 1873 2709 1943 caelorum,
2740 1885 2796 1931 et
2858 1879 3092 1948 paradisi
3145 1891 3227 1938 est
3254 1882 3407 1940 inco-

1819 1953 1982 2012 lams'
2123 2030 2357 2088 SERMO
2395 2034 2691 2094 DECIMUS
2729 2039 3047 2108 QUINTUS.

2434 2132 2493 2181 D.
2521 2127 2764 2187 Santech.

1887 2237 1940 2290 1.
1962 2235 2152 2310 Incipit
2180 2239 2404 2295 Samech
2429 2241 2602 2298 littera
2629 2245 2838 2301 decima
2861 2249 3072 2320 quinta,
3099 2267 3219 2323 qum
3242 2253 3410 2311 inter-

1816 2331 2173 2399 pretationem
2207 2334 2386 2399 habet,
2419 2336 2574 2392 Audi.
2605 2339 2698 2394 Est
2725 2343 2902 2397 etalia
2929 2345 3048 2414 ejus
3083 2346 3412 2417 interpreta-

1814 2419 1911 2487 tio,
1944 2439 2063 2492 qua:
2085 2425 2304 2494 dicitur,
2331 2427 2760 2486 Firmamentum.
2786 2433 2927 2500 Quid
2946 2445 3052 2502 est,
3088 2438 3223 2492 Audi
3239 2440 3265 2493 ?
3288 2440 3408 2497 Non

1810 2513 1986 2570 otiose
2014 2514 2216 2571 dicitur
2243 2519 2386 2587 quod
2405 2526 3081 2594 commuueestonmibus,
3099 2539 3151 2585 et
3169 2532 3408 2601 suppetit

1811 2605 2080 2662 universis
2110 2608 2226 2678 ipso
2248 2609 2374 2678 jure
2399 2622 2627 2668 naturae.
2662 2614 2731 2668 Et
2759 2615 2880 2671 ideo
2911 2634 3016 2672 non
3059 2629 3143 2675 est
3169 2623 3403 2679 otiosum

1811 2698 1952 2766 quod
1975 2699 2286 2757 admoneris
2318 2710 2376 2757 ut
2397 2704 2618 2770 audias;
2644 2722 2763 2761 cum
2795 2710 2957 2764 etiam
2983 2712 3154 2778 inviti,
3182 2723 3237 2768 et
3257 2715 3406 2772 aliud

1809 2801 2056 2860 agentes,
2089 2808 2280 2848 sonum
2312 2803 2515 2861 tatnen,
2549 2807 2643 2852 aut
2671 2815 2860 2855 vocem
2891 2802 3081 2858 audire
3102 2806 3402 2863 soleamus.

1810 2881 1918 2937 Sed
1959 2884 2079 2952 quia
2134 2895 2347 2941 nonest
2392 2888 2566 2942 solum
2607 2890 2796 2948 audire
2851 2893 2953 2950 hoc
2998 2896 3139 2966 qunti
3166 2899 3408 2969 suppetit

1809 2976 1990 3031 ofﬁcio
2020 2987 2262 3034 naturtez
2293 2981 2386 3035 sed
2412 2981 2572 3036 etiam
2606 2984 2737 3039 illud
2786 2987 2929 3057 quod
2978 2990 3152 3060 majus
3173 3000 3300 3060 est,
3345 3004 3406 3050 ut

1807 3069 1996 3124 audias
2027 3087 2132 3125 non
2164 3088 2265 3126 usu
2297 3083 2506 3128 tantum
2531 3079 2776 3146 corporis
2797 3121 2810 3146 ,
2839 3091 3097 3150 quantum
3131 3084 3404 3142 intellectu

129 3166 368 3224 salictum;
415 3167 468 3214 et
497 3167 630 3231 post
657 3158 749 3213 illa
779 3159 1026 3230 quaesivit
1064 3160 1290 3229 angelos
1315 3202 1328 3225 ,
1359 3169 1414 3216 et
1444 3176 1566 3216 cum
1598 3163 1704 3218 illis
1733 3181 1778 3245 (ς
1811 3162 2008 3217 mentis
2036 3179 2049 3228 ;
2085 3163 2208 3219 ideo
2239 3164 2548 3234 diligentius
2578 3171 2862 3227 considera
2902 3175 3058 3230 istius
3084 3177 3280 3232 littera:
3321 3179 3406 3235 in-

132 3247 257 3316 risit,
287 3266 385 3307 non
416 3252 585 3308 hodie
616 3260 824 3307 tantum
862 3253 1073 3325 1157
1101 3264 1154 3309 et
1177 3269 1320 3320 etas,
1347 3255 1440 3309 sed
1467 3255 1517 3309 in
1541 3263 1702 3310 teter-

133 3357 233 3395 num
259 3360 270 3398 :
293 3361 384 3401 nec
412 3347 549 3400 ullis
579 3361 677 3416 pro
709 3347 925 3401 notnine
948 3347 1160 3402 Domini
1183 3348 1534 3404 contrismlur
1561 3349 1704 3419 inju-

132 3432 233 3488 riis?
255 3434 488 3508 Denique
513 3436 826 3508 gaudebant
857 3439 1232 3508 apostolicum
1263 3439 1702 3509 verberarentur,

131 3543 226 3584 cum
251 3531 296 3586 in
324 3547 610 3588 carcerem
637 3532 1004 3588 truderentur.

188 3623 261 3678 i5.
289 3624 462 3697 (Vcrs.
493 3625 650 3696 ΗΞ.)
682 3623 969 3680 Exsultans
989 3627 1147 3697 igitur
1171 3629 1222 3682 in
1249 3629 1577 3684 testimoniis
1602 3629 1707 3683 Do-

133 3715 235 3770 mini
271 3718 386 3787 iure
407 3719 673 3774 dicebat:
725 3718 986 3774 lnclinavi
1007 3737 1094 3774 cor
1137 3737 1306 3776 meum
1344 3723 1412 3776 ad
1433 3723 1704 3792 faciendas

129 3809 315 3874 iustitiae
340 3825 453 3870 tuas
475 3817 538 3870 in
566 3823 849 3879 teternum,
911 3825 1122 3885 prapter
1164 3816 1568 3871 retributionem.
1602 3817 1702 3885 Qui

133 3905 508 3964 retributionem
561 3907 829 3962 bonorum
857 3922 1083 3978 cperum
1109 3917 1293 3980 sperat
1319 3924 1348 3964 a
1376 3909 1510 3972 Deo,
1541 3921 1593 3964 et
1635 3910 1703 3966 ad

132 4010 230 4049 eum
258 3997 512 4067 festinat,
564 4000 791 4055 inclinat
820 4014 917 4054 cor
961 4016 1159 4064 suum,
1191 4013 1249 4056 ut
1283 4001 1445 4058 iaciat
1494 4001 1700 4056 Christi

128 4085 348 4157 justitias.
377 4093 512 4162 Qua:
539 4104 618 4148 est
649 4092 853 4148 Christi
872 4093 1126 4163 iustitia?
1156 4092 1285 4150 Sine
1308 4110 1406 4149 nos
1434 4135 1447 4159 ,
1484 4093 1655 4164 inquit
1686 4135 1700 4159 ,

133 4179 326 4248 implere
367 4202 591 4242 omnem
618 4185 889 4256 justitiam
919 4227 933 4249 ,
957 4201 1060 4258 qua
1086 4196 1364 4256 peccatum
1397 4186 1698 4254 minuitur,

131 4275 261 4345 enim
280 4278 484 4335 laxatur
507 4277 732 4350 (Matth.
762 4296 844 4345 ut,
874 4279 985 4349 15).
1015 4280 1082 4336 Ει
1112 4280 1252 4338 bene
1278 4281 1389 4348 ait,
1419 4281 1701 4350 Inclinavi;

132 4375 178 4417 ut
202 4382 294 4422 non
318 4371 379 4424 sit
399 4371 494 4426 tibi
528 4370 759 4426 arduum
788 4380 950 4442 atque
977 4371 1201 4428 difﬁcile
1223 4414 1238 4439 ,
1289 4387 1413 4428 cum
1463 4381 1700 4430 mentem

132 4464 253 4512 tuam
280 4461 426 4528 quasi
449 4461 520 4518 ad
544 4461 769 4517 humilia
799 4473 854 4518 et
883 4464 1036 4533 plana
1069 4473 1376 4521 convertas.
1405 4465 1510 4520 Aut
1533 4476 1701 4532 certe,

1815 3255 2278 3324 tet-pretationem,
2309 3261 2620 3332 seriemque
2649 3278 2901 3319 versuum
2930 3267 3020 3336 qui
3049 3279 3364 3339 sequuntur.

1879 3345 1933 3400 2.
1956 3346 2019 3403 Ut
2038 3350 2253 3404 noveris
2273 3361 2456 3407 autem
2472 3355 2758 3424 mysticum
2779 3371 2898 3412 esse
2910 3359 3120 3428 audire,
3136 3370 3192 3415 ut
3212 3362 3405 3420 audias

1808 3445 1862 3492 et
1876 3439 2147 3511 intelligas
2163 3443 2443 3513 mysteria,
2461 3444 2566 3500 deJ
2575 3445 2742 3501 udazis
2755 3448 3013 3518 scriptum
3029 3461 3111 3506 est
3128 3468 3141 3505 :
3158 3455 3405 3508 Aureau-

1808 3531 2277 3604 ttietis(Esai.vt,9)
2291 3535 2432 3603 ;quia
2451 3540 2705 3610 mysteria
2720 3539 2854 3611 legis
2866 3543 3175 3612 audierunt,
3190 3549 3406 3621 1158

1808 3620 1900 3676 sed
1917 3637 2023 3680 non
2042 3623 2446 3681 intellexerunt.
2468 3626 2622 3683 Unde
2635 3629 2708 3684 ait
2725 3630 2986 3690 Dominus
3008 3653 3020 3690 :
3047 3635 3208 3703 Audi,
3238 3620 3404 3710 popu-

1808 3713 1890 3766 lus
1908 3731 2072 3781 meus,
2087 3726 2132 3769 et
2153 3717 2332 3787 loquar
2348 3717 2519 3788 (Psal.
2535 3737 2684 3786 χιιι,
2702 3724 2897 3794 7).Lex
2932 3729 3118 3798 utique
3143 3731 3405 3800 spiritalis

1807 3816 1910 3871 est,
1941 3808 2066 3862 audi
2097 3825 2229 3881 ergo
2258 3811 2600 3880 spiritaliter.
2628 3815 2873 3888 Denique
2901 3821 2992 3889 qui
3014 3823 3172 3877 scivit
3192 3825 3405 3895 audire,

1803 3898 1879 3952 ait
1903 3917 1915 3952 :
1941 3899 2170 3954 Audiam
2191 3903 2316 3972 quid
2337 3904 2574 3974 loquatur
2593 3908 2646 3961 in
2675 3925 2754 3962 me
2771 3908 3024 3969 Dominus
3046 3913 3186 3970 Deus
3227 3917 3404 3988 (Psal.

1808 4009 2014 4048 Lxxxrv
2038 4037 2052 4060 ,
2084 3996 2162 4066 9),
2191 3997 2240 4051 id
2274 4005 2358 4052 est
2382 4039 2397 4064 ,
2454 4013 2775 4069 cegnoscam
2803 4006 2928 4075 quid
2978 4007 3188 4065 locutus
3210 4012 3265 4066 in
3320 4029 3410 4072 me

1809 4085 1969 4141 fuerit
2000 4087 2162 4141 Deus.
2210 4087 2443 4160 Ideoque
2487 4091 2614 4147 alibi
2652 4094 2764 4149 ait:
2818 4098 3022 4164 Quanta
3076 4105 3403 4176 audivimus,

1806 4189 1852 4232 et
1879 4179 2208 4250 cognovimus
2236 4197 2295 4235 ea
2329 4181 2502 4252 (Psal.
2540 4201 2744 4255 Lxxvu,
2777 4189 2858 4259 5);
2894 4201 2949 4246 ut
2982 4196 3410 4266 comprehende-

1806 4279 1890 4325 ret
1921 4287 2028 4326 non
2069 4272 2245 4328 solum
2274 4274 2492 4330 audisse
2546 4293 2642 4344 se,
2694 4280 2787 4335 sed
2831 4284 2996 4338 etiam
3046 4286 3408 4348 intellexisse.

1807 4361 1977 4417 Nemo
1998 4365 2139 4420 enim
2168 4367 2468 4437 cognoscit,
2491 4369 2590 4425 nisi
2620 4372 2772 4441 prius
2798 4374 3143 4434 intellexerit.
3168 4380 3307 4437 Audi
3328 4400 3415 4440 cr-

1805 4470 1896 4525 go,
1914 4472 1979 4511 ne
2004 4456 2047 4510 si
2072 4465 2122 4511 te
2149 4458 2331 4514 videat
2352 4462 3159 4533 negligentem,veniatPetrus.
3179 4477 3406 4545 arripiat

133 4548 352 4612 quoniam
387 4554 657 4624 sapientia
685 4556 868 4611 carnis
908 4556 1012 4628 legi
1036 4557 1130 4612 Dei
1163 4573 1270 4613 non
1317 4566 1402 4614 est
1445 4558 1699 4625 subdita,
1729 4567 1781 4626 ι)
1807 4548 2077 4617 cladium.
2111 4551 2392 4606 abscindat
2417 4553 2712 4610 auriculam
2736 4566 2880 4613 luam
2906 4577 2920 4616 =
2951 4562 3097 4631 quod
3128 4566 3406 4635 superﬂuo

132 4639 314 4697 videtur
334 4645 603 4701 inclinare
627 4661 722 4702 cor
746 4662 927 4710 suum,
952 4647 1040 4718 qui
1064 4648 1168 4720 legi
1198 4648 1326 4704 facit
1347 4664 1470 4705 esse
1490 4650 1708 4720 subjec-

135 4737 226 4786 tant
249 4737 591 4793 extollentem
644 4753 704 4792 se
749 4741 999 4808 corporis
1039 4755 1256 4796 sensum
1284 4782 1300 4808 ,
1350 4743 1706 4814 contuituque

133 4823 380 4896 religionis
413 4828 663 4885 inﬂectit.
713 4830 892 4900 Atque
949 4831 1039 4886 ille
1078 4831 1280 4888 dudum
1329 4833 1600 4890 extollens
1645 4849 1705 4890 se

134 4911 304 4973 frustra
330 4963 345 4985 ,
369 4929 425 4976 et
454 4919 669 4978 inﬂatus
693 4931 874 4978 mente
899 4924 1081 4980 carnis
1108 4939 1220 4980 sua:
1247 4966 1262 4991 ,
1296 4939 1417 4981 cum
1442 4940 1502 4982 se
1531 4927 1708 4982 humi-

135 5007 215 5064 liat
235 5053 247 5075 ,
278 5013 516 5073 inclinat.

191 5102 270 5156 46.
297 5105 602 5163 llumiliavit
629 5109 776 5165 enim
805 5117 859 5165 et
883 5110 997 5178 ipse
1014 5125 1075 5168 se
1101 5111 1388 5177 Christus;
1416 5121 1474 5166 ut
1505 5127 1704 5169 novum

135 5195 364 5254 conderet
390 5198 829 5259 Testamentum.
859 5200 992 5258 Cum
1012 5204 1132 5277 lego
1159 5206 1515 5277 Evangeliun,
1545 5208 1708 5264 audio

137 5334 226 5458 alia
243 5353 355 5395 esse
374 5342 704 5413 iudicamus,
736 5361 897 5417 quam
925 5347 1090 5418 inepti
1121 5348 1402 5421 cujusdam
1431 5350 1708 5421 nugatoria

137 5422 160 5458 Π
181 5424 453 5458 οςςεεηιειιιι-

135 5422 454 5475 glossemata.

197 5512 220 5538 "
247 5503 388 5562 Edit.
413 5508 568 5587 Rom.
592 5511 720 5587 sola
749 5552 764 5574 ,
802 5511 1026 5587 mihique
1052 5514 1192 5568 dedit
1218 5516 1379 5587 legem
1422 5525 1708 5584 pracepto-

136 5585 235 5628 fttnt
251 5593 473 5657 suorum.
499 5580 858 5657 Seduvocem,
881 5580 1063 5657 legem,
1098 5580 1351 5657 nequeviu
1384 5580 1516 5640 mss.
1548 5580 1700 5655 ullis,

139 5650 368 5733 Bernicia
411 5662 520 5708 vet.
561 5653 694 5738 edit.
725 5650 989 5737 invenias.
1041 5657 1136 5712 Hic
1184 5650 1315 5739 ergo
1359 5650 1706 5739 subintellige

140 5721 448 5786 memoriam,
493 5740 614 5794 quae
661 5725 714 5779 in
751 5725 1034 5796 superiore
1071 5721 1314 5785 membro
1359 5721 1701 5800 exprimitur.

1815 4640 2014 4696 habeas
2068 4658 2252 4698 aurem
2301 4647 2576 4714 corporis,
2627 4650 2716 4718 qui
2769 4651 2956 4708 audire
3007 4665 3063 4711 et
3092 4660 3409 4721 examinare

1814 4750 1919 4788 non
1943 4735 2182 4789 noveris.
2210 4734 2278 4790 Et
2307 4735 2542 4792 fortasse
2570 4739 2824 4796 virtutem
2850 4745 3045 4802 anima:
3069 4764 3174 4819 qua
3205 4755 3413 4814 exami-

1814 4835 2015 4881 nantur
2041 4842 2398 4900 quacumque
2425 4830 2720 4889 audiuntur
2741 4877 2756 4901 ,
2789 4836 3023 4896 habeant
3050 4856 3404 4918 amputatam,

1812 4920 1901 4990 qui
1929 4936 1992 4976 ea
2021 4921 2304 4978 altitudine
2331 4939 2435 4994 qua
2463 4926 2722 4995 scriptum
2752 4939 2836 4986 est
2857 4973 2874 4998 ,
2928 4935 3116 4994 audire
3144 4955 3250 4998 non
3284 4957 3411 5013 pos-

1811 5025 1960 5070 sunt.

1884 5112 1934 5166 '5.
1967 5109 2265 5181 Meritoque
2295 5110 2434 5168 hanc
2456 5113 2691 5171 litteram
2714 5119 3095 5188 ﬁrmamentum
3119 5127 3208 5184 alii
3241 5129 3411 5188 inter-

1813 5207 2007 5279 pretati
2058 5216 2216 5263 sunt:
2267 5208 2410 5279 quod
2463 5224 2583 5266 cum
2629 5215 2912 5285 superiore
2956 5219 3409 5292 interpretatione

1814 5321 2014 5404 lterum
2047 5338 2179 5404 m_s_s_.
2210 5340 2422 5404 omnes,
2446 5336 2502 5382 et
2523 5327 2819 5404 edit.’ant.,
2851 5336 3039 5404 futura:
3062 5339 3222 5396 instar
3246 5343 3409 5400 beati-

1816 5394 2008 5472 tudinis
2029 5394 2314 5451 exhibebat.
2351 5399 2507 5472 nam.
2541 5399 2673 5453 edit.
2706 5394 2917 5458 sola..."
2943 5394 3408 5472 manantes/iiii}—

1814 5464 1920 5548 bat.
1950 5464 2007 5520 In
2033 5479 2246 5548 cassum
2271 5483 2286 5532 ;
2330 5470 2766 5552 quandoquidem
2798 5489 2992 5532 sensus
3023 5482 3074 5534 in
3104 5464 3408 5552 piidﬁ'iéé-

1812 5537 1959 5592 tione
1989 5537 2120 5590 satis
2146 5547 2378 5602 constat,
2407 5555 2529 5594 cum
2551 5537 2653 5597 vox
2706 5545 2868 5601 instar
2910 5537 3266 5622 exemplum,-
3290 5537 3404 5616 sive

1813 5608 2101 5666 imaginem
2129 5609 2416 5666 signiﬁcet.

1813 5623 2101 5677 Imaginem
2129 5623 2416 5680 signiticet.

1882 5677 1909 5715 ι)
1937 5680 2009 5733 Ita
2039 5694 2167 5734 mss.
2197 5695 2406 5738 omnes.
2439 5682 2580 5740 Edit.
2611 5695 2814 5759 autem,
2845 5689 3021 5751 Nolite
3048 5697 3278 5757 exaltare
3293 5717 3410 5759 cor-

1812 5767 1878 5805 nu
1906 5763 2146 5806 vestrum.
