  <div class='ocr_page' id='page_1' title='image "/cluster/home/n/w/nwhite01/storage/ocr_20150623/15/uva.x000826533/121.png"; bbox 0 0 3948 6320; ppageno 0'>
   <div class='ocr_carea' id='block_1_1' title="bbox 496 278 630 347">
    <p class='ocr_par' dir='ltr' id='par_1_1' title="bbox 496 278 630 347">
     <span class='ocr_line' id='line_1_1' title="bbox 496 278 630 347; baseline -0.015 0"><span class='ocrx_word' id='word_1_1' title='bbox 496 278 630 347; x_wconf 80' lang='lat' dir='ltr'><strong>tiu</strong></span> 
     </span>
    </p>
   </div>
   <div class='ocr_carea' id='block_1_2' title="bbox 1828 264 2439 339">
    <p class='ocr_par' dir='ltr' id='par_1_2' title="bbox 1828 264 2439 339">
     <span class='ocr_line' id='line_1_2' title="bbox 1828 264 2439 339; baseline -0.005 -1"><span class='ocrx_word' id='word_1_2' title='bbox 1828 266 2074 339; x_wconf 63' lang='lat' dir='ltr'><strong>sanari</strong></span> <span class='ocrx_word' id='word_1_3' title='bbox 2113 264 2439 339; x_wconf 76' lang='lat' dir='ltr'><strong>AMBROSll</strong></span> 
     </span>
    </p>
   </div>
   <div class='ocr_carea' id='block_1_3' title="bbox 3654 254 3792 332">
    <p class='ocr_par' dir='ltr' id='par_1_3' title="bbox 3654 254 3792 332">
     <span class='ocr_line' id='line_1_3' title="bbox 3654 254 3792 332; baseline 0.014 -2"><span class='ocrx_word' id='word_1_4' title='bbox 3654 254 3792 332; x_wconf 69' lang='lat' dir='ltr'><strong>tite</strong></span> 
     </span>
    </p>
   </div>
   <div class='ocr_carea' id='block_1_4' title="bbox 498 390 3788 470">
    <p class='ocr_par' dir='ltr' id='par_1_4' title="bbox 498 390 3788 470">
     <span class='ocr_line' id='line_1_4' title="bbox 498 390 3788 470; baseline -0.005 -9"><span class='ocrx_word' id='word_1_5' title='bbox 498 401 812 470; x_wconf 79' lang='lat' dir='ltr'><strong>concurrit;</strong></span> <span class='ocrx_word' id='word_1_6' title='bbox 843 401 945 457; x_wconf 86' lang='lat' dir='ltr'><strong>nisi</strong></span> <span class='ocrx_word' id='word_1_7' title='bbox 969 400 1114 457; x_wconf 91' lang='lat' dir='ltr'><strong>enim</strong></span> <span class='ocrx_word' id='word_1_8' title='bbox 1138 396 1510 469; x_wconf 88' lang='lat' dir='ltr'><strong>unusquisque</strong></span> <span class='ocrx_word' id='word_1_9' title='bbox 1535 394 1767 452; x_wconf 81' lang='lat' dir='ltr'><strong>audierit</strong></span> <span class='ocrx_word' id='word_1_10' title='bbox 1786 395 1915 467; x_wconf 91' lang='lat' dir='ltr'><strong>quid</strong></span> <span class='ocrx_word' id='word_1_11' title='bbox 1944 394 2096 466; x_wconf 82' lang='lat' dir='ltr'><strong>sequi</strong></span> <span class='ocrx_word' id='word_1_12' title='bbox 2125 402 2311 464; x_wconf 73' lang='lat' dir='ltr'><strong>Anon</strong></span> <span class='ocrx_word' id='word_1_13' title='bbox 2382 395 2603 451; x_wconf 87' lang='lat' dir='ltr'><strong>veritas.</strong></span> <span class='ocrx_word' id='word_1_14' title='bbox 2679 392 2802 449; x_wconf 86' lang='lat' dir='ltr'><strong>Dies</strong></span> <span class='ocrx_word' id='word_1_15' title='bbox 2859 393 2976 464; x_wconf 83' lang='lat' dir='ltr'><strong>ejus</strong></span> <span class='ocrx_word' id='word_1_16' title='bbox 3048 391 3189 447; x_wconf 90' lang='lat' dir='ltr'><strong>sicut</strong></span> <span class='ocrx_word' id='word_1_17' title='bbox 3253 390 3438 447; x_wconf 83' lang='lat' dir='ltr'><strong>umbra</strong></span> <span class='ocrx_word' id='word_1_18' title='bbox 3506 392 3788 461; x_wconf 63' lang='lat' dir='ltr'><strong>praeterit,</strong></span> 
     </span>
    </p>
   </div>
   <div class='ocr_carea' id='block_1_5' title="bbox 497 487 2095 562">
    <p class='ocr_par' dir='ltr' id='par_1_5' title="bbox 497 487 2095 562">
     <span class='ocr_line' id='line_1_5' title="bbox 497 487 2095 562; baseline -0.007 -9"><span class='ocrx_word' id='word_1_19' title='bbox 497 496 727 562; x_wconf 87' lang='lat' dir='ltr'><strong>debeat,</strong></span> <span class='ocrx_word' id='word_1_20' title='bbox 760 509 917 550; x_wconf 89' lang='lat' dir='ltr'><strong>nemo</strong></span> <span class='ocrx_word' id='word_1_21' title='bbox 968 492 1234 547; x_wconf 80' lang='lat' dir='ltr'><strong>ﬁrmatur.</strong></span> <span class='ocrx_word' id='word_1_22' title='bbox 1293 491 1348 544; x_wconf 90' lang='lat' dir='ltr'><strong>In</strong></span> <span class='ocrx_word' id='word_1_23' title='bbox 1403 489 1585 544; x_wconf 87' lang='lat' dir='ltr'><strong>officio</strong></span> <span class='ocrx_word' id='word_1_24' title='bbox 1632 488 1795 561; x_wconf 77' lang='lat' dir='ltr'><strong>igitur</strong></span> <span class='ocrx_word' id='word_1_25' title='bbox 1839 487 2095 543; x_wconf 87' lang='lat' dir='ltr'><strong>audiendi</strong></span> 
     </span>
    </p>
   </div>
   <div class='ocr_carea' id='block_1_6' title="bbox 502 590 1306 647">
    <p class='ocr_par' dir='ltr' id='par_1_6' title="bbox 502 590 1306 647">
     <span class='ocr_line' id='line_1_6' title="bbox 502 590 1306 647; baseline -0.01 0"><span class='ocrx_word' id='word_1_26' title='bbox 502 593 740 647; x_wconf 90' lang='lat' dir='ltr'><strong>omnium</strong></span> <span class='ocrx_word' id='word_1_27' title='bbox 764 590 1162 643; x_wconf 90' lang='lat' dir='ltr'><strong>firmamentum</strong></span> <span class='ocrx_word' id='word_1_28' title='bbox 1200 593 1306 641; x_wconf 90' lang='lat' dir='ltr'><strong>est.</strong></span> 
     </span>
    </p>
   </div>
   <div class='ocr_carea' id='block_1_7' title="bbox 576 673 2097 752">
    <p class='ocr_par' dir='ltr' id='par_1_7' title="bbox 576 673 2097 752">
     <span class='ocr_line' id='line_1_7' title="bbox 576 673 2097 752; baseline -0.008 -12"><span class='ocrx_word' id='word_1_29' title='bbox 576 686 629 740; x_wconf 76' lang='grc'><strong>4.</strong></span> <span class='ocrx_word' id='word_1_30' title='bbox 669 684 806 738; x_wconf 89' lang='lat' dir='ltr'><strong>Dicit</strong></span> <span class='ocrx_word' id='word_1_31' title='bbox 839 680 999 752; x_wconf 77' lang='lat' dir='ltr'><strong>igitur</strong></span> <span class='ocrx_word' id='word_1_32' title='bbox 1030 680 1127 736; x_wconf 87' lang='lat' dir='ltr'><strong>tibi</strong></span> <span class='ocrx_word' id='word_1_33' title='bbox 1152 684 1205 734; x_wconf 91' lang='lat' dir='ltr'><strong>in</strong></span> <span class='ocrx_word' id='word_1_34' title='bbox 1234 678 1468 735; x_wconf 79' lang='lat' dir='ltr'><strong>Tlireuis</strong></span> <span class='ocrx_word' id='word_1_35' title='bbox 1502 676 1799 733; x_wconf 84' lang='lat' dir='ltr'><strong>Hieremias</strong></span> <span class='ocrx_word' id='word_1_36' title='bbox 1832 673 2097 746; x_wconf 81' lang='lat' dir='ltr'><strong>propheta</strong></span> 
     </span>
    </p>
   </div>
   <div class='ocr_carea' id='block_1_8' title="bbox 502 765 2099 848">
    <p class='ocr_par' dir='ltr' id='par_1_8' title="bbox 502 765 2099 848">
     <span class='ocr_line' id='line_1_8' title="bbox 502 765 2099 848; baseline -0.008 -15"><span class='ocrx_word' id='word_1_37' title='bbox 502 776 851 848; x_wconf 87' lang='lat' dir='ltr'><strong>perlitteram</strong></span> <span class='ocrx_word' id='word_1_38' title='bbox 874 815 887 840; x_wconf 90' lang='lat'><strong>,</strong></span> <span class='ocrx_word' id='word_1_39' title='bbox 918 773 1062 827; x_wconf 88' lang='lat' dir='ltr'><strong>audi.</strong></span> <span class='ocrx_word' id='word_1_40' title='bbox 1096 772 1160 827; x_wconf 85' lang='lat' dir='ltr'><strong>Et</strong></span> <span class='ocrx_word' id='word_1_41' title='bbox 1184 780 1240 827; x_wconf 92' lang='lat' dir='ltr'><strong>ut</strong></span> <span class='ocrx_word' id='word_1_42' title='bbox 1264 772 1405 826; x_wconf 84' lang='lat' dir='ltr'><strong>scias</strong></span> <span class='ocrx_word' id='word_1_43' title='bbox 1449 770 1735 843; x_wconf 89' lang='lat' dir='ltr'><strong>mysticum</strong></span> <span class='ocrx_word' id='word_1_44' title='bbox 1784 783 1906 824; x_wconf 83' lang='lat' dir='ltr'><strong>esse</strong></span> <span class='ocrx_word' id='word_1_45' title='bbox 1955 765 2099 837; x_wconf 89' lang='lat' dir='ltr'><strong>quod</strong></span> 
     </span>
    </p>
   </div>
   <div class='ocr_carea' id='block_1_9' title="bbox 500 859 2098 935">
    <p class='ocr_par' dir='ltr' id='par_1_9' title="bbox 500 859 2098 935">
     <span class='ocr_line' id='line_1_9' title="bbox 500 859 2098 935; baseline -0.008 -9"><span class='ocrx_word' id='word_1_46' title='bbox 500 869 688 926; x_wconf 87' lang='lat' dir='ltr'><strong>audire</strong></span> <span class='ocrx_word' id='word_1_47' title='bbox 718 867 942 933; x_wconf 64' lang='lat' dir='ltr'><strong>debeas,</strong></span> <span class='ocrx_word' id='word_1_48' title='bbox 970 864 1202 935; x_wconf 77' lang='lat' dir='ltr'><strong>subjecit</strong></span> <span class='ocrx_word' id='word_1_49' title='bbox 1228 862 1537 935; x_wconf 68' lang='lat' dir='ltr'><strong>huiusmodi</strong></span> <span class='ocrx_word' id='word_1_50' title='bbox 1566 862 1763 918; x_wconf 89' lang='lat' dir='ltr'><strong>seriem</strong></span> <span class='ocrx_word' id='word_1_51' title='bbox 1798 861 1924 916; x_wconf 87' lang='lat' dir='ltr'><strong>huic</strong></span> <span class='ocrx_word' id='word_1_52' title='bbox 1950 859 2098 914; x_wconf 84' lang='lat' dir='ltr'><strong>litte-</strong></span> 
     </span>
    </p>
   </div>
   <div class='ocr_carea' id='block_1_10' title="bbox 504 951 2098 1027">
    <p class='ocr_par' dir='ltr' id='par_1_10' title="bbox 504 951 2098 1027">
     <span class='ocr_line' id='line_1_10' title="bbox 504 951 2098 1027; baseline -0.011 -6"><span class='ocrx_word' id='word_1_53' title='bbox 504 978 610 1021; x_wconf 63' lang='grc' dir='ltr'><strong>τως</strong></span> <span class='ocrx_word' id='word_1_54' title='bbox 639 960 862 1016; x_wconf 74' lang='lat' dir='ltr'><strong>Abstulit</strong></span> <span class='ocrx_word' id='word_1_55' title='bbox 892 974 1066 1014; x_wconf 87' lang='lat' dir='ltr'><strong>omnes</strong></span> <span class='ocrx_word' id='word_1_56' title='bbox 1089 958 1246 1027; x_wconf 75' lang='lat' dir='ltr'><strong>fortes</strong></span> <span class='ocrx_word' id='word_1_57' title='bbox 1264 972 1402 1010; x_wconf 88' lang='lat' dir='ltr'><strong>meos</strong></span> <span class='ocrx_word' id='word_1_58' title='bbox 1422 954 1671 1009; x_wconf 76' lang='lat' dir='ltr'><strong>Dominus</strong></span> <span class='ocrx_word' id='word_1_59' title='bbox 1702 954 1765 1009; x_wconf 89' lang='lat' dir='ltr'><strong>de</strong></span> <span class='ocrx_word' id='word_1_60' title='bbox 1788 952 1956 1007; x_wconf 86' lang='lat' dir='ltr'><strong>medio</strong></span> <span class='ocrx_word' id='word_1_61' title='bbox 1976 951 2098 1005; x_wconf 84' lang='lat' dir='ltr'><strong>mei.</strong></span> 
     </span>
    </p>
   </div>
   <div class='ocr_carea' id='block_1_11' title="bbox 512 1046 2096 1123">
    <p class='ocr_par' dir='ltr' id='par_1_11' title="bbox 512 1046 2096 1123">
     <span class='ocr_line' id='line_1_11' title="bbox 512 1046 2096 1123; baseline -0.007 -14"><span class='ocrx_word' id='word_1_62' title='bbox 512 1055 725 1110; x_wconf 78' lang='lat' dir='ltr'><strong>Vocauit</strong></span> <span class='ocrx_word' id='word_1_63' title='bbox 746 1055 798 1107; x_wconf 89' lang='lat' dir='ltr'><strong>in</strong></span> <span class='ocrx_word' id='word_1_64' title='bbox 816 1068 896 1106; x_wconf 87' lang='lat' dir='ltr'><strong>me</strong></span> <span class='ocrx_word' id='word_1_65' title='bbox 914 1062 1136 1123; x_wconf 84' lang='lat' dir='ltr'><strong>tempus;</strong></span> <span class='ocrx_word' id='word_1_66' title='bbox 1161 1060 1213 1103; x_wconf 88' lang='lat' dir='ltr'><strong>ut</strong></span> <span class='ocrx_word' id='word_1_67' title='bbox 1240 1057 1520 1103; x_wconf 82' lang='lat' dir='ltr'><strong>contereret</strong></span> <span class='ocrx_word' id='word_1_68' title='bbox 1541 1048 1595 1100; x_wconf 88' lang='lat' dir='ltr'><strong>in</strong></span> <span class='ocrx_word' id='word_1_69' title='bbox 1618 1063 1697 1100; x_wconf 86' lang='lat' dir='ltr'><strong>me</strong></span> <span class='ocrx_word' id='word_1_70' title='bbox 1716 1046 1907 1100; x_wconf 86' lang='lat' dir='ltr'><strong>electos</strong></span> <span class='ocrx_word' id='word_1_71' title='bbox 1937 1060 2096 1098; x_wconf 83' lang='lat' dir='ltr'><strong>nteos.</strong></span> 
     </span>
    </p>
   </div>
   <div class='ocr_carea' id='block_1_12' title="bbox 506 1134 2099 1213">
    <p class='ocr_par' dir='ltr' id='par_1_12' title="bbox 506 1134 2099 1213">
     <span class='ocr_line' id='line_1_12' title="bbox 506 1134 2099 1213; baseline -0.008 -12"><span class='ocrx_word' id='word_1_72' title='bbox 506 1145 702 1201; x_wconf 80' lang='lat' dir='ltr'><strong>Locum</strong></span> <span class='ocrx_word' id='word_1_73' title='bbox 724 1144 944 1199; x_wconf 77' lang='lat' dir='ltr'><strong>calcavit</strong></span> <span class='ocrx_word' id='word_1_74' title='bbox 968 1141 1218 1196; x_wconf 78' lang='lat' dir='ltr'><strong>Dominus</strong></span> <span class='ocrx_word' id='word_1_75' title='bbox 1246 1140 1432 1213; x_wconf 82' lang='lat' dir='ltr'><strong>rirgini</strong></span> <span class='ocrx_word' id='word_1_76' title='bbox 1457 1139 1582 1209; x_wconf 71' lang='lat' dir='ltr'><strong>ﬁlice</strong></span> <span class='ocrx_word' id='word_1_77' title='bbox 1602 1137 1759 1192; x_wconf 72' lang='lat' dir='ltr'><strong>Iudae</strong></span> <span class='ocrx_word' id='word_1_78' title='bbox 1804 1134 2023 1207; x_wconf 83' lang='lat' dir='ltr'><strong>(Thren.</strong></span> <span class='ocrx_word' id='word_1_79' title='bbox 2059 1142 2099 1197; x_wconf 82' lang='lat' dir='ltr'><strong>l,</strong></span> 
     </span>
    </p>
   </div>
   <div class='ocr_carea' id='block_1_13' title="bbox 510 1226 2100 1308">
    <p class='ocr_par' dir='ltr' id='par_1_13' title="bbox 510 1226 2100 1308">
     <span class='ocr_line' id='line_1_13' title="bbox 510 1226 2100 1308; baseline -0.007 -17"><span class='ocrx_word' id='word_1_80' title='bbox 510 1236 626 1308; x_wconf 74' lang='lat' dir='ltr'><strong>t5).</strong></span> <span class='ocrx_word' id='word_1_81' title='bbox 650 1234 765 1291; x_wconf 80' lang='lat' dir='ltr'><strong>Non</strong></span> <span class='ocrx_word' id='word_1_82' title='bbox 800 1244 927 1287; x_wconf 91' lang='lat' dir='ltr'><strong>tunc</strong></span> <span class='ocrx_word' id='word_1_83' title='bbox 951 1232 1174 1285; x_wconf 84' lang='lat' dir='ltr'><strong>abstulit</strong></span> <span class='ocrx_word' id='word_1_84' title='bbox 1198 1246 1389 1285; x_wconf 87' lang='lat' dir='ltr'><strong>omnes</strong></span> <span class='ocrx_word' id='word_1_85' title='bbox 1414 1228 1614 1285; x_wconf 71' lang='lat' dir='ltr'><strong>Judauc</strong></span> <span class='ocrx_word' id='word_1_86' title='bbox 1631 1228 1798 1282; x_wconf 81' lang='lat' dir='ltr'><strong>fortes</strong></span> <span class='ocrx_word' id='word_1_87' title='bbox 1818 1226 2100 1290; x_wconf 87' lang='lat' dir='ltr'><strong>Dominus,</strong></span> 
     </span>
    </p>
   </div>
   <div class='ocr_carea' id='block_1_14' title="bbox 506 1319 2105 1400">
    <p class='ocr_par' dir='ltr' id='par_1_14' title="bbox 506 1319 2105 1400">
     <span class='ocr_line' id='line_1_14' title="bbox 506 1319 2105 1400; baseline -0.006 -20"><span class='ocrx_word' id='word_1_88' title='bbox 506 1328 723 1400; x_wconf 78' lang='lat' dir='ltr'><strong>quando</strong></span> <span class='ocrx_word' id='word_1_89' title='bbox 749 1327 801 1380; x_wconf 90' lang='lat' dir='ltr'><strong>in</strong></span> <span class='ocrx_word' id='word_1_90' title='bbox 835 1324 1184 1396; x_wconf 81' lang='lat' dir='ltr'><strong>Babyloniam</strong></span> <span class='ocrx_word' id='word_1_91' title='bbox 1215 1322 1491 1393; x_wconf 76' lang='lat' dir='ltr'><strong>regionem</strong></span> <span class='ocrx_word' id='word_1_92' title='bbox 1522 1321 1768 1391; x_wconf 87' lang='lat' dir='ltr'><strong>captivus</strong></span> <span class='ocrx_word' id='word_1_93' title='bbox 1802 1319 1996 1372; x_wconf 88' lang='lat' dir='ltr'><strong>ductus</strong></span> <span class='ocrx_word' id='word_1_94' title='bbox 2021 1324 2105 1371; x_wconf 79' lang='lat' dir='ltr'><strong>est</strong></span> 
     </span>
    </p>
   </div>
   <div class='ocr_carea' id='block_1_15' title="bbox 509 1410 2102 1494">
    <p class='ocr_par' dir='ltr' id='par_1_15' title="bbox 509 1410 2102 1494">
     <span class='ocr_line' id='line_1_15' title="bbox 509 1410 2102 1494; baseline -0.008 -18"><span class='ocrx_word' id='word_1_95' title='bbox 509 1422 742 1494; x_wconf 86' lang='lat' dir='ltr'><strong>populus</strong></span> <span class='ocrx_word' id='word_1_96' title='bbox 794 1419 1147 1484; x_wconf 69' lang='lat' dir='ltr'><strong>Iudaeorum,</strong></span> <span class='ocrx_word' id='word_1_97' title='bbox 1171 1417 1266 1472; x_wconf 90' lang='lat' dir='ltr'><strong>sed</strong></span> <span class='ocrx_word' id='word_1_98' title='bbox 1289 1416 1506 1487; x_wconf 83' lang='lat' dir='ltr'><strong>quando</strong></span> <span class='ocrx_word' id='word_1_99' title='bbox 1545 1413 1794 1470; x_wconf 81' lang='lat' dir='ltr'><strong>Christus</strong></span> <span class='ocrx_word' id='word_1_100' title='bbox 1840 1410 2102 1477; x_wconf 90' lang='lat' dir='ltr'><strong>advenit,</strong></span> 
     </span>
    </p>
   </div>
   <div class='ocr_carea' id='block_1_16' title="bbox 508 1506 2105 1578">
    <p class='ocr_par' dir='ltr' id='par_1_16' title="bbox 508 1506 2105 1578">
     <span class='ocr_line' id='line_1_16' title="bbox 508 1506 2105 1578; baseline -0.007 -8"><span class='ocrx_word' id='word_1_101' title='bbox 508 1524 564 1570; x_wconf 89' lang='lat' dir='ltr'><strong>et</strong></span> <span class='ocrx_word' id='word_1_102' title='bbox 593 1514 901 1571; x_wconf 76' lang='lat' dir='ltr'><strong>libertatem</strong></span> <span class='ocrx_word' id='word_1_103' title='bbox 932 1510 1128 1565; x_wconf 74' lang='lat' dir='ltr'><strong>anima:</strong></span> <span class='ocrx_word' id='word_1_104' title='bbox 1156 1525 1268 1564; x_wconf 71' lang='lat' dir='ltr'><strong>sum</strong></span> <span class='ocrx_word' id='word_1_105' title='bbox 1289 1509 1501 1578; x_wconf 83' lang='lat' dir='ltr'><strong>captiva</strong></span> <span class='ocrx_word' id='word_1_106' title='bbox 1530 1521 1637 1562; x_wconf 90' lang='lat' dir='ltr'><strong>non</strong></span> <span class='ocrx_word' id='word_1_107' title='bbox 1672 1506 1827 1573; x_wconf 82' lang='lat' dir='ltr'><strong>vidit,</strong></span> <span class='ocrx_word' id='word_1_108' title='bbox 1853 1506 2105 1561; x_wconf 87' lang='lat' dir='ltr'><strong>nesciens</strong></span> 
     </span>
    </p>
   </div>
   <div class='ocr_carea' id='block_1_17' title="bbox 506 1596 2106 1679">
    <p class='ocr_par' dir='ltr' id='par_1_17' title="bbox 506 1596 2106 1679">
     <span class='ocr_line' id='line_1_17' title="bbox 506 1596 2106 1679; baseline -0.006 -18"><span class='ocrx_word' id='word_1_109' title='bbox 506 1606 762 1679; x_wconf 85' lang='lat' dir='ltr'><strong>gravibus</strong></span> <span class='ocrx_word' id='word_1_110' title='bbox 793 1596 1128 1659; x_wconf 77' lang='lat' dir='ltr'><strong>incurvatum</strong></span> <span class='ocrx_word' id='word_1_111' title='bbox 1152 1602 1387 1672; x_wconf 86' lang='lat' dir='ltr'><strong>peccatis</strong></span> <span class='ocrx_word' id='word_1_112' title='bbox 1412 1600 1610 1655; x_wconf 82' lang='lat' dir='ltr'><strong>tnoutis</strong></span> <span class='ocrx_word' id='word_1_113' title='bbox 1630 1611 1741 1654; x_wconf 76' lang='lat' dir='ltr'><strong>suae</strong></span> <span class='ocrx_word' id='word_1_114' title='bbox 1759 1600 1969 1669; x_wconf 78' lang='lat' dir='ltr'><strong>erigere</strong></span> <span class='ocrx_word' id='word_1_115' title='bbox 1985 1611 2106 1653; x_wconf 87' lang='lat' dir='ltr'><strong>cer-</strong></span> 
     </span>
    </p>
   </div>
   <div class='ocr_carea' id='block_1_18' title="bbox 509 1692 2106 1768">
    <p class='ocr_par' dir='ltr' id='par_1_18' title="bbox 509 1692 2106 1768">
     <span class='ocr_line' id='line_1_18' title="bbox 509 1692 2106 1768; baseline -0.006 -12"><span class='ocrx_word' id='word_1_116' title='bbox 509 1702 706 1763; x_wconf 81' lang='lat' dir='ltr'><strong>vicem,</strong></span> <span class='ocrx_word' id='word_1_117' title='bbox 733 1707 789 1756; x_wconf 87' lang='lat' dir='ltr'><strong>et</strong></span> <span class='ocrx_word' id='word_1_118' title='bbox 817 1697 1063 1768; x_wconf 58' lang='lat' dir='ltr'><strong>quadam</strong></span> <span class='ocrx_word' id='word_1_119' title='bbox 1099 1696 1219 1751; x_wconf 86' lang='lat' dir='ltr'><strong>fidei</strong></span> <span class='ocrx_word' id='word_1_120' title='bbox 1259 1694 1402 1752; x_wconf 88' lang='lat' dir='ltr'><strong>colla</strong></span> <span class='ocrx_word' id='word_1_121' title='bbox 1442 1694 1507 1750; x_wconf 81' lang='lat' dir='ltr'><strong>ad</strong></span> <span class='ocrx_word' id='word_1_122' title='bbox 1556 1694 1735 1761; x_wconf 82' lang='lat' dir='ltr'><strong>lucem</strong></span> <span class='ocrx_word' id='word_1_123' title='bbox 1782 1692 2106 1764; x_wconf 74' lang='lat' dir='ltr'><strong>cognitionis</strong></span> 
     </span>
    </p>
   </div>
   <div class='ocr_carea' id='block_1_19' title="bbox 2202 483 3795 558">
    <p class='ocr_par' dir='ltr' id='par_1_19' title="bbox 2202 483 3795 558">
     <span class='ocr_line' id='line_1_19' title="bbox 2202 483 3795 558; baseline 0 -17"><span class='ocrx_word' id='word_1_124' title='bbox 2202 485 2228 524; x_wconf 75' lang='grc' dir='ltr'><em>ά</em></span> <span class='ocrx_word' id='word_1_125' title='bbox 2253 488 2342 558; x_wconf 88' lang='lat' dir='ltr'><strong>qui</strong></span> <span class='ocrx_word' id='word_1_126' title='bbox 2371 486 2728 554; x_wconf 83' lang='lat' dir='ltr'><strong>obliviscitur,</strong></span> <span class='ocrx_word' id='word_1_127' title='bbox 2759 486 2851 557; x_wconf 88' lang='lat' dir='ltr'><strong>qui</strong></span> <span class='ocrx_word' id='word_1_128' title='bbox 2879 484 3230 556; x_wconf 85' lang='lat' dir='ltr'><strong>derelinquit.</strong></span> <span class='ocrx_word' id='word_1_129' title='bbox 3264 483 3369 541; x_wconf 85' lang='lat' dir='ltr'><strong>Sed</strong></span> <span class='ocrx_word' id='word_1_130' title='bbox 3395 494 3449 540; x_wconf 89' lang='lat' dir='ltr'><strong>et</strong></span> <span class='ocrx_word' id='word_1_131' title='bbox 3466 484 3699 540; x_wconf 76' lang='lat' dir='ltr'><strong>transire</strong></span> <span class='ocrx_word' id='word_1_132' title='bbox 3714 484 3795 541; x_wconf 84' lang='lat' dir='ltr'><strong>in-</strong></span> 
     </span>
    </p>
   </div>
   <div class='ocr_carea' id='block_1_20' title="bbox 2205 577 3793 649">
    <p class='ocr_par' dir='ltr' id='par_1_20' title="bbox 2205 577 3793 649">
     <span class='ocr_line' id='line_1_20' title="bbox 2205 577 3793 649; baseline -0.002 -15"><span class='ocrx_word' id='word_1_133' title='bbox 2205 580 2393 635; x_wconf 81' lang='lat' dir='ltr'><strong>fideles</strong></span> <span class='ocrx_word' id='word_1_134' title='bbox 2416 579 2648 649; x_wconf 87' lang='lat' dir='ltr'><strong>legimus</strong></span> <span class='ocrx_word' id='word_1_135' title='bbox 2672 620 2686 644; x_wconf 90' lang='lat'><strong>,</strong></span> <span class='ocrx_word' id='word_1_136' title='bbox 2716 578 2854 635; x_wconf 87' lang='lat' dir='ltr'><strong>sicut</strong></span> <span class='ocrx_word' id='word_1_137' title='bbox 2874 590 2959 635; x_wconf 85' lang='lat' dir='ltr'><strong>est</strong></span> <span class='ocrx_word' id='word_1_138' title='bbox 3002 577 3174 632; x_wconf 88' lang='lat' dir='ltr'><strong>illud:</strong></span> <span class='ocrx_word' id='word_1_139' title='bbox 3226 577 3297 632; x_wconf 78' lang='lat' dir='ltr'><strong>Et</strong></span> <span class='ocrx_word' id='word_1_140' title='bbox 3334 577 3646 632; x_wconf 74' lang='lat' dir='ltr'><strong>vindemiant</strong></span> <span class='ocrx_word' id='word_1_141' title='bbox 3687 593 3793 632; x_wconf 86' lang='lat' dir='ltr'><strong>eam</strong></span> 
     </span>
    </p>
   </div>
   <div class='ocr_carea' id='block_1_21' title="bbox 2203 669 3794 745">
    <p class='ocr_par' dir='ltr' id='par_1_21' title="bbox 2203 669 3794 745">
     <span class='ocr_line' id='line_1_21' title="bbox 2203 669 3794 745; baseline -0.001 -18"><span class='ocrx_word' id='word_1_142' title='bbox 2203 689 2378 729; x_wconf 87' lang='lat' dir='ltr'><strong>omnes</strong></span> <span class='ocrx_word' id='word_1_143' title='bbox 2398 680 2716 728; x_wconf 85' lang='lat' dir='ltr'><strong>transeuntes</strong></span> <span class='ocrx_word' id='word_1_144' title='bbox 2739 673 2872 727; x_wconf 81' lang='lat' dir='ltr'><strong>viam</strong></span> <span class='ocrx_word' id='word_1_145' title='bbox 2897 672 2914 745; x_wconf 96' lang='lat'>(</span> <span class='ocrx_word' id='word_1_146' title='bbox 2938 669 3085 725; x_wconf 86' lang='lat' dir='ltr'><strong>Psal.</strong></span> <span class='ocrx_word' id='word_1_147' title='bbox 3120 686 3313 737; x_wconf 79' lang='lat' dir='ltr'><strong>Lxxtx,</strong></span> <span class='ocrx_word' id='word_1_148' title='bbox 3345 670 3467 739; x_wconf 70' lang='lat'><strong>13).</strong></span> <span class='ocrx_word' id='word_1_149' title='bbox 3496 669 3626 739; x_wconf 86' lang='lat' dir='ltr'><strong>Quis</strong></span> <span class='ocrx_word' id='word_1_150' title='bbox 3653 669 3794 726; x_wconf 88' lang='lat' dir='ltr'><strong>enim</strong></span> 
     </span>
    </p>
   </div>
   <div class='ocr_carea' id='block_1_22' title="bbox 2204 762 3796 837">
    <p class='ocr_par' dir='ltr' id='par_1_22' title="bbox 2204 762 3796 837">
     <span class='ocr_line' id='line_1_22' title="bbox 2204 762 3796 837; baseline -0.001 -17"><span class='ocrx_word' id='word_1_151' title='bbox 2204 766 2307 820; x_wconf 86' lang='lat' dir='ltr'><strong>nisi</strong></span> <span class='ocrx_word' id='word_1_152' title='bbox 2340 766 2581 837; x_wconf 86' lang='lat' dir='ltr'><strong>perfidus</strong></span> <span class='ocrx_word' id='word_1_153' title='bbox 2622 765 2890 837; x_wconf 85' lang='lat' dir='ltr'><strong>despoliat</strong></span> <span class='ocrx_word' id='word_1_154' title='bbox 2919 763 3131 819; x_wconf 83' lang='lat' dir='ltr'><strong>vineam</strong></span> <span class='ocrx_word' id='word_1_155' title='bbox 3156 762 3406 819; x_wconf 77' lang='lat' dir='ltr'><strong>Christi?</strong></span> <span class='ocrx_word' id='word_1_156' title='bbox 3450 762 3556 837; x_wconf 83' lang='lat' dir='ltr'><strong>Sed</strong></span> <span class='ocrx_word' id='word_1_157' title='bbox 3588 770 3645 818; x_wconf 89' lang='lat' dir='ltr'><strong>et</strong></span> <span class='ocrx_word' id='word_1_158' title='bbox 3672 762 3796 818; x_wconf 80' lang='lat' dir='ltr'><strong>alibi</strong></span> 
     </span>
    </p>
   </div>
   <div class='ocr_carea' id='block_1_23' title="bbox 2203 853 3799 927">
    <p class='ocr_par' dir='ltr' id='par_1_23' title="bbox 2203 853 3799 927">
     <span class='ocr_line' id='line_1_23' title="bbox 2203 853 3799 927; baseline -0.002 -15"><span class='ocrx_word' id='word_1_159' title='bbox 2203 859 2461 927; x_wconf 79' lang='lat' dir='ltr'><strong>scriptum</strong></span> <span class='ocrx_word' id='word_1_160' title='bbox 2484 867 2562 912; x_wconf 90' lang='lat' dir='ltr'><strong>est</strong></span> <span class='ocrx_word' id='word_1_161' title='bbox 2589 875 2603 913; x_wconf 89' lang='lat'><strong>:</strong></span> <span class='ocrx_word' id='word_1_162' title='bbox 2635 856 2700 911; x_wconf 85' lang='lat' dir='ltr'><strong>Et</strong></span> <span class='ocrx_word' id='word_1_163' title='bbox 2728 873 2829 911; x_wconf 86' lang='lat' dir='ltr'><strong>non</strong></span> <span class='ocrx_word' id='word_1_164' title='bbox 2859 856 3103 911; x_wconf 69' lang='lat' dir='ltr'><strong>dixerunt</strong></span> <span class='ocrx_word' id='word_1_165' title='bbox 3133 867 3458 911; x_wconf 86' lang='lat' dir='ltr'><strong>transeuntes</strong></span> <span class='ocrx_word' id='word_1_166' title='bbox 3504 856 3641 910; x_wconf 82' lang='lat' dir='ltr'><strong>viam</strong></span> <span class='ocrx_word' id='word_1_167' title='bbox 3662 870 3681 910; x_wconf 90' lang='lat'><strong><em>:</em></strong></span> <span class='ocrx_word' id='word_1_168' title='bbox 3703 853 3799 909; x_wconf 81' lang='lat' dir='ltr'><strong>Be-</strong></span> 
     </span>
    </p>
   </div>
   <div class='ocr_carea' id='block_1_24' title="bbox 2205 946 3801 1023">
    <p class='ocr_par' dir='ltr' id='par_1_24' title="bbox 2205 946 3801 1023">
     <span class='ocr_line' id='line_1_24' title="bbox 2205 946 3801 1023; baseline -0.001 -19"><span class='ocrx_word' id='word_1_169' title='bbox 2205 952 2427 1005; x_wconf 75' lang='lat' dir='ltr'><strong>nedictio</strong></span> <span class='ocrx_word' id='word_1_170' title='bbox 2454 948 2664 1004; x_wconf 78' lang='lat' dir='ltr'><strong>Domini</strong></span> <span class='ocrx_word' id='word_1_171' title='bbox 2704 965 2857 1023; x_wconf 86' lang='lat' dir='ltr'><strong>super</strong></span> <span class='ocrx_word' id='word_1_172' title='bbox 2883 966 2971 1004; x_wconf 81' lang='lat' dir='ltr'><strong>vos</strong></span> <span class='ocrx_word' id='word_1_173' title='bbox 3002 946 3189 1019; x_wconf 56' lang='lat' dir='ltr'><strong>(Psal.</strong></span> <span class='ocrx_word' id='word_1_174' title='bbox 3230 963 3461 1012; x_wconf 67' lang='lat' dir='ltr'><strong>curnt,</strong></span> <span class='ocrx_word' id='word_1_175' title='bbox 3490 946 3570 1018; x_wconf 85' lang='lat'><strong>8).</strong></span> <span class='ocrx_word' id='word_1_176' title='bbox 3600 947 3801 1002; x_wconf 81' lang='lat' dir='ltr'><strong>Stanti-</strong></span> 
     </span>
    </p>
   </div>
   <div class='ocr_carea' id='block_1_25' title="bbox 2205 1036 3799 1108">
    <p class='ocr_par' dir='ltr' id='par_1_25' title="bbox 2205 1036 3799 1108">
     <span class='ocr_line' id='line_1_25' title="bbox 2205 1036 3799 1108; baseline -0.003 -11"><span class='ocrx_word' id='word_1_177' title='bbox 2205 1042 2309 1097; x_wconf 89' lang='lat' dir='ltr'><strong>bus</strong></span> <span class='ocrx_word' id='word_1_178' title='bbox 2336 1042 2482 1097; x_wconf 87' lang='lat' dir='ltr'><strong>enim</strong></span> <span class='ocrx_word' id='word_1_179' title='bbox 2511 1041 2709 1097; x_wconf 88' lang='lat' dir='ltr'><strong>dicitur</strong></span> <span class='ocrx_word' id='word_1_180' title='bbox 2732 1058 2747 1095; x_wconf 88' lang='lat'><strong>:</strong></span> <span class='ocrx_word' id='word_1_181' title='bbox 2788 1040 2925 1095; x_wconf 84' lang='lat' dir='ltr'><strong>Ecce</strong></span> <span class='ocrx_word' id='word_1_182' title='bbox 2959 1057 3098 1095; x_wconf 79' lang='lat' dir='ltr'><strong>nunc</strong></span> <span class='ocrx_word' id='word_1_183' title='bbox 3125 1040 3404 1095; x_wconf 81' lang='lat' dir='ltr'><strong>benedicite</strong></span> <span class='ocrx_word' id='word_1_184' title='bbox 3430 1037 3653 1093; x_wconf 87' lang='lat' dir='ltr'><strong>Domino</strong></span> <span class='ocrx_word' id='word_1_185' title='bbox 3673 1036 3799 1108; x_wconf 84' lang='lat' dir='ltr'><strong>(Ps.</strong></span> 
     </span>
    </p>
   </div>
   <div class='ocr_carea' id='block_1_26' title="bbox 2206 1132 3805 1206">
    <p class='ocr_par' dir='ltr' id='par_1_26' title="bbox 2206 1132 3805 1206">
     <span class='ocr_line' id='line_1_26' title="bbox 2206 1132 3805 1206; baseline -0.004 -15"><span class='ocrx_word' id='word_1_186' title='bbox 2206 1148 2433 1200; x_wconf 80' lang='lat' dir='ltr'><strong>cxxstu,</strong></span> <span class='ocrx_word' id='word_1_187' title='bbox 2463 1132 2535 1206; x_wconf 85' lang='lat' dir='ltr'><strong>i).</strong></span> <span class='ocrx_word' id='word_1_188' title='bbox 2568 1133 2771 1189; x_wconf 80' lang='lat' dir='ltr'><strong>Tamen</strong></span> <span class='ocrx_word' id='word_1_189' title='bbox 2799 1143 2855 1189; x_wconf 91' lang='lat' dir='ltr'><strong>et</strong></span> <span class='ocrx_word' id='word_1_190' title='bbox 2883 1133 2936 1189; x_wconf 91' lang='lat' dir='ltr'><strong>in</strong></span> <span class='ocrx_word' id='word_1_191' title='bbox 2971 1134 3113 1188; x_wconf 88' lang='lat' dir='ltr'><strong>bono</strong></span> <span class='ocrx_word' id='word_1_192' title='bbox 3146 1133 3376 1204; x_wconf 84' lang='lat' dir='ltr'><strong>legimus</strong></span> <span class='ocrx_word' id='word_1_193' title='bbox 3430 1132 3701 1196; x_wconf 85' lang='lat' dir='ltr'><strong>transire;</strong></span> <span class='ocrx_word' id='word_1_194' title='bbox 3748 1138 3805 1186; x_wconf 89' lang='lat' dir='ltr'><strong>ut</strong></span> 
     </span>
    </p>
   </div>
   <div class='ocr_carea' id='block_1_27' title="bbox 2208 1226 3805 1299">
    <p class='ocr_par' dir='ltr' id='par_1_27' title="bbox 2208 1226 3805 1299">
     <span class='ocr_line' id='line_1_27' title="bbox 2208 1226 3805 1299; baseline -0.002 -18"><span class='ocrx_word' id='word_1_195' title='bbox 2208 1237 2292 1281; x_wconf 90' lang='lat' dir='ltr'><strong>est</strong></span> <span class='ocrx_word' id='word_1_196' title='bbox 2321 1228 2447 1283; x_wconf 89' lang='lat' dir='ltr'><strong>illud</strong></span> <span class='ocrx_word' id='word_1_197' title='bbox 2479 1229 2680 1299; x_wconf 78' lang='lat' dir='ltr'><strong>Moysis</strong></span> <span class='ocrx_word' id='word_1_198' title='bbox 2705 1245 2718 1282; x_wconf 91' lang='lat'><strong>:</strong></span> <span class='ocrx_word' id='word_1_199' title='bbox 2747 1226 3030 1282; x_wconf 85' lang='lat' dir='ltr'><strong>Transiens</strong></span> <span class='ocrx_word' id='word_1_200' title='bbox 3045 1227 3224 1282; x_wconf 78' lang='lat' dir='ltr'><strong>videbo</strong></span> <span class='ocrx_word' id='word_1_201' title='bbox 3246 1228 3342 1281; x_wconf 81' lang='lat' dir='ltr'><strong>hoc</strong></span> <span class='ocrx_word' id='word_1_202' title='bbox 3370 1227 3535 1281; x_wconf 82' lang='lat' dir='ltr'><strong>visum</strong></span> <span class='ocrx_word' id='word_1_203' title='bbox 3562 1241 3805 1297; x_wconf 86' lang='lat' dir='ltr'><strong>magnum</strong></span> 
     </span>
    </p>
   </div>
   <div class='ocr_carea' id='block_1_28' title="bbox 2209 1319 3806 1393">
    <p class='ocr_par' dir='ltr' id='par_1_28' title="bbox 2209 1319 3806 1393">
     <span class='ocr_line' id='line_1_28' title="bbox 2209 1319 3806 1393; baseline 0 -19"><span class='ocrx_word' id='word_1_204' title='bbox 2209 1320 2407 1393; x_wconf 75' lang='lat' dir='ltr'><strong>(Exod.</strong></span> <span class='ocrx_word' id='word_1_205' title='bbox 2437 1336 2515 1386; x_wconf 81' lang='lat' dir='ltr'><strong>tu,</strong></span> <span class='ocrx_word' id='word_1_206' title='bbox 2543 1321 2620 1391; x_wconf 81' lang='grc'><strong>5).</strong></span> <span class='ocrx_word' id='word_1_207' title='bbox 2646 1322 2710 1375; x_wconf 83' lang='lat' dir='ltr'><strong>Et</strong></span> <span class='ocrx_word' id='word_1_208' title='bbox 2729 1319 2819 1391; x_wconf 89' lang='lat' dir='ltr'><strong>qui</strong></span> <span class='ocrx_word' id='word_1_209' title='bbox 2845 1320 2978 1375; x_wconf 88' lang='lat' dir='ltr'><strong>vidit</strong></span> <span class='ocrx_word' id='word_1_210' title='bbox 2996 1321 3218 1391; x_wconf 90' lang='lat' dir='ltr'><strong>impium</strong></span> <span class='ocrx_word' id='word_1_211' title='bbox 3242 1320 3535 1375; x_wconf 80' lang='lat' dir='ltr'><strong>exaltatum</strong></span> <span class='ocrx_word' id='word_1_212' title='bbox 3561 1321 3698 1375; x_wconf 88' lang='lat' dir='ltr'><strong>ultra</strong></span> <span class='ocrx_word' id='word_1_213' title='bbox 3719 1336 3806 1374; x_wconf 88' lang='lat' dir='ltr'><strong>ce-</strong></span> 
     </span>
    </p>
   </div>
   <div class='ocr_carea' id='block_1_29' title="bbox 2207 1411 3802 1486">
    <p class='ocr_par' dir='ltr' id='par_1_29' title="bbox 2207 1411 3802 1486">
     <span class='ocr_line' id='line_1_29' title="bbox 2207 1411 3802 1486; baseline 0 -19"><span class='ocrx_word' id='word_1_214' title='bbox 2207 1412 2340 1468; x_wconf 89' lang='lat' dir='ltr'><strong>dros</strong></span> <span class='ocrx_word' id='word_1_215' title='bbox 2370 1412 2586 1479; x_wconf 85' lang='lat' dir='ltr'><strong>Libani,</strong></span> <span class='ocrx_word' id='word_1_216' title='bbox 2618 1411 3108 1483; x_wconf 80' lang='lat' dir='ltr'><strong>Translvi,.inquit,</strong></span> <span class='ocrx_word' id='word_1_217' title='bbox 3142 1424 3190 1468; x_wconf 90' lang='lat' dir='ltr'><strong>et</strong></span> <span class='ocrx_word' id='word_1_218' title='bbox 3218 1430 3333 1467; x_wconf 85' lang='lat' dir='ltr'><strong>ecce</strong></span> <span class='ocrx_word' id='word_1_219' title='bbox 3357 1426 3458 1468; x_wconf 86' lang='lat' dir='ltr'><strong>non</strong></span> <span class='ocrx_word' id='word_1_220' title='bbox 3486 1424 3597 1467; x_wconf 87' lang='lat' dir='ltr'><strong>erat</strong></span> <span class='ocrx_word' id='word_1_221' title='bbox 3627 1412 3802 1486; x_wconf 74' lang='lat' dir='ltr'><strong>(l’sal.</strong></span> 
     </span>
    </p>
   </div>
   <div class='ocr_carea' id='block_1_30' title="bbox 2211 1505 3804 1577">
    <p class='ocr_par' dir='ltr' id='par_1_30' title="bbox 2211 1505 3804 1577">
     <span class='ocr_line' id='line_1_30' title="bbox 2211 1505 3804 1577; baseline 0 -16"><span class='ocrx_word' id='word_1_222' title='bbox 2211 1522 2394 1566; x_wconf 78' lang='lat' dir='ltr'><strong>xxxw.</strong></span> <span class='ocrx_word' id='word_1_223' title='bbox 2412 1508 2527 1577; x_wconf 75' lang='lat' dir='ltr'><strong>3U).</strong></span> <span class='ocrx_word' id='word_1_224' title='bbox 2549 1505 2615 1561; x_wconf 81' lang='lat' dir='ltr'><strong>Et</strong></span> <span class='ocrx_word' id='word_1_225' title='bbox 2637 1521 2800 1564; x_wconf 90' lang='lat' dir='ltr'><strong>nemo</strong></span> <span class='ocrx_word' id='word_1_226' title='bbox 2816 1507 2947 1562; x_wconf 87' lang='lat' dir='ltr'><strong>dicit</strong></span> <span class='ocrx_word' id='word_1_227' title='bbox 2966 1521 3127 1563; x_wconf 82' lang='lat' dir='ltr'><strong>servo</strong></span> <span class='ocrx_word' id='word_1_228' title='bbox 3149 1525 3162 1561; x_wconf 90' lang='lat'><strong>:</strong></span> <span class='ocrx_word' id='word_1_229' title='bbox 3185 1505 3804 1577; x_wconf 83' lang='lat' dir='ltr'><strong>Transi,recumbe(Luc.</strong></span> 
     </span>
    </p>
   </div>
   <div class='ocr_carea' id='block_1_31' title="bbox 2210 1596 2477 1669">
    <p class='ocr_par' dir='ltr' id='par_1_31' title="bbox 2210 1596 2477 1669">
     <span class='ocr_line' id='line_1_31' title="bbox 2210 1596 2477 1669; baseline -0.007 -16"><span class='ocrx_word' id='word_1_230' title='bbox 2210 1614 2340 1665; x_wconf 83' lang='lat' dir='ltr'><strong>xvtt,</strong></span> <span class='ocrx_word' id='word_1_231' title='bbox 2370 1596 2445 1668; x_wconf 85' lang='lat'><strong>1).</strong></span> <span class='ocrx_word' id='word_1_232' title='bbox 2472 1664 2477 1669; x_wconf 22' lang='lat'><em>.</em></span> 
     </span>
    </p>
   </div>
   <div class='ocr_carea' id='block_1_32' title="bbox 2302 1692 3807 1765">
    <p class='ocr_par' dir='ltr' id='par_1_32' title="bbox 2302 1692 3807 1765">
     <span class='ocr_line' id='line_1_32' title="bbox 2302 1692 3807 1765; baseline 0.001 -18"><span class='ocrx_word' id='word_1_233' title='bbox 2302 1694 2357 1748; x_wconf 90' lang='lat'><strong>7.</strong></span> <span class='ocrx_word' id='word_1_234' title='bbox 2412 1695 2545 1761; x_wconf 66' lang='lat' dir='ltr'><strong>Quae</strong></span> <span class='ocrx_word' id='word_1_235' title='bbox 2589 1708 2720 1765; x_wconf 87' lang='lat' dir='ltr'><strong>ergo</strong></span> <span class='ocrx_word' id='word_1_236' title='bbox 2764 1692 3041 1749; x_wconf 90' lang='lat' dir='ltr'><strong>distinctio</strong></span> <span class='ocrx_word' id='word_1_237' title='bbox 3088 1694 3160 1750; x_wconf 90' lang='lat' dir='ltr'><strong>sit</strong></span> <span class='ocrx_word' id='word_1_238' title='bbox 3212 1693 3654 1759; x_wconf 85' lang='lat' dir='ltr'><strong>consideremus;</strong></span> <span class='ocrx_word' id='word_1_239' title='bbox 3710 1694 3807 1749; x_wconf 90' lang='lat' dir='ltr'><strong>nisi</strong></span> 
     </span>
    </p>
   </div>
   <div class='ocr_carea' id='block_1_33' title="bbox 509 1784 3807 1859">
    <p class='ocr_par' dir='ltr' id='par_1_33' title="bbox 509 1784 3807 1859">
     <span class='ocr_line' id='line_1_33' title="bbox 509 1784 3807 1859; baseline -0.003 -10"><span class='ocrx_word' id='word_1_240' title='bbox 509 1795 784 1850; x_wconf 82' lang='lat' dir='ltr'><strong>attollere.</strong></span> <span class='ocrx_word' id='word_1_241' title='bbox 816 1792 944 1847; x_wconf 84' lang='lat' dir='ltr'><strong>Ideo</strong></span> <span class='ocrx_word' id='word_1_242' title='bbox 973 1790 1124 1846; x_wconf 88' lang='lat' dir='ltr'><strong>lacus</strong></span> <span class='ocrx_word' id='word_1_243' title='bbox 1151 1789 1324 1844; x_wconf 83' lang='lat' dir='ltr'><strong>factus</strong></span> <span class='ocrx_word' id='word_1_244' title='bbox 1350 1798 1439 1844; x_wconf 86' lang='lat' dir='ltr'><strong>est</strong></span> <span class='ocrx_word' id='word_1_245' title='bbox 1462 1786 1664 1842; x_wconf 62' lang='lat' dir='ltr'><strong>ludatis</strong></span> <span class='ocrx_word' id='word_1_246' title='bbox 1697 1788 1875 1858; x_wconf 78' lang='lat' dir='ltr'><strong>passio</strong></span> <span class='ocrx_word' id='word_1_247' title='bbox 1914 1786 2106 1842; x_wconf 71' lang='lat' dir='ltr'><strong>Salva-</strong></span> <span class='ocrx_word' id='word_1_248' title='bbox 2137 1798 2181 1859; x_wconf 73' lang='grc' dir='ltr'><strong>Β</strong></span> <span class='ocrx_word' id='word_1_249' title='bbox 2209 1787 2352 1843; x_wconf 84' lang='lat' dir='ltr'><strong>forte</strong></span> <span class='ocrx_word' id='word_1_250' title='bbox 2379 1785 2494 1851; x_wconf 91' lang='lat' dir='ltr'><strong>illa,</strong></span> <span class='ocrx_word' id='word_1_251' title='bbox 2522 1784 2646 1857; x_wconf 86' lang='lat' dir='ltr'><strong>quia</strong></span> <span class='ocrx_word' id='word_1_252' title='bbox 2678 1786 2767 1841; x_wconf 87' lang='lat' dir='ltr'><strong>ubi</strong></span> <span class='ocrx_word' id='word_1_253' title='bbox 2803 1786 2855 1841; x_wconf 93' lang='lat' dir='ltr'><strong>in</strong></span> <span class='ocrx_word' id='word_1_254' title='bbox 2890 1786 3033 1840; x_wconf 89' lang='lat' dir='ltr'><strong>bono</strong></span> <span class='ocrx_word' id='word_1_255' title='bbox 3061 1785 3323 1856; x_wconf 80' lang='lat' dir='ltr'><strong>accipitur</strong></span> <span class='ocrx_word' id='word_1_256' title='bbox 3346 1788 3611 1854; x_wconf 83' lang='lat' dir='ltr'><strong>transire,</strong></span> <span class='ocrx_word' id='word_1_257' title='bbox 3649 1786 3807 1843; x_wconf 82' lang='lat' dir='ltr'><strong>abso-</strong></span> 
     </span>
    </p>
   </div>
   <div class='ocr_carea' id='block_1_34' title="bbox 512 1877 2106 1958">
    <p class='ocr_par' dir='ltr' id='par_1_34' title="bbox 512 1877 2106 1958">
     <span class='ocr_line' id='line_1_34' title="bbox 512 1877 2106 1958; baseline -0.008 -15"><span class='ocrx_word' id='word_1_258' title='bbox 512 1888 667 1947; x_wconf 82' lang='lat' dir='ltr'><strong>toris.</strong></span> <span class='ocrx_word' id='word_1_259' title='bbox 700 1900 821 1958; x_wconf 69' lang='lat' dir='ltr'><strong>quae</strong></span> <span class='ocrx_word' id='word_1_260' title='bbox 841 1884 1095 1956; x_wconf 84' lang='lat' dir='ltr'><strong>gentibus</strong></span> <span class='ocrx_word' id='word_1_261' title='bbox 1121 1891 1148 1921; x_wconf 84' lang='grc' dir='ltr'>ι</span> <span class='ocrx_word' id='word_1_262' title='bbox 1180 1891 1395 1950; x_wconf 83' lang='lat' dir='ltr'><strong>portum</strong></span> <span class='ocrx_word' id='word_1_263' title='bbox 1417 1881 1607 1935; x_wconf 87' lang='lat' dir='ltr'><strong>salutis</strong></span> <span class='ocrx_word' id='word_1_264' title='bbox 1655 1878 1932 1944; x_wconf 80' lang='lat' dir='ltr'><strong>ostendit;</strong></span> <span class='ocrx_word' id='word_1_265' title='bbox 1980 1877 2106 1950; x_wconf 86' lang='lat' dir='ltr'><strong>quia</strong></span> 
     </span>
    </p>
   </div>
   <div class='ocr_carea' id='block_1_35' title="bbox 509 1976 2107 2049">
    <p class='ocr_par' dir='ltr' id='par_1_35' title="bbox 509 1976 2107 2049">
     <span class='ocr_line' id='line_1_35' title="bbox 509 1976 2107 2049; baseline -0.005 -11"><span class='ocrx_word' id='word_1_266' title='bbox 509 1997 643 2039; x_wconf 80' lang='lat' dir='ltr'><strong>crux</strong></span> <span class='ocrx_word' id='word_1_267' title='bbox 671 1981 885 2036; x_wconf 84' lang='lat' dir='ltr'><strong>Domini</strong></span> <span class='ocrx_word' id='word_1_268' title='bbox 928 1995 1036 2035; x_wconf 84' lang='lat' dir='ltr'><strong>non</strong></span> <span class='ocrx_word' id='word_1_269' title='bbox 1064 1977 1412 2043; x_wconf 82' lang='lat' dir='ltr'><strong>credentibus</strong></span> <span class='ocrx_word' id='word_1_270' title='bbox 1458 1976 1816 2049; x_wconf 69' lang='lat' dir='ltr'><strong>praecipitium</strong></span> <span class='ocrx_word' id='word_1_271' title='bbox 1846 1984 1949 2043; x_wconf 87' lang='lat' dir='ltr'><strong>est,</strong></span> <span class='ocrx_word' id='word_1_272' title='bbox 1997 1977 2107 2031; x_wconf 81' lang='lat' dir='ltr'><strong>vita</strong></span> 
     </span>
    </p>
   </div>
   <div class='ocr_carea' id='block_1_36' title="bbox 510 2069 2108 2145">
    <p class='ocr_par' dir='ltr' id='par_1_36' title="bbox 510 2069 2108 2145">
     <span class='ocr_line' id='line_1_36' title="bbox 510 2069 2108 2145; baseline -0.006 -12"><span class='ocrx_word' id='word_1_273' title='bbox 510 2076 885 2133; x_wconf 76' lang='lat' dir='ltr'><strong>credentibus.</strong></span> <span class='ocrx_word' id='word_1_274' title='bbox 934 2074 1046 2129; x_wconf 85' lang='lat' dir='ltr'><strong>Hac</strong></span> <span class='ocrx_word' id='word_1_275' title='bbox 1076 2072 1287 2129; x_wconf 88' lang='lat' dir='ltr'><strong>ratione</strong></span> <span class='ocrx_word' id='word_1_276' title='bbox 1320 2071 1600 2145; x_wconf 69' lang='lat' dir='ltr'><strong>praemisit,</strong></span> <span class='ocrx_word' id='word_1_277' title='bbox 1630 2070 1765 2125; x_wconf 77' lang='grc' dir='ltr'><strong>Α’καὶ</strong></span> <span class='ocrx_word' id='word_1_278' title='bbox 1795 2112 1810 2137; x_wconf 88' lang='grc'><em>,</em></span> <span class='ocrx_word' id='word_1_279' title='bbox 1852 2079 1910 2125; x_wconf 85' lang='grc' dir='ltr'><strong>ιιι</strong></span> <span class='ocrx_word' id='word_1_280' title='bbox 1931 2069 2108 2125; x_wconf 89' lang='lat' dir='ltr'><strong>futura</strong></span> 
     </span>
    </p>
   </div>
   <div class='ocr_carea' id='block_1_37' title="bbox 512 2178 891 2241">
    <p class='ocr_par' dir='ltr' id='par_1_37' title="bbox 512 2178 891 2241">
     <span class='ocr_line' id='line_1_37' title="bbox 512 2178 891 2241; baseline -0.013 -15"><span class='ocrx_word' id='word_1_281' title='bbox 512 2178 891 2241; x_wconf 79' lang='lat' dir='ltr'><strong>cognosceret.</strong></span> 
     </span>
    </p>
   </div>
   <div class='ocr_carea' id='block_1_38' title="bbox 590 2255 2109 2331">
    <p class='ocr_par' dir='ltr' id='par_1_38' title="bbox 590 2255 2109 2331">
     <span class='ocr_line' id='line_1_38' title="bbox 590 2255 2109 2331; baseline -0.005 -15"><span class='ocrx_word' id='word_1_282' title='bbox 590 2260 643 2316; x_wconf 82' lang='lat'><strong>5.</strong></span> <span class='ocrx_word' id='word_1_283' title='bbox 674 2259 798 2316; x_wconf 80' lang='lat' dir='ltr'><strong>Alio</strong></span> <span class='ocrx_word' id='word_1_284' title='bbox 826 2274 1044 2331; x_wconf 82' lang='lat' dir='ltr'><strong>quoque</strong></span> <span class='ocrx_word' id='word_1_285' title='bbox 1071 2259 1192 2314; x_wconf 79' lang='lat' dir='ltr'><strong>loco</strong></span> <span class='ocrx_word' id='word_1_286' title='bbox 1240 2258 1440 2314; x_wconf 87' lang='lat' dir='ltr'><strong>litterae</strong></span> <span class='ocrx_word' id='word_1_287' title='bbox 1482 2256 1609 2313; x_wconf 91' lang='lat' dir='ltr'><strong>huic</strong></span> <span class='ocrx_word' id='word_1_288' title='bbox 1656 2256 1755 2312; x_wconf 91' lang='lat' dir='ltr'><strong>ista</strong></span> <span class='ocrx_word' id='word_1_289' title='bbox 1809 2255 2042 2324; x_wconf 77' lang='lat' dir='ltr'><strong>subjecit</strong></span> <span class='ocrx_word' id='word_1_290' title='bbox 2095 2273 2109 2308; x_wconf 90' lang='lat'><strong>:</strong></span> 
     </span>
    </p>
   </div>
   <div class='ocr_carea' id='block_1_39' title="bbox 510 2349 2110 2425">
    <p class='ocr_par' dir='ltr' id='par_1_39' title="bbox 510 2349 2110 2425">
     <span class='ocr_line' id='line_1_39' title="bbox 510 2349 2110 2425; baseline -0.006 -14"><span class='ocrx_word' id='word_1_291' title='bbox 510 2353 539 2394; x_wconf 70' lang='grc' dir='ltr'><strong>ι’</strong></span> <span class='ocrx_word' id='word_1_292' title='bbox 551 2353 848 2411; x_wconf 78' lang='lat' dir='ltr'><strong>Tenuerunt</strong></span> <span class='ocrx_word' id='word_1_293' title='bbox 869 2370 1023 2425; x_wconf 86' lang='lat' dir='ltr'><strong>super</strong></span> <span class='ocrx_word' id='word_1_294' title='bbox 1042 2363 1089 2407; x_wconf 90' lang='lat' dir='ltr'><strong>te</strong></span> <span class='ocrx_word' id='word_1_295' title='bbox 1107 2369 1289 2406; x_wconf 87' lang='lat' dir='ltr'><strong>manus</strong></span> <span class='ocrx_word' id='word_1_296' title='bbox 1320 2368 1495 2406; x_wconf 90' lang='lat' dir='ltr'><strong>omnes</strong></span> <span class='ocrx_word' id='word_1_297' title='bbox 1517 2358 1835 2405; x_wconf 75' lang='lat' dir='ltr'><strong>transeuntes</strong></span> <span class='ocrx_word' id='word_1_298' title='bbox 1850 2349 2110 2419; x_wconf 81' lang='lat' dir='ltr'><strong>perviam:</strong></span> 
     </span>
    </p>
   </div>
   <div class='ocr_carea' id='block_1_40' title="bbox 509 2438 2114 2513">
    <p class='ocr_par' dir='ltr' id='par_1_40' title="bbox 509 2438 2114 2513">
     <span class='ocr_line' id='line_1_40' title="bbox 509 2438 2114 2513; baseline -0.006 -10"><span class='ocrx_word' id='word_1_299' title='bbox 509 2448 838 2505; x_wconf 76' lang='lat' dir='ltr'><strong>sibilaverunt</strong></span> <span class='ocrx_word' id='word_1_300' title='bbox 861 2455 906 2500; x_wconf 83' lang='lat' dir='ltr'><strong>et</strong></span> <span class='ocrx_word' id='word_1_301' title='bbox 933 2452 1200 2501; x_wconf 81' lang='lat' dir='ltr'><strong>moverunt</strong></span> <span class='ocrx_word' id='word_1_302' title='bbox 1241 2453 1396 2513; x_wconf 84' lang='lat' dir='ltr'><strong>caput</strong></span> <span class='ocrx_word' id='word_1_303' title='bbox 1425 2458 1575 2497; x_wconf 85' lang='lat' dir='ltr'><strong>suum</strong></span> <span class='ocrx_word' id='word_1_304' title='bbox 1606 2458 1765 2511; x_wconf 86' lang='lat' dir='ltr'><strong>super</strong></span> <span class='ocrx_word' id='word_1_305' title='bbox 1788 2441 1955 2511; x_wconf 78' lang='lat' dir='ltr'><strong>ﬁliam</strong></span> <span class='ocrx_word' id='word_1_306' title='bbox 1985 2438 2114 2494; x_wconf 84' lang='lat' dir='ltr'><strong>Ilie-</strong></span> 
     </span>
    </p>
   </div>
   <div class='ocr_carea' id='block_1_41' title="bbox 509 2534 2114 2608">
    <p class='ocr_par' dir='ltr' id='par_1_41' title="bbox 509 2534 2114 2608">
     <span class='ocr_line' id='line_1_41' title="bbox 509 2534 2114 2608; baseline -0.004 -15"><span class='ocrx_word' id='word_1_307' title='bbox 509 2542 753 2596; x_wconf 83' lang='lat' dir='ltr'><strong>rusalom.</strong></span> <span class='ocrx_word' id='word_1_308' title='bbox 797 2539 922 2594; x_wconf 75' lang='grc' dir='ltr'><strong>Ηωσ</strong></span> <span class='ocrx_word' id='word_1_309' title='bbox 946 2548 1019 2595; x_wconf 90' lang='lat' dir='ltr'><strong>est</strong></span> <span class='ocrx_word' id='word_1_310' title='bbox 1045 2540 1248 2605; x_wconf 75' lang='lat' dir='ltr'><strong>civitas,</strong></span> <span class='ocrx_word' id='word_1_311' title='bbox 1282 2537 1508 2591; x_wconf 86' lang='lat' dir='ltr'><strong>dicentes</strong></span> <span class='ocrx_word' id='word_1_312' title='bbox 1528 2577 1542 2601; x_wconf 92' lang='lat'><strong>,</strong></span> <span class='ocrx_word' id='word_1_313' title='bbox 1572 2552 1764 2590; x_wconf 85' lang='lat' dir='ltr'><strong>corona</strong></span> <span class='ocrx_word' id='word_1_314' title='bbox 1803 2534 1981 2608; x_wconf 77' lang='lat' dir='ltr'><strong>gloria:</strong></span> <span class='ocrx_word' id='word_1_315' title='bbox 2006 2575 2020 2598; x_wconf 97' lang='lat'><strong>,</strong></span> <span class='ocrx_word' id='word_1_316' title='bbox 2064 2541 2114 2587; x_wconf 87' lang='lat' dir='ltr'><strong>et</strong></span> 
     </span>
    </p>
   </div>
   <div class='ocr_carea' id='block_1_42' title="bbox 500 2627 2111 2709">
    <p class='ocr_par' dir='ltr' id='par_1_42' title="bbox 500 2627 2111 2709">
     <span class='ocr_line' id='line_1_42' title="bbox 500 2627 2111 2709; baseline -0.007 -18"><span class='ocrx_word' id='word_1_317' title='bbox 500 2637 811 2709; x_wconf 85' lang='lat' dir='ltr'><strong>jucunditas</strong></span> <span class='ocrx_word' id='word_1_318' title='bbox 833 2636 1090 2690; x_wconf 67' lang='lat' dir='ltr'><strong>universa</strong></span> <span class='ocrx_word' id='word_1_319' title='bbox 1137 2630 1526 2704; x_wconf 71' lang='lat' dir='ltr'><strong>terra(Thren.</strong></span> <span class='ocrx_word' id='word_1_320' title='bbox 1549 2645 1609 2693; x_wconf 85' lang='lat' dir='ltr'><strong>ll,</strong></span> <span class='ocrx_word' id='word_1_321' title='bbox 1641 2627 1755 2703; x_wconf 78' lang='grc'><strong>15).</strong></span> <span class='ocrx_word' id='word_1_322' title='bbox 1799 2629 2111 2684; x_wconf 74' lang='lat' dir='ltr'><strong>Passionem</strong></span> 
     </span>
    </p>
   </div>
   <div class='ocr_carea' id='block_1_43' title="bbox 507 2720 2114 2799">
    <p class='ocr_par' dir='ltr' id='par_1_43' title="bbox 507 2720 2114 2799">
     <span class='ocr_line' id='line_1_43' title="bbox 507 2720 2114 2799; baseline -0.007 -14"><span class='ocrx_word' id='word_1_323' title='bbox 507 2729 810 2785; x_wconf 85' lang='lat' dir='ltr'><strong>Salvatoris</strong></span> <span class='ocrx_word' id='word_1_324' title='bbox 838 2727 1149 2799; x_wconf 82' lang='lat' dir='ltr'><strong>prophetari</strong></span> <span class='ocrx_word' id='word_1_325' title='bbox 1176 2726 1348 2798; x_wconf 87' lang='lat' dir='ltr'><strong>liquet</strong></span> <span class='ocrx_word' id='word_1_326' title='bbox 1374 2766 1389 2791; x_wconf 94' lang='lat'><strong>,</strong></span> <span class='ocrx_word' id='word_1_327' title='bbox 1423 2734 1478 2781; x_wconf 90' lang='lat' dir='ltr'><strong>et</strong></span> <span class='ocrx_word' id='word_1_328' title='bbox 1525 2722 1714 2778; x_wconf 84' lang='lat' dir='ltr'><strong>defleri</strong></span> <span class='ocrx_word' id='word_1_329' title='bbox 1755 2721 1824 2777; x_wconf 89' lang='lat' dir='ltr'><strong>ab</strong></span> <span class='ocrx_word' id='word_1_330' title='bbox 1842 2720 2114 2777; x_wconf 86' lang='lat' dir='ltr'><strong>Hieremia</strong></span> 
     </span>
    </p>
   </div>
   <div class='ocr_carea' id='block_1_44' title="bbox 515 2815 2118 2888">
    <p class='ocr_par' dir='ltr' id='par_1_44' title="bbox 515 2815 2118 2888">
     <span class='ocr_line' id='line_1_44' title="bbox 515 2815 2118 2888; baseline -0.005 -13"><span class='ocrx_word' id='word_1_331' title='bbox 515 2832 537 2859; x_wconf 70' lang='grc' dir='ltr'><strong>α</strong></span> <span class='ocrx_word' id='word_1_332' title='bbox 571 2819 848 2875; x_wconf 69' lang='lat' dir='ltr'><strong>excidium</strong></span> <span class='ocrx_word' id='word_1_333' title='bbox 880 2819 1216 2882; x_wconf 73' lang='lat' dir='ltr'><strong>intimorum,</strong></span> <span class='ocrx_word' id='word_1_334' title='bbox 1240 2818 1381 2888; x_wconf 89' lang='lat' dir='ltr'><strong>quod</strong></span> <span class='ocrx_word' id='word_1_335' title='bbox 1408 2832 1529 2871; x_wconf 90' lang='lat' dir='ltr'><strong>cmn</strong></span> <span class='ocrx_word' id='word_1_336' title='bbox 1558 2832 1624 2872; x_wconf 82' lang='lat' dir='ltr'><strong>ex</strong></span> <span class='ocrx_word' id='word_1_337' title='bbox 1654 2815 1799 2883; x_wconf 90' lang='lat' dir='ltr'><strong>aliis,</strong></span> <span class='ocrx_word' id='word_1_338' title='bbox 1828 2823 1942 2871; x_wconf 92' lang='lat' dir='ltr'><strong>tum</strong></span> <span class='ocrx_word' id='word_1_339' title='bbox 1963 2831 2027 2870; x_wconf 79' lang='lat' dir='ltr'><strong>es</strong></span> <span class='ocrx_word' id='word_1_340' title='bbox 2054 2815 2118 2868; x_wconf 91' lang='lat' dir='ltr'><strong>il-</strong></span> 
     </span>
    </p>
   </div>
   <div class='ocr_carea' id='block_1_45' title="bbox 511 2906 2117 2981">
    <p class='ocr_par' dir='ltr' id='par_1_45' title="bbox 511 2906 2117 2981">
     <span class='ocr_line' id='line_1_45' title="bbox 511 2906 2117 2981; baseline -0.004 -14"><span class='ocrx_word' id='word_1_341' title='bbox 511 2911 566 2967; x_wconf 87' lang='lat' dir='ltr'><strong>lo</strong></span> <span class='ocrx_word' id='word_1_342' title='bbox 598 2908 823 2981; x_wconf 82' lang='lat' dir='ltr'><strong>intelligi</strong></span> <span class='ocrx_word' id='word_1_343' title='bbox 855 2919 1073 2979; x_wconf 86' lang='lat' dir='ltr'><strong>potest;</strong></span> <span class='ocrx_word' id='word_1_344' title='bbox 1103 2912 1227 2980; x_wconf 88' lang='lat' dir='ltr'><strong>quia</strong></span> <span class='ocrx_word' id='word_1_345' title='bbox 1257 2909 1310 2962; x_wconf 93' lang='lat' dir='ltr'><strong>in</strong></span> <span class='ocrx_word' id='word_1_346' title='bbox 1345 2908 1746 2978; x_wconf 86' lang='lat' dir='ltr'><strong>posterioribus</strong></span> <span class='ocrx_word' id='word_1_347' title='bbox 1770 2907 1962 2962; x_wconf 88' lang='lat' dir='ltr'><strong>habet:</strong></span> <span class='ocrx_word' id='word_1_348' title='bbox 1994 2906 2117 2973; x_wconf 81' lang='lat' dir='ltr'><strong>Spi-</strong></span> 
     </span>
    </p>
   </div>
   <div class='ocr_carea' id='block_1_46' title="bbox 512 2998 2116 3073">
    <p class='ocr_par' dir='ltr' id='par_1_46' title="bbox 512 2998 2116 3073">
     <span class='ocr_line' id='line_1_46' title="bbox 512 2998 2116 3073; baseline -0.002 -15"><span class='ocrx_word' id='word_1_349' title='bbox 512 3005 644 3060; x_wconf 84' lang='lat' dir='ltr'><strong>ritus</strong></span> <span class='ocrx_word' id='word_1_350' title='bbox 683 3013 801 3058; x_wconf 87' lang='lat' dir='ltr'><strong>ante</strong></span> <span class='ocrx_word' id='word_1_351' title='bbox 829 3004 1013 3073; x_wconf 79' lang='lat' dir='ltr'><strong>facient</strong></span> <span class='ocrx_word' id='word_1_352' title='bbox 1047 3013 1279 3057; x_wconf 87' lang='lat' dir='ltr'><strong>nostram</strong></span> <span class='ocrx_word' id='word_1_353' title='bbox 1307 3002 1540 3057; x_wconf 76' lang='lat' dir='ltr'><strong>Christus</strong></span> <span class='ocrx_word' id='word_1_354' title='bbox 1559 2998 1811 3055; x_wconf 84' lang='lat' dir='ltr'><strong>Dominus</strong></span> <span class='ocrx_word' id='word_1_355' title='bbox 1830 3043 1845 3065; x_wconf 86' lang='lat'><strong>,</strong></span> <span class='ocrx_word' id='word_1_356' title='bbox 1880 3016 2116 3069; x_wconf 84' lang='lat' dir='ltr'><strong>compre-</strong></span> 
     </span>
    </p>
   </div>
   <div class='ocr_carea' id='block_1_47' title="bbox 512 3091 2117 3164">
    <p class='ocr_par' dir='ltr' id='par_1_47' title="bbox 512 3091 2117 3164">
     <span class='ocr_line' id='line_1_47' title="bbox 512 3091 2117 3164; baseline -0.004 -13"><span class='ocrx_word' id='word_1_357' title='bbox 512 3095 699 3151; x_wconf 78' lang='lat' dir='ltr'><strong>hensus</strong></span> <span class='ocrx_word' id='word_1_358' title='bbox 727 3096 865 3150; x_wconf 85' lang='lat' dir='ltr'><strong>estin</strong></span> <span class='ocrx_word' id='word_1_359' title='bbox 885 3096 1089 3149; x_wconf 82' lang='lat' dir='ltr'><strong>interitu</strong></span> <span class='ocrx_word' id='word_1_360' title='bbox 1108 3105 1306 3159; x_wconf 87' lang='lat' dir='ltr'><strong>nostro,</strong></span> <span class='ocrx_word' id='word_1_361' title='bbox 1334 3092 1428 3147; x_wconf 85' lang='lat' dir='ltr'><strong>sub</strong></span> <span class='ocrx_word' id='word_1_362' title='bbox 1460 3095 1611 3164; x_wconf 86' lang='lat' dir='ltr'><strong>cujus</strong></span> <span class='ocrx_word' id='word_1_363' title='bbox 1639 3094 1840 3159; x_wconf 80' lang='lat' dir='ltr'><strong>umbra,</strong></span> <span class='ocrx_word' id='word_1_364' title='bbox 1871 3091 2117 3157; x_wconf 77' lang='lat' dir='ltr'><strong>diximus,</strong></span> 
     </span>
    </p>
   </div>
   <div class='ocr_carea' id='block_1_48' title="bbox 2210 1879 3808 1949">
    <p class='ocr_par' dir='ltr' id='par_1_48' title="bbox 2210 1879 3808 1949">
     <span class='ocr_line' id='line_1_48' title="bbox 2210 1879 3808 1949; baseline -0.001 -12"><span class='ocrx_word' id='word_1_365' title='bbox 2210 1882 2321 1938; x_wconf 90' lang='lat' dir='ltr'><strong>lute</strong></span> <span class='ocrx_word' id='word_1_366' title='bbox 2377 1883 2575 1936; x_wconf 89' lang='lat' dir='ltr'><strong>lectum</strong></span> <span class='ocrx_word' id='word_1_367' title='bbox 2610 1891 2719 1936; x_wconf 89' lang='lat' dir='ltr'><strong>est:</strong></span> <span class='ocrx_word' id='word_1_368' title='bbox 2756 1894 2862 1935; x_wconf 93' lang='lat' dir='ltr'><strong>non</strong></span> <span class='ocrx_word' id='word_1_369' title='bbox 2892 1879 3030 1935; x_wconf 82' lang='lat' dir='ltr'><strong>dixit</strong></span> <span class='ocrx_word' id='word_1_370' title='bbox 3053 1922 3068 1945; x_wconf 84' lang='lat'><strong>,</strong></span> <span class='ocrx_word' id='word_1_371' title='bbox 3101 1879 3205 1935; x_wconf 89' lang='lat' dir='ltr'><strong>hoc</strong></span> <span class='ocrx_word' id='word_1_372' title='bbox 3231 1891 3321 1935; x_wconf 86' lang='lat' dir='ltr'><strong>aut</strong></span> <span class='ocrx_word' id='word_1_373' title='bbox 3344 1879 3473 1936; x_wconf 87' lang='lat' dir='ltr'><strong>illud</strong></span> <span class='ocrx_word' id='word_1_374' title='bbox 3503 1883 3808 1949; x_wconf 84' lang='lat' dir='ltr'><strong>transiens,</strong></span> 
     </span>
    </p>
   </div>
   <div class='ocr_carea' id='block_1_49' title="bbox 2208 1971 3809 2041">
    <p class='ocr_par' dir='ltr' id='par_1_49' title="bbox 2208 1971 3809 2041">
     <span class='ocr_line' id='line_1_49' title="bbox 2208 1971 3809 2041; baseline 0 -11"><span class='ocrx_word' id='word_1_375' title='bbox 2208 1974 2304 2031; x_wconf 87' lang='lat' dir='ltr'><strong>sed</strong></span> <span class='ocrx_word' id='word_1_376' title='bbox 2329 1974 2701 2029; x_wconf 83' lang='lat' dir='ltr'><strong>tantummodo</strong></span> <span class='ocrx_word' id='word_1_377' title='bbox 2726 1973 3013 2029; x_wconf 79' lang='lat' dir='ltr'><strong>transiens.</strong></span> <span class='ocrx_word' id='word_1_378' title='bbox 3030 1971 3135 2030; x_wconf 86' lang='lat' dir='ltr'><strong>Ubi</strong></span> <span class='ocrx_word' id='word_1_379' title='bbox 3164 1974 3219 2028; x_wconf 92' lang='lat' dir='ltr'><strong>in</strong></span> <span class='ocrx_word' id='word_1_380' title='bbox 3246 1975 3388 2029; x_wconf 90' lang='lat' dir='ltr'><strong>malo</strong></span> <span class='ocrx_word' id='word_1_381' title='bbox 3408 1993 3421 2029; x_wconf 88' lang='lat'><strong>:</strong></span> <span class='ocrx_word' id='word_1_382' title='bbox 3444 1972 3809 2041; x_wconf 81' lang='lat' dir='ltr'><strong>Transeuntes,</strong></span> 
     </span>
    </p>
   </div>
   <div class='ocr_carea' id='block_1_50' title="bbox 2210 2067 3810 2141">
    <p class='ocr_par' dir='ltr' id='par_1_50' title="bbox 2210 2067 3810 2141">
     <span class='ocr_line' id='line_1_50' title="bbox 2210 2067 3810 2141; baseline -0.003 -16"><span class='ocrx_word' id='word_1_383' title='bbox 2210 2070 2406 2141; x_wconf 86' lang='lat' dir='ltr'><strong>inquit,</strong></span> <span class='ocrx_word' id='word_1_384' title='bbox 2463 2069 2599 2122; x_wconf 82' lang='lat' dir='ltr'><strong>viam</strong></span> <span class='ocrx_word' id='word_1_385' title='bbox 2642 2067 2820 2141; x_wconf 87' lang='lat' dir='ltr'><strong>(Psal.</strong></span> <span class='ocrx_word' id='word_1_386' title='bbox 2851 2083 3037 2134; x_wconf 75' lang='lat' dir='ltr'><strong>usis,</strong></span> <span class='ocrx_word' id='word_1_387' title='bbox 3076 2067 3188 2137; x_wconf 74' lang='lat'><strong>15).</strong></span> <span class='ocrx_word' id='word_1_388' title='bbox 3217 2067 3315 2123; x_wconf 84' lang='lat' dir='ltr'><strong>Via</strong></span> <span class='ocrx_word' id='word_1_389' title='bbox 3345 2068 3488 2123; x_wconf 72' lang='lat' dir='ltr'><strong>etnim</strong></span> <span class='ocrx_word' id='word_1_390' title='bbox 3516 2068 3665 2124; x_wconf 89' lang='lat' dir='ltr'><strong>bona</strong></span> <span class='ocrx_word' id='word_1_391' title='bbox 3710 2076 3810 2131; x_wconf 89' lang='lat' dir='ltr'><strong>est,</strong></span> 
     </span>
    </p>
   </div>
   <div class='ocr_carea' id='block_1_51' title="bbox 2208 2159 3815 2234">
    <p class='ocr_par' dir='ltr' id='par_1_51' title="bbox 2208 2159 3815 2234">
     <span class='ocr_line' id='line_1_51' title="bbox 2208 2159 3815 2234; baseline 0.001 -19"><span class='ocrx_word' id='word_1_392' title='bbox 2208 2178 2331 2234; x_wconf 62' lang='lat' dir='ltr'><strong>quae</strong></span> <span class='ocrx_word' id='word_1_393' title='bbox 2353 2179 2381 2215; x_wconf 87' lang='lat' dir='ltr'><strong>a</strong></span> <span class='ocrx_word' id='word_1_394' title='bbox 2404 2161 2842 2217; x_wconf 75' lang='lat' dir='ltr'><strong>commeantibus</strong></span> <span class='ocrx_word' id='word_1_395' title='bbox 2872 2162 3270 2233; x_wconf 89' lang='lat' dir='ltr'><strong>frequentatur,</strong></span> <span class='ocrx_word' id='word_1_396' title='bbox 3306 2177 3412 2217; x_wconf 91' lang='lat' dir='ltr'><strong>non</strong></span> <span class='ocrx_word' id='word_1_397' title='bbox 3445 2159 3606 2217; x_wconf 83' lang='lat' dir='ltr'><strong>facile</strong></span> <span class='ocrx_word' id='word_1_398' title='bbox 3638 2161 3815 2217; x_wconf 89' lang='lat' dir='ltr'><strong>incur-</strong></span> 
     </span>
    </p>
   </div>
   <div class='ocr_carea' id='block_1_52' title="bbox 2210 2255 3812 2325">
    <p class='ocr_par' dir='ltr' id='par_1_52' title="bbox 2210 2255 3812 2325">
     <span class='ocr_line' id='line_1_52' title="bbox 2210 2255 3812 2325; baseline 0 -14"><span class='ocrx_word' id='word_1_399' title='bbox 2210 2267 2363 2311; x_wconf 85' lang='lat' dir='ltr'><strong>satnr</strong></span> <span class='ocrx_word' id='word_1_400' title='bbox 2390 2272 2420 2310; x_wconf 91' lang='lat' dir='ltr'><strong>a</strong></span> <span class='ocrx_word' id='word_1_401' title='bbox 2449 2255 2785 2324; x_wconf 85' lang='lat' dir='ltr'><strong>latronibus,</strong></span> <span class='ocrx_word' id='word_1_402' title='bbox 2831 2256 2921 2325; x_wconf 83' lang='lat' dir='ltr'><strong>qui</strong></span> <span class='ocrx_word' id='word_1_403' title='bbox 2950 2271 3142 2311; x_wconf 83' lang='lat' dir='ltr'><strong>aversa</strong></span> <span class='ocrx_word' id='word_1_404' title='bbox 3172 2255 3382 2311; x_wconf 81' lang='lat' dir='ltr'><strong>viarum</strong></span> <span class='ocrx_word' id='word_1_405' title='bbox 3409 2256 3663 2312; x_wconf 82' lang='lat' dir='ltr'><strong>obsidere</strong></span> <span class='ocrx_word' id='word_1_406' title='bbox 3690 2272 3812 2312; x_wconf 62' lang='lat' dir='ltr'><strong>conv</strong></span> 
     </span>
    </p>
   </div>
   <div class='ocr_carea' id='block_1_53' title="bbox 2213 2349 3813 2423">
    <p class='ocr_par' dir='ltr' id='par_1_53' title="bbox 2213 2349 3813 2423">
     <span class='ocr_line' id='line_1_53' title="bbox 2213 2349 3813 2423; baseline 0.001 -20"><span class='ocrx_word' id='word_1_407' title='bbox 2213 2358 2479 2404; x_wconf 87' lang='lat' dir='ltr'><strong>suerunt:</strong></span> <span class='ocrx_word' id='word_1_408' title='bbox 2546 2351 2727 2421; x_wconf 88' lang='lat' dir='ltr'><strong>regale</strong></span> <span class='ocrx_word' id='word_1_409' title='bbox 2753 2349 2858 2404; x_wconf 86' lang='lat' dir='ltr'><strong>iter</strong></span> <span class='ocrx_word' id='word_1_410' title='bbox 2907 2350 3176 2404; x_wconf 88' lang='lat' dir='ltr'><strong>munitum</strong></span> <span class='ocrx_word' id='word_1_411' title='bbox 3240 2359 3343 2405; x_wconf 91' lang='lat' dir='ltr'><strong>est.</strong></span> <span class='ocrx_word' id='word_1_412' title='bbox 3377 2349 3594 2423; x_wconf 77' lang='lat' dir='ltr'><strong>Moyses</strong></span> <span class='ocrx_word' id='word_1_413' title='bbox 3636 2360 3813 2406; x_wconf 86' lang='lat' dir='ltr'><strong>autem</strong></span> 
     </span>
    </p>
   </div>
   <div class='ocr_carea' id='block_1_54' title="bbox 2213 2428 3815 2511">
    <p class='ocr_par' dir='ltr' id='par_1_54' title="bbox 2213 2428 3815 2511">
     <span class='ocr_line' id='line_1_54' title="bbox 2213 2428 3815 2511; baseline -0.002 -12"><span class='ocrx_word' id='word_1_414' title='bbox 2213 2460 2321 2499; x_wconf 88' lang='lat' dir='ltr'><strong>non</strong></span> <span class='ocrx_word' id='word_1_415' title='bbox 2350 2444 2600 2499; x_wconf 84' lang='lat' dir='ltr'><strong>transivit</strong></span> <span class='ocrx_word' id='word_1_416' title='bbox 2621 2445 2786 2510; x_wconf 89' lang='lat' dir='ltr'><strong>viam,</strong></span> <span class='ocrx_word' id='word_1_417' title='bbox 2813 2443 2909 2499; x_wconf 90' lang='lat' dir='ltr'><strong>scd</strong></span> <span class='ocrx_word' id='word_1_418' title='bbox 2940 2444 2993 2498; x_wconf 92' lang='lat' dir='ltr'><strong>in</strong></span> <span class='ocrx_word' id='word_1_419' title='bbox 3024 2445 3111 2498; x_wconf 85' lang='lat' dir='ltr'><strong>via</strong></span> <span class='ocrx_word' id='word_1_420' title='bbox 3140 2445 3309 2511; x_wconf 90' lang='lat' dir='ltr'><strong>stetit,</strong></span> <span class='ocrx_word' id='word_1_421' title='bbox 3337 2443 3425 2499; x_wconf 88' lang='lat' dir='ltr'><strong>cui</strong></span> <span class='ocrx_word' id='word_1_422' title='bbox 3447 2428 3657 2500; x_wconf 87' lang='lat' dir='ltr'><strong>dictum</strong></span> <span class='ocrx_word' id='word_1_423' title='bbox 3699 2453 3815 2500; x_wconf 87' lang='lat' dir='ltr'><strong>est:</strong></span> 
     </span>
    </p>
   </div>
   <div class='ocr_carea' id='block_1_55' title="bbox 2218 2535 3819 2612">
    <p class='ocr_par' dir='ltr' id='par_1_55' title="bbox 2218 2535 3819 2612">
     <span class='ocr_line' id='line_1_55' title="bbox 2218 2535 3819 2612; baseline -0.001 -19"><span class='ocrx_word' id='word_1_424' title='bbox 2218 2538 2296 2593; x_wconf 86' lang='lat' dir='ltr'><strong>Tu</strong></span> <span class='ocrx_word' id='word_1_425' title='bbox 2321 2547 2492 2594; x_wconf 80' lang='lat' dir='ltr'><strong>autent</strong></span> <span class='ocrx_word' id='word_1_426' title='bbox 2516 2539 2598 2593; x_wconf 81' lang='lat' dir='ltr'><strong>hic</strong></span> <span class='ocrx_word' id='word_1_427' title='bbox 2623 2549 2703 2594; x_wconf 89' lang='lat' dir='ltr'><strong>sta</strong></span> <span class='ocrx_word' id='word_1_428' title='bbox 2725 2554 2919 2593; x_wconf 87' lang='lat' dir='ltr'><strong>mecum</strong></span> <span class='ocrx_word' id='word_1_429' title='bbox 2952 2535 3133 2606; x_wconf 90' lang='lat' dir='ltr'><strong>(Deut.</strong></span> <span class='ocrx_word' id='word_1_430' title='bbox 3164 2553 3221 2605; x_wconf 86' lang='lat' dir='ltr'><strong>v,</strong></span> <span class='ocrx_word' id='word_1_431' title='bbox 3255 2536 3370 2612; x_wconf 78' lang='lat' dir='ltr'><strong>3i).</strong></span> <span class='ocrx_word' id='word_1_432' title='bbox 3397 2537 3560 2594; x_wconf 89' lang='lat' dir='ltr'><strong>Stetit</strong></span> <span class='ocrx_word' id='word_1_433' title='bbox 3578 2553 3705 2593; x_wconf 85' lang='lat' dir='ltr'><strong>cum</strong></span> <span class='ocrx_word' id='word_1_434' title='bbox 3734 2537 3819 2592; x_wconf 90' lang='lat' dir='ltr'><strong>illo</strong></span> 
     </span>
    </p>
   </div>
   <div class='ocr_carea' id='block_1_56' title="bbox 2216 2628 3813 2705">
    <p class='ocr_par' dir='ltr' id='par_1_56' title="bbox 2216 2628 3813 2705">
     <span class='ocr_line' id='line_1_56' title="bbox 2216 2628 3813 2705; baseline 0.001 -23"><span class='ocrx_word' id='word_1_435' title='bbox 2216 2631 2306 2700; x_wconf 90' lang='lat' dir='ltr'><strong>qui</strong></span> <span class='ocrx_word' id='word_1_436' title='bbox 2334 2632 2408 2685; x_wconf 90' lang='lat' dir='ltr'><strong>ait</strong></span> <span class='ocrx_word' id='word_1_437' title='bbox 2433 2652 2445 2685; x_wconf 89' lang='lat'><strong>:</strong></span> <span class='ocrx_word' id='word_1_438' title='bbox 2473 2630 2586 2702; x_wconf 84' lang='lat' dir='ltr'><strong>Ego</strong></span> <span class='ocrx_word' id='word_1_439' title='bbox 2606 2648 2718 2685; x_wconf 89' lang='lat' dir='ltr'><strong>sum</strong></span> <span class='ocrx_word' id='word_1_440' title='bbox 2734 2632 2839 2696; x_wconf 76' lang='lat' dir='ltr'><strong>via,</strong></span> <span class='ocrx_word' id='word_1_441' title='bbox 2859 2640 2909 2685; x_wconf 85' lang='lat' dir='ltr'><strong>et</strong></span> <span class='ocrx_word' id='word_1_442' title='bbox 2930 2632 3118 2686; x_wconf 68' lang='lat' dir='ltr'><strong>veritas</strong></span> <span class='ocrx_word' id='word_1_443' title='bbox 3136 2672 3151 2695; x_wconf 93' lang='lat'><strong>,</strong></span> <span class='ocrx_word' id='word_1_444' title='bbox 3174 2639 3223 2685; x_wconf 87' lang='lat' dir='ltr'><strong>et</strong></span> <span class='ocrx_word' id='word_1_445' title='bbox 3250 2632 3355 2686; x_wconf 76' lang='lat' dir='ltr'><strong>vita</strong></span> <span class='ocrx_word' id='word_1_446' title='bbox 3375 2628 3574 2705; x_wconf 77' lang='lat' dir='ltr'><strong>(Joan.</strong></span> <span class='ocrx_word' id='word_1_447' title='bbox 3602 2647 3719 2698; x_wconf 77' lang='lat' dir='ltr'><strong>xrv,</strong></span> <span class='ocrx_word' id='word_1_448' title='bbox 3745 2628 3813 2701; x_wconf 79' lang='lat' dir='ltr'><strong>li).</strong></span> 
     </span>
    </p>
   </div>
   <div class='ocr_carea' id='block_1_57' title="bbox 2218 2722 3820 2796">
    <p class='ocr_par' dir='ltr' id='par_1_57' title="bbox 2218 2722 3820 2796">
     <span class='ocr_line' id='line_1_57' title="bbox 2218 2722 3820 2796; baseline 0.001 -18"><span class='ocrx_word' id='word_1_449' title='bbox 2218 2722 2367 2778; x_wconf 85' lang='lat' dir='ltr'><strong>Hanc</strong></span> <span class='ocrx_word' id='word_1_450' title='bbox 2384 2724 2627 2795; x_wconf 91' lang='lat' dir='ltr'><strong>quiviam</strong></span> <span class='ocrx_word' id='word_1_451' title='bbox 2652 2723 3496 2796; x_wconf 81' lang='lat' dir='ltr'><strong>transit,labitur.Moysesautem</strong></span> <span class='ocrx_word' id='word_1_452' title='bbox 3520 2740 3630 2778; x_wconf 85' lang='lat' dir='ltr'><strong>non</strong></span> <span class='ocrx_word' id='word_1_453' title='bbox 3651 2726 3820 2795; x_wconf 79' lang='lat' dir='ltr'><strong>lapsus</strong></span> 
     </span>
    </p>
   </div>
   <div class='ocr_carea' id='block_1_58' title="bbox 2222 2816 3817 2887">
    <p class='ocr_par' dir='ltr' id='par_1_58' title="bbox 2222 2816 3817 2887">
     <span class='ocr_line' id='line_1_58' title="bbox 2222 2816 3817 2887; baseline -0.001 -15"><span class='ocrx_word' id='word_1_454' title='bbox 2222 2823 2339 2872; x_wconf 88' lang='lat' dir='ltr'><strong>est:</strong></span> <span class='ocrx_word' id='word_1_455' title='bbox 2371 2816 2465 2871; x_wconf 85' lang='lat' dir='ltr'><strong>sed</strong></span> <span class='ocrx_word' id='word_1_456' title='bbox 2514 2816 2862 2887; x_wconf 86' lang='lat' dir='ltr'><strong>pertransivit</strong></span> <span class='ocrx_word' id='word_1_457' title='bbox 2902 2834 2933 2871; x_wconf 89' lang='lat' dir='ltr'><strong>a</strong></span> <span class='ocrx_word' id='word_1_458' title='bbox 2971 2816 3325 2872; x_wconf 80' lang='lat' dir='ltr'><strong>saecularibus</strong></span> <span class='ocrx_word' id='word_1_459' title='bbox 3353 2816 3419 2871; x_wconf 90' lang='lat' dir='ltr'><strong>ad</strong></span> <span class='ocrx_word' id='word_1_460' title='bbox 3449 2816 3721 2886; x_wconf 81' lang='lat' dir='ltr'><strong>spiritalia</strong></span> <span class='ocrx_word' id='word_1_461' title='bbox 3742 2857 3759 2883; x_wconf 92' lang='lat'><strong>,</strong></span> <span class='ocrx_word' id='word_1_462' title='bbox 3788 2831 3817 2871; x_wconf 86' lang='lat' dir='ltr'><strong>a</strong></span> 
     </span>
    </p>
   </div>
   <div class='ocr_carea' id='block_1_59' title="bbox 2223 2908 3820 2980">
    <p class='ocr_par' dir='ltr' id='par_1_59' title="bbox 2223 2908 3820 2980">
     <span class='ocr_line' id='line_1_59' title="bbox 2223 2908 3820 2980; baseline 0.001 -16"><span class='ocrx_word' id='word_1_463' title='bbox 2223 2910 2612 2979; x_wconf 81' lang='lat' dir='ltr'><strong>temporalibus</strong></span> <span class='ocrx_word' id='word_1_464' title='bbox 2640 2909 2705 2964; x_wconf 86' lang='lat' dir='ltr'><strong>ad</strong></span> <span class='ocrx_word' id='word_1_465' title='bbox 2736 2918 2961 2965; x_wconf 81' lang='lat' dir='ltr'><strong>:eterna.</strong></span> <span class='ocrx_word' id='word_1_466' title='bbox 2987 2910 3049 2964; x_wconf 83' lang='lat' dir='ltr'><strong>Et</strong></span> <span class='ocrx_word' id='word_1_467' title='bbox 3073 2908 3163 2980; x_wconf 89' lang='lat' dir='ltr'><strong>qui</strong></span> <span class='ocrx_word' id='word_1_468' title='bbox 3188 2908 3317 2963; x_wconf 75' lang='lat' dir='ltr'><strong>vidit</strong></span> <span class='ocrx_word' id='word_1_469' title='bbox 3345 2909 3716 2979; x_wconf 85' lang='lat' dir='ltr'><strong>impium,nec</strong></span> <span class='ocrx_word' id='word_1_470' title='bbox 3741 2923 3820 2965; x_wconf 86' lang='lat' dir='ltr'><strong>re-</strong></span> 
     </span>
    </p>
   </div>
   <div class='ocr_carea' id='block_1_60' title="bbox 2224 3000 3820 3074">
    <p class='ocr_par' dir='ltr' id='par_1_60' title="bbox 2224 3000 3820 3074">
     <span class='ocr_line' id='line_1_60' title="bbox 2224 3000 3820 3074; baseline 0 -17"><span class='ocrx_word' id='word_1_471' title='bbox 2224 3005 2445 3069; x_wconf 86' lang='lat' dir='ltr'><strong>mansit,</strong></span> <span class='ocrx_word' id='word_1_472' title='bbox 2470 3003 2563 3057; x_wconf 84' lang='lat' dir='ltr'><strong>sed</strong></span> <span class='ocrx_word' id='word_1_473' title='bbox 2591 3002 2961 3074; x_wconf 85' lang='lat' dir='ltr'><strong>perlransivit.</strong></span> <span class='ocrx_word' id='word_1_474' title='bbox 2987 3002 3160 3058; x_wconf 79' lang='lat' dir='ltr'><strong>evasit</strong></span> <span class='ocrx_word' id='word_1_475' title='bbox 3178 3000 3548 3073; x_wconf 81' lang='lat' dir='ltr'><strong>(Psal.xxm.</strong></span> <span class='ocrx_word' id='word_1_476' title='bbox 3570 3000 3820 3074; x_wconf 59' lang='grc' dir='ltr'><strong>δεικτικὴ</strong></span> 
     </span>
    </p>
   </div>
   <div class='ocr_carea' id='block_1_61' title="bbox 2223 3093 3822 3165">
    <p class='ocr_par' dir='ltr' id='par_1_61' title="bbox 2223 3093 3822 3165">
     <span class='ocr_line' id='line_1_61' title="bbox 2223 3093 3822 3165; baseline 0.001 -17"><span class='ocrx_word' id='word_1_477' title='bbox 2223 3110 2331 3149; x_wconf 89' lang='lat' dir='ltr'><strong>non</strong></span> <span class='ocrx_word' id='word_1_478' title='bbox 2358 3093 2583 3150; x_wconf 73' lang='lat' dir='ltr'><strong>adlltcsll</strong></span> <span class='ocrx_word' id='word_1_479' title='bbox 2606 3094 2793 3165; x_wconf 87' lang='lat' dir='ltr'><strong>impio,</strong></span> <span class='ocrx_word' id='word_1_480' title='bbox 2824 3110 2893 3151; x_wconf 88' lang='lat' dir='ltr'><strong>ne</strong></span> <span class='ocrx_word' id='word_1_481' title='bbox 2921 3096 3073 3151; x_wconf 88' lang='lat' dir='ltr'><strong>fleret</strong></span> <span class='ocrx_word' id='word_1_482' title='bbox 3093 3109 3257 3149; x_wconf 91' lang='lat' dir='ltr'><strong>unum</strong></span> <span class='ocrx_word' id='word_1_483' title='bbox 3287 3108 3516 3162; x_wconf 89' lang='lat' dir='ltr'><strong>corpus,</strong></span> <span class='ocrx_word' id='word_1_484' title='bbox 3546 3094 3646 3150; x_wconf 88' lang='lat' dir='ltr'><strong>sed</strong></span> <span class='ocrx_word' id='word_1_485' title='bbox 3678 3110 3739 3150; x_wconf 89' lang='lat' dir='ltr'><strong>se</strong></span> <span class='ocrx_word' id='word_1_486' title='bbox 3760 3094 3822 3150; x_wconf 87' lang='lat' dir='ltr'><strong>ab</strong></span> 
     </span>
    </p>
   </div>
   <div class='ocr_carea' id='block_1_62' title="bbox 510 3171 3810 3260">
    <p class='ocr_par' dir='ltr' id='par_1_62' title="bbox 510 3171 3810 3260">
     <span class='ocr_line' id='line_1_62' title="bbox 510 3171 3810 3260; baseline -0.001 -15"><span class='ocrx_word' id='word_1_487' title='bbox 510 3192 734 3245; x_wconf 78' lang='lat' dir='ltr'><strong>vivemus</strong></span> <span class='ocrx_word' id='word_1_488' title='bbox 755 3192 888 3243; x_wconf 84' lang='lat' dir='ltr'><strong>inter</strong></span> <span class='ocrx_word' id='word_1_489' title='bbox 913 3197 1085 3260; x_wconf 84' lang='lat' dir='ltr'><strong>gentes</strong></span> <span class='ocrx_word' id='word_1_490' title='bbox 1115 3185 1335 3256; x_wconf 84' lang='lat' dir='ltr'><strong>(Thren.</strong></span> <span class='ocrx_word' id='word_1_491' title='bbox 1353 3201 1427 3248; x_wconf 82' lang='lat' dir='ltr'><strong>IV,</strong></span> <span class='ocrx_word' id='word_1_492' title='bbox 1446 3184 1563 3255; x_wconf 73' lang='lat'><strong>20).</strong></span> <span class='ocrx_word' id='word_1_493' title='bbox 1586 3184 1725 3251; x_wconf 83' lang='lat' dir='ltr'><strong>Quid</strong></span> <span class='ocrx_word' id='word_1_494' title='bbox 1753 3183 1858 3238; x_wconf 84' lang='lat' dir='ltr'><strong>hoc</strong></span> <span class='ocrx_word' id='word_1_495' title='bbox 1888 3182 2115 3237; x_wconf 80' lang='lat' dir='ltr'><strong>manife-</strong></span> <span class='ocrx_word' id='word_1_496' title='bbox 2141 3171 2187 3237; x_wconf 68' lang='grc' dir='ltr'>Π</span> <span class='ocrx_word' id='word_1_497' title='bbox 2217 3188 2411 3243; x_wconf 90' lang='lat' dir='ltr'><strong>eodem</strong></span> <span class='ocrx_word' id='word_1_498' title='bbox 2426 3188 2717 3259; x_wconf 87' lang='lat' dir='ltr'><strong>separavit.</strong></span> <span class='ocrx_word' id='word_1_499' title='bbox 2737 3190 2800 3244; x_wconf 86' lang='lat' dir='ltr'><strong>Et</strong></span> <span class='ocrx_word' id='word_1_500' title='bbox 2818 3188 2907 3246; x_wconf 90' lang='lat' dir='ltr'><strong>cui</strong></span> <span class='ocrx_word' id='word_1_501' title='bbox 2926 3187 3380 3253; x_wconf 84' lang='lat' dir='ltr'><strong>dicitur:&#39;l‘ransi,</strong></span> <span class='ocrx_word' id='word_1_502' title='bbox 3398 3189 3637 3243; x_wconf 78' lang='lat' dir='ltr'><strong>recumbe</strong></span> <span class='ocrx_word' id='word_1_503' title='bbox 3655 3188 3810 3260; x_wconf 79' lang='lat' dir='ltr'><strong>(Luc.</strong></span> 
     </span>
    </p>
   </div>
   <div class='ocr_carea' id='block_1_63' title="bbox 513 3274 2116 3352">
    <p class='ocr_par' dir='ltr' id='par_1_63' title="bbox 513 3274 2116 3352">
     <span class='ocr_line' id='line_1_63' title="bbox 513 3274 2116 3352; baseline -0.006 -14"><span class='ocrx_word' id='word_1_504' title='bbox 513 3285 672 3346; x_wconf 89' lang='lat' dir='ltr'><strong>stius,</strong></span> <span class='ocrx_word' id='word_1_505' title='bbox 689 3280 907 3352; x_wconf 80' lang='lat' dir='ltr'><strong>quando</strong></span> <span class='ocrx_word' id='word_1_506' title='bbox 933 3292 988 3336; x_wconf 93' lang='lat' dir='ltr'><strong>et</strong></span> <span class='ocrx_word' id='word_1_507' title='bbox 1010 3295 1207 3335; x_wconf 88' lang='lat' dir='ltr'><strong>nomen</strong></span> <span class='ocrx_word' id='word_1_508' title='bbox 1230 3292 1549 3347; x_wconf 81' lang='lat' dir='ltr'><strong>expressum</strong></span> <span class='ocrx_word' id='word_1_509' title='bbox 1569 3287 1671 3342; x_wconf 89' lang='lat' dir='ltr'><strong>est,</strong></span> <span class='ocrx_word' id='word_1_510' title='bbox 1687 3286 1742 3331; x_wconf 91' lang='lat' dir='ltr'><strong>et</strong></span> <span class='ocrx_word' id='word_1_511' title='bbox 1753 3274 2116 3344; x_wconf 87' lang='lat' dir='ltr'><strong>comprehen—</strong></span> 
     </span>
    </p>
   </div>
   <div class='ocr_carea' id='block_1_64' title="bbox 519 3370 2115 3444">
    <p class='ocr_par' dir='ltr' id='par_1_64' title="bbox 519 3370 2115 3444">
     <span class='ocr_line' id='line_1_64' title="bbox 519 3370 2115 3444; baseline -0.003 -14"><span class='ocrx_word' id='word_1_512' title='bbox 519 3375 603 3430; x_wconf 88' lang='lat' dir='ltr'><strong>sio</strong></span> <span class='ocrx_word' id='word_1_513' title='bbox 646 3378 788 3429; x_wconf 88' lang='lat' dir='ltr'><strong>inter</strong></span> <span class='ocrx_word' id='word_1_514' title='bbox 815 3390 1009 3429; x_wconf 86' lang='lat' dir='ltr'><strong>manus</strong></span> <span class='ocrx_word' id='word_1_515' title='bbox 1047 3372 1486 3444; x_wconf 86' lang='lat' dir='ltr'><strong>persequentium</strong></span> <span class='ocrx_word' id='word_1_516' title='bbox 1522 3370 1853 3442; x_wconf 79' lang='lat' dir='ltr'><strong>perﬁdorum</strong></span> <span class='ocrx_word' id='word_1_517' title='bbox 1894 3380 1979 3426; x_wconf 90' lang='lat' dir='ltr'><strong>est</strong></span> <span class='ocrx_word' id='word_1_518' title='bbox 2019 3370 2115 3426; x_wconf 89' lang='lat' dir='ltr'><strong>de-</strong></span> 
     </span>
    </p>
   </div>
   <div class='ocr_carea' id='block_1_65' title="bbox 515 3464 2118 3539">
    <p class='ocr_par' dir='ltr' id='par_1_65' title="bbox 515 3464 2118 3539">
     <span class='ocr_line' id='line_1_65' title="bbox 515 3464 2118 3539; baseline -0.003 -15"><span class='ocrx_word' id='word_1_519' title='bbox 515 3468 742 3533; x_wconf 76' lang='lat' dir='ltr'><strong>clarata,</strong></span> <span class='ocrx_word' id='word_1_520' title='bbox 769 3477 824 3522; x_wconf 92' lang='lat' dir='ltr'><strong>et</strong></span> <span class='ocrx_word' id='word_1_521' title='bbox 845 3468 1038 3522; x_wconf 88' lang='lat' dir='ltr'><strong>umbra</strong></span> <span class='ocrx_word' id='word_1_522' title='bbox 1079 3467 1360 3522; x_wconf 86' lang='lat' dir='ltr'><strong>viviticaus</strong></span> <span class='ocrx_word' id='word_1_523' title='bbox 1384 3506 1401 3533; x_wconf 94' lang='lat'><strong>,</strong></span> <span class='ocrx_word' id='word_1_524' title='bbox 1433 3474 1490 3522; x_wconf 92' lang='lat' dir='ltr'><strong>et</strong></span> <span class='ocrx_word' id='word_1_525' title='bbox 1512 3466 1684 3539; x_wconf 89' lang='lat' dir='ltr'><strong>gratia</strong></span> <span class='ocrx_word' id='word_1_526' title='bbox 1711 3464 1960 3538; x_wconf 85' lang='lat' dir='ltr'><strong>gentibus</strong></span> <span class='ocrx_word' id='word_1_527' title='bbox 1988 3478 2118 3520; x_wconf 89' lang='lat' dir='ltr'><strong>con-</strong></span> 
     </span>
    </p>
   </div>
   <div class='ocr_carea' id='block_1_66' title="bbox 518 3557 2059 3629">
    <p class='ocr_par' dir='ltr' id='par_1_66' title="bbox 518 3557 2059 3629">
     <span class='ocr_line' id='line_1_66' title="bbox 518 3557 2059 3629; baseline -0.005 -13"><span class='ocrx_word' id='word_1_528' title='bbox 518 3557 741 3616; x_wconf 72' lang='lat' dir='ltr'><strong>ferenda</strong></span> <span class='ocrx_word' id='word_1_529' title='bbox 773 3557 1049 3629; x_wconf 83' lang='lat' dir='ltr'><strong>descripta</strong></span> <span class='ocrx_word' id='word_1_530' title='bbox 1078 3558 1210 3613; x_wconf 76' lang='lat' dir='ltr'><strong>est?</strong></span> <span class='ocrx_word' id='word_1_531' title='bbox 2054 3602 2059 3609; x_wconf 95' lang='lat'><strong>.</strong></span> 
     </span>
    </p>
   </div>
   <div class='ocr_carea' id='block_1_67' title="bbox 525 3651 2118 3725">
    <p class='ocr_par' dir='ltr' id='par_1_67' title="bbox 525 3651 2118 3725">
     <span class='ocr_line' id='line_1_67' title="bbox 525 3651 2118 3725; baseline -0.004 -14"><span class='ocrx_word' id='word_1_532' title='bbox 525 3663 531 3668; x_wconf 78' lang='lat'><strong><em>&#39;</em></strong></span> <span class='ocrx_word' id='word_1_533' title='bbox 590 3656 645 3711; x_wconf 81' lang='lat'><strong>6.</strong></span> <span class='ocrx_word' id='word_1_534' title='bbox 680 3653 787 3712; x_wconf 85' lang='lat' dir='ltr'><strong>Sed</strong></span> <span class='ocrx_word' id='word_1_535' title='bbox 810 3656 972 3709; x_wconf 86' lang='lat' dir='ltr'><strong>etiam</strong></span> <span class='ocrx_word' id='word_1_536' title='bbox 1003 3653 1117 3723; x_wconf 90' lang='lat' dir='ltr'><strong>ipsa</strong></span> <span class='ocrx_word' id='word_1_537' title='bbox 1143 3653 1305 3709; x_wconf 87' lang='lat' dir='ltr'><strong>verba</strong></span> <span class='ocrx_word' id='word_1_538' title='bbox 1327 3652 1632 3725; x_wconf 89' lang='lat' dir='ltr'><strong>significant</strong></span> <span class='ocrx_word' id='word_1_539' title='bbox 1650 3667 1772 3723; x_wconf 68' lang='lat' dir='ltr'><strong>qua:</strong></span> <span class='ocrx_word' id='word_1_540' title='bbox 1795 3652 1847 3706; x_wconf 90' lang='lat' dir='ltr'><strong>in</strong></span> <span class='ocrx_word' id='word_1_541' title='bbox 1873 3651 2118 3720; x_wconf 81' lang='lat' dir='ltr'><strong>Evange-</strong></span> 
     </span>
    </p>
   </div>
   <div class='ocr_carea' id='block_1_68' title="bbox 516 3743 2119 3817">
    <p class='ocr_par' dir='ltr' id='par_1_68' title="bbox 516 3743 2119 3817">
     <span class='ocr_line' id='line_1_68' title="bbox 516 3743 2119 3817; baseline -0.002 -14"><span class='ocrx_word' id='word_1_542' title='bbox 516 3746 592 3803; x_wconf 86' lang='lat' dir='ltr'><strong>iio</strong></span> <span class='ocrx_word' id='word_1_543' title='bbox 612 3746 681 3801; x_wconf 89' lang='lat' dir='ltr'><strong>de</strong></span> <span class='ocrx_word' id='word_1_544' title='bbox 713 3744 964 3817; x_wconf 81' lang='lat' dir='ltr'><strong>passione</strong></span> <span class='ocrx_word' id='word_1_545' title='bbox 984 3746 1200 3801; x_wconf 84' lang='lat' dir='ltr'><strong>Domini</strong></span> <span class='ocrx_word' id='word_1_546' title='bbox 1243 3746 1471 3817; x_wconf 78' lang='lat' dir='ltr'><strong>legimus</strong></span> <span class='ocrx_word' id='word_1_547' title='bbox 1493 3785 1507 3809; x_wconf 87' lang='lat'><strong>,</strong></span> <span class='ocrx_word' id='word_1_548' title='bbox 1533 3743 1656 3816; x_wconf 90' lang='lat' dir='ltr'><strong>quia</strong></span> <span class='ocrx_word' id='word_1_549' title='bbox 1689 3744 1793 3800; x_wconf 90' lang='lat' dir='ltr'><strong>hoc</strong></span> <span class='ocrx_word' id='word_1_550' title='bbox 1819 3745 1941 3798; x_wconf 87' lang='lat' dir='ltr'><strong>loco</strong></span> <span class='ocrx_word' id='word_1_551' title='bbox 1972 3759 2119 3799; x_wconf 88' lang='lat' dir='ltr'><strong>mors</strong></span> 
     </span>
    </p>
   </div>
   <div class='ocr_carea' id='block_1_69' title="bbox 514 3837 2121 3911">
    <p class='ocr_par' dir='ltr' id='par_1_69' title="bbox 514 3837 2121 3911">
     <span class='ocr_line' id='line_1_69' title="bbox 514 3837 2121 3911; baseline -0.002 -15"><span class='ocrx_word' id='word_1_552' title='bbox 514 3840 636 3911; x_wconf 77' lang='lat' dir='ltr'><strong>ejus</strong></span> <span class='ocrx_word' id='word_1_553' title='bbox 652 3840 967 3895; x_wconf 87' lang='lat' dir='ltr'><strong>annuntiata</strong></span> <span class='ocrx_word' id='word_1_554' title='bbox 982 3848 1066 3894; x_wconf 90' lang='lat' dir='ltr'><strong>est</strong></span> <span class='ocrx_word' id='word_1_555' title='bbox 1093 3854 1187 3910; x_wconf 89' lang='lat' dir='ltr'><strong>per</strong></span> <span class='ocrx_word' id='word_1_556' title='bbox 1210 3838 1557 3907; x_wconf 69' lang='lat' dir='ltr'><strong>Prolihctam.</strong></span> <span class='ocrx_word' id='word_1_557' title='bbox 1575 3838 1663 3896; x_wconf 76' lang='lat' dir='ltr'><strong>Sic</strong></span> <span class='ocrx_word' id='word_1_558' title='bbox 1677 3838 1820 3892; x_wconf 92' lang='lat' dir='ltr'><strong>enim</strong></span> <span class='ocrx_word' id='word_1_559' title='bbox 1839 3837 2121 3892; x_wconf 70' lang='lat' dir='ltr'><strong>Matthaans</strong></span> 
     </span>
    </p>
   </div>
   <div class='ocr_carea' id='block_1_70' title="bbox 514 3929 2120 4003">
    <p class='ocr_par' dir='ltr' id='par_1_70' title="bbox 514 3929 2120 4003">
     <span class='ocr_line' id='line_1_70' title="bbox 514 3929 2120 4003; baseline -0.005 -14"><span class='ocrx_word' id='word_1_560' title='bbox 514 3929 1109 4003; x_wconf 65' lang='lat' dir='ltr'><strong>scripsitﬂ&#39;rauseuntes</strong></span> <span class='ocrx_word' id='word_1_561' title='bbox 1138 3940 1311 3985; x_wconf 84' lang='lat' dir='ltr'><strong>autent</strong></span> <span class='ocrx_word' id='word_1_562' title='bbox 1333 3930 1754 3999; x_wconf 80' lang='lat' dir='ltr'><strong>blaspltemabant</strong></span> <span class='ocrx_word' id='word_1_563' title='bbox 1772 3944 2120 3992; x_wconf 83' lang='lat' dir='ltr'><strong>eum,moven-</strong></span> 
     </span>
    </p>
   </div>
   <div class='ocr_carea' id='block_1_71' title="bbox 516 4022 2123 4096">
    <p class='ocr_par' dir='ltr' id='par_1_71' title="bbox 516 4022 2123 4096">
     <span class='ocr_line' id='line_1_71' title="bbox 516 4022 2123 4096; baseline -0.002 -17"><span class='ocrx_word' id='word_1_564' title='bbox 516 4035 593 4080; x_wconf 90' lang='lat' dir='ltr'><strong>tes</strong></span> <span class='ocrx_word' id='word_1_565' title='bbox 617 4027 789 4096; x_wconf 83' lang='lat' dir='ltr'><strong>capita</strong></span> <span class='ocrx_word' id='word_1_566' title='bbox 815 4042 934 4091; x_wconf 88' lang='lat' dir='ltr'><strong>sua,</strong></span> <span class='ocrx_word' id='word_1_567' title='bbox 965 4034 1009 4079; x_wconf 89' lang='lat' dir='ltr'><strong>et</strong></span> <span class='ocrx_word' id='word_1_568' title='bbox 1033 4025 1255 4079; x_wconf 87' lang='lat' dir='ltr'><strong>dicentes</strong></span> <span class='ocrx_word' id='word_1_569' title='bbox 1273 4042 1292 4079; x_wconf 93' lang='lat'><strong><em>:</em></strong></span> <span class='ocrx_word' id='word_1_570' title='bbox 1324 4023 1438 4078; x_wconf 84' lang='lat' dir='ltr'><strong>Vah</strong></span> <span class='ocrx_word' id='word_1_571' title='bbox 1459 4024 1549 4093; x_wconf 88' lang='lat' dir='ltr'><strong>qui</strong></span> <span class='ocrx_word' id='word_1_572' title='bbox 1562 4022 1855 4078; x_wconf 81' lang='lat' dir='ltr'><strong>destruebat</strong></span> <span class='ocrx_word' id='word_1_573' title='bbox 1877 4022 2123 4095; x_wconf 84' lang='lat' dir='ltr'><strong>templum</strong></span> 
     </span>
    </p>
   </div>
   <div class='ocr_carea' id='block_1_72' title="bbox 522 4116 2127 4185">
    <p class='ocr_par' dir='ltr' id='par_1_72' title="bbox 522 4116 2127 4185">
     <span class='ocr_line' id='line_1_72' title="bbox 522 4116 2127 4185; baseline -0.001 -14"><span class='ocrx_word' id='word_1_574' title='bbox 522 4116 640 4183; x_wconf 87' lang='lat' dir='ltr'><strong>Dei,</strong></span> <span class='ocrx_word' id='word_1_575' title='bbox 661 4128 706 4169; x_wconf 87' lang='lat' dir='ltr'><strong>et</strong></span> <span class='ocrx_word' id='word_1_576' title='bbox 726 4118 781 4170; x_wconf 87' lang='lat' dir='ltr'><strong>in</strong></span> <span class='ocrx_word' id='word_1_577' title='bbox 809 4118 982 4170; x_wconf 87' lang='lat' dir='ltr'><strong>triduo</strong></span> <span class='ocrx_word' id='word_1_578' title='bbox 1011 4117 1146 4171; x_wconf 85' lang='lat' dir='ltr'><strong>illud</strong></span> <span class='ocrx_word' id='word_1_579' title='bbox 1169 4117 1557 4183; x_wconf 74' lang='lat' dir='ltr'><strong>rcmdiﬁcabat!</strong></span> <span class='ocrx_word' id='word_1_580' title='bbox 1586 4116 1771 4171; x_wconf 86' lang='lat' dir='ltr'><strong>Libera</strong></span> <span class='ocrx_word' id='word_1_581' title='bbox 1802 4127 1869 4183; x_wconf 89' lang='lat' dir='ltr'><strong>te,</strong></span> <span class='ocrx_word' id='word_1_582' title='bbox 1899 4118 1944 4170; x_wconf 85' lang='lat' dir='ltr'><strong>si</strong></span> <span class='ocrx_word' id='word_1_583' title='bbox 1986 4116 2127 4185; x_wconf 82' lang='lat' dir='ltr'><strong>ﬁlius</strong></span> 
     </span>
    </p>
   </div>
   <div class='ocr_carea' id='block_1_73' title="bbox 519 4208 2124 4285">
    <p class='ocr_par' dir='ltr' id='par_1_73' title="bbox 519 4208 2124 4285">
     <span class='ocr_line' id='line_1_73' title="bbox 519 4208 2124 4285; baseline 0.003 -21"><span class='ocrx_word' id='word_1_584' title='bbox 519 4208 620 4264; x_wconf 87' lang='lat' dir='ltr'><strong>Dei</strong></span> <span class='ocrx_word' id='word_1_585' title='bbox 642 4226 694 4263; x_wconf 85' lang='lat' dir='ltr'><strong>es</strong></span> <span class='ocrx_word' id='word_1_586' title='bbox 718 4209 933 4283; x_wconf 81' lang='lat' dir='ltr'><strong>(Matth.</strong></span> <span class='ocrx_word' id='word_1_587' title='bbox 965 4225 1132 4274; x_wconf 79' lang='lat' dir='ltr'><strong>xxvtt,</strong></span> <span class='ocrx_word' id='word_1_588' title='bbox 1161 4209 1231 4265; x_wconf 79' lang='lat'><strong>39</strong></span> <span class='ocrx_word' id='word_1_589' title='bbox 1253 4220 1299 4263; x_wconf 89' lang='lat' dir='ltr'><strong>et</strong></span> <span class='ocrx_word' id='word_1_590' title='bbox 1327 4208 1442 4278; x_wconf 77' lang='lat'><strong>40).</strong></span> <span class='ocrx_word' id='word_1_591' title='bbox 1461 4208 1669 4279; x_wconf 79' lang='lat' dir='ltr'><strong>Vulgus</strong></span> <span class='ocrx_word' id='word_1_592' title='bbox 1700 4211 1879 4280; x_wconf 86' lang='lat' dir='ltr'><strong>populi</strong></span> <span class='ocrx_word' id='word_1_593' title='bbox 1911 4210 2124 4285; x_wconf 73' lang='lat'><strong>1159</strong></span> 
     </span>
    </p>
   </div>
   <div class='ocr_carea' id='block_1_74' title="bbox 516 4300 2119 4370">
    <p class='ocr_par' dir='ltr' id='par_1_74' title="bbox 516 4300 2119 4370">
     <span class='ocr_line' id='line_1_74' title="bbox 516 4300 2119 4370; baseline -0.002 -12"><span class='ocrx_word' id='word_1_594' title='bbox 516 4317 642 4358; x_wconf 86' lang='lat' dir='ltr'><strong>cum</strong></span> <span class='ocrx_word' id='word_1_595' title='bbox 676 4301 900 4356; x_wconf 85' lang='lat' dir='ltr'><strong>insultat</strong></span> <span class='ocrx_word' id='word_1_596' title='bbox 948 4300 1143 4369; x_wconf 90' lang='lat' dir='ltr'><strong>alicui,</strong></span> <span class='ocrx_word' id='word_1_597' title='bbox 1191 4301 1417 4356; x_wconf 86' lang='lat' dir='ltr'><strong>sibilare</strong></span> <span class='ocrx_word' id='word_1_598' title='bbox 1442 4300 1744 4355; x_wconf 86' lang='lat' dir='ltr'><strong>consuevit.</strong></span> <span class='ocrx_word' id='word_1_599' title='bbox 1796 4300 1966 4355; x_wconf 88' lang='lat' dir='ltr'><strong>Simul</strong></span> <span class='ocrx_word' id='word_1_600' title='bbox 1996 4304 2119 4370; x_wconf 90' lang='lat' dir='ltr'><strong>quia</strong></span> 
     </span>
    </p>
   </div>
   <div class='ocr_carea' id='block_1_75' title="bbox 527 4390 2125 4463">
    <p class='ocr_par' dir='ltr' id='par_1_75' title="bbox 527 4390 2125 4463">
     <span class='ocr_line' id='line_1_75' title="bbox 527 4390 2125 4463; baseline -0.001 -15"><span class='ocrx_word' id='word_1_601' title='bbox 527 4410 718 4450; x_wconf 80' lang='lat' dir='ltr'><strong>vocem</strong></span> <span class='ocrx_word' id='word_1_602' title='bbox 742 4410 849 4448; x_wconf 92' lang='lat' dir='ltr'><strong>non</strong></span> <span class='ocrx_word' id='word_1_603' title='bbox 879 4393 1172 4454; x_wconf 88' lang='lat' dir='ltr'><strong>habebant,</strong></span> <span class='ocrx_word' id='word_1_604' title='bbox 1201 4394 1292 4463; x_wconf 88' lang='lat' dir='ltr'><strong>qui</strong></span> <span class='ocrx_word' id='word_1_605' title='bbox 1310 4391 1543 4447; x_wconf 87' lang='lat' dir='ltr'><strong>Verbum</strong></span> <span class='ocrx_word' id='word_1_606' title='bbox 1577 4390 1867 4461; x_wconf 79' lang='lat' dir='ltr'><strong>negabant,</strong></span> <span class='ocrx_word' id='word_1_607' title='bbox 1894 4391 2033 4445; x_wconf 88' lang='lat' dir='ltr'><strong>sicut</strong></span> <span class='ocrx_word' id='word_1_608' title='bbox 2055 4391 2125 4446; x_wconf 89' lang='lat' dir='ltr'><strong>ir-</strong></span> 
     </span>
    </p>
   </div>
   <div class='ocr_carea' id='block_1_76' title="bbox 521 4481 2126 4559">
    <p class='ocr_par' dir='ltr' id='par_1_76' title="bbox 521 4481 2126 4559">
     <span class='ocr_line' id='line_1_76' title="bbox 521 4481 2126 4559; baseline -0.004 -16"><span class='ocrx_word' id='word_1_609' title='bbox 521 4485 868 4559; x_wconf 81' lang='lat' dir='ltr'><strong>rationabilia</strong></span> <span class='ocrx_word' id='word_1_610' title='bbox 900 4484 1161 4540; x_wconf 88' lang='lat' dir='ltr'><strong>animalia</strong></span> <span class='ocrx_word' id='word_1_611' title='bbox 1187 4483 1497 4539; x_wconf 84' lang='lat' dir='ltr'><strong>sibilabant.</strong></span> <span class='ocrx_word' id='word_1_612' title='bbox 1547 4482 1778 4537; x_wconf 39' lang='lat' dir='ltr'><strong>Et‘ideo</strong></span> <span class='ocrx_word' id='word_1_613' title='bbox 1821 4481 2126 4537; x_wconf 88' lang='lat' dir='ltr'><strong>transibant</strong></span> 
     </span>
    </p>
   </div>
   <div class='ocr_carea' id='block_1_77' title="bbox 2220 3281 3817 3352">
    <p class='ocr_par' dir='ltr' id='par_1_77' title="bbox 2220 3281 3817 3352">
     <span class='ocr_line' id='line_1_77' title="bbox 2220 3281 3817 3352; baseline -0.001 -16"><span class='ocrx_word' id='word_1_614' title='bbox 2220 3297 2353 3348; x_wconf 79' lang='lat' dir='ltr'><strong>xvn,</strong></span> <span class='ocrx_word' id='word_1_615' title='bbox 2377 3281 2454 3351; x_wconf 78' lang='grc' dir='ltr'><strong>τ),</strong></span> <span class='ocrx_word' id='word_1_616' title='bbox 2487 3281 2671 3337; x_wconf 82' lang='lat' dir='ltr'><strong>evadit</strong></span> <span class='ocrx_word' id='word_1_617' title='bbox 2696 3285 2880 3352; x_wconf 89' lang='lat' dir='ltr'><strong>utique</strong></span> <span class='ocrx_word' id='word_1_618' title='bbox 2907 3282 3232 3338; x_wconf 79' lang='lat' dir='ltr'><strong>laboriOSam</strong></span> <span class='ocrx_word' id='word_1_619' title='bbox 3265 3286 3617 3352; x_wconf 65' lang='lat' dir='ltr'><strong>pra-sentiunt</strong></span> <span class='ocrx_word' id='word_1_620' title='bbox 3649 3283 3817 3340; x_wconf 82' lang='lat' dir='ltr'><strong>servi-</strong></span> 
     </span>
    </p>
   </div>
   <div class='ocr_carea' id='block_1_78' title="bbox 2220 3373 3823 3447">
    <p class='ocr_par' dir='ltr' id='par_1_78' title="bbox 2220 3373 3823 3447">
     <span class='ocr_line' id='line_1_78' title="bbox 2220 3373 3823 3447; baseline 0 -18"><span class='ocrx_word' id='word_1_621' title='bbox 2220 3382 2422 3441; x_wconf 91' lang='lat' dir='ltr'><strong>tutem;</strong></span> <span class='ocrx_word' id='word_1_622' title='bbox 2449 3383 2507 3429; x_wconf 93' lang='lat' dir='ltr'><strong>ut</strong></span> <span class='ocrx_word' id='word_1_623' title='bbox 2537 3374 2731 3431; x_wconf 85' lang='lat' dir='ltr'><strong>habeat</strong></span> <span class='ocrx_word' id='word_1_624' title='bbox 2757 3373 3050 3445; x_wconf 87' lang='lat' dir='ltr'><strong>gloriosam</strong></span> <span class='ocrx_word' id='word_1_625' title='bbox 3103 3375 3403 3430; x_wconf 83' lang='lat' dir='ltr'><strong>futurorum</strong></span> <span class='ocrx_word' id='word_1_626' title='bbox 3444 3376 3712 3447; x_wconf 88' lang='lat' dir='ltr'><strong>quietem.</strong></span> <span class='ocrx_word' id='word_1_627' title='bbox 3760 3373 3823 3430; x_wconf 79' lang='lat' dir='ltr'><strong>Et</strong></span> 
     </span>
    </p>
   </div>
   <div class='ocr_carea' id='block_1_79' title="bbox 2218 3466 3823 3538">
    <p class='ocr_par' dir='ltr' id='par_1_79' title="bbox 2218 3466 3823 3538">
     <span class='ocr_line' id='line_1_79' title="bbox 2218 3466 3823 3538; baseline -0.001 -13"><span class='ocrx_word' id='word_1_628' title='bbox 2218 3466 2445 3536; x_wconf 78' lang='lat' dir='ltr'><strong>Sponsa:</strong></span> <span class='ocrx_word' id='word_1_629' title='bbox 2494 3468 2724 3524; x_wconf 90' lang='lat' dir='ltr'><strong>dicitur:</strong></span> <span class='ocrx_word' id='word_1_630' title='bbox 2759 3467 2896 3522; x_wconf 85' lang='lat' dir='ltr'><strong>Ades</strong></span> <span class='ocrx_word' id='word_1_631' title='bbox 2935 3466 3038 3522; x_wconf 81' lang='lat' dir='ltr'><strong>huc</strong></span> <span class='ocrx_word' id='word_1_632' title='bbox 3082 3486 3115 3524; x_wconf 93' lang='lat' dir='ltr'><strong>a</strong></span> <span class='ocrx_word' id='word_1_633' title='bbox 3141 3468 3370 3532; x_wconf 84' lang='lat' dir='ltr'><strong>Libano.</strong></span> <span class='ocrx_word' id='word_1_634' title='bbox 3401 3469 3653 3538; x_wconf 85' lang='lat' dir='ltr'><strong>Sponsa,</strong></span> <span class='ocrx_word' id='word_1_635' title='bbox 3705 3468 3823 3524; x_wconf 83' lang='lat' dir='ltr'><strong>ades</strong></span> 
     </span>
    </p>
   </div>
   <div class='ocr_carea' id='block_1_80' title="bbox 2221 3559 3822 3635">
    <p class='ocr_par' dir='ltr' id='par_1_80' title="bbox 2221 3559 3822 3635">
     <span class='ocr_line' id='line_1_80' title="bbox 2221 3559 3822 3635; baseline -0.001 -19"><span class='ocrx_word' id='word_1_636' title='bbox 2221 3561 2322 3616; x_wconf 80' lang='lat' dir='ltr'><strong>huc</strong></span> <span class='ocrx_word' id='word_1_637' title='bbox 2352 3578 2382 3613; x_wconf 83' lang='grc' dir='ltr'><em>α</em></span> <span class='ocrx_word' id='word_1_638' title='bbox 2412 3560 2628 3625; x_wconf 87' lang='lat' dir='ltr'><strong>Libano,</strong></span> <span class='ocrx_word' id='word_1_639' title='bbox 2656 3561 2897 3615; x_wconf 77' lang='lat' dir='ltr'><strong>transibis</strong></span> <span class='ocrx_word' id='word_1_640' title='bbox 2918 3570 2965 3614; x_wconf 90' lang='lat' dir='ltr'><strong>et</strong></span> <span class='ocrx_word' id='word_1_641' title='bbox 2989 3561 3326 3632; x_wconf 83' lang='lat' dir='ltr'><strong>pertransibis</strong></span> <span class='ocrx_word' id='word_1_642' title='bbox 3352 3578 3383 3615; x_wconf 91' lang='lat' dir='ltr'><strong>a</strong></span> <span class='ocrx_word' id='word_1_643' title='bbox 3409 3561 3674 3634; x_wconf 83' lang='lat' dir='ltr'><strong>principio</strong></span> <span class='ocrx_word' id='word_1_644' title='bbox 3703 3559 3822 3635; x_wconf 68' lang='lat' dir='ltr'><strong>ﬁdei</strong></span> 
     </span>
    </p>
   </div>
   <div class='ocr_carea' id='block_1_81' title="bbox 2222 3650 3823 3727">
    <p class='ocr_par' dir='ltr' id='par_1_81' title="bbox 2222 3650 3823 3727">
     <span class='ocr_line' id='line_1_81' title="bbox 2222 3650 3823 3727; baseline -0.001 -18"><span class='ocrx_word' id='word_1_645' title='bbox 2222 3650 2787 3725; x_wconf 85' lang='lat' dir='ltr'><strong>(Cant.tv,8).&#39;l‘ransit</strong></span> <span class='ocrx_word' id='word_1_646' title='bbox 2807 3664 2857 3708; x_wconf 89' lang='lat' dir='ltr'><strong>et</strong></span> <span class='ocrx_word' id='word_1_647' title='bbox 2880 3653 3320 3724; x_wconf 70' lang='lat' dir='ltr'><strong>pertransit,quae</strong></span> <span class='ocrx_word' id='word_1_648' title='bbox 3338 3653 3556 3708; x_wconf 80' lang='lat' dir='ltr'><strong>festinat</strong></span> <span class='ocrx_word' id='word_1_649' title='bbox 3570 3652 3641 3708; x_wconf 84' lang='lat' dir='ltr'><strong>ad</strong></span> <span class='ocrx_word' id='word_1_650' title='bbox 3657 3654 3823 3727; x_wconf 83' lang='lat' dir='ltr'><strong>Spon-</strong></span> 
     </span>
    </p>
   </div>
   <div class='ocr_carea' id='block_1_82' title="bbox 2222 3745 3755 3812">
    <p class='ocr_par' dir='ltr' id='par_1_82' title="bbox 2222 3745 3755 3812">
     <span class='ocr_line' id='line_1_82' title="bbox 2222 3745 3755 3812; baseline 0 -12"><span class='ocrx_word' id='word_1_651' title='bbox 2222 3760 2362 3800; x_wconf 91' lang='lat' dir='ltr'><strong>sum.</strong></span> <span class='ocrx_word' id='word_1_652' title='bbox 2396 3746 2697 3801; x_wconf 78' lang='lat' dir='ltr'><strong>Pertransit</strong></span> <span class='ocrx_word' id='word_1_653' title='bbox 2723 3745 3003 3812; x_wconf 68' lang='lat' dir='ltr'><strong>saeculum,</strong></span> <span class='ocrx_word' id='word_1_654' title='bbox 3032 3755 3087 3801; x_wconf 93' lang='lat' dir='ltr'><strong>et</strong></span> <span class='ocrx_word' id='word_1_655' title='bbox 3114 3746 3336 3801; x_wconf 77' lang='lat' dir='ltr'><strong>feSIinat</strong></span> <span class='ocrx_word' id='word_1_656' title='bbox 3361 3745 3427 3802; x_wconf 89' lang='lat' dir='ltr'><strong>ad</strong></span> <span class='ocrx_word' id='word_1_657' title='bbox 3453 3746 3755 3802; x_wconf 82' lang='lat' dir='ltr'><strong>Christum.</strong></span> 
     </span>
    </p>
   </div>
   <div class='ocr_carea' id='block_1_83' title="bbox 2294 3837 3824 3909">
    <p class='ocr_par' dir='ltr' id='par_1_83' title="bbox 2294 3837 3824 3909">
     <span class='ocr_line' id='line_1_83' title="bbox 2294 3837 3824 3909; baseline 0 -17"><span class='ocrx_word' id='word_1_658' title='bbox 2294 3838 2347 3892; x_wconf 90' lang='lat'><strong>8.</strong></span> <span class='ocrx_word' id='word_1_659' title='bbox 2389 3837 2540 3892; x_wconf 81' lang='lat' dir='ltr'><strong>Nune</strong></span> <span class='ocrx_word' id='word_1_660' title='bbox 2569 3837 2925 3893; x_wconf 88' lang='lat' dir='ltr'><strong>discutiamus</strong></span> <span class='ocrx_word' id='word_1_661' title='bbox 2953 3837 3081 3908; x_wconf 90' lang='lat' dir='ltr'><strong>quid</strong></span> <span class='ocrx_word' id='word_1_662' title='bbox 3130 3840 3200 3894; x_wconf 87' lang='lat' dir='ltr'><strong>sit</strong></span> <span class='ocrx_word' id='word_1_663' title='bbox 3227 3853 3447 3894; x_wconf 86' lang='lat' dir='ltr'><strong>movere</strong></span> <span class='ocrx_word' id='word_1_664' title='bbox 3474 3847 3663 3909; x_wconf 83' lang='lat' dir='ltr'><strong>caput.</strong></span> <span class='ocrx_word' id='word_1_665' title='bbox 3695 3837 3824 3905; x_wconf 81' lang='lat' dir='ltr'><strong>Quis</strong></span> 
     </span>
    </p>
   </div>
   <div class='ocr_carea' id='block_1_84' title="bbox 2224 3929 3855 4003">
    <p class='ocr_par' dir='ltr' id='par_1_84' title="bbox 2224 3929 3855 4003">
     <span class='ocr_line' id='line_1_84' title="bbox 2224 3929 3855 4003; baseline -0.001 -17"><span class='ocrx_word' id='word_1_666' title='bbox 2224 3940 2311 3987; x_wconf 89' lang='lat' dir='ltr'><strong>est</strong></span> <span class='ocrx_word' id='word_1_667' title='bbox 2343 3932 2524 4002; x_wconf 82' lang='lat' dir='ltr'><strong>populi</strong></span> <span class='ocrx_word' id='word_1_668' title='bbox 2551 3942 2735 4001; x_wconf 88' lang='lat' dir='ltr'><strong>caput,</strong></span> <span class='ocrx_word' id='word_1_669' title='bbox 2768 3929 2871 3985; x_wconf 90' lang='lat' dir='ltr'><strong>nisi</strong></span> <span class='ocrx_word' id='word_1_670' title='bbox 2901 3930 3187 3986; x_wconf 74' lang='lat' dir='ltr'><strong>Christus?</strong></span> <span class='ocrx_word' id='word_1_671' title='bbox 3211 3929 3377 4003; x_wconf 87' lang='lat' dir='ltr'><strong>Caput</strong></span> <span class='ocrx_word' id='word_1_672' title='bbox 3403 3930 3548 3985; x_wconf 86' lang='lat' dir='ltr'><strong>enim</strong></span> <span class='ocrx_word' id='word_1_673' title='bbox 3590 3930 3855 3985; x_wconf 80' lang='lat' dir='ltr'><strong>mulieris&#39;</strong></span> 
     </span>
    </p>
   </div>
   <div class='ocr_carea' id='block_1_85' title="bbox 2223 4019 3820 4096">
    <p class='ocr_par' dir='ltr' id='par_1_85' title="bbox 2223 4019 3820 4096">
     <span class='ocr_line' id='line_1_85' title="bbox 2223 4019 3820 4096; baseline -0.003 -18"><span class='ocrx_word' id='word_1_674' title='bbox 2223 4026 2319 4090; x_wconf 81' lang='lat' dir='ltr'><strong>vir,</strong></span> <span class='ocrx_word' id='word_1_675' title='bbox 2355 4034 2511 4096; x_wconf 87' lang='lat' dir='ltr'><strong>caput</strong></span> <span class='ocrx_word' id='word_1_676' title='bbox 2529 4032 2699 4078; x_wconf 87' lang='lat' dir='ltr'><strong>autem</strong></span> <span class='ocrx_word' id='word_1_677' title='bbox 2722 4023 2817 4077; x_wconf 76' lang='lat' dir='ltr'><strong>uiri</strong></span> <span class='ocrx_word' id='word_1_678' title='bbox 2838 4019 3074 4077; x_wconf 81' lang='lat' dir='ltr'><strong>Christus</strong></span> <span class='ocrx_word' id='word_1_679' title='bbox 3098 4021 3152 4093; x_wconf 85' lang='grc' dir='ltr'><strong>(Ι</strong></span> <span class='ocrx_word' id='word_1_680' title='bbox 3178 4021 3300 4077; x_wconf 88' lang='lat' dir='ltr'><strong>Cor.</strong></span> <span class='ocrx_word' id='word_1_681' title='bbox 3327 4037 3403 4085; x_wconf 74' lang='lat' dir='ltr'><strong>xu.</strong></span> <span class='ocrx_word' id='word_1_682' title='bbox 3432 4020 3512 4093; x_wconf 81' lang='lat'><strong>3).</strong></span> <span class='ocrx_word' id='word_1_683' title='bbox 3532 4021 3646 4078; x_wconf 87' lang='lat' dir='ltr'><strong>Sed</strong></span> <span class='ocrx_word' id='word_1_684' title='bbox 3660 4022 3820 4077; x_wconf 81' lang='lat' dir='ltr'><strong>etiam</strong></span> 
     </span>
    </p>
   </div>
   <div class='ocr_carea' id='block_1_86' title="bbox 2226 4112 3825 4185">
    <p class='ocr_par' dir='ltr' id='par_1_86' title="bbox 2226 4112 3825 4185">
     <span class='ocr_line' id='line_1_86' title="bbox 2226 4112 3825 4185; baseline -0.001 -16"><span class='ocrx_word' id='word_1_685' title='bbox 2226 4115 2337 4169; x_wconf 79' lang='lat' dir='ltr'><strong>Lex</strong></span> <span class='ocrx_word' id='word_1_686' title='bbox 2361 4124 2521 4184; x_wconf 89' lang='lat' dir='ltr'><strong>caput</strong></span> <span class='ocrx_word' id='word_1_687' title='bbox 2557 4113 2910 4185; x_wconf 86' lang='lat' dir='ltr'><strong>intelligibilis</strong></span> <span class='ocrx_word' id='word_1_688' title='bbox 2937 4112 3205 4168; x_wconf 86' lang='lat' dir='ltr'><strong>mulieris.</strong></span> <span class='ocrx_word' id='word_1_689' title='bbox 3237 4113 3483 4183; x_wconf 85' lang='lat' dir='ltr'><strong>Denique</strong></span> <span class='ocrx_word' id='word_1_690' title='bbox 3502 4114 3713 4170; x_wconf 88' lang='lat' dir='ltr'><strong>mulier</strong></span> <span class='ocrx_word' id='word_1_691' title='bbox 3730 4113 3825 4169; x_wconf 76' lang='lat' dir='ltr'><strong>sub</strong></span> 
     </span>
    </p>
   </div>
   <div class='ocr_carea' id='block_1_87' title="bbox 2225 4203 3826 4277">
    <p class='ocr_par' dir='ltr' id='par_1_87' title="bbox 2225 4203 3826 4277">
     <span class='ocr_line' id='line_1_87' title="bbox 2225 4203 3826 4277; baseline -0.002 -16"><span class='ocrx_word' id='word_1_692' title='bbox 2225 4206 2371 4277; x_wconf 74' lang='lat' dir='ltr'><strong>Lege</strong></span> <span class='ocrx_word' id='word_1_693' title='bbox 2424 4216 2696 4275; x_wconf 87' lang='lat' dir='ltr'><strong>tamquam</strong></span> <span class='ocrx_word' id='word_1_694' title='bbox 2743 4205 2846 4260; x_wconf 86' lang='lat' dir='ltr'><strong>sub</strong></span> <span class='ocrx_word' id='word_1_695' title='bbox 2885 4204 3002 4259; x_wconf 88' lang='lat' dir='ltr'><strong>viro</strong></span> <span class='ocrx_word' id='word_1_696' title='bbox 3030 4203 3153 4259; x_wconf 82' lang='lat' dir='ltr'><strong>fuit.</strong></span> <span class='ocrx_word' id='word_1_697' title='bbox 3190 4204 3507 4260; x_wconf 78' lang='lat' dir='ltr'><strong>Mortificato</strong></span> <span class='ocrx_word' id='word_1_698' title='bbox 3536 4215 3730 4261; x_wconf 85' lang='lat' dir='ltr'><strong>autem</strong></span> <span class='ocrx_word' id='word_1_699' title='bbox 3757 4206 3826 4260; x_wconf 84' lang='lat' dir='ltr'><strong>ri-</strong></span> 
     </span>
    </p>
   </div>
   <div class='ocr_carea' id='block_1_88' title="bbox 2228 4294 3898 4370">
    <p class='ocr_par' dir='ltr' id='par_1_88' title="bbox 2228 4294 3898 4370">
     <span class='ocr_line' id='line_1_88' title="bbox 2228 4294 3898 4370; baseline -0.001 -16"><span class='ocrx_word' id='word_1_700' title='bbox 2228 4309 2285 4354; x_wconf 88' lang='lat' dir='ltr'><strong>tu</strong></span> <span class='ocrx_word' id='word_1_701' title='bbox 2311 4297 2537 4354; x_wconf 85' lang='lat' dir='ltr'><strong>.Iudaico</strong></span> <span class='ocrx_word' id='word_1_702' title='bbox 2558 4298 2648 4369; x_wconf 92' lang='lat' dir='ltr'><strong>qui</strong></span> <span class='ocrx_word' id='word_1_703' title='bbox 2672 4308 2790 4352; x_wconf 90' lang='lat' dir='ltr'><strong>erat</strong></span> <span class='ocrx_word' id='word_1_704' title='bbox 2810 4296 3110 4353; x_wconf 80' lang='lat' dir='ltr'><strong>secundum</strong></span> <span class='ocrx_word' id='word_1_705' title='bbox 3128 4297 3363 4353; x_wconf 80' lang='lat' dir='ltr'><strong>litteram</strong></span> <span class='ocrx_word' id='word_1_706' title='bbox 3384 4295 3563 4369; x_wconf 73' lang='lat' dir='ltr'><strong>chis,</strong></span> <span class='ocrx_word' id='word_1_707' title='bbox 3587 4298 3829 4370; x_wconf 81' lang='lat' dir='ltr'><strong>innupsit</strong></span> <span class='ocrx_word' id='word_1_708' title='bbox 3894 4294 3898 4298; x_wconf 74' lang='grc'><em>’</em></span> 
     </span>
    </p>
   </div>
   <div class='ocr_carea' id='block_1_89' title="bbox 2228 4390 3831 4464">
    <p class='ocr_par' dir='ltr' id='par_1_89' title="bbox 2228 4390 3831 4464">
     <span class='ocr_line' id='line_1_89' title="bbox 2228 4390 3831 4464; baseline -0.001 -14"><span class='ocrx_word' id='word_1_709' title='bbox 2228 4395 2277 4450; x_wconf 90' lang='lat' dir='ltr'><strong>ei</strong></span> <span class='ocrx_word' id='word_1_710' title='bbox 2308 4393 2507 4449; x_wconf 81' lang='lat' dir='ltr'><strong>mulier</strong></span> <span class='ocrx_word' id='word_1_711' title='bbox 2521 4392 2610 4464; x_wconf 85' lang='lat' dir='ltr'><strong>qui</strong></span> <span class='ocrx_word' id='word_1_712' title='bbox 2641 4408 2670 4448; x_wconf 89' lang='lat' dir='ltr'><strong>a</strong></span> <span class='ocrx_word' id='word_1_713' title='bbox 2694 4392 2920 4448; x_wconf 85' lang='lat' dir='ltr'><strong>mortuis</strong></span> <span class='ocrx_word' id='word_1_714' title='bbox 2936 4392 3255 4448; x_wconf 78' lang='lat' dir='ltr'><strong>resurrexit.</strong></span> <span class='ocrx_word' id='word_1_715' title='bbox 3277 4390 3434 4447; x_wconf 83' lang='lat' dir='ltr'><strong>Unde</strong></span> <span class='ocrx_word' id='word_1_716' title='bbox 3449 4392 3675 4463; x_wconf 87' lang='lat' dir='ltr'><strong>quidam</strong></span> <span class='ocrx_word' id='word_1_717' title='bbox 3692 4408 3831 4464; x_wconf 81' lang='lat' dir='ltr'><strong>mys-</strong></span> 
     </span>
    </p>
   </div>
   <div class='ocr_carea' id='block_1_90' title="bbox 2226 4483 3828 4557">
    <p class='ocr_par' dir='ltr' id='par_1_90' title="bbox 2226 4483 3828 4557">
     <span class='ocr_line' id='line_1_90' title="bbox 2226 4483 3828 4557; baseline 0.001 -17"><span class='ocrx_word' id='word_1_718' title='bbox 2226 4488 2336 4542; x_wconf 85' lang='lat' dir='ltr'><strong>tice</strong></span> <span class='ocrx_word' id='word_1_719' title='bbox 2367 4486 2730 4555; x_wconf 89' lang='lat' dir='ltr'><strong>interpretati,</strong></span> <span class='ocrx_word' id='word_1_720' title='bbox 2761 4486 3089 4541; x_wconf 86' lang='lat' dir='ltr'><strong>mortificato</strong></span> <span class='ocrx_word' id='word_1_721' title='bbox 3114 4487 3219 4541; x_wconf 90' lang='lat' dir='ltr'><strong>ritu</strong></span> <span class='ocrx_word' id='word_1_722' title='bbox 3241 4483 3488 4549; x_wconf 64' lang='lat' dir='ltr'><strong>Iudaico,</strong></span> <span class='ocrx_word' id='word_1_723' title='bbox 3513 4495 3828 4557; x_wconf 73' lang='lat' dir='ltr'><strong>etamquam</strong></span> 
     </span>
    </p>
   </div>
   <div class='ocr_carea' id='block_1_91' title="bbox 521 4563 3830 4649">
    <p class='ocr_par' dir='ltr' id='par_1_91' title="bbox 521 4563 3830 4649">
     <span class='ocr_line' id='line_1_91' title="bbox 521 4563 3830 4649; baseline 0 -15"><span class='ocrx_word' id='word_1_724' title='bbox 521 4578 689 4643; x_wconf 85' lang='lat' dir='ltr'><strong>viam,</strong></span> <span class='ocrx_word' id='word_1_725' title='bbox 722 4578 811 4649; x_wconf 90' lang='lat' dir='ltr'><strong>qui</strong></span> <span class='ocrx_word' id='word_1_726' title='bbox 840 4577 894 4632; x_wconf 90' lang='lat' dir='ltr'><strong>in</strong></span> <span class='ocrx_word' id='word_1_727' title='bbox 943 4577 1023 4632; x_wconf 84' lang='lat' dir='ltr'><strong>via</strong></span> <span class='ocrx_word' id='word_1_728' title='bbox 1053 4587 1197 4631; x_wconf 86' lang='lat' dir='ltr'><strong>stare</strong></span> <span class='ocrx_word' id='word_1_729' title='bbox 1222 4574 1546 4631; x_wconf 88' lang='lat' dir='ltr'><strong>debuerant.</strong></span> <span class='ocrx_word' id='word_1_730' title='bbox 1582 4573 1698 4629; x_wconf 82' lang='lat' dir='ltr'><strong>Non</strong></span> <span class='ocrx_word' id='word_1_731' title='bbox 1729 4574 1947 4629; x_wconf 88' lang='lat' dir='ltr'><strong>stabant</strong></span> <span class='ocrx_word' id='word_1_732' title='bbox 1988 4590 2121 4644; x_wconf 82' lang='lat' dir='ltr'><strong>ergo</strong></span> <span class='ocrx_word' id='word_1_733' title='bbox 2148 4563 2202 4624; x_wconf 81' lang='grc'><strong>1)</strong></span> <span class='ocrx_word' id='word_1_734' title='bbox 2229 4576 2382 4634; x_wconf 83' lang='lat' dir='ltr'><strong>fratri</strong></span> <span class='ocrx_word' id='word_1_735' title='bbox 2407 4577 2648 4634; x_wconf 87' lang='lat' dir='ltr'><strong>defuncti</strong></span> <span class='ocrx_word' id='word_1_736' title='bbox 2680 4579 2815 4635; x_wconf 89' lang='lat' dir='ltr'><strong>ritus</strong></span> <span class='ocrx_word' id='word_1_737' title='bbox 2840 4580 3039 4633; x_wconf 74' lang='lat' dir='ltr'><strong>veteris</strong></span> <span class='ocrx_word' id='word_1_738' title='bbox 3063 4579 3354 4648; x_wconf 76' lang='lat' dir='ltr'><strong>Evangelia</strong></span> <span class='ocrx_word' id='word_1_739' title='bbox 3378 4578 3671 4636; x_wconf 76' lang='lat' dir='ltr'><strong>mulierem</strong></span> <span class='ocrx_word' id='word_1_740' title='bbox 3687 4582 3830 4635; x_wconf 89' lang='lat' dir='ltr'><strong>illam</strong></span> 
     </span>
    </p>
   </div>
   <div class='ocr_carea' id='block_1_92' title="bbox 519 4666 2123 4744">
    <p class='ocr_par' dir='ltr' id='par_1_92' title="bbox 519 4666 2123 4744">
     <span class='ocr_line' id='line_1_92' title="bbox 519 4666 2123 4744; baseline -0.002 -17"><span class='ocrx_word' id='word_1_741' title='bbox 519 4672 675 4744; x_wconf 85' lang='lat' dir='ltr'><strong>quasi</strong></span> <span class='ocrx_word' id='word_1_742' title='bbox 703 4679 1017 4726; x_wconf 72' lang='lat' dir='ltr'><strong>cou~tantes</strong></span> <span class='ocrx_word' id='word_1_743' title='bbox 1038 4688 1053 4725; x_wconf 92' lang='lat'><strong>:</strong></span> <span class='ocrx_word' id='word_1_744' title='bbox 1076 4670 1172 4726; x_wconf 89' lang='lat' dir='ltr'><strong>sed</strong></span> <span class='ocrx_word' id='word_1_745' title='bbox 1203 4670 1503 4724; x_wconf 87' lang='lat' dir='ltr'><strong>transibant</strong></span> <span class='ocrx_word' id='word_1_746' title='bbox 1527 4667 1681 4740; x_wconf 74' lang='lat' dir='ltr'><strong>quasi</strong></span> <span class='ocrx_word' id='word_1_747' title='bbox 1709 4667 1961 4724; x_wconf 86' lang='lat' dir='ltr'><strong>mobiles.</strong></span> <span class='ocrx_word' id='word_1_748' title='bbox 1984 4666 2123 4724; x_wconf 86' lang='lat' dir='ltr'><strong>Justi</strong></span> 
     </span>
    </p>
   </div>
   <div class='ocr_carea' id='block_1_93' title="bbox 521 4759 2123 4831">
    <p class='ocr_par' dir='ltr' id='par_1_93' title="bbox 521 4759 2123 4831">
     <span class='ocr_line' id='line_1_93' title="bbox 521 4759 2123 4831; baseline -0.001 -13"><span class='ocrx_word' id='word_1_749' title='bbox 521 4772 702 4819; x_wconf 81' lang='lat' dir='ltr'><strong>autem</strong></span> <span class='ocrx_word' id='word_1_750' title='bbox 737 4762 899 4831; x_wconf 86' lang='lat' dir='ltr'><strong>pedes</strong></span> <span class='ocrx_word' id='word_1_751' title='bbox 923 4762 1141 4817; x_wconf 86' lang='lat' dir='ltr'><strong>stabant</strong></span> <span class='ocrx_word' id='word_1_752' title='bbox 1169 4763 1222 4815; x_wconf 90' lang='lat' dir='ltr'><strong>in</strong></span> <span class='ocrx_word' id='word_1_753' title='bbox 1240 4761 1394 4815; x_wconf 90' lang='lat' dir='ltr'><strong>atriis</strong></span> <span class='ocrx_word' id='word_1_754' title='bbox 1421 4759 1758 4815; x_wconf 50' lang='lat' dir='ltr'><strong>Hierusalem</strong></span> <span class='ocrx_word' id='word_1_755' title='bbox 1780 4802 1795 4823; x_wconf 86' lang='lat'><strong>,</strong></span> <span class='ocrx_word' id='word_1_756' title='bbox 1831 4761 1883 4814; x_wconf 91' lang='lat' dir='ltr'><strong>in</strong></span> <span class='ocrx_word' id='word_1_757' title='bbox 1926 4761 2123 4830; x_wconf 84' lang='lat' dir='ltr'><strong>quibus</strong></span> 
     </span>
    </p>
   </div>
   <div class='ocr_carea' id='block_1_94' title="bbox 516 4852 2126 4930">
    <p class='ocr_par' dir='ltr' id='par_1_94' title="bbox 516 4852 2126 4930">
     <span class='ocr_line' id='line_1_94' title="bbox 516 4852 2126 4930; baseline -0.002 -17"><span class='ocrx_word' id='word_1_758' title='bbox 516 4857 718 4930; x_wconf 73' lang='lat' dir='ltr'><strong>perfidi</strong></span> <span class='ocrx_word' id='word_1_759' title='bbox 736 4865 880 4912; x_wconf 70' lang='lat' dir='ltr'><strong>stare</strong></span> <span class='ocrx_word' id='word_1_760' title='bbox 905 4872 1013 4911; x_wconf 91' lang='lat' dir='ltr'><strong>non</strong></span> <span class='ocrx_word' id='word_1_761' title='bbox 1030 4862 1286 4927; x_wconf 88' lang='lat' dir='ltr'><strong>poterant</strong></span> <span class='ocrx_word' id='word_1_762' title='bbox 1314 4863 1401 4919; x_wconf 90' lang='lat' dir='ltr'><strong>;et</strong></span> <span class='ocrx_word' id='word_1_763' title='bbox 1431 4853 1556 4908; x_wconf 84' lang='lat' dir='ltr'><strong>ideo</strong></span> <span class='ocrx_word' id='word_1_764' title='bbox 1584 4852 1953 4923; x_wconf 57' lang='lat' dir='ltr'><strong>praeteribant,</strong></span> <span class='ocrx_word' id='word_1_765' title='bbox 1985 4856 2126 4910; x_wconf 90' lang='lat' dir='ltr'><strong>sicut</strong></span> 
     </span>
    </p>
   </div>
   <div class='ocr_carea' id='block_1_95' title="bbox 509 4943 2117 5018">
    <p class='ocr_par' dir='ltr' id='par_1_95' title="bbox 509 4943 2117 5018">
     <span class='ocr_line' id='line_1_95' title="bbox 509 4943 2117 5018; baseline -0.002 -12"><span class='ocrx_word' id='word_1_766' title='bbox 509 4949 735 5006; x_wconf 58' lang='lat' dir='ltr'><strong>‘Marcus</strong></span> <span class='ocrx_word' id='word_1_767' title='bbox 756 4949 1077 5018; x_wconf 83' lang='lat' dir='ltr'><strong>significavit</strong></span> <span class='ocrx_word' id='word_1_768' title='bbox 1110 4945 1304 5018; x_wconf 78' lang='lat' dir='ltr'><strong>(Marc.</strong></span> <span class='ocrx_word' id='word_1_769' title='bbox 1334 4961 1425 5013; x_wconf 79' lang='lat' dir='ltr'><strong>xv,</strong></span> <span class='ocrx_word' id='word_1_770' title='bbox 1456 4943 1577 5017; x_wconf 73' lang='lat'><strong>29).</strong></span> <span class='ocrx_word' id='word_1_771' title='bbox 1617 4944 1871 5000; x_wconf 73' lang='lat' dir='ltr'><strong>Prmterit</strong></span> <span class='ocrx_word' id='word_1_772' title='bbox 1900 4946 2117 5017; x_wconf 86' lang='lat' dir='ltr'><strong>umbra,</strong></span> 
     </span>
    </p>
   </div>
   <div class='ocr_carea' id='block_1_96' title="bbox 596 5082 1819 5161">
    <p class='ocr_par' dir='ltr' id='par_1_96' title="bbox 596 5082 1819 5161">
     <span class='ocr_line' id='line_1_96' title="bbox 596 5082 1819 5161; baseline 0.004 -22"><span class='ocrx_word' id='word_1_773' title='bbox 596 5087 904 5161; x_wconf 38' lang='lat' dir='ltr'><strong>{Plerique</strong></span> <span class='ocrx_word' id='word_1_774' title='bbox 936 5102 1096 5157; x_wconf 72' lang='lat'><strong>“135.,</strong></span> <span class='ocrx_word' id='word_1_775' title='bbox 1130 5094 1335 5153; x_wconf 78' lang='lat' dir='ltr'><strong>portatu</strong></span> <span class='ocrx_word' id='word_1_776' title='bbox 1361 5085 1547 5161; x_wconf 63' lang='lat' dir='ltr'><strong>salutis</strong></span> <span class='ocrx_word' id='word_1_777' title='bbox 1573 5082 1819 5143; x_wconf 73' lang='lat' dir='ltr'><strong>ostendit.</strong></span> 
     </span>
    </p>
   </div>
   <div class='ocr_carea' id='block_1_97' title="bbox 510 5153 2121 5218">
    <p class='ocr_par' dir='ltr' id='par_1_97' title="bbox 510 5153 2121 5218">
     <span class='ocr_line' id='line_1_97' title="bbox 510 5153 2121 5218; baseline -0.005 -1"><span class='ocrx_word' id='word_1_778' title='bbox 510 5160 515 5165; x_wconf 65' lang='grc'><strong>’</strong></span> <span class='ocrx_word' id='word_1_779' title='bbox 591 5159 726 5217; x_wconf 70' lang='lat' dir='ltr'><strong>bSic</strong></span> <span class='ocrx_word' id='word_1_780' title='bbox 751 5153 941 5214; x_wconf 79' lang='lat' dir='ltr'><strong>omnes</strong></span> <span class='ocrx_word' id='word_1_781' title='bbox 963 5153 1095 5213; x_wconf 73' lang='lat' dir='ltr'><strong>mss.</strong></span> <span class='ocrx_word' id='word_1_782' title='bbox 1118 5169 1173 5212; x_wconf 84' lang='lat' dir='ltr'><strong>et</strong></span> <span class='ocrx_word' id='word_1_783' title='bbox 1198 5167 1304 5209; x_wconf 87' lang='lat' dir='ltr'><strong>vet.</strong></span> <span class='ocrx_word' id='word_1_784' title='bbox 1335 5156 1469 5210; x_wconf 85' lang='lat' dir='ltr'><strong>edit.</strong></span> <span class='ocrx_word' id='word_1_785' title='bbox 1490 5156 1645 5210; x_wconf 69' lang='lat' dir='ltr'><strong>lium.</strong></span> <span class='ocrx_word' id='word_1_786' title='bbox 1682 5162 1882 5218; x_wconf 84' lang='lat' dir='ltr'><strong>autem,</strong></span> <span class='ocrx_word' id='word_1_787' title='bbox 1920 5153 2121 5211; x_wconf 84' lang='lat' dir='ltr'><strong>Sonue-</strong></span> 
     </span>
    </p>
   </div>
   <div class='ocr_carea' id='block_1_98' title="bbox 521 5227 2118 5300">
    <p class='ocr_par' dir='ltr' id='par_1_98' title="bbox 521 5227 2118 5300">
     <span class='ocr_line' id='line_1_98' title="bbox 521 5227 2118 5300; baseline -0.005 -13"><span class='ocrx_word' id='word_1_788' title='bbox 521 5243 643 5287; x_wconf 78' lang='lat' dir='ltr'><strong>rttnt</strong></span> <span class='ocrx_word' id='word_1_789' title='bbox 667 5246 821 5300; x_wconf 87' lang='lat' dir='ltr'><strong>super</strong></span> <span class='ocrx_word' id='word_1_790' title='bbox 843 5242 890 5285; x_wconf 91' lang='lat' dir='ltr'><strong>te</strong></span> <span class='ocrx_word' id='word_1_791' title='bbox 916 5245 1132 5294; x_wconf 86' lang='lat' dir='ltr'><strong>manus;</strong></span> <span class='ocrx_word' id='word_1_792' title='bbox 1165 5228 1253 5300; x_wconf 85' lang='lat' dir='ltr'><strong>ubi</strong></span> <span class='ocrx_word' id='word_1_793' title='bbox 1278 5227 1524 5300; x_wconf 84' lang='lat' dir='ltr'><strong>otnnium</strong></span> <span class='ocrx_word' id='word_1_794' title='bbox 1553 5227 1850 5300; x_wconf 70' lang='lat' dir='ltr'><strong>Scriptum:</strong></span> <span class='ocrx_word' id='word_1_795' title='bbox 1879 5238 2118 5300; x_wconf 82' lang='lat' dir='ltr'><strong>textuum</strong></span> 
     </span>
    </p>
   </div>
   <div class='ocr_carea' id='block_1_99' title="bbox 521 5296 2120 5375">
    <p class='ocr_par' dir='ltr' id='par_1_99' title="bbox 521 5296 2120 5375">
     <span class='ocr_line' id='line_1_99' title="bbox 521 5296 2120 5375; baseline -0.004 -16"><span class='ocrx_word' id='word_1_796' title='bbox 521 5319 585 5361; x_wconf 83' lang='lat' dir='ltr'><strong>ac</strong></span> <span class='ocrx_word' id='word_1_797' title='bbox 598 5296 902 5363; x_wconf 30' lang='lat' dir='ltr'><strong>versi‘onuun</strong></span> <span class='ocrx_word' id='word_1_798' title='bbox 923 5301 1179 5375; x_wconf 74' lang='lat' dir='ltr'><strong>sulfragin</strong></span> <span class='ocrx_word' id='word_1_799' title='bbox 1196 5298 1415 5375; x_wconf 69' lang='lat' dir='ltr'><strong>defvntli</strong></span> <span class='ocrx_word' id='word_1_800' title='bbox 1431 5298 1705 5375; x_wconf 47' lang='lat' dir='ltr'><strong>potestAt</strong></span> <span class='ocrx_word' id='word_1_801' title='bbox 1720 5297 1857 5375; x_wconf 75' lang='lat' dir='ltr'><strong>forte</strong></span> <span class='ocrx_word' id='word_1_802' title='bbox 1873 5296 2120 5375; x_wconf 65' lang='lat' dir='ltr'><strong>proizpd-</strong></span> 
     </span>
    </p>
   </div>
   <div class='ocr_carea' id='block_1_100' title="bbox 506 5369 2124 5451">
    <p class='ocr_par' dir='ltr' id='par_1_100' title="bbox 506 5369 2124 5451">
     <span class='ocr_line' id='line_1_100' title="bbox 506 5369 2124 5451; baseline -0.009 -14"><span class='ocrx_word' id='word_1_803' title='bbox 506 5398 686 5451; x_wconf 54' lang='lat' dir='ltr'><strong>fuerat</strong></span> <span class='ocrx_word' id='word_1_804' title='bbox 715 5377 802 5451; x_wconf 61' lang='lat' dir='ltr'><strong>ini</strong></span> <span class='ocrx_word' id='word_1_805' title='bbox 822 5378 881 5451; x_wconf 70' lang='lat' dir='ltr'><strong>ei</strong></span> <span class='ocrx_word' id='word_1_806' title='bbox 897 5369 1182 5451; x_wconf 67' lang='grc' dir='ltr'><strong>χεῖραςξιιι</strong></span> <span class='ocrx_word' id='word_1_807' title='bbox 1202 5370 1429 5451; x_wconf 70' lang='lat' dir='ltr'><strong>habetur</strong></span> <span class='ocrx_word' id='word_1_808' title='bbox 1452 5369 1592 5451; x_wconf 58' lang='lat' dir='ltr'><strong>apud</strong></span> <span class='ocrx_word' id='word_1_809' title='bbox 1621 5369 2124 5451; x_wconf 45' lang='grc' dir='ltr'><strong>ιιΧΧιᾹιιιιξςυέιιιε</strong></span> 
     </span>
    </p>
   </div>
   <div class='ocr_carea' id='block_1_101' title="bbox 521 5440 2121 5524">
    <p class='ocr_par' dir='ltr' id='par_1_101' title="bbox 521 5440 2121 5524">
     <span class='ocr_line' id='line_1_101' title="bbox 521 5440 2121 5524; baseline -0.001 -24"><span class='ocrx_word' id='word_1_810' title='bbox 521 5446 713 5519; x_wconf 70' lang='lat' dir='ltr'><strong>legerit</strong></span> <span class='ocrx_word' id='word_1_811' title='bbox 758 5440 1062 5524; x_wconf 58' lang='grc' dir='ltr'><strong>ἐκράἑῆσέν,</strong></span> <span class='ocrx_word' id='word_1_812' title='bbox 1099 5442 1383 5524; x_wconf 73' lang='lat' dir='ltr'><strong>etc.,tiisi</strong></span> <span class='ocrx_word' id='word_1_813' title='bbox 1431 5442 1585 5524; x_wconf 85' lang='lat' dir='ltr'><strong>malis</strong></span> <span class='ocrx_word' id='word_1_814' title='bbox 1611 5440 1895 5524; x_wconf 48' lang='lat' dir='ltr'><strong>scripsisse</strong></span> <span class='ocrx_word' id='word_1_815' title='bbox 1924 5441 2121 5499; x_wconf 77' lang='lat' dir='ltr'><strong>Docto-</strong></span> 
     </span>
    </p>
   </div>
   <div class='ocr_carea' id='block_1_102' title="bbox 519 5514 1857 5585">
    <p class='ocr_par' dir='ltr' id='par_1_102' title="bbox 519 5514 1857 5585">
     <span class='ocr_line' id='line_1_102' title="bbox 519 5514 1857 5585; baseline -0.008 -11"><span class='ocrx_word' id='word_1_816' title='bbox 519 5514 634 5585; x_wconf 70' lang='lat' dir='ltr'><strong>rein</strong></span> <span class='ocrx_word' id='word_1_817' title='bbox 666 5514 933 5580; x_wconf 50' lang='lat' dir='ltr'><strong>nostrum.</strong></span> <span class='ocrx_word' id='word_1_818' title='bbox 964 5514 1259 5576; x_wconf 73' lang='lat' dir='ltr'><strong>Touwunt</strong></span> <span class='ocrx_word' id='word_1_819' title='bbox 1281 5528 1433 5585; x_wconf 73' lang='lat' dir='ltr'><strong>super</strong></span> <span class='ocrx_word' id='word_1_820' title='bbox 1453 5523 1734 5585; x_wconf 72' lang='lat' dir='ltr'><strong>(amantis,</strong></span> <span class='ocrx_word' id='word_1_821' title='bbox 1757 5522 1857 5571; x_wconf 86' lang='lat' dir='ltr'><strong>etc.</strong></span> 
     </span>
    </p>
   </div>
   <div class='ocr_carea' id='block_1_103' title="bbox 597 5579 2107 5652">
    <p class='ocr_par' dir='ltr' id='par_1_103' title="bbox 597 5579 2107 5652">
     <span class='ocr_line' id='line_1_103' title="bbox 597 5579 2107 5652; baseline -0.015 -7"><span class='ocrx_word' id='word_1_822' title='bbox 597 5600 619 5628; x_wconf 64' lang='grc' dir='ltr'>υ</span> <span class='ocrx_word' id='word_1_823' title='bbox 659 5588 862 5644; x_wconf 75' lang='lat' dir='ltr'><strong>Omnes</strong></span> <span class='ocrx_word' id='word_1_824' title='bbox 888 5587 1044 5652; x_wconf 91' lang='lat' dir='ltr'><strong>edtt.,</strong></span> <span class='ocrx_word' id='word_1_825' title='bbox 1075 5601 1176 5638; x_wconf 90' lang='lat' dir='ltr'><strong>non</strong></span> <span class='ocrx_word' id='word_1_826' title='bbox 1216 5579 1471 5638; x_wconf 75' lang='lat' dir='ltr'><strong>excidium</strong></span> <span class='ocrx_word' id='word_1_827' title='bbox 1491 5581 1817 5643; x_wconf 66' lang='lat' dir='ltr'><strong>Judaoruut.</strong></span> <span class='ocrx_word' id='word_1_828' title='bbox 1850 5579 1959 5639; x_wconf 76' lang='lat' dir='ltr'><strong>Sed</strong></span> <span class='ocrx_word' id='word_1_829' title='bbox 2012 5596 2107 5635; x_wconf 72' lang='lat' dir='ltr'><strong>ne-</strong></span> 
     </span>
    </p>
   </div>
   <div class='ocr_carea' id='block_1_104' title="bbox 514 5653 2104 5733">
    <p class='ocr_par' dir='ltr' id='par_1_104' title="bbox 514 5653 2104 5733">
     <span class='ocr_line' id='line_1_104' title="bbox 514 5653 2104 5733; baseline -0.007 -17"><span class='ocrx_word' id='word_1_830' title='bbox 514 5661 664 5733; x_wconf 68' lang='lat' dir='ltr'><strong>galia</strong></span> <span class='ocrx_word' id='word_1_831' title='bbox 682 5659 911 5733; x_wconf 68' lang='lat' dir='ltr'><strong>abes-tab</strong></span> <span class='ocrx_word' id='word_1_832' title='bbox 925 5657 1325 5733; x_wconf 57' lang='lat' dir='ltr'><strong>omuibustnss.</strong></span> <span class='ocrx_word' id='word_1_833' title='bbox 1337 5655 1667 5733; x_wconf 65' lang='lat' dir='ltr'><strong>nequeadeo</strong></span> <span class='ocrx_word' id='word_1_834' title='bbox 1681 5653 1983 5733; x_wconf 62' lang='lat' dir='ltr'><strong>necessaria</strong></span> <span class='ocrx_word' id='word_1_835' title='bbox 1999 5661 2104 5733; x_wconf 73' lang='lat' dir='ltr'><strong>est,</strong></span> 
     </span>
    </p>
   </div>
   <div class='ocr_carea' id='block_1_105' title="bbox 517 5721 2109 5795">
    <p class='ocr_par' dir='ltr' id='par_1_105' title="bbox 517 5721 2109 5795">
     <span class='ocr_line' id='line_1_105' title="bbox 517 5721 2109 5795; baseline -0.003 -9"><span class='ocrx_word' id='word_1_836' title='bbox 517 5721 641 5786; x_wconf 60' lang='lat' dir='ltr'><strong>Eum</strong></span> <span class='ocrx_word' id='word_1_837' title='bbox 673 5730 920 5784; x_wconf 88' lang='lat' dir='ltr'><strong>videatur</strong></span> <span class='ocrx_word' id='word_1_838' title='bbox 943 5723 1328 5783; x_wconf 79' lang='lat' dir='ltr'><strong>Ambrosiusid</strong></span> <span class='ocrx_word' id='word_1_839' title='bbox 1356 5721 1714 5795; x_wconf 85' lang='lat' dir='ltr'><strong>significatum</strong></span> <span class='ocrx_word' id='word_1_840' title='bbox 1734 5723 1995 5795; x_wconf 65' lang='lat' dir='ltr'><strong>voluisse,</strong></span> <span class='ocrx_word' id='word_1_841' title='bbox 2020 5721 2109 5795; x_wconf 55' lang='grc' dir='ltr'><strong>ἔον</strong></span> 
     </span>
    </p>
   </div>
   <div class='ocr_carea' id='block_1_106' title="bbox 515 5792 2105 5866">
    <p class='ocr_par' dir='ltr' id='par_1_106' title="bbox 515 5792 2105 5866">
     <span class='ocr_line' id='line_1_106' title="bbox 515 5792 2105 5866; baseline -0.004 -10"><span class='ocrx_word' id='word_1_842' title='bbox 515 5800 742 5858; x_wconf 73' lang='lat' dir='ltr'><strong>tentiam</strong></span> <span class='ocrx_word' id='word_1_843' title='bbox 770 5808 825 5856; x_wconf 89' lang='lat' dir='ltr'><strong>et</strong></span> <span class='ocrx_word' id='word_1_844' title='bbox 848 5796 1052 5854; x_wconf 87' lang='lat' dir='ltr'><strong>Christi</strong></span> <span class='ocrx_word' id='word_1_845' title='bbox 1077 5794 1387 5866; x_wconf 87' lang='lat' dir='ltr'><strong>passionem</strong></span> <span class='ocrx_word' id='word_1_846' title='bbox 1410 5792 1756 5866; x_wconf 65' lang='lat' dir='ltr'><strong>praedixisse,</strong></span> <span class='ocrx_word' id='word_1_847' title='bbox 1785 5805 1840 5852; x_wconf 89' lang='lat' dir='ltr'><strong>et</strong></span> <span class='ocrx_word' id='word_1_848' title='bbox 1860 5792 2105 5850; x_wconf 82' lang='lat' dir='ltr'><strong>deﬂevis-</strong></span> 
     </span>
    </p>
   </div>
   <div class='ocr_carea' id='block_1_107' title="bbox 2228 4670 3830 4743">
    <p class='ocr_par' dir='ltr' id='par_1_107' title="bbox 2228 4670 3830 4743">
     <span class='ocr_line' id='line_1_107' title="bbox 2228 4670 3830 4743; baseline 0.001 -17"><span class='ocrx_word' id='word_1_849' title='bbox 2228 4670 2627 4743; x_wconf 87' lang='lat' dir='ltr'><strong>intelligibilem</strong></span> <span class='ocrx_word' id='word_1_850' title='bbox 2674 4670 2879 4727; x_wconf 86' lang='lat' dir='ltr'><strong>nubere</strong></span> <span class='ocrx_word' id='word_1_851' title='bbox 2907 4686 2972 4726; x_wconf 81' lang='lat' dir='ltr'><strong>ex</strong></span> <span class='ocrx_word' id='word_1_852' title='bbox 3001 4670 3143 4742; x_wconf 85' lang='lat' dir='ltr'><strong>Lege</strong></span> <span class='ocrx_word' id='word_1_853' title='bbox 3173 4671 3506 4737; x_wconf 88' lang='lat' dir='ltr'><strong>voluerunt;</strong></span> <span class='ocrx_word' id='word_1_854' title='bbox 3552 4671 3683 4741; x_wconf 84' lang='lat' dir='ltr'><strong>quia</strong></span> <span class='ocrx_word' id='word_1_855' title='bbox 3722 4670 3830 4727; x_wconf 78' lang='lat' dir='ltr'><strong>Lex</strong></span> 
     </span>
    </p>
   </div>
   <div class='ocr_carea' id='block_1_108' title="bbox 2227 4761 3828 4834">
    <p class='ocr_par' dir='ltr' id='par_1_108' title="bbox 2227 4761 3828 4834">
     <span class='ocr_line' id='line_1_108' title="bbox 2227 4761 3828 4834; baseline -0.002 -15"><span class='ocrx_word' id='word_1_856' title='bbox 2227 4762 2581 4834; x_wconf 80' lang='lat' dir='ltr'><strong>Evangelium</strong></span> <span class='ocrx_word' id='word_1_857' title='bbox 2601 4764 2835 4818; x_wconf 84' lang='lat' dir='ltr'><strong>fraterna</strong></span> <span class='ocrx_word' id='word_1_858' title='bbox 2863 4762 3094 4834; x_wconf 89' lang='lat' dir='ltr'><strong>quadam</strong></span> <span class='ocrx_word' id='word_1_859' title='bbox 3116 4761 3501 4830; x_wconf 69' lang='lat' dir='ltr'><strong>prtedicatione</strong></span> <span class='ocrx_word' id='word_1_860' title='bbox 3525 4763 3828 4834; x_wconf 66' lang='lat' dir='ltr'><strong>praecessit.</strong></span> 
     </span>
    </p>
   </div>
   <div class='ocr_carea' id='block_1_109' title="bbox 2225 4856 3836 4931">
    <p class='ocr_par' dir='ltr' id='par_1_109' title="bbox 2225 4856 3836 4931">
     <span class='ocr_line' id='line_1_109' title="bbox 2225 4856 3836 4931; baseline -0.002 -16"><span class='ocrx_word' id='word_1_861' title='bbox 2225 4860 2369 4930; x_wconf 82' lang='lat' dir='ltr'><strong>Ergo</strong></span> <span class='ocrx_word' id='word_1_862' title='bbox 2400 4860 2701 4931; x_wconf 74' lang='lat' dir='ltr'><strong>Synagogre</strong></span> <span class='ocrx_word' id='word_1_863' title='bbox 2735 4870 2896 4928; x_wconf 91' lang='lat' dir='ltr'><strong>caput</strong></span> <span class='ocrx_word' id='word_1_864' title='bbox 2927 4869 3201 4914; x_wconf 88' lang='lat' dir='ltr'><strong>mortuum</strong></span> <span class='ocrx_word' id='word_1_865' title='bbox 3242 4867 3325 4913; x_wconf 89' lang='lat' dir='ltr'><strong>est</strong></span> <span class='ocrx_word' id='word_1_866' title='bbox 3348 4899 3365 4923; x_wconf 97' lang='lat'><strong>,</strong></span> <span class='ocrx_word' id='word_1_867' title='bbox 3401 4856 3503 4912; x_wconf 82' lang='lat' dir='ltr'><strong>hoc</strong></span> <span class='ocrx_word' id='word_1_868' title='bbox 3530 4868 3643 4926; x_wconf 86' lang='lat' dir='ltr'><strong>est,</strong></span> <span class='ocrx_word' id='word_1_869' title='bbox 3676 4864 3836 4928; x_wconf 80' lang='lat' dir='ltr'><strong>caput</strong></span> 
     </span>
    </p>
   </div>
   <div class='ocr_carea' id='block_1_110' title="bbox 2224 4947 3830 5021">
    <p class='ocr_par' dir='ltr' id='par_1_110' title="bbox 2224 4947 3830 5021">
     <span class='ocr_line' id='line_1_110' title="bbox 2224 4947 3830 5021; baseline -0.002 -16"><span class='ocrx_word' id='word_1_870' title='bbox 2224 4949 2342 5020; x_wconf 87' lang='lat' dir='ltr'><strong>ejus</strong></span> <span class='ocrx_word' id='word_1_871' title='bbox 2372 4950 2484 5006; x_wconf 81' lang='lat' dir='ltr'><strong>Lex</strong></span> <span class='ocrx_word' id='word_1_872' title='bbox 2540 4961 2747 5005; x_wconf 87' lang='lat' dir='ltr'><strong>mortua</strong></span> <span class='ocrx_word' id='word_1_873' title='bbox 2776 4958 2901 5017; x_wconf 91' lang='lat' dir='ltr'><strong>est,</strong></span> <span class='ocrx_word' id='word_1_874' title='bbox 2954 4949 3264 5005; x_wconf 86' lang='lat' dir='ltr'><strong>observatio</strong></span> <span class='ocrx_word' id='word_1_875' title='bbox 3315 4947 3575 5005; x_wconf 87' lang='lat' dir='ltr'><strong>videlicet</strong></span> <span class='ocrx_word' id='word_1_876' title='bbox 3631 4948 3830 5021; x_wconf 81' lang='lat' dir='ltr'><strong>Legls:</strong></span> 
     </span>
    </p>
   </div>
   <div class='ocr_carea' id='block_1_111' title="bbox 2220 5087 3832 5160">
    <p class='ocr_par' dir='ltr' id='par_1_111' title="bbox 2220 5087 3832 5160">
     <span class='ocr_line' id='line_1_111' title="bbox 2220 5087 3832 5160; baseline 0 -16"><span class='ocrx_word' id='word_1_877' title='bbox 2220 5102 2282 5144; x_wconf 88' lang='lat' dir='ltr'><strong>se</strong></span> <span class='ocrx_word' id='word_1_878' title='bbox 2301 5087 2431 5143; x_wconf 88' lang='lat' dir='ltr'><strong>illud</strong></span> <span class='ocrx_word' id='word_1_879' title='bbox 2469 5087 2782 5153; x_wconf 58' lang='lat' dir='ltr'><strong>indecorum</strong></span> <span class='ocrx_word' id='word_1_880' title='bbox 2803 5088 3100 5160; x_wconf 73' lang='lat' dir='ltr'><strong>excidium.</strong></span> <span class='ocrx_word' id='word_1_881' title='bbox 3128 5088 3280 5160; x_wconf 81' lang='lat' dir='ltr'><strong>quod</strong></span> <span class='ocrx_word' id='word_1_882' title='bbox 3298 5103 3371 5153; x_wconf 74' lang='lat' dir='ltr'><strong>ex</strong></span> <span class='ocrx_word' id='word_1_883' title='bbox 3393 5091 3588 5155; x_wconf 73' lang='lat' dir='ltr'><strong>eadem</strong></span> <span class='ocrx_word' id='word_1_884' title='bbox 3626 5089 3832 5157; x_wconf 76' lang='lat' dir='ltr'><strong>passio-</strong></span> 
     </span>
    </p>
   </div>
   <div class='ocr_carea' id='block_1_112' title="bbox 2224 5158 3830 5232">
    <p class='ocr_par' dir='ltr' id='par_1_112' title="bbox 2224 5158 3830 5232">
     <span class='ocr_line' id='line_1_112' title="bbox 2224 5158 3830 5232; baseline -0.001 -18"><span class='ocrx_word' id='word_1_885' title='bbox 2224 5169 2671 5232; x_wconf 68' lang='lat' dir='ltr'><strong>neeonsvcutom</strong></span> <span class='ocrx_word' id='word_1_886' title='bbox 2702 5170 2807 5216; x_wconf 87' lang='lat' dir='ltr'><strong>est.</strong></span> <span class='ocrx_word' id='word_1_887' title='bbox 2852 5158 2950 5217; x_wconf 85' lang='lat' dir='ltr'><strong>Cui</strong></span> <span class='ocrx_word' id='word_1_888' title='bbox 2972 5158 3187 5232; x_wconf 82' lang='lat' dir='ltr'><strong>quidem</strong></span> <span class='ocrx_word' id='word_1_889' title='bbox 3224 5161 3444 5216; x_wconf 85' lang='lat' dir='ltr'><strong>lectioni</strong></span> <span class='ocrx_word' id='word_1_890' title='bbox 3482 5163 3742 5221; x_wconf 81' lang='lat' dir='ltr'><strong>videntur</strong></span> <span class='ocrx_word' id='word_1_891' title='bbox 3769 5175 3830 5218; x_wconf 80' lang='lat' dir='ltr'><strong>ea</strong></span> 
     </span>
    </p>
   </div>
   <div class='ocr_carea' id='block_1_113' title="bbox 2223 5230 3827 5301">
    <p class='ocr_par' dir='ltr' id='par_1_113' title="bbox 2223 5230 3827 5301">
     <span class='ocr_line' id='line_1_113' title="bbox 2223 5230 3827 5301; baseline 0 -16"><span class='ocrx_word' id='word_1_892' title='bbox 2223 5230 2531 5301; x_wconf 68' lang='lat' dir='ltr'><strong>suffragari,</strong></span> <span class='ocrx_word' id='word_1_893' title='bbox 2560 5246 2678 5301; x_wconf 64' lang='lat' dir='ltr'><strong>qua!</strong></span> <span class='ocrx_word' id='word_1_894' title='bbox 2720 5232 2856 5284; x_wconf 81' lang='lat' dir='ltr'><strong>infra</strong></span> <span class='ocrx_word' id='word_1_895' title='bbox 2881 5230 3051 5301; x_wconf 83' lang='lat' dir='ltr'><strong>usque</strong></span> <span class='ocrx_word' id='word_1_896' title='bbox 3082 5232 3147 5285; x_wconf 85' lang='lat' dir='ltr'><strong>ad</strong></span> <span class='ocrx_word' id='word_1_897' title='bbox 3172 5247 3322 5287; x_wconf 90' lang='lat' dir='ltr'><strong>num.</strong></span> <span class='ocrx_word' id='word_1_898' title='bbox 3360 5232 3421 5287; x_wconf 78' lang='grc' dir='ltr'>Η</span> <span class='ocrx_word' id='word_1_899' title='bbox 3454 5232 3827 5289; x_wconf 79' lang='lat' dir='ltr'><strong>disseruntur.</strong></span> 
     </span>
    </p>
   </div>
   <div class='ocr_carea' id='block_1_114' title="bbox 2296 5300 3832 5375">
    <p class='ocr_par' dir='ltr' id='par_1_114' title="bbox 2296 5300 3832 5375">
     <span class='ocr_line' id='line_1_114' title="bbox 2296 5300 3832 5375; baseline -0.001 -18"><span class='ocrx_word' id='word_1_900' title='bbox 2296 5300 2322 5341; x_wconf 71' lang='grc' dir='ltr'><em>δ</em></span> <span class='ocrx_word' id='word_1_901' title='bbox 2361 5300 2564 5357; x_wconf 78' lang='lat' dir='ltr'><strong>Unities</strong></span> <span class='ocrx_word' id='word_1_902' title='bbox 2582 5300 2807 5375; x_wconf 13' lang='lat' dir='ltr'><strong>reditret</strong></span> <span class='ocrx_word' id='word_1_903' title='bbox 2833 5300 2987 5375; x_wconf 69' lang='lat' dir='ltr'><strong>pauci</strong></span> <span class='ocrx_word' id='word_1_904' title='bbox 3014 5317 3172 5367; x_wconf 72' lang='lat' dir='ltr'><strong>mss.,</strong></span> <span class='ocrx_word' id='word_1_905' title='bbox 3197 5304 3284 5375; x_wconf 84' lang='lat' dir='ltr'><strong>qui</strong></span> <span class='ocrx_word' id='word_1_906' title='bbox 3323 5302 3647 5358; x_wconf 66' lang='lat' dir='ltr'><strong>obliviscitur</strong></span> <span class='ocrx_word' id='word_1_907' title='bbox 3694 5303 3832 5375; x_wconf 85' lang='lat' dir='ltr'><strong>quod</strong></span> 
     </span>
    </p>
   </div>
   <div class='ocr_carea' id='block_1_115' title="bbox 2226 5322 3832 5452">
    <p class='ocr_par' dir='ltr' id='par_1_115' title="bbox 2226 5322 3832 5452">
     <span class='ocr_line' id='line_1_115' title="bbox 2296 5322 3829 5375; baseline -0.001 -18"><span class='ocrx_word' id='word_1_908' title='bbox 2296 5322 2322 5341; x_wconf 83' lang='grc' dir='ltr'>υ</span> <span class='ocrx_word' id='word_1_909' title='bbox 2361 5322 2564 5357; x_wconf 88' lang='lat' dir='ltr'><strong>uumes</strong></span> <span class='ocrx_word' id='word_1_910' title='bbox 2594 5322 2724 5356; x_wconf 75' lang='lat' dir='ltr'><strong>cuit.</strong></span> <span class='ocrx_word' id='word_1_911' title='bbox 2754 5322 2807 5355; x_wconf 76' lang='lat' dir='ltr'><strong>BI.</strong></span> <span class='ocrx_word' id='word_1_912' title='bbox 2833 5322 2987 5371; x_wconf 83' lang='lat' dir='ltr'><strong>paurt</strong></span> <span class='ocrx_word' id='word_1_913' title='bbox 3014 5322 3172 5367; x_wconf 73' lang='lat' dir='ltr'><strong>mss.,</strong></span> <span class='ocrx_word' id='word_1_914' title='bbox 3197 5322 3284 5375; x_wconf 76' lang='lat' dir='ltr'><strong>qui</strong></span> <span class='ocrx_word' id='word_1_915' title='bbox 3323 5322 3647 5358; x_wconf 70' lang='lat' dir='ltr'><strong>ODHWSCilur</strong></span> <span class='ocrx_word' id='word_1_916' title='bbox 3736 5322 3829 5358; x_wconf 84' lang='lat' dir='ltr'><strong>uoa</strong></span> 
     </span>
     <span class='ocr_line' id='line_1_116' title="bbox 2226 5322 3832 5452; baseline 0.002 -27"><span class='ocrx_word' id='word_1_917' title='bbox 2226 5371 2497 5452; x_wconf 71' lang='lat' dir='ltr'><strong>dcft&#39;nquit,</strong></span> <span class='ocrx_word' id='word_1_918' title='bbox 2545 5372 2627 5452; x_wconf 72' lang='lat' dir='ltr'><strong>vel</strong></span> <span class='ocrx_word' id='word_1_919' title='bbox 2652 5373 2741 5452; x_wconf 71' lang='lat' dir='ltr'><strong>qui</strong></span> <span class='ocrx_word' id='word_1_920' title='bbox 2766 5372 3036 5452; x_wconf 72' lang='lat' dir='ltr'><strong>delinquit.</strong></span> <span class='ocrx_word' id='word_1_921' title='bbox 3066 5375 3460 5452; x_wconf 36' lang='lat' dir='ltr'><strong>Mss..n0vetn,</strong></span> <span class='ocrx_word' id='word_1_922' title='bbox 3509 5377 3603 5449; x_wconf 84' lang='lat' dir='ltr'><strong>qui</strong></span> <span class='ocrx_word' id='word_1_923' title='bbox 3625 5322 3832 5452; x_wconf 45' lang='lat' dir='ltr'><strong>obliuis-</strong></span> 
     </span>
    </p>
   </div>
   <div class='ocr_carea' id='block_1_116' title="bbox 2225 5443 3832 5518">
    <p class='ocr_par' dir='ltr' id='par_1_116' title="bbox 2225 5443 3832 5518">
     <span class='ocr_line' id='line_1_117' title="bbox 2225 5443 3832 5518; baseline 0.002 -22"><span class='ocrx_word' id='word_1_924' title='bbox 2225 5445 2381 5507; x_wconf 86' lang='lat' dir='ltr'><strong>citur,</strong></span> <span class='ocrx_word' id='word_1_925' title='bbox 2411 5445 2498 5518; x_wconf 80' lang='lat' dir='ltr'><strong>qui</strong></span> <span class='ocrx_word' id='word_1_926' title='bbox 2527 5443 2856 5518; x_wconf 76' lang='lat' dir='ltr'><strong>derelinqnit.</strong></span> <span class='ocrx_word' id='word_1_927' title='bbox 2887 5446 3034 5518; x_wconf 60' lang='lat' dir='ltr'><strong>linus</strong></span> <span class='ocrx_word' id='word_1_928' title='bbox 3055 5457 3147 5499; x_wconf 88' lang='lat' dir='ltr'><strong>aut</strong></span> <span class='ocrx_word' id='word_1_929' title='bbox 3178 5445 3492 5518; x_wconf 13' lang='lat' dir='ltr'><strong>alta:r_,_i....</strong></span> <span class='ocrx_word' id='word_1_930' title='bbox 3522 5443 3650 5518; x_wconf 62' lang='lat' dir='ltr'><strong>&#39;qua:</strong></span> <span class='ocrx_word' id='word_1_931' title='bbox 3678 5447 3832 5502; x_wconf 83' lang='lat' dir='ltr'><strong>relin-</strong></span> 
     </span>
    </p>
   </div>
   <div class='ocr_carea' id='block_1_117' title="bbox 2223 5513 3741 5645">
    <p class='ocr_par' dir='ltr' id='par_1_117' title="bbox 2223 5513 3741 5645">
     <span class='ocr_line' id='line_1_118' title="bbox 2223 5513 3686 5584; baseline 0.002 -16"><span class='ocrx_word' id='word_1_932' title='bbox 2223 5518 2368 5584; x_wconf 75' lang='lat' dir='ltr'><strong>quit;</strong></span> <span class='ocrx_word' id='word_1_933' title='bbox 2391 5514 2483 5569; x_wconf 83' lang='lat' dir='ltr'><strong>ubi</strong></span> <span class='ocrx_word' id='word_1_934' title='bbox 2507 5513 2857 5581; x_wconf 63' lang='lat' dir='ltr'><strong>subinteiliue</strong></span> <span class='ocrx_word' id='word_1_935' title='bbox 2879 5513 3170 5583; x_wconf 79' lang='lat' dir='ltr'><strong>Christum,</strong></span> <span class='ocrx_word' id='word_1_936' title='bbox 3201 5518 3289 5572; x_wconf 75' lang='lat' dir='ltr'><strong>vel</strong></span> <span class='ocrx_word' id='word_1_937' title='bbox 3315 5515 3370 5571; x_wconf 84' lang='grc' dir='ltr'><em>Η</em></span> <span class='ocrx_word' id='word_1_938' title='bbox 3373 5513 3686 5573; x_wconf 59' lang='lat' dir='ltr'><strong>larualem.</strong></span> 
     </span>
     <span class='ocr_line' id='line_1_119' title="bbox 2296 5587 3741 5645; baseline 0.004 -6"><span class='ocrx_word' id='word_1_939' title='bbox 2296 5597 2320 5624; x_wconf 77' lang='grc' dir='ltr'><strong>θ</strong></span> <span class='ocrx_word' id='word_1_940' title='bbox 2362 5587 2529 5645; x_wconf 84' lang='lat' dir='ltr'><strong>Edit..</strong></span> <span class='ocrx_word' id='word_1_941' title='bbox 2558 5594 2821 5645; x_wconf 72' lang='lat' dir='ltr'><strong>tamquam</strong></span> <span class='ocrx_word' id='word_1_942' title='bbox 2850 5589 3029 5645; x_wconf 77' lang='lat' dir='ltr'><strong>fratris</strong></span> <span class='ocrx_word' id='word_1_943' title='bbox 3044 5588 3300 5645; x_wconf 81' lang='lat' dir='ltr'><strong>defuncti.</strong></span> <span class='ocrx_word' id='word_1_944' title='bbox 3326 5589 3431 5643; x_wconf 73' lang='lat' dir='ltr'><strong>ritu</strong></span> <span class='ocrx_word' id='word_1_945' title='bbox 3452 5593 3639 5645; x_wconf 77' lang='lat' dir='ltr'><strong>meri.</strong></span> <span class='ocrx_word' id='word_1_946' title='bbox 3659 5588 3741 5645; x_wconf 71' lang='grc' dir='ltr'><strong>Ευ</strong></span> 
     </span>
    </p>
   </div>
   <div class='ocr_carea' id='block_1_118' title="bbox 2218 5591 3832 5740">
    <p class='ocr_par' dir='ltr' id='par_1_118' title="bbox 2218 5591 3832 5740">
     <span class='ocr_line' id='line_1_120' title="bbox 2296 5591 3832 5671; baseline 0.003 -32"><span class='ocrx_word' id='word_1_947' title='bbox 2296 5597 2320 5669; x_wconf 58' lang='grc' dir='ltr'><strong>εξ</strong></span> <span class='ocrx_word' id='word_1_948' title='bbox 2362 5591 2529 5652; x_wconf 85' lang='lat' dir='ltr'><strong>Edit.,</strong></span> <span class='ocrx_word' id='word_1_949' title='bbox 2558 5594 2821 5649; x_wconf 71' lang='lat' dir='ltr'><strong>tamquam</strong></span> <span class='ocrx_word' id='word_1_950' title='bbox 2849 5591 3029 5671; x_wconf 54' lang='lat' dir='ltr'><strong>fratris</strong></span> <span class='ocrx_word' id='word_1_951' title='bbox 3044 5591 3300 5661; x_wconf 77' lang='lat' dir='ltr'><strong>defuncti,</strong></span> <span class='ocrx_word' id='word_1_952' title='bbox 3326 5591 3431 5643; x_wconf 73' lang='lat' dir='ltr'><strong>ritu</strong></span> <span class='ocrx_word' id='word_1_953' title='bbox 3452 5593 3639 5654; x_wconf 67' lang='lat' dir='ltr'><strong>lucri,</strong></span> <span class='ocrx_word' id='word_1_954' title='bbox 3659 5591 3832 5645; x_wconf 69' lang='lat' dir='ltr'><strong>Evan-</strong></span> 
     </span>
     <span class='ocr_line' id='line_1_121' title="bbox 2218 5655 3812 5740; baseline 0.005 -31"><span class='ocrx_word' id='word_1_955' title='bbox 2218 5657 2382 5740; x_wconf 61' lang='lat' dir='ltr'><strong>gelico</strong></span> <span class='ocrx_word' id='word_1_956' title='bbox 2403 5657 2578 5740; x_wconf 53' lang='lat' dir='ltr'><strong>(Agin,</strong></span> <span class='ocrx_word' id='word_1_957' title='bbox 2610 5655 3371 5740; x_wconf 17' lang='lat' dir='ltr'><strong>Epaugslso)lmstlieremillant</strong></span> <span class='ocrx_word' id='word_1_958' title='bbox 3395 5701 3410 5725; x_wconf 87' lang='lat'><strong>,</strong></span> <span class='ocrx_word' id='word_1_959' title='bbox 3438 5671 3578 5725; x_wconf 77' lang='lat' dir='ltr'><strong>ete.,</strong></span> <span class='ocrx_word' id='word_1_960' title='bbox 3615 5663 3812 5719; x_wconf 85' lang='lat' dir='ltr'><strong>melius</strong></span> 
     </span>
    </p>
   </div>
   <div class='ocr_carea' id='block_1_119' title="bbox 2218 5728 3575 5799">
    <p class='ocr_par' dir='ltr' id='par_1_119' title="bbox 2218 5728 3575 5799">
     <span class='ocr_line' id='line_1_122' title="bbox 2218 5728 3575 5799; baseline -0.001 -14"><span class='ocrx_word' id='word_1_961' title='bbox 2218 5728 2341 5785; x_wconf 82' lang='lat' dir='ltr'><strong>cod.</strong></span> <span class='ocrx_word' id='word_1_962' title='bbox 2382 5728 2593 5799; x_wconf 78' lang='lat' dir='ltr'><strong>scripti,</strong></span> <span class='ocrx_word' id='word_1_963' title='bbox 2626 5728 2963 5799; x_wconf 57' lang='lat' dir='ltr'><strong>quos&#39;secuti</strong></span> <span class='ocrx_word' id='word_1_964' title='bbox 2985 5744 3191 5789; x_wconf 68' lang='lat' dir='ltr'><strong>sumus.</strong></span> <span class='ocrx_word' id='word_1_965' title='bbox 3574 5772 3575 5775; x_wconf 56' lang='grc' dir='ltr'><strong>η</strong></span> 
     </span>
    </p>
   </div>
  </div>
