3948 6378
1383 83 1554 90 _____—

180 307 292 364 in:
1198 302 1263 358 IN
1304 301 1631 362 rsuhuuu
1669 286 1739 360 ci

1847 301 1880 358 ιι
1923 300 2305 359 EXPOSITIO.
3270 291 3406 366 itit

177 430 380 482 eraeuata
403 428 480 476 est
508 420 670 491 Legio
690 419 862 474 littera
891 461 905 485 ,
952 419 1215 489 spiritalis
1243 422 1365 490 ejus
1394 422 1706 478 Intellectus
1735 425 1781 484 Α
1813 428 2022 474 (totum
2042 463 2055 484 ,
2086 420 2154 476 de
2180 420 2378 490 quibus
2399 419 2661 492 scriptum
2691 431 2776 478 est
2803 443 2817 478 :
2869 425 2936 479 In
2965 441 3168 480 omnem
3216 436 3409 482 terram

173 516 398 572 tstruitur.
433 513 600 582 llujus
621 512 1001 567 commotiouis
1036 512 1278 567 tnetttinit
1305 513 1466 568 David
1494 516 1544 568 in
1573 530 1706 585 qua-
1813 514 1967 567 exiuit
1985 529 2141 566 sonas
2169 529 2364 576 eorum,
2398 523 2446 567 et
2467 515 2518 567 in
2557 515 2689 584 ﬁnes
2715 517 2852 570 orbis
2889 528 3037 573 terra!
3058 519 3208 574 verba
3232 537 3408 575 eorum

173 610 591 682 dragesirnotertio
607 608 839 676 psalmo,
863 607 1052 663 dicens
1079 624 1093 661 :
1125 605 1353 662 Posuisti
1371 610 1533 662 nosin
1553 625 1709 678 para-
1811 607 1985 678 (Psal.
2025 624 2175 675 mn,
2206 608 2307 680 5)?
2339 609 2476 678 Ergo
2508 610 2630 678 quia
2663 624 2860 665 corona
2892 612 3076 680 gloria:
3103 625 3186 668 est
3214 615 3402 669 Eccle-

172 707 303 759 batam
321 701 566 774 gentibus,
591 703 981 756 commotionem
1009 702 1194 774 capitis
1234 703 1285 754 in
1309 703 1531 774 populisl
1559 701 1704 758 Paul.
1809 702 1916 772 sia;
1947 702 2068 756 ideo
2092 702 2292 756 dicitur
2320 703 2372 756 in
2426 701 2701 758 Canticis:
2735 703 3062 774 Egredior-ini
3087 749 3098 763 .
3133 747 3147 762 .
3176 748 3187 760 .
3219 749 3232 761 .
3264 718 3312 763 et
3335 710 3409 762 ri-

171 799 290 859 ma,
313 794 406 863 15);
435 811 498 848 eo
527 794 674 866 quad
704 813 729 847 :I
761 795 901 866 Lege
934 796 986 850 in
1023 795 1376 866 Evangeiinm
1406 798 1619 870 1160
1635 800 1706 852 sit
1809 792 1922 846 dele
1946 809 2112 863 regem
2138 793 2469 874 Salonianum
2497 795 2549 847 in
2580 810 2800 862 corona,
2836 814 2938 864 qua
2983 800 3246 852 coronavit
3294 815 3410 853 eum

165 890 271 945 facta
297 891 588 954 commotio,
622 891 775 958 quasi
801 889 1060 945 transitus
1082 891 1328 962 quidam.
1356 891 1411 945 lu
1448 896 1706 948 vicesimo

1846 898 1974 941 mter
1999 892 2112 960 ejus
2133 889 2186 941 in
2211 891 2294 942 die
2319 889 2641 956 sponsalium
2661 893 2790 960 ejus,
2819 893 2932 945 etin
2955 893 3038 946 die
3062 893 3405 958 iucunditatis

166 993 308 1036 autem
335 992 380 1036 et
401 981 570 1049 primo
601 983 809 1050 psalmo
838 1023 855 1048 ,
887 982 940 1035 in
969 999 1078 1052 quo
1129 987 1295 1038 totius
1352 987 1705 1055 prophetatur
1809 980 1978 1031 cordis
2005 983 2119 1051 ejus
2144 979 2314 1048 (Cant.
2346 979 2556 1052 1",“).
2582 981 2662 1040 Ad
2691 984 2900 1036 animas
2927 984 3132 1038 dicitur
3149 995 3254 1039 ute
3276 1000 3408 1054 gura

162 1077 298 1130 series
324 1073 596 1144 passionis,
630 1078 711 1130 sic
741 1074 933 1130 habet:
971 1076 1161 1131 Omnes
1189 1081 1278 1148 qui
1325 1081 1705 1152 eompi:iebant

1849 1071 2003 1124 nstiis
2038 1071 2306 1143 1161M
2335 1072 2584 1126 claustris
2607 1084 2807 1129 exeant
2831 1077 3226 1144 corporalibus,
3252 1087 3408 1132 extra

162 1186 238 1229 ηε,
253 1168 630 1236 aspernabantur
650 1184 732 1222 me
750 1181 794 1222 ει
826 1171 988 1223 Iaculi
1017 1184 1135 1225 sunt
1161 1171 1331 1240 labiis,
1364 1182 1411 1227 ρι
1440 1185 1704 1228 moverunt
1809 1165 2056 1233 corporis
2080 1167 2439 1234 cogitationes
2478 1177 2694 1229 οχοειιιι,
2723 1169 3068 1238 egrediantur
3087 1185 3116 1224 a
3144 1171 3407 1239 Cllj'iidllﬂv

160 1270 293 1331 caput.
318 1261 542 1330 Speravit
567 1261 618 1314 in
647 1259 892 1328 Domino,
923 1264 1107 1334 eripiat
1137 1281 1250 1318 eum
1273 1281 1291 1318 :
1317 1267 1516 1320 saluum
1547 1267 1705 1336 faciat
1810 1258 1976 1322 tibus,
2009 1268 2063 1312 et
2091 1275 2118 1312 a
2159 1261 2327 1324 curis,
2357 1268 2414 1314 et
2444 1275 2470 1311 a
2504 1262 2723 1315 caeteris
2749 1261 3109 1319 carnlsistius
3125 1262 3408 1318 ali'eCIihus

159 1354 532 1423 cumquem/im
557 1353 666 1406 uult
689 1369 805 1407 eum
834 1352 1010 1425 (Psal.
1040 1371 1162 1422 nt,
1188 1358 1221 1412 8
1245 1365 1295 1410 et
1317 1357 1393 1428 9).
1425 1357 1704 1412 Moverunt,
1809 1359 1864 1402 et
1923 1350 2150 1404 lubricis
2190 1351 2553 1420 passionihus.
2589 1367 2750 1423 supra
2798 1353 3054 1408 mundum
3086 1356 3404 1420 ascendant,

157 1459 257 1516 erg.
281 1445 482 1510 Legem,
519 1461 640 1508 quite
667 1446 958 1502 immobilis
983 1447 1301 1516 videbatur;
1329 1460 1383 1504 ct
1415 1449 1537 1505 ideo
1582 1451 1702 1505 ﬁnis
1809 1441 1993 1496 dehoc
2016 1443 2216 1500 mundo
2233 1455 2449 1508 exeant,
2483 1443 2699 1499 Christo
2726 1455 3039 1512 occurrant,
3066 1456 3266 1516 paratze
3296 1448 3395 1501 ati-

158 1539 278 1610 Legit:
301 1539 537 1595 Christus
564 1540 808 1595 intravit.

1848 1535 1919 1591 int
1973 1534 2182 1591 facibus
2240 1537 2552 1592 ardentibus
2619 1539 2945 1597 relucentes.
3019 1542 3182 1608 Quasi
3233 1544 3407 1614 angeli

209 1631 250 1687 9,
285 1630 374 1699 Qai
411 1639 700 1687 moverunt
723 1633 905 1702 capita
937 1632 1195 1689 Pliaristci
1229 1634 1469 1698 fuerunt,
1502 1635 1554 1690 id
1577 1646 1658 1689 est
1685 1679 1701 1702 ,
1809 1630 2010 1683 Christi
2043 1629 2159 1684 haec
2188 1631 2513 1700 loquuntur:
2547 1631 2660 1686 Non
2692 1635 2914 1702 potestis
2963 1634 3147 1691 videre
3194 1636 3412 1692 clarita-

154 1739 174 1776 a
199 1726 391 1780 rerictte
429 1725 629 1790 divisi;
661 1728 803 1782 unde
827 1735 884 1782 et
916 1727 968 1781 in
995 1728 1278 1783 Veritatem
1313 1745 1416 1782 non
1453 1729 1705 1784 cretlide-
1810 1731 1918 1776 lem
1965 1723 2115 1791 ejus,
2171 1725 2398 1794 gloriam
2420 1724 2560 1794 ejus,
2603 1726 2703 1780 nisi
2759 1727 3112 1796 egrediamini
3156 1727 3410 1785 humana

154 1827 264 1870 illiti.
289 1817 382 1872 Sed
409 1828 461 1872 et
495 1822 577 1872 sic
597 1827 778 1887 potest
808 1820 1012 1889 accipi:
1045 1819 1329 1874 Moverunt
1356 1833 1692 1888 eaputsuutn
1727 1821 1776 1880 Β
1801 1813 2104 1884 fragilitatis
2142 1831 2336 1884 curas.
2372 1818 2497 1872 ﬁliis
2553 1817 2910 1874 Hierusalem.
2955 1821 3121 1889 Quasi
3175 1823 3398 1886 dicant;

150 1911 398 1976 Christum,
426 1913 521 1982 qui
556 1915 606 1968 in
635 1928 731 1967 sua
761 1925 986 1969 venerat
1013 1931 1026 1968 :
1067 1914 1163 1969 sed
1210 1925 1501 1970 moverunt
1539 1932 1662 1970 eum
1686 1960 1700 1981 ,

1847 1909 1946 1973 inid
1975 1907 2245 1964 viventem
2294 1910 2434 1964 inter
2487 1923 2733 1966 mortuos
2772 1914 3062 1982 qumritis?
3111 1914 3228 1970 Non
3268 1919 3406 1972 intra

152 2005 247 2074 quia
261 2007 329 2059 sui
347 2021 462 2061 eum
490 2020 602 2059 non
629 2016 974 2076 receperunt.
1004 2006 1706 2074 Moveruntautem,dieen-

1848 2014 1950 2053 nnc
1973 2000 2232 2054 mundum
2257 2003 2518 2071 qua-ritur
2539 2001 2809 2071 Christus,
2836 2005 2926 2075 qui
2947 2021 3110 2075 supra
3143 2008 3402 2062 mttndum

153 2108 214 2152 tes
249 2098 413 2154 :Tolle
433 2142 447 2165 ,
482 2099 629 2161 tolle,
656 2101 904 2174 cruci/iga
929 2117 1044 2152 eum
1072 2099 1260 2172 (Joan,
1309 2116 1406 2154 xix
1431 2142 1445 2166 ,
1497 2101 1608 2170 15).
1639 2101 1707 2159 Et
1808 2107 1935 2147 suos
1965 2093 2139 2147 voluit
2163 2109 2284 2150 esse
2311 2095 2632 2165 discipulos.
2659 2097 2796 2164 Quae
2822 2106 3130 2154 estcorona
3181 2116 3283 2170 qua
3314 2116 3409 2157 co-

149 2202 382 2245 mororum
405 2194 872 2262 caputsuum,qui
894 2208 1058 2248 onera
1074 2209 1166 2246 sua
1183 2209 1399 2249 movere
1426 2193 1701 2258 nolebant;
1805 2194 2033 2242 ronatur
2067 2189 2331 2256 Christus,
2365 2190 2466 2245 nisi
2495 2205 2695 2246 corona
2742 2192 2976 2261 glorias?
3003 2193 3206 2264 Joseph
3249 2211 3408 2252 coro-

145 2300 240 2338 cum
266 2286 500 2357 .iigareut
547 2301 713 2340 onera
747 2286 952 2355 gravia,
983 2294 1038 2341 et
1061 2285 1184 2340 aliis
1207 2285 1704 2355 intponcrentzlp-
1806 2296 1930 2334 nam
1959 2282 2143 2336 habuit
2165 2283 2454 2348 castitatis,
2489 2285 2685 2340 Paulus
2707 2286 2931 2355 justitiae
2962 2329 2976 2354 ,
3026 2286 3220 2344 Petrus
3262 2288 3410 2344 ﬁdei.

145 2379 178 2430 ti
192 2389 332 2433 autem
358 2380 753 2451 digito,inquit,
783 2396 844 2434 ea
871 2395 1072 2433 mouere
1101 2379 1516 2450 noluntUIatth.
1553 2395 1702 2442 XXII}.
1805 2374 2152 2446 Singulorum
2212 2378 2471 2434 virtutum
2505 2395 2726 2435 corona:
2750 2392 2895 2436 sunt.
2947 2382 3107 2439 Solus
3153 2384 3407 2440 Christus

142 2469 204 2537 l).
229 2469 363 2537 Quod
392 2485 472 2525 est
505 2471 798 2543 mysticum
831 2487 846 2536 ;
877 2472 1002 2542 quia
1033 2473 1336 2540 corporalis
1355 2474 1490 2527 ritus
1517 2470 1706 2526 obser-
1807 2467 1970 2523 habet
2005 2485 2263 2524 coronam
2291 2472 2499 2542 gloriae,
2541 2489 2644 2543 qua
2683 2489 2807 2529 eum
2832 2475 3072 2530 Ecclesia
3104 2479 3406 2532 coronavit.

143 2563 368 2617 rationem
409 2580 709 2634 numquam
743 2575 960 2619 mutare
1004 2563 1414 2630 voiueruut,et
1455 2564 1700 2618 introdu-
1809 2561 1866 2617 in
1917 2561 2019 2617 hac
2060 2577 2260 2618 corona
2311 2580 2504 2620 omnes
2565 2581 2782 2621 coronae
2831 2577 2996 2631 sunt;
3048 2568 3169 2635 quia
3241 2569 3408 2640 gloria

141 2669 238 2710 cere
259 2657 580 2714 intellectum
609 2657 933 2728 spiritalem.
959 2658 1350 2728 ltigitumenim
1382 2673 1482 2728 pro
1510 2659 1703 2725 Spiritu
1807 2672 1912 2711 non
1972 2657 2150 2726 portio
2199 2659 2364 2712 unius
2415 2673 2656 2724 coronae,
2705 2658 2800 2713 sed
2836 2660 3406 2728 praemium-omnium

141 2744 358 2817 legimus,
379 2763 434 2805 ut
453 2752 567 2806 Lex
595 2751 768 2821 digito
783 2752 876 2806 Dei
897 2752 1105 2820 scripta
1128 2761 1211 2806 est
1231 2751 1250 2823 (
1274 2751 1428 2807 Deut.
1455 2767 1508 2806 Ix
1529 2794 1542 2817 ,
1571 2750 1703 2823 tua),
1809 2764 2134 2805 coronarum
2167 2761 2270 2805 est.

139 2848 182 2894 et
202 2840 305 2896 ideo
328 2843 438 2900 Lex
479 2843 750 2916 spiritalis
775 2854 879 2899 est.
901 2843 1206 2899 Noluerunt
1252 2859 1383 2914 ergo
1408 2858 1576 2899 onera
1607 2860 1705 2899 sua
1883 2839 1971 2893 i2.
2013 2839 2200 2894 Tertia
2231 2840 2522 2896 traditione
2567 2851 2852 2897 moverunt
2897 2852 3058 2913 caput
3085 2859 3262 2912 suum,
3301 2845 3404 2900 hoc

142 2948 324 2989 movere
348 2978 362 3000 ,
391 2953 516 3006 qua:
550 2946 679 2990 sunt
706 2935 897 3006 gravia
919 2978 934 3002 ,
959 2945 1015 2991 ct
1042 2937 1160 2991 leve
1185 2935 1388 2991 Christi
1409 2935 1596 3006 jugum
1625 2943 1707 2989 at-
1810 2941 1893 2986 est
1922 2931 2194 2988 Christum
2223 2975 2238 2997 ,
2273 2935 2362 3004 qui
2400 2943 2486 2989 est
2524 2945 2689 3002 caput
2727 2951 2838 2990 sine
2870 2937 3064 3004 plebis.
3097 2937 3266 3008 Caput
3297 2942 3411 3013 ejus

139 3039 222 3093 que
244 3041 366 3080 onus
394 3027 512 3098 ejus
540 3042 709 3082 suave
731 3028 1026 3097 suscipere.
1809 3040 1994 3078 aurum
2024 3024 2212 3094 capita:
2256 3025 2431 3096 (Cant.
2458 3041 2489 3080 v
2507 3068 2522 3091 ,
2551 3028 2664 3095 11).
2697 3027 2850 3084 Unde
2886 3039 2942 3086 et
2970 3031 3166 3100 Aquila
3201 3041 3406 3101 petram

195 3117 271 3173 i0.
299 3116 488 3172 Verum
519 3118 652 3187 quia
702 3118 888 3186 passio
908 3117 1211 3172 Salvatoris
1227 3132 1420 3172 omnes
1451 3117 1701 3182 redemit,
1809 3134 1998 3172 aurum
2044 3120 2181 3173 dixit
2213 3137 2225 3173 :
2259 3119 2621 3190 Symmachus
2671 3122 2905 3192 lapidem
2955 3139 3181 3179 aureum
3210 3167 3222 3192 ,
3265 3126 3410 3196 quod

141 3223 226 3264 nou
249 3211 540 3266 absurdum
572 3219 655 3266 est
704 3211 1005 3280 intelligere
1025 3211 1095 3264 ita
1141 3210 1239 3265 hos
1269 3209 1507 3264 movisse
1529 3209 1703 3278 capita
1731 3215 1776 3276 ς
1811 3210 2082 3279 signiﬁcat
2108 3209 2356 3266 atabilem
2379 3252 2393 3277 ,
2424 3213 2862 3282 eminentcmque
2893 3214 3239 3282 sapientiam.
3279 3220 3415 3271 Cor.

141 3303 1463 3374 sua.slcutpropitetahatprincepsilleSynagogte:
1483 3300 1710 3368 Expedit
1813 3316 1912 3371 pus
1941 3300 2141 3357 Christi
2177 3302 2416 3356 Ecclesia
2449 3313 2552 3358 est.
2580 3303 2750 3373 liujus
2778 3317 2939 3374 caput
2966 3322 3182 3369 aurum,
3214 3307 3264 3360 id
3293 3315 3377 3362 est
3402 3350 3414 3371 ,

140 3411 268 3451 suum
285 3397 543 3458 hominem
573 3399 704 3452 mori
731 3413 826 3468 pro
855 3399 1045 3467 populo
1067 3396 1252 3468 (Joan.
1289 3411 1372 3461 at,
1405 3396 1518 3467 5:0).
1545 3392 1709 3448 Aliud
1812 3393 2078 3462 sapientia
2120 3395 2358 3462 pretiosa
2391 3405 2702 3450 sanctorum
2733 3407 2846 3462 est,
2876 3397 2977 3452 hoc
3009 3409 3090 3453 est
3111 3441 3123 3462 ,
3158 3399 3258 3454 viri
3283 3400 3417 3470 justi

141 3484 291 3541 dicere
319 3490 564 3555 volebat,
594 3488 741 3542 aliud
769 3487 1128 3558 signiﬁcabat.
1164 3486 1231 3540 Et
1262 3486 1348 3540 isti
1395 3485 1557 3539 aliter
1596 3500 1712 3538 mo-
1813 3498 1973 3557 atquo
2006 3487 2321 3554 prudentes.
2358 3486 2536 3541 Crines
2566 3491 2679 3562 ejus
2709 3489 2896 3543 abiete:
2945 3492 3141 3562 nigra,
3172 3494 3304 3547 sicut
3331 3511 3418 3548 oo-

141 3577 304 3634 vehant
329 3580 670 3653 caputquasi
693 3577 1276 3645 insultantes,ctalind
1295 3577 1709 3642 annuutiabant;
1814 3595 1913 3633 ras:
1942 3577 2169 3650 (Ibid);
2204 3579 2271 3634 de
2315 3595 2423 3648 quo
2470 3579 2600 3634 alibi
2641 3579 2711 3634 ait
2742 3598 2754 3634 :
2785 3579 3217 3648 Capillamentum
3247 3595 3416 3652 tuum,

140 3672 238 3737 quia
283 3675 394 3745 ipse
432 3686 557 3731 erat
603 3676 700 3745 qui
745 3674 891 3728 venit
922 3715 938 3741 ,
997 3681 1057 3728 ut
1107 3672 1318 3743 pigrum
1359 3671 1491 3727 illud
1551 3682 1716 3743 atque
1816 3681 1872 3725 ut
1899 3687 2025 3741 grex
2061 3681 2324 3725 tantarum
2351 3671 2522 3742 (Cant.
2553 3689 2638 3738 vr,
2668 3672 2746 3743 4).
2784 3674 2911 3728 Ideo
2937 3677 3377 3746 capillamentum
3401 3718 3416 3744 ,

143 3771 378 3821 terrenum
428 3766 743 3839 principale
790 3766 1071 3820 hominum
1121 3775 1538 3828 commoveret,
1605 3779 1715 3834 quo
1817 3765 1942 3836 quia
1968 3766 2395 3820 virtusomnium
2423 3781 2681 3822 sensuum
2703 3769 2754 3822 in
2773 3770 2952 3837 capite
2974 3778 3075 3824 est.
3101 3771 3252 3824 Oculi
3273 3774 3421 3828 enim

141 3868 360 3912 evacuata
394 3859 792 3913 observatione
825 3856 1054 3922 litterae,
1089 3856 1417 3928 mysterium
1443 3869 1718 3924 quierere-
1820 3859 2068 3928 sapientis
2091 3859 2146 3912 in
2177 3859 2347 3927 capite
2371 3858 2730 3928 ejus(lt'ccles.
2758 3875 2793 3914 ll
2814 3900 2828 3924 ,
2867 3859 2982 3931 M).
3018 3862 3290 3917 Profunda
3321 3865 3422 3934 igi-

142 3960 238 4001 mus
261 3948 309 4003 in
334 3950 542 4005 verbis.
584 3948 742 4005 Unde
770 3949 847 4002 ait
871 3965 884 4003 :
913 3947 1148 4003 Posuisti
1173 3965 1269 4005 nos
1306 3949 1362 4003 in
1418 3947 1718 4017 parabolam
1820 3959 1913 4003 tur
1942 3950 2227 4003 doctorum
2259 3947 2573 4016 prudentia,
2599 3965 2720 4018 quae
2749 3959 2924 4016 potest
2950 3967 3010 4005 ea
3041 3968 3162 4022 quae
3191 3955 3422 4010 obscura

140 4045 357 4110 gentibus,
387 4046 793 4100 coniurationem
817 4046 1005 4116 capitis
1047 4045 1100 4098 in
1114 4046 1323 4117 populi:
1364 4045 1538 4114 (Psat.
1563 4061 1716 4110 xuii,
1823 4049 1951 4094 sunt
1971 4040 2238 4104 revelare,
2261 4048 2318 4095 et
2342 4040 2453 4094 alia
2472 4042 2684 4110 aperire
2709 4056 2990 4097 sensuum.
3018 4044 3083 4098 Et
3111 4045 3423 4115 intjusmodi

144 4134 234 4205 l5).
263 4136 408 4206 Quod
435 4138 494 4194 in
526 4140 680 4192 bono
705 4138 891 4207 utique
929 4139 1226 4206 accipitur;
1255 4139 1380 4208 quia
1408 4137 1672 4209 praemisit
1699 4155 1715 4191 :
1823 4131 2192 4200 disputatores
2218 4131 2399 4186 crines
2429 4130 2688 4188 Ecclesiae
2719 4140 2875 4198 sunt,
2907 4135 3048 4189 sicut
3077 4137 3206 4205 pulli
3234 4152 3426 4195 corvo-

140 4223 195 4279 Et
213 4230 264 4282 in
277 4235 512 4286 nationes
541 4231 841 4298 diapersisti
861 4229 1161 4303 nos(lbid.,
1194 4230 1308 4303 12).
1330 4231 1566 4300 Dispersi
1593 4239 1722 4288 sunt
1825 4238 1977 4290 rum,
2004 4223 2201 4293 quibus
2232 4223 2494 4279 Dominus
2523 4238 2704 4278 escam
2728 4224 2856 4293 dat,
2887 4226 3028 4282 sicut
3056 4229 3209 4283 dedit
3239 4240 3431 4296 saneto

139 4319 262 4373 enim
282 4319 494 4388 Judaei;
531 4332 596 4376 ut
621 4324 865 4392 reliquiae
895 4337 1087 4380 eorum
1109 4323 1278 4377 saltue
1305 4323 1497 4384 tierent
1524 4339 1722 4380 secun.
1824 4317 1993 4371 Jacob
2021 4332 2049 4370 ιι
2076 4316 2361 4385 iuventute
2400 4316 2548 4387 ejus,
2583 4327 2637 4373 et
2679 4332 2802 4373 eum
2851 4321 3014 4388 pavit.
3049 4321 3156 4377 llos
3196 4323 3337 4378 alios
3366 4341 3431 4381 ac

138 4413 246 4466 dum
266 4416 596 4473 electionem
622 4418 844 4486 gratiae:
869 4417 921 4471 in
952 4417 1266 4487 parabolam
1309 4427 1490 4473 autem
1521 4418 1676 4488 positi
1701 4435 1719 4485 ;
1828 4411 2126 4481 profundos
2153 4414 2398 4468 ubertate
2423 4412 2688 4468 doctrina:
2727 4414 2898 4483 pascit
2944 4414 3208 4472 Dominus
3234 4418 3432 4475 coeles-

140 4512 260 4561 utca
283 4523 403 4578 qua
441 4525 546 4579 per
589 4508 904 4578 parabolam
933 4507 1078 4563 dicta
1104 4516 1234 4562 sunt
1258 4549 1274 4573 ,
1307 4509 1549 4565 revelata
1600 4525 1723 4565 esse
1829 4506 1968 4560 tibus
1999 4506 2380 4560 sacramentis.

137 4594 331 4656 illorum
356 4601 506 4656 exitu
533 4600 902 4665 disceremus,
927 4599 1011 4655 vel
1040 4614 1230 4655 eorum
1257 4603 1509 4669 exemplo
1535 4602 1722 4656 admo.
1751 4589 1801 4650 Ι)
1900 4597 1986 4651 13.
2022 4595 2178 4649 Oculi
2207 4611 2410 4665 quoque
2430 4596 2545 4665 ejus
2570 4598 2702 4650 sicut
2722 4597 2977 4652 columba:
2997 4601 3174 4666 (Cant.
3206 4617 3237 4654 v
3257 4643 3271 4667 ,
3299 4603 3388 4673 12)
3415 4621 3427 4658 :

139 4702 370 4746 ueremur
387 4709 597 4749 cauere
621 4693 922 4763 perﬁdiam.
970 4693 1122 4748 'i‘unc
1146 4695 1292 4748 enim
1324 4693 1578 4762 ctignurit
1603 4708 1720 4747 ma~
1829 4687 1969 4743 oculi
1997 4698 2122 4741 sunt
2146 4687 2242 4740 viri
2264 4727 2279 4750 ,
2306 4685 2556 4740 videlicet
2584 4687 2922 4755 spiritalibus
2941 4693 3117 4748 ornati
3143 4693 3427 4760 sensibus,

135 4783 206 4850 gis
219 4785 518 4843 Hieremias
536 4787 782 4842 Iuda-am
801 4801 920 4842 esse
935 4786 1270 4841 deﬂendam:
1295 4795 1353 4846 et
1379 4788 1503 4842 ideo
1533 4787 1724 4842 ilieru-
1830 4781 1919 4850 qni
1951 4780 2018 4834 ad
2051 4779 2279 4834 videnda
2309 4777 2564 4849 mysteria
2591 4789 2721 4833 sunt
2745 4782 2925 4848 acuti,
2956 4793 3012 4837 et
3040 4787 3213 4854 parati
3242 4787 3306 4841 ad
3336 4803 3432 4858 pe-

137 4875 283 4930 tatem
297 4890 518 4948 captam
543 4889 815 4935 essetnon
836 4879 1098 4948 temporis
1117 4877 1477 4948 prephetavit,
1507 4879 1725 4946 quando
1834 4871 2094 4927 ttetrantla
2121 4869 2417 4936 Scriptum
2444 4878 2658 4925 secreta
2684 4871 2881 4930 divinas
2901 4914 2917 4940 ,
2950 4877 3258 4934 rationabili
3291 4880 3432 4938 lacte

135 4971 548 5047 Redemptorem
573 4976 850 5046 propriutn
867 4993 972 5030 non
989 4975 1213 5045 recepit.
1234 4974 1725 5044 illiigiturinsulta-
1831 4964 2097 5036 fulgentes
2123 5005 2136 5030 ι
2181 4963 2234 5018 ίιι
2275 4962 2474 5033 (ιυίιιυε
2517 4979 2624 5017 mm
2656 4964 2727 5018 είῑ
2775 4965 2952 5037 aliqua
2995 4968 3105 5023 d0”
3152 4973 3430 5029 "Inculti-Qa

137 5071 231 5134 tur,
261 5069 326 5128 de
356 5088 462 5140 qua
493 5070 702 5138 dicent,
739 5073 912 5141 inquit
945 5087 957 5124 :
986 5069 1113 5126 Hau:
1143 5079 1213 5128 eat
1241 5069 1490 5137 ciuitas...
1534 5070 1732 5130 univer-
1807 5058 2077 5114 'cnni‘usio
2100 5100 2114 5126 ,
2150 5057 2244 5112 sed
2277 5055 2540 5127 simplicis
2567 5057 2790 5113 allectus
2822 5076 2954 5131 pura
2985 5072 3041 5122 et
3088 5064 3432 5132 immaculata

133 5175 195 5216 ac
215 5172 360 5225 terra
383 5162 620 5235 (Tarsa.
651 5178 710 5231 ιι.
768 5162 881 5233 lii);
909 5177 978 5219 eo
1006 5161 1150 5232 quod
1175 5161 1266 5222 ubi
1289 5169 1407 5225 erat
1431 5169 1560 5224 ante
1603 5161 1727 5220 tidei
1830 5149 2135 5208 εῖηοθτὶιειεο
2159 5148 2290 5206 Ῑιιθο
2320 5150 2372 5206 in
2401 5164 2663 5220 ηιιιιθιήιη
2689 5149 3023 5212 θὺυιδάειυιίθ
3053 5153 3190 5218 ιοιεε
3217 5157 3315 5218 llas
3338 5175 3437 5220 00-

132 5251 452 5321 jucuuditas,
478 5255 573 5310 1⁸1ιί
593 5271 736 5311 nunc
761 5255 833 5310 sit
860 5255 1162 5312 amaritudo
1191 5254 1465 5325 perﬁdiae:
1495 5253 1582 5309 vel
1608 5269 1691 5308 cet

1348 5254 1465 5309 ιίωε
1495 5253 1582 5309 νει
1608 5269 1729 5308 εει»-
1831 5241 2044 5296 lutnbas
2075 5243 2127 5294 in
2160 5241 2302 5295 laete
2332 5241 2655 5298 memoravit
2681 5241 2907 5315 illud).

134 5354 184 5400 te
201 5349 471 5420 ,πορθηαο
501 5358 671 5418 cap.“
695 5363 875 5413 suum,
903 5359 960 5403 ει
979 5348 1048 5403 de
1069 5347 1447 5418 ουιινοτειιίιηιε
1475 5345 1538 5399 ad
1570 5345 1728 5418 spiri-
1905 5336 1995 5392 14.
2036 5335 2154 5391 iam
2179 5346 2326 5392 certe
2353 5335 2574 5404 dentes,
2601 5346 2654 5394 et
2677 5353 2875 5407 genas,
2906 5347 2960 5393 et
2985 5341 3124 5395 sicut
3151 5344 3432 5406 coccinum

137 5437 248 5496 talia
269 5441 621 5504 transeundo
642 5449 919 5504 mereatur
943 5439 1166 5508 audire;
1195 5455 1320 5500 cum
1347 5438 1645 5510 crediderit
1673 5438 1727 5494 in
1827 5431 2145 5486 resticulam
2173 5429 2313 5484 labia
2360 5445 2578 5501 sponsa:
2620 5429 2798 5504 (Cant.
2830 5447 2912 5500 vt,
2947 5433 2978 5493 5
2999 5432 3040 5501 )1
3073 5436 3432 5508 intelliginnts

131 5527 418 5609 Christum,
448 5531 608 5604 quod
631 5546 835 5587 corona
866 5534 938 5586 sit
959 5532 1170 5601 gloriae.
1834 5521 2028 5576 anima:
2058 5535 2180 5576 esse
2206 5520 2468 5584 virtutes,
2499 5520 2898 5592 doctommque
2925 5524 3272 5583 diversitates
3298 5549 3310 5584 :
3344 5532 3436 5602 qui

200 5621 284 5678 11.
312 5624 455 5708 Qum
495 5632 597 5679 est
616 5636 796 5682 autem
822 5637 1026 5679 corona
1058 5622 1269 5694 glorize,
1311 5622 1422 5696 nisi
1443 5619 1694 5690 Ecclesia
1715 5659 1732 5684 ,

1885 5613 1922 5669 ξι
1948 5613 2244 5685 spiritalem
2275 5612 2444 5666 menti
2470 5612 2786 5668 alimoniam
2813 5614 3225 5694 di~peusatione
3251 5623 3444 5699 sedula

135 5727 246 5782 qua:
267 5703 433 5786 caput
455 5729 634 5789 suum
659 5714 934 5792 Christum
969 5727 1198 5792 coronat
1211 5716 1235 5785 ‘2
1271 5713 1406 5796 Quae
1425 5712 1694 5790 inclutum

1886 5705 2251 5759 tbministrent
2284 5720 2298 5756 :
2332 5703 2416 5759 vel
2457 5703 2843 5770 prmdicalione
2886 5707 3185 5766 Dominicu:
3225 5715 3406 5790 ςῃιςίε
3429 5759 3445 5782 ,

139 5803 924 5873 universaterrwmisidomus
941 5805 1591 5881 populilvihristiani,aula
1608 5819 1736 5860 san-
1841 5801 1981 5854 sicut
2215 5796 2452 5870 nitidam
2504 5797 2646 5864 little-.1
2696 5800 2920 5872 alligent
2967 5803 3276 5869 audientem
3312 5826 3323 5864 :
3362 5809 3448 5867 vel
