3948 6396
508 290 646 351 Μιδ

1846 288 2092 347 SANCTI
2129 286 2456 346 AMBROSII

3667 288 3800 347 1416

502 384 735 464 modesti
758 419 824 461 ac
852 403 1185 471 verecundi,
1215 410 1273 459 et
1294 402 1599 475 iuventutis
1629 403 1763 459 llorc
1803 403 2098 475 gratissimi
2127 409 2177 471 Α
2206 418 2343 457 uxor
2370 400 2692 457 charissima
2721 398 2970 473 quaedam
3011 399 3138 459 vitae
3167 401 3411 459 cohmres
3432 443 3450 470 ,
3481 412 3538 458 et
3580 417 3798 460 consor-

507 511 531 539 η
555 504 659 559 etsi
688 516 720 557 a
752 508 982 555 tractatu
1014 498 1221 569 pudore
1247 507 1605 563 revocentur,
1646 495 1889 551 redoleat
1922 507 2099 549 tamen

503 592 559 648 in
588 592 672 647 his
699 591 834 647 odor
860 589 1064 646 Christi
1085 631 1100 655 ,
1123 600 1179 646 et
1207 588 1349 645 sicut
1374 590 1427 644 in
1461 603 1628 660 genas
1653 587 1805 659 quasi
1832 588 1900 643 de
1925 587 2102 655 capite

505 686 826 746 sacerdotali
864 684 1150 742 descendit
1194 696 1528 755 unguentum
1555 723 1572 749 ,
1604 682 1820 739 eluceat
1863 680 2102 752 pulchri-

503 781 636 837 tudo
679 779 959 835 doctrinzc.
989 777 1062 833 Et
1104 778 1207 833 hoc
1256 786 1420 847 caput
1461 776 1634 831 movit
1678 775 2004 847 Synagoga;
2047 780 2105 827 et

502 871 626 929 ideo
673 871 900 938 abstulit
928 872 1191 926 Dominus
1232 869 1541 926 mirabilem
1586 867 1997 949 consiliarium,
2046 872 2103 921 et

503 966 824 1037 prudentem
851 965 1210 1021 architectum
1233 1005 1247 1030 ,
1285 963 1496 1036 1162
1527 971 1584 1017 et
1618 961 1922 1029 sapientem
1948 957 2101 1014 andi-

497 1065 711 1115 torcm:
744 1056 950 1126 Caput,
987 1057 1202 1128 inquit,
1242 1065 1289 1112 et
1337 1056 1557 1111 caudam
1599 1053 1779 1126 (Esai.
1826 1069 1877 1108 ιι
1903 1094 1918 1119 ,
1953 1052 2097 1123 14);

499 1154 754 1221 quoniam
802 1151 895 1221 qui
940 1159 1103 1221 caput
1145 1164 1253 1204 non
1302 1157 1634 1212 tenuerunt,
1668 1146 1962 1202 novissima
2003 1142 2102 1198 ha-

500 1244 630 1300 bere
659 1260 762 1301 non
808 1252 1055 1316 possunt.
1087 1242 1193 1300 Sed
1234 1243 1345 1313 jam
1396 1257 1459 1298 ea
1503 1255 1627 1313 quas
1669 1255 1881 1296 annexa
1932 1247 2097 1306 sunt,

500 1335 930 1391 consideremus.

575 1426 662 1482 15.
697 1427 876 1498 (Vers.
904 1427 1057 1496 115.)
1079 1423 1298 1495 Iniquos
1327 1425 1449 1480 odio
1476 1423 1634 1479 habui
1657 1441 1675 1479 :
1702 1434 1747 1479 et
1777 1424 1937 1495 legem
1959 1431 2100 1476 tuam

498 1518 681 1576 dilexi.
710 1517 738 1557 δ
770 1519 983 1586 Quanto
1011 1533 1140 1588 erga
1172 1517 1461 1573 Dominum
1499 1531 1559 1572 se
1587 1513 1879 1588 protendat
1903 1513 2098 1570 aliectu

497 1621 719 1669 sanctus
766 1610 1029 1683 propheta
1081 1610 1245 1666 David
1295 1610 1399 1667 hoc
1443 1609 1719 1666 versiculo
1764 1607 2098 1674 declaravit;

496 1706 622 1778 quia
638 1720 760 1767 cum
783 1719 913 1767 suos
942 1703 1192 1771 inimicos
1216 1719 1561 1780 nequaquam
1577 1703 1661 1769 ,sit
1682 1711 1997 1775 persecutus
2018 1700 2101 1775 (ut

2207 494 2339 549 tium
2368 507 2659 549 commune
2688 493 2933 548 naturae?
2957 492 3318 561 Quid‘fratres
3332 494 3531 558 iisdem
3561 495 3799 552 concreti

2204 585 2538 652 visceribus,
2570 596 2734 657 atque
2764 584 2979 639 formati
3009 583 3203 641 eodem
3236 595 3444 661 natura:
3472 586 3710 657 hospitio
3750 587 3799 641 in

2205 682 2349 737 hunc
2377 696 2534 735 usum
2563 680 2701 735 lucis
2727 679 2957 737 emissi?
2984 679 3204 736 Oderim
3242 694 3374 752 ergo
3407 682 3631 752 pignora
3678 680 3801 735 cha-

2205 773 2410 829 ritatis?
2439 772 2514 828 Ita
2545 772 2821 845 Evangelii
2848 772 3073 828 lenitate
3100 773 3333 843 rigorem
3364 774 3629 844 praedurata
3649 773 3800 845 Legis

2206 865 2472 933 inllectis,
2507 872 2566 920 nt
2602 880 2831 937 quorum
2856 863 2984 926 .Lex
3029 863 3359 920 condemnat
3402 864 3665 934 injurias,
3707 879 3801 921 eo-

2204 975 2322 1014 rum
2361 970 2413 1015 tu
2453 960 2747 1031 Evangelio
2778 971 2871 1015 tuo
2897 958 3230 1015 condemnes
3255 960 3523 1030 gratiam?

2276 1053 2366 1109 17.
2412 1055 2579 1112 Video
2629 1055 2933 1111 istiusmodi
2984 1054 3275 1112 assertioni
3331 1071 3419 1112 me
3467 1056 3801 1128 respondere

2205 1161 2312 1203 non
2351 1161 2553 1217 posse:
2586 1148 2686 1219 sed
2736 1154 2792 1202 tn
2822 1186 2836 1214 ,
2858 1147 3099 1205 -Domine
3123 1189 3139 1214 ,
3169 1148 3475 1218 responde;
3520 1165 3623 1206 nec
3659 1151 3801 1207 enim

2204 1240 2413 1312 indiges
2442 1251 2500 1295 ut
2537 1241 2851 1308 excuseris,
2878 1236 2906 1277 ἀ
2937 1241 3030 1311 qui
3069 1254 3178 1296 non
3221 1240 3419 1310 cgnisﬁ
3462 1250 3524 1297 ut
3565 1241 3798 1300 diceres.

2204 1332 2574 1404 Respondebit
2600 1333 2762 1404 igitur
2787 1352 2801 1388 :
2837 1333 3019 1402 Egone
3045 1334 3352 1390 condemno
3378 1326 3679 1406 pietatem,
3709 1337 3805 1408 qui

2202 1426 2293 1483 odi
2323 1426 2704 1497 iniquitatem?
2733 1424 2850 1496 Ego
2879 1434 3131 1496 parentes
3177 1427 3435 1498 prmcipio
3465 1441 3570 1483 non
3612 1442 3807 1484 aman-

2203 1518 2333 1585 dos,
2359 1521 2449 1590 qui
2499 1519 2745 1575 inimicos
2786 1518 2990 1574 suadeo
3031 1518 3374 1589 diligendos?
3413 1517 3523 1575 Sed
3574 1535 3684 1575 non
3729 1520 3807 1575 le-

2201 1614 2367 1685 gisti:
2402 1611 2625 1685 Tempus
2663 1612 2876 1667 amandi
2902 1651 2917 1674 .
2949 1620 2997 1666 et
3046 1620 3244 1679 tempus
3295 1611 3414 1666 odio
3454 1611 3716 1678 habendi,
3757 1620 3808 1668 et

2203 1714 2402 1778 tempus
2442 1705 2598 1770 belli,
2626 1714 2674 1760 et
2705 1715 2902 1775 tempus
2947 1703 3089 1774 pacis
3129 1702 3301 1776 (Eccl.
3334 1718 3430 1767 ut,
3458 1701 3550 1775 8)?
3580 1703 3656 1760 De
3697 1719 3808 1774 quo

494 1809 623 1870 pote
658 1800 746 1870 qui
794 1809 852 1856 et
882 1799 1026 1872 regis
1065 1799 1226 1865 Saul,
1273 1814 1303 1853 a
1341 1798 1498 1869 cujus
1542 1797 1751 1854 insidiis
1795 1795 2095 1868 periculum
2127 1813 2175 1875 Β
2202 1798 2307 1855 hoc
2351 1798 2483 1856 dicit
2520 1798 2925 1855 Ecclesiastes?
2952 1797 3144 1854 Nonne
3187 1797 3256 1854 de
3281 1813 3351 1853 eo
3398 1798 3542 1869 quod
3592 1798 3808 1854 ratione

493 1894 687 1950 salutis
715 1908 911 1951 cavere
945 1894 1034 1948 vix
1064 1901 1317 1964 poterat,
1349 1906 1452 1949 nec
1491 1892 1657 1947 vitam
1696 1889 1967 1962 putaverit
1990 1896 2100 1959 gap-

497 1985 785 2058 petendam
812 2029 828 2053 ,
857 1996 914 2043 et
952 1996 1183 2042 mortem
1211 1986 1563 2041 :estimavcrit
1587 1983 1964 2040 vindicandam
1986 2024 2001 2046 ,
2043 1991 2099 2038 et

494 2077 779 2148 parricida:
819 2078 914 2133 lilii
961 2078 1291 2150 ingemuerit
1336 2077 1611 2135 interitum
1636 2118 1652 2141 ,
1702 2085 1758 2132 et
1801 2076 2094 2131 multorum

494 2171 940 2242 persequentium
968 2186 1030 2228 se
1060 2171 1280 2244 ﬂagitiis
1302 2171 1573 2243 appetitus
1601 2170 1902 2242 ignoverit,
1935 2178 1993 2225 ut
2019 2169 2097 2239 ip-

493 2277 556 2321 se
580 2264 660 2320 ait
694 2263 877 2336 (Psal.
900 2280 973 2321 vn
992 2305 1008 2331 ,
1040 2264 1135 2337 5),
1165 2266 1294 2336 quia
1324 2264 1494 2321 vicem
1530 2263 1743 2334 injuriae
1771 2261 2097 2318 laedentibus

493 2369 603 2412 non
642 2355 993 2426 rependerit)
1025 2355 1479 2426 praevaricatores
1508 2363 1689 2411 tamen
1734 2354 1933 2410 divina:
1961 2352 2097 2423 legis

493 2462 696 2505 exosos
726 2448 1006 2506 horrescat
1038 2468 1051 2502 :
1095 2450 1148 2505 in
1177 2464 1288 2520 quo
1332 2449 1519 2520 utique
1565 2457 1621 2504 et
1662 2447 1954 2504 clementia
1981 2463 2097 2504 mo-

491 2554 612 2595 rum
660 2541 819 2613 ejus,
869 2542 1343 2614 mansuetudoque
1389 2542 1647 2614 pietatis,
1691 2550 1748 2599 et
1799 2542 2097 2600 vehemens

489 2632 796 2705 devotionis
846 2635 1088 2705 aperitur
1147 2635 1378 2692 intentio
1404 2675 1421 2702 ,
1478 2634 1778 2705 evangelici
1837 2633 2094 2705 praecepti

489 2728 822 2785 conveniens
841 2727 1144 2800 disciplinae
1163 2769 1178 2793 ,
1201 2744 1361 2801 quam
1389 2728 1710 2800 prophetico
1735 2728 1929 2800 spiritu
1956 2742 2092 2799 prae-

490 2820 728 2878 videbut.
756 2821 990 2877 .Etenim
1035 2822 1297 2883 Dominus
1324 2821 1486 2883 Jesus
1529 2830 1584 2884 et
1633 2831 1948 2878 nostrorum
1993 2821 2097 2876 ini—

492 2913 759 2969 micorum
789 2912 1142 2972 dilectionem
1168 2914 1329 2971 nobis
1355 2914 1716 2986 expetendam
1739 2928 1864 2976 esse
1891 2929 2097 2986 pracoc-

491 3008 572 3079 pit
609 3005 824 3080 (Mattlt.
852 3023 918 3073 v,
946 3004 1041 3078 44)
1061 3050 1076 3072 .
1109 3016 1164 3064 et
1191 3007 1287 3065 Dei
1320 3009 1506 3065 hostes
1527 3051 1542 3074 ,
1574 3011 1788 3066 etiamsi
1817 3010 1976 3066 nobis
2001 3018 2096 3065 aut

498 3108 827 3172 parentum,
869 3107 966 3155 aut
1005 3098 1237 3155 filiorum
1262 3142 1276 3167 ,
1314 3109 1407 3156 aut
1431 3100 1665 3172 coniugii
1692 3101 2093 3173 germanitatis-

2202 1893 2463 1963 temporis
2491 1893 2621 1958 ﬁat;
2656 1902 2714 1947 ut
2742 1891 2953 1961 aliquos
2984 1892 3069 1962 pie
3095 1900 3150 1947 et
3174 1906 3360 1948 amare
3383 1900 3439 1948 et
3461 1890 3649 1947 odisse
3678 1906 3810 1962 pos-

2198 1990 2367 2041 simus
2406 2002 2421 2040 :
2467 1994 2523 2040 et
2546 1998 2683 2056 quos
2710 1983 2968 2040 dilexeris
2994 2024 3008 2046 .
3049 1982 3272 2049 odisse;
3313 1991 3370 2039 et
3408 1997 3547 2055 quos
3574 1982 3757 2040 oderis
3780 2023 3803 2051 ,

2204 2078 2414 2151 1163
2461 2077 3013 2143 amareconveniat?
3051 2074 3166 2130 Non
3207 2090 3338 2146 ergo
3378 2085 3661 2144 parentum
3702 2078 3792 2130 in-

2197 2173 2311 2228 fudi
2355 2172 2479 2227 odia
2528 2154 2839 2238 pectoribus
2887 2167 3117 2226 liliorum
3148 2186 3163 2222 :
3194 2183 3294 2224 nec
3321 2167 3612 2240 coniugum
3642 2169 3802 2226 suasi

2196 2261 2411 2322 fastidia
2464 2264 2735 2321 mentibus
2797 2263 3135 2318 maritorum.
3196 2260 3453 2317 Naturam
3517 2262 3796 2333 interroga

2196 2356 2325 2428 quid
2364 2357 2638 2428 exegerim
2662 2397 2677 2422 ,
2710 2372 2834 2428 quae
2873 2356 3060 2426 utique
3089 2353 3331 2409 auctoris
3376 2352 3661 2409 arbitrium
3707 2368 3806 2423 ge-

2195 2449 2350 2506 nitali
2393 2450 2728 2520 singularum
2780 2446 3244 2505 necessitudinum
3303 2453 3534 2501 testatur
3580 2444 3805 2502 al‘fectu.

2197 2543 2396 2598 Amare
2436 2541 2688 2612 patribus
2719 2540 2862 2597 filios
2892 2541 2977 2596 lex
3027 2549 3233 2595 naturae
3264 2547 3384 2609 est:
3419 2537 3631 2594 maritis
3670 2553 3809 2594 con-

2189 2633 2385 2705 juges,
2419 2634 2508 2690 lex
2543 2633 2734 2689 divina
2784 2642 2910 2698 est,
2942 2648 3063 2703 quae
3104 2630 3341 2702 conjugii
3378 2629 3703 2687 charitatem
3748 2632 3806 2687 in

2199 2740 2447 2783 naturam
2497 2727 2698 2792 vertit;
2730 2734 2792 2782 ut
2832 2726 2926 2781 ﬁat
2953 2740 3057 2781 una
3100 2740 3230 2781 caro
3271 2734 3328 2780 et
3365 2740 3506 2780 unus
3554 2724 3803 2793 spiritus.

2196 2820 2428 2892 Diligere
2476 2819 2736 2876 fratribus
2780 2818 2981 2875 fratres
3028 2826 3237 2873 natura;
3286 2816 3645 2888 prmrogativa
3675 2826 3804 2882 est,

2196 2930 2318 2987 quae
2348 2913 2541 2971 eodem
2570 2912 2849 2969 domicilio
2874 2910 2966 2967 diu
2985 2909 3136 2980 ,fotos
3160 2909 3451 2967 assuefacit
3473 2909 3541 2966 ad
3569 2909 3804 2981 gratiam

2195 3008 2494 3064 charitatis.
2910 3043 2917 3049 .
2960 3040 2963 3043 ν
3178 3038 3181 3043 .
3418 3048 3423 3051 _

2270 3101 2359 3156 18.
2400 3099 2517 3156 Νοιι
2545 3113 2678 3171 ergo
2705 3096 3166 3155 necessitudinum
3193 3066 3451 3154 intestina
3475 3096 3622 3155 bella
3648 3112 3808 3153 man-

489 3209 595 3266 que
635 3190 1039 3249 necessitudine
1078 3191 1437 3262 copulentur,
1482 3192 1609 3248 odio
1651 3192 2082 3264 prosequendos.
2113 3196 2158 3259 C
2190 3194 2311 3250 davi
2334 3235 2349 3261 ,
2378 3192 2473 3250 sed
2501 3192 2811 3249 illecebram
2855 3200 3160 3263 suspectam
3193 3191 3377 3247 habui.
3418 3191 3504 3248 An
3536 3206 3645 3247 non
3677 3190 3807 3263 jure

488 3284 579 3342 Sic
608 3284 755 3341 enim
783 3284 1045 3355 scriptum
1085 3292 1206 3342 est:
1237 3284 1300 3341 Si
1324 3285 1437 3356 quis
1461 3285 1652 3339 uenerit
1681 3284 1751 3338 ad
1778 3301 1891 3352 me,
1915 3294 1962 3339 et
1990 3301 2090 3340 non

492 3376 657 3431 oderit
698 3386 929 3448 patrem,
960 3386 1008 3432 et
1053 3385 1312 3443 matrem,
1352 3385 1399 3431 et
1441 3392 1689 3442 uxorem,
1720 3385 1770 3430 et
1818 3375 1960 3445 ﬁlios
1985 3417 1999 3442 ,
2042 3384 2091 3430 et

490 3469 678 3540 fratres
696 3512 713 3538 ,
741 3480 788 3525 et
816 3471 1248 3536 sorores,'adhue
1270 3470 1426 3526 etiam
1445 3480 1494 3525 et
1525 3469 1752 3525 animam
1778 3485 1923 3525 suam
1945 3511 1961 3538 ,
1988 3485 2091 3524 non

490 3570 565 3616 est
595 3577 675 3615 me
704 3561 894 3632 dignus
923 3560 1077 3635 (Luc.
1103 3577 1226 3628 xlv,
1252 3560 1369 3634 26).

566 3654 653 3711 16.
696 3653 852 3724 Quod
880 3654 926 3711 si
958 3657 1080 3725 quis
1103 3654 1293 3711 otiosis
1321 3653 1551 3726 accipiat
1576 3656 1831 3722 auribus,
1860 3654 2093 3713 fortasse

488 3745 674 3803 dicat:
706 3745 789 3802 Tu
829 3745 1058 3803 Domine
1102 3745 1269 3813 Jesu,
1304 3747 1482 3819 legem
1512 3747 1709 3804 dedisti
1736 3749 1922 3805 dicens
1951 3766 1964 3804 :
1995 3747 2093 3805 Di-

488 3837 591 3910 lige
637 3838 920 3894 Dominum
969 3839 1133 3895 Deum
1182 3849 1328 3895 tuum
1354 3882 1370 3908 ,
1403 3840 1562 3916 dilige
1606 3843 1902 3911 proximum
1945 3852 2091 3899 tuum

490 3929 671 4002 (Deut.
708 3946 782 3999 vr,
813 3931 905 4003 5);
935 3939 991 3989 et
1035 3941 1091 3988 ut
1124 3933 1378 4002 impleres
1415 3934 1554 3989 hanc
1598 3933 1771 4006 legem
1796 3979 1812 4005 ,
1849 3936 2044 3992 venisti
2074 3954 2087 3990 :

488 4021 671 4079 dixisti
704 4040 798 4094 per
824 4023 1063 4096 Legem:
1100 4023 1320 4081 Honora
1357 4037 1555 4100 patrem
1580 4038 1627 4083 et
1657 4037 1870 4085 matrem
1894 4027 2087 4101 (Leuit.

489 4130 588 4170 xix
613 4156 629 4181 ,
664 4115 790 4185 18);
820 4125 876 4172 et
918 4117 974 4172 in
1002 4118 1296 4188 Evangelio
1321 4119 1482 4189 jubcs
1512 4129 1571 4176 ut
1600 4130 1855 4192 parentes
1880 4121 2086 4177 oderim

488 4204 708 4278 (Matth.
751 4222 852 4275 xv,
884 4206 975 4279 4).
1004 4207 1289 4276 Quomodo
1320 4211 1423 4267 sibi
1452 4213 1786 4269 conveniunt
1813 4216 1916 4270 ista
1945 4230 2088 4287 prte-

488 4296 689 4368 cepta?
718 4297 808 4355 Sic
836 4298 983 4354 mitis
1010 4308 1066 4355 et
1107 4299 1329 4357 humilis
1352 4301 1518 4359 corde
1551 4305 1789 4360 venisti?
1813 4305 1932 4362 Non
1966 4322 2091 4374 pos-

486 4405 605 4447 sum
652 4391 806 4447 salvo
851 4391 1070 4462 pietatis
1093 4393 1218 4464 jure
1255 4394 1439 4451 odisse
1488 4403 1695 4466 patrem
1722 4438 1738 4465 ,
1783 4398 1868 4454 cui
1916 4398 2090 4457 debeo

485 4483 629 4555 quod
658 4493 869 4541 creatus
898 4500 1051 4555 sum,
1085 4498 1107 4527 ε
1141 4495 1369 4545 matrem
1401 4488 1564 4560 longo
1590 4488 1777 4546 decem
1819 4493 2089 4549 mensium

2197 3296 2550 3359 suspectam;
2582 3300 2705 3341 cum
2752 3300 2980 3357 serpens
3006 3285 3098 3340 ille
3125 3285 3355 3364 callidus
3393 3294 3449 3341 et
3478 3293 3692 3341 astutus
3739 3286 3809 3341 ad

2191 3379 2589 3437 construendas
2636 3379 2894 3450 nequitiae
2936 3392 3048 3433 sua;
3083 3386 3261 3455 artes,
3306 3393 3415 3450 quo
3462 3379 3807 3449 incorruptae

2193 3489 2258 3531 ac
2304 3472 2458 3530 rudis
2489 3479 2699 3529 natura:
2741 3471 2871 3528 dote
2919 3470 3202 3528 fundatum
3242 3469 3592 3541 primogeniti
3620 3468 3804 3525 Adam

2192 3567 2551 3629 labefactaret
2619 3565 2872 3622 ali‘ectum
2899 3606 2916 3632 ,
2978 3564 3228 3623 femineis
3292 3564 3464 3634 magis
3524 3563 3809 3622 illecebris

2193 3676 2357 3734 quam
2389 3660 2504 3716 suis
2531 3659 2805 3717 commisit
2831 3658 3098 3715 venenis?
3138 3657 3323 3727 Itaque
3354 3655 3555 3713 femina
3581 3656 3764 3713 virum
3789 3698 3806 3725 ,

2191 3775 2352 3830 quem
2397 3771 2625 3829 serpens
2672 3765 2885 3812 tentare
2933 3769 3043 3810 non
3084 3757 3247 3809 ausus
3275 3760 3392 3816 est,
3423 3752 3548 3808 cibo
3586 3752 3707 3808 oris
3747 3760 3814 3808 et

2194 3853 2242 3907 vi
2272 3852 2477 3908 amoris
2503 3849 2761 3905 inﬂexum
2788 3889 2802 3912 ,
2833 3847 2984 3903 molli
3015 3845 3249 3918 quadam
3276 3854 3333 3900 et
3367 3845 3811 3901 conciliatricula

2194 3946 2397 4003 uxoriae
2438 3941 2746 3999 sedulitatis
2772 3940 3059 3997 ali'ectione
3084 3939 3346 3994 traduxit.
3386 3936 3456 3993 Et
3482 3936 3665 3993 adhuc
3693 3938 3812 3993 Eva

2189 4038 2395 4095 liberos
2428 4051 2536 4093 non
2576 4034 2856 4099 habebat,
2895 4047 3127 4105 quorum
3176 4031 3381 4103 gratia,
3416 4038 3474 4085 ut
3511 4028 3693 4085 dulcis
3733 4028 3812 4084 ad

2192 4145 2435 4187 amorem
2455 4170 2471 4197 ,
2503 4129 2581 4184 ita
2605 4125 2781 4183 facilis
2808 4125 2876 4182 ad
2905 4125 3113 4195 lapsum
3135 4165 3151 4189 ,
3180 4123 3446 4194 plurimos
3486 4136 3515 4176 a
3546 4123 3817 4195 martyrii

2192 4223 2660 4281 consummatione
2698 4234 2845 4292 sape
2872 4216 3183 4275 revocavit?
3229 4217 3472 4288 Denique
3505 4231 3663 4287 saepe
3705 4232 3813 4272 co-

2192 4314 2513 4388 gnovinms,
2570 4312 2830 4385 quoniam
2877 4326 3041 4383 quem
3088 4308 3436 4365 formidolosa
3468 4310 3810 4365 carnificum

2191 4424 2389 4482 pompa
2418 4423 2524 4464 non
2549 4407 2779 4474 terruit,
2808 4420 2908 4462 nec
2934 4404 3095 4461 divisi
3123 4403 3308 4459 lateris
3328 4401 3516 4458 sulcus
3544 4402 3776 4474 infregit
3793 4444 3812 4469 ,

2195 4515 2296 4557 nec
2322 4499 2576 4556 ardentes
2602 4497 2818 4553 laminm
2841 4513 2872 4553 a
2895 4495 3238 4567 triumphalis
3263 4493 3594 4550 fortitudinis
3617 4495 3817 4566 rigore

484 4577 704 4636 fastidio
742 4580 814 4650 pii
842 4579 1006 4637 fmtus
1033 4596 1202 4639 onera
1249 4591 1552 4651 portantem
1580 4625 1596 4653 ,
1637 4583 1725 4640 cui
1770 4584 1824 4640 in
1870 4584 2089 4641 absolu-
2114 4581 2172 4643 D
2196 4591 2471 4649 deducere
2510 4598 2837 4662 potuerunt,
2866 4603 2992 4645 eum
3039 4590 3180 4644 inter
3224 4601 3379 4643 sacra
3417 4586 3533 4657 jam
3569 4588 3815 4658 pmmia

484 4671 633 4729 tione
658 4671 782 4745 plus
813 4675 1036 4746 periculi
1061 4716 1079 4744 ,
1108 4676 1161 4731 in
1192 4675 1453 4734 dilatione
1485 4678 1607 4748 plus
1639 4677 1787 4734 ttedii
1814 4687 1919 4735 est.
1943 4679 2082 4749 Quid

481 4764 782 4823 dulcissimi
814 4776 1093 4825 merentur
1124 4768 1220 4824 lilii
1247 4811 1263 4836 ,
1296 4780 1355 4824 ut
1397 4785 1427 4825 a
1470 4779 1697 4840 paterno
1722 4770 2083 4828 excludantur

479 4873 702 4928 amore;
732 4876 855 4918 cum
878 4860 950 4917 sit
975 4861 1203 4933 impium
1233 4862 1371 4918 mori
1400 4861 1548 4919 nolle
1574 4878 1674 4933 pro
1698 4861 1921 4919 liberis?
1941 4862 2081 4931 Quid

553 5029 581 5060 ἰ
614 5020 772 5077 Rom.
803 5020 970 5087 edit.,
994 5021 1091 5077 etsi
1138 5036 1171 5075 a
1198 5029 1336 5076 tactu
1366 5019 1564 5090 pudore
1604 5028 1926 5090 revocentur.
1948 5017 2081 5090 Me-

477 5091 585 5149 lius
610 5093 732 5148 alia:
757 5107 823 5148 ac
850 5107 1005 5160 mss.,
1036 5093 1129 5148 etsi
1155 5110 1188 5147 a
1209 5088 1431 5148 tractatu
1453 5134 1467 5156 ,
1495 5100 1600 5144 etc.
1627 5088 1887 5145 Tractare
1913 5089 2082 5160 siqui-

479 5164 603 5220 dem
632 5164 702 5220 ab
730 5164 967 5233 antiquis
1005 5163 1259 5219 Patriltus
1286 5163 1681 5232 usurpabatur,
1730 5177 1829 5231 pro
1870 5175 2079 5216 sacram

477 5235 813 5304 Scriptttram
837 5234 903 5288 ad
931 5235 1185 5305 populum
1205 5249 1500 5305 expauere.

547 5305 577 5377 Ρ
610 5306 755 5363 Edit.
784 5320 976 5361 omnes
989 5303 1017 5372 ,ἡ
1038 5305 1246 5372 Quanto
1280 5303 1543 5377 Dominus
1581 5313 1755 5377 noster
1798 5304 2082 5377 perpendat

477 5374 757 5445 affectum,
809 5388 1016 5431 sanctus
1039 5416 1079 5447 ,ί
1103 5386 1209 5447 etc.
1254 5377 1384 5432 Mss.
1430 5376 1635 5445 aliquot
1658 5418 1673 5442 ,
1708 5374 1925 5447 Quanto
1957 5391 2079 5447 ergo

476 5448 730 5503 Dominus
758 5456 929 5519 noster
948 5446 1137 5517 pendat
1157 5446 1322 5519 (unus
1342 5489 1357 5512 ,
1381 5464 1473 5501 nos
1501 5449 1823 5519 perpendat)
1848 5446 2037 5514 a/Tectu
2060 5489 2075 5513 ,

472 5530 706 5585 sanctus,
733 5530 841 5575 etc.
868 5516 1084 5589 Optime
1105 5516 1196 5573 alii
1223 5518 1413 5575 decem
1432 5559 1448 5581 ,
1481 5516 1539 5572 ut
1557 5516 1614 5573 in
1641 5516 1811 5575 textu.

552 5602 575 5629 ε
616 5592 674 5646 1η
720 5589 1043 5661 quibusdam
1099 5604 1232 5644 mss.
1282 5590 1519 5661 legitur,
1556 5589 2076 5661 nouemﬂmensium.

476 5656 791 5788 Eérpzram.
837 5659 1056 5716 Clarum
1102 5661 1251 5716 enim
1293 5656 1377 5716 est
1421 5659 1592 5717 alludi
1634 5659 1706 5716 ad
1742 5657 1877 5715 illud
1925 5658 2076 5729 Virg.

478 5743 582 5785 CCI.
614 5743 689 5785 43

698 5808 841 5859 Matri
864 5808 1009 5872 longa
1025 5809 1203 5860 decem
1227 5808 1440 5861 tulerant
1457 5807 1649 5861 fastidia
1673 5819 1891 5861 menses.

2191 4684 2545 4741 constitutum
2578 4699 2718 4740 uxor
2745 4690 2945 4740 teneras
2969 4681 3177 4737 sobolis
3205 4680 3481 4737 oblatione
3508 4680 3819 4738 miserabi-

2189 4777 2256 4832 lis
2282 4777 2445 4832 unius
2474 4776 2726 4850 lacrymte
2753 4773 3103 4831 miseratione
3126 4772 3360 4842 decepit.
3404 4772 3643 4829 Samson
3667 4787 3821 4845 cap-

2190 4876 2278 4923 tus
2304 4876 2390 4924 est
2435 4882 2534 4940 per
2561 4881 2784 4923 uxorem
2810 4907 2826 4933 ,
2870 4862 3133 4937 numquid
3163 4873 3220 4920 tu
3264 4862 3492 4920 fortior?
3530 4863 3821 4921 Salomon

2186 5022 2445 5091 Quamvis
2492 5032 2677 5081 autem
2708 5023 2852 5079 hunc
2895 5032 3071 5094 poetae
3119 5037 3334 5079 versum
3381 5021 3451 5078 de
3504 5022 3822 5083 lunaribus

2188 5097 2468 5151 mensibus
2510 5096 2919 5165 intelligendum
2950 5109 3072 5150 esse
3098 5094 3341 5150 nonnulli
3376 5094 3578 5161 velint;
3609 5106 3818 5152 tamen

2189 5174 2376 5235 partus
2406 5165 2628 5239 legitimi
2657 5178 2869 5239 tempus
2896 5180 3018 5222 esse
3046 5180 3154 5222 non
3176 5166 3358 5239 solum
3390 5180 3593 5239 nonum
3638 5182 3828 5239 rgen-

2185 5251 2301 5293 sem
2329 5278 2344 5302 ,
2371 5236 2553 5310 sedet
2584 5236 2855 5310 decimum
2888 5248 3053 5310 atque
3083 5237 3429 5310 undecimum
3458 5236 3627 5292 docet
3646 5237 3821 5310 Βιρ-

2188 5319 2437 5379 pocrates
2473 5309 2571 5365 lib.
2594 5308 2664 5363 de
2697 5318 2855 5378 partu
2883 5309 3213 5379 septimestri
3240 5318 3309 5379 et
3336 5309 3655 5364 octomestri
3675 5350 3690 5373 ,
3738 5308 3823 5367 ac

2187 5390 2306 5450 post
2335 5394 2458 5435 eum
2487 5380 2578 5434 alii
2612 5380 2905 5434 innumeri.
2932 5378 3104 5434 Immo
3132 5379 3270 5435 Plin.
3300 5378 3399 5434 lib.
3421 5393 3531 5445 vn,
3559 5393 3681 5447 cap.
3728 5382 3777 5438 5
3799 5424 3820 5448 .

2188 5449 2348 5520 atque
2378 5449 2549 5520 Agell.
2578 5451 2671 5505 lib.
2699 5465 2755 5505 ιιι
2774 5492 2790 5515 ,
2815 5465 2939 5520 cap.
2971 5452 3038 5505 16
3062 5490 3077 5515 ,
3106 5450 3334 5520 tradunt?
3354 5463 3543 5520 mense
3570 5449 3827 5509 decimo

2189 5518 2350 5594 tertio
2379 5518 2595 5594 partum
2626 5518 2969 5594 quandoque;
2993 5522 3047 5575 in
3076 5521 3253 5594 lucem
3273 5519 3383 5575 edi.
3412 5518 3549 5594 Vide
3571 5536 3825 5594 quoque

2187 5589 2434 5701 Ulgssein
2459 5589 2906 5658 Albrovandum,
2934 5592 2999 5646 de
3025 5592 3269 5646 monstris
3287 5632 3304 5650 .
3335 5606 3458 5659 pag.
3482 5589 3578 5648 50.

2313 5663 2515 5701 Πηιηρα
2546 5663 2671 5701 odit,
2716 5678 2838 5701 mam
2872 5677 2984 5701 mea.
3037 5677 3143 5701 nnn
3183 5661 3266 5701 val
3309 5664 3482 5701 altum
3532 5675 3578 5701 ’Δ

2313 5663 2516 5719 Omnes
2546 5663 2676 5719 edit.
2716 5678 2849 5734 cum
2872 5677 3004 5734 mss.
3037 5677 3143 5734 uno
3183 5661 3267 5717 vel
3303 5664 3482 5734 altero
3504 5675 3538 5731 ,'
3557 5663 3647 5734 qui
3686 5680 3827 5721 non

2187 5734 2374 5803 eguisti
2393 5743 2449 5789 ut
2476 5734 2734 5800 vinceres;
2756 5733 2951 5805 reliqui
2974 5732 3138 5791 codd.
3157 5774 3172 5802 ,
3198 5740 3254 5788 ut
3279 5732 3498 5787 diceres.
