3948 6330
146 281 279 337 1117

1238 277 1301 334 IN
1345 278 1667 336 PSALMUM
1706 278 1917 336 CXVIII
1957 276 2342 335 EXPOSI'I‘IO.

3300 276 3438 332 1418

142 406 329 464 captus
373 403 455 448 est
498 392 552 448 in
600 407 768 449 uxore
795 435 810 459 ,
854 393 1109 462 numquid
1160 400 1216 446 ttt
1259 395 1593 463 sapientior?
1642 394 1736 449 Ille
1764 395 2103 457 Aconverti.
2140 397 2247 449 Aut
2275 403 2423 449 certe
2466 393 2563 447 nisi
2607 396 2679 449 ita
2722 394 3053 466 accipiamus
3086 411 3099 449 :
3132 395 3256 464 quia
3298 398 3439 453 sicut

144 490 301 561 igitur
327 488 482 556 cujus
508 486 771 557 sapientia
805 486 932 540 totis
953 485 1259 541 celebratur
1289 486 1533 552 smculis,
1568 486 1739 541 factus

147 592 227 639 est
248 581 507 652 insipiens
530 582 691 651 ;quia
722 580 945 635 nimium
972 580 1177 635 amavit
1206 595 1451 635 uxorem.

223 696 307 752 I9.
348 694 486 764 Quid
510 693 581 748 de
609 693 867 750 fratribus
894 694 1070 748 dicam
1094 696 1117 747 't
1146 694 1383 763 Experta
1413 703 1499 750 est
1528 697 1582 750 in
1610 695 1745 751 Iibe-

148 787 225 842 ris
247 795 306 841 et
333 785 620 856 Prophetae
643 785 837 840 domus
860 793 885 821 ³
908 784 1313 840 detestabiliora
1339 785 1521 840 oscula
1538 826 1554 853 ,
1584 800 1743 855 quam

149 880 269 936 odia
296 894 419 935 esse
448 878 709 933 fraterna.
743 878 926 947 Itaque
955 876 1303 948 parricidium
1348 886 1501 948 pater
1529 877 1743 947 quidem

149 972 331 1037 ﬂevit,
358 970 453 1026 sed
500 970 676 1042 magis
703 979 788 1027 est
832 969 1139 1041 indignatus
1181 971 1463 1025 incestum.
1504 970 1747 1041 Denique

150 1065 275 1120 licet
308 1062 627 1134 parricidam
652 1104 666 1128 ,
711 1076 1091 1133 percussorem
1132 1071 1313 1118 tamen
1348 1064 1538 1118 incesti
1588 1078 1747 1118 revo—

154 1157 332 1212 eabat.

220 1275 313 1329 '20.
354 1273 582 1346 Tempus
624 1274 787 1345 igitur
821 1273 1072 1337 amandi,
1107 1283 1307 1346 tempus
1338 1272 1456 1326 odio
1487 1272 1747 1334 habendi,

155 1370 253 1425 hoc
283 1378 407 1435 est,
441 1377 655 1438 tempus
706 1365 990 1439 martyrii,
1022 1366 1239 1437 quando
1291 1381 1353 1422 ea
1398 1380 1519 1436 qua:
1566 1364 1749 1419 divina

156 1476 320 1529 Sunt,
375 1462 525 1517 omni
560 1460 823 1516 'cltaritati
888 1459 1347 1515 necessitudinum
1413 1457 1752 1529 praeferenda

156 1568 297 1612 sunt.
326 1555 552 1627 Tempus
576 1554 730 1620 belli,
756 1568 863 1624 quo
890 1556 1051 1609 etiam
1083 1553 1284 1609 bellum
1312 1567 1411 1621 pro
1431 1551 1629 1606 Christi
1658 1566 1755 1605 no-

158 1649 300 1704 mine
344 1648 566 1717 perﬁdis
611 1647 923 1718 pignoribus
963 1645 1279 1701 inferamus.
1316 1643 1540 1713 Tempus
1572 1644 1758 1713 pacis;

158 1744 274 1813 quia
304 1743 359 1795 in
391 1757 517 1811 pace
546 1741 690 1794 locus
720 1741 830 1811 ejus
851 1739 1020 1811 (Psal.
1049 1756 1225 1807 Lxxv,
1253 1740 1331 1811 5).
1365 1740 1609 1809 Denique
1639 1739 1755 1808 ipse

159 1838 207 1891 in
239 1836 540 1905 Evangelio
569 1834 847 1890 evidenter
874 1836 1125 1904 exposuit
1150 1850 1255 1904 qua
1289 1834 1499 1889 ratione
1538 1842 1756 1888 nostros

162 1929 457 1986 debeamus
484 1927 694 1994 odisse,
728 1928 953 1985 dicens:
989 1928 1090 1995 Qui
1119 1928 1286 2000 diligit
1318 1938 1513 1995 patrem
1538 1938 1628 1981 aut
1651 1943 1760 1980 ma-

162 2034 280 2077 trem
304 2024 425 2095 plus
448 2038 600 2093 quant
626 2038 705 2076 me
726 2064 739 2085 ,
770 2037 873 2076 non
896 2032 966 2075 est
994 2038 1073 2076 me
1101 2021 1287 2091 dignus
1309 2020 1527 2093 (Matth.
1554 2037 1584 2075 χ
1602 2062 1616 2087 ,
1641 2021 1757 2091 57).

163 2115 273 2171 Non
299 2116 443 2170 dixit
472 2114 725 2186 indignos
751 2129 906 2181 esse,
936 2114 1025 2185 qui
1054 2124 1307 2184 parentes
1334 2128 1462 2168 suos
1493 2113 1723 2184 diligunt
1747 2130 1760 2170 :

164 2210 252 2267 sed
282 2225 383 2266 eos
414 2208 667 2280 indignos
699 2208 805 2273 ait,
828 2207 919 2278 qui
951 2209 1070 2278 plus
1099 2214 1349 2277 parentes
1402 2222 1562 2277 quant
1602 2208 1762 2262 Chri-

166 2314 301 2359 stum
350 2302 603 2375 diligunt.
653 2303 710 2359 Si
747 2301 891 2359 enim
933 2300 1059 2357 ideo
1106 2302 1402 2357 deferimus
1449 2301 1766 2372 parentibus

168 2413 407 2454 amorem
432 2441 449 2466 ,
495 2397 623 2468 quia
666 2404 867 2452 nostra:
900 2394 1270 2465 generationis
1309 2402 1560 2449 auctores
1590 2401 1719 2447 sunt
1751 2409 1766 2447 :

168 2502 369 2563 quanto
400 2491 572 2563 magis
598 2488 874 2546 Christum
902 2503 1087 2545 amare
1120 2488 1380 2543 debemus
1408 2487 1498 2556 qui
1527 2487 1766 2558 ipsorum

170 2593 249 2639 est
277 2593 469 2639 auctor
494 2582 822 2652 parentum?
849 2581 941 2636 Isti
996 2580 1267 2636 dederunt
1292 2579 1438 2650 quod
1480 2593 1587 2635 non
1620 2590 1772 2650 pote-

170 2675 323 2731 statis
345 2684 454 2742 est,
470 2674 564 2731 sed
593 2675 878 2731 ministerii
902 2674 984 2730 sui
1012 2693 1027 2729 :
1049 2674 1296 2730 Christus
1317 2672 1487 2729 donat
1507 2673 1768 2739 salutem,

175 2771 260 2841 qui
294 2779 587 2840 parentum
617 2768 882 2826 beneficia
918 2776 1229 2825 conservat.

238 2887 332 2941 21.
381 2885 613 2942 Pulchre
653 2894 833 2941 autem
861 2884 998 2940 dixit
1030 2902 1043 2937 :
1078 2882 1295 2955 Iniquos
1327 2883 1447 2937 odio
1477 2883 1670 2950 habui,
1704 2884 1777 2937 le-

175 2996 280 3051 gem
309 2988 485 3032 autem
513 2988 652 3032 tuam
682 2977 879 3041 dilexi;
906 2976 1033 3048 quia
1053 2976 1100 3032 si
1124 2976 1297 3047 legem
1331 2991 1607 3042 amamus,
1631 2974 1777 3031 odis-

175 3085 231 3125 se
247 3071 515 3128 debemus
541 3070 885 3126 adversarios
914 3069 1047 3141 legis
1065 3112 1079 3135 ,
1101 3072 1191 3141 qui
1223 3070 1480 3141 operibus
1503 3070 1616 3125 suis
1641 3084 1777 3140 pra:-

1841 490 1933 545 ille
1960 492 2049 559 qui
2083 504 2189 543 non
2221 489 2455 543 honorat
2502 496 2741 558 patrem,
2774 488 2992 556 iniquus
3020 497 3136 555 est,
3173 487 3313 542 idem
3356 496 3438 541 ta-

1844 598 1966 637 men
2012 581 2309 637 secundum
2355 580 2485 635 illud
2534 596 2731 635 exosus
2762 588 2966 649 patrem
2996 580 3138 649 quod
3178 582 3438 651 scriptum

1843 684 1927 730 est
1956 693 1968 729 :
2006 675 2108 743 Qui
2136 692 2241 728 non
2268 674 2375 728 odit
2405 684 2629 741 patrem,
2654 682 2743 727 aut
2774 683 3075 727 matrent....
3101 682 3192 725 aut
3219 676 3441 743 fratres,

1845 776 1936 821 aut
1980 783 2181 821 sorores
2204 810 2217 832 ,
2248 778 2339 821 aut
2367 768 2593 820 animant
2623 783 2771 821 suant
2796 808 2810 832 ,
2842 783 2945 819 non
2976 776 3137 832 potest
3167 782 3305 820 meus
3334 782 3443 820 esse

1848 860 2134 929 discipulus
2168 859 2321 930 (Luc.
2352 877 2469 921 xiv,
2494 860 2587 930 20')
2611 900 2625 922 ,
2656 859 2817 914 etiam
2851 858 3140 914 laudabilis
3172 860 3400 915 habetur
3430 878 3443 911 :

1848 953 1927 1006 sic
1962 960 2018 1006 et
2064 953 2165 1007 iste
2197 952 2410 1021 iniquos
2438 951 2564 1005 odio
2592 950 2796 1006 habuit.
2828 951 3031 1005 Eodem
3064 951 3225 1006 modo
3254 960 3309 1007 et
3350 966 3447 1007 eos

1848 1043 2083 1109 oderat,
2129 1059 2238 1112 quo
2281 1054 2486 1112 patrem
2536 1044 3023 1113 pratvaricautem,
3070 1052 3163 1097 aut
3210 1044 3444 1098 animam

1848 1153 2001 1193 suam
2030 1155 2043 1191 :
2076 1138 2372 1208 przeferens
2402 1138 2653 1193 videlicet
2676 1141 2800 1193 vita:
2848 1137 3009 1207 hujus
3037 1138 3292 1193 suavitati
3324 1154 3446 1208 gra-

1854 1235 1981 1288 tiam
2012 1232 2234 1287 Christi.

1923 1326 2014 1383 25.
2059 1327 2237 1398 (Vers.
2290 1327 2435 1397 114.)
2471 1327 2729 1399 Sequitur
2761 1343 2775 1381 :
2808 1328 3065 1401 Adjutor,
3109 1337 3155 1381 et
3192 1338 3452 1399 susceptor

1857 1435 1999 1473 meus
2036 1436 2089 1473 es
2133 1429 2186 1472 tu
2210 1435 2229 1473 :
2257 1430 2303 1472 et
2352 1420 2404 1472 in
2452 1420 2658 1473 verbum
2692 1429 2835 1473 tuum
2875 1436 3046 1487 spero.
3082 1419 3308 1488 Adjutor
3358 1434 3452 1488 per

1857 1514 2089 1586 Legem,
2120 1525 2404 1583 susceptor
2431 1530 2524 1581 per
2556 1514 2932 1581 Evangelium.
2961 1514 3108 1580 Quos
3132 1512 3275 1579 Lege
3302 1513 3457 1581 adju—

1858 1608 1973 1675 vit,
2008 1608 2060 1662 itt
2089 1623 2253 1663 carne
2301 1607 2578 1674 suscepit;
2610 1608 2733 1677 quia
2762 1607 3023 1676 scriptum
3054 1618 3178 1661 est:
3214 1606 3316 1660 Hic
3340 1623 3457 1679 pec-

1861 1710 1977 1754 cata
2006 1710 2179 1755 nostra
2208 1709 2413 1770 portat;
2442 1712 2488 1753 et
2516 1699 2631 1753 ideo
2658 1700 2709 1753 in
2740 1700 2944 1753 verbum
2972 1701 3082 1769 ejus
3104 1718 3256 1768 spero
3278 1699 3454 1767 (Esai.

1860 1809 1951 1848 Llll
1974 1834 1987 1858 ,
2012 1793 2092 1865 It).
2120 1793 2343 1849 Graecus
2372 1802 2550 1847 tamen
2578 1795 2834 1852 ἐπήλπισα
2866 1794 3055 1859 habet,
3089 1795 3232 1864 quod
3266 1804 3351 1849 est
3374 1813 3460 1850 su-

1865 1890 2159 1960 persperavi
2184 1904 2203 1941 :
2231 1887 2373 1955 quod
2403 1886 2472 1943 de
2502 1902 2566 1941 eo
2608 1887 2805 1942 dicitur
2833 1889 2920 1957 qui
2964 1904 3181 1959 semper
3208 1890 3359 1945 addit
3393 1890 3461 1945 ad

1865 1980 2232 2049 Sperandntn;
2262 1986 2319 2033 et
2342 1994 2466 2033 cum
2498 1979 2801 2045 speraverit
2838 1980 3038 2047 aliquid
3058 2022 3072 2042 ,
3120 1980 3311 2035 iterum
3342 1996 3465 2050 spe-

1866 2083 1979 2139 rat,
2026 2082 2081 2129 et
2109 2089 2206 2144 spe
2231 2074 2479 2144 prolicit.
2508 2073 2805 2128 extendens
2841 2089 2901 2128 se
2932 2089 3150 2144 semper
3189 2074 3256 2128 ad
3306 2089 3464 2145 supc-

1867 2168 2011 2222 riora
2030 2208 2043 2230 ,
2066 2166 2094 2205 b
2125 2176 2178 2220 et
2205 2183 2265 2221 ea
2294 2183 2414 2236 quae
2445 2169 2704 2236 praeteriit
2729 2166 3078 2222 obliviscens.

1939 2262 2031 2317 24.
2073 2261 2305 2317 Pulchre
2345 2274 2523 2317 autem
2555 2263 2632 2316 ait
2666 2281 2676 2314 :
2711 2260 2775 2316 In
2807 2262 3013 2317 verbum
3053 2273 3198 2316 tuum
3228 2266 3463 2329 speravi,

1871 2354 1973 2409 hoc
2011 2365 2131 2421 est,
2160 2371 2265 2410 nun
2295 2355 2348 2409 in
2382 2356 2677 2424 prOpheIas
2708 2356 2921 2423 speravi
2948 2398 2962 2419 ,
2995 2370 3100 2409 non
3133 2355 3188 2410 in
3223 2355 3417 2426 Legem
3451 2378 3461 2411 :

1869 2446 1964 2502 sed
1995 2448 2047 2501 in
2090 2450 2295 2501 verbum
2326 2458 2473 2501 tuum
2508 2449 2708 2519 speravi
2736 2490 2748 2511 ,
2784 2448 2884 2502 hoc
2916 2458 2999 2501 est
3023 2490 3037 2513 ,
3075 2448 3127 2501 in
3167 2450 3458 2503 adventum

1873 2550 2020 2597 tuum
2045 2559 2058 2608 ;
2091 2552 2147 2596 nt
2170 2543 2357 2597 venias
2378 2552 2433 2597 et
2457 2544 2721 2612 suscipias
2751 2550 3068 2611 peccatores
3088 2585 3101 2605 .
3126 2543 3324 2598 delicta
3349 2558 3473 2598 con-

1873 2634 2078 2698 dones,
2109 2652 2264 2690 ovem
2313 2637 2509 2690 lassam
2556 2636 2661 2691 tuis
2705 2637 2757 2689 in
2802 2652 2963 2692 cruce
3004 2636 3248 2691 humeris
3298 2638 3472 2692 bonus

1876 2737 2062 2796 pastor
2093 2728 2358 2793 imponas.
2384 2728 2438 2781 Si
2469 2727 2591 2797 quis
2618 2738 2803 2792 sperat
2831 2728 2882 2781 in
2911 2728 3186 2783 Christum
3208 2769 3224 2796 ,
3253 2744 3475 2799 separa-

1876 2834 1937 2875 re
1962 2834 2021 2874 se
2050 2818 2210 2873 debet
2234 2834 2264 2872 a
2292 2820 2569 2873 consortio
2599 2818 2947 2887 perfidorum.

1948 2912 2039 2967 25.
2085 2911 2262 2979 (Vers.
2313 2910 2471 2983 115.)
2518 2911 2749 2981 Ideoque
2790 2913 2923 2967 dic-it
2958 2931 2970 2967 :
3025 2914 3285 2969 Discedite
3314 2933 3345 2969 α
3375 2933 3475 2980 me,

1879 3004 2124 3076 maligni,
2155 3014 2202 3057 et
2245 3008 2513 3057 scrutabor
2541 3004 2784 3057 mandata
2814 3002 2913 3058 Dei
2960 3007 3080 3060 mei.
3112 3006 3279 3075 Cujus
3311 3008 3481 3062 versi-

1880 3097 1987 3152 culi
2017 3096 2325 3151 testimonio
2352 3096 2711 3165 significatur,
2744 3098 2866 3165 quia
2911 3098 2997 3153 ubi
3029 3099 3331 3169 malignitas
3359 3108 3444 3153 est
3466 3143 3481 3165 ,

176 3176 324 3236 (⁵⁸9⁸³
622 3164 753 3235 legis
784 3162 1137 3259 'lmP"8“3“‘-
1168 3164 1395 3259 amicus
1444 3163 1639 3218 melius
1680 3177 1775 3219 eos
1804 3170 1849 3234 (ἶ
1883 3190 1954 3244 ibi
1984 3188 2231 3245 custodia
2258 3162 2633 3244 mandatorum
2662 3162 2965 3245 ('(BI'ttslilIttt
2997 3207 3118 3245 esse
3147 3162 3251 3243 tiam
3283 3162 3482 3259 possiti

177 3266 227 3313 et
254 3257 482 3328 proprie
508 3257 839 3329 nuncupavit
859 3257 1072 3323 dicens,
1100 3257 1433 3335 παρανόμους
1451 3258 1777 3334 επαράνομος

179 3352 329 3408 exlex
363 3361 623 3417 vocatur,
649 3352 775 3422 quia
805 3361 965 3407 extra
996 3351 1171 3422 legem
1198 3358 1301 3407 est.
1336 3350 1445 3406 llos
1475 3365 1605 3421 ergo
1631 3351 1776 3417 odit,

179 3445 263 3515 qui
294 3446 352 3501 in
388 3445 507 3515 lege
536 3444 739 3500 Christi
769 3454 883 3512 est,
916 3445 1039 3513 quia
1071 3444 1207 3515 legis
1240 3444 1491 3499 mandata
1523 3459 1630 3499 non
1663 3459 1779 3499 ser—

181 3550 322 3595 vant.
360 3538 481 3595 Non
513 3539 689 3594 solum
718 3538 862 3594 enim
893 3539 985 3609 qui
1030 3540 1201 3610 legem
1235 3541 1443 3605 nescit,
1476 3540 1572 3596 sed
1615 3541 1777 3596 etiam

182 3630 266 3687 ille.
287 3633 387 3704 qui
422 3649 528 3688 non
557 3633 669 3704 agit
698 3632 998 3689 secundum
1026 3633 1233 3703 legem,
1265 3648 1457 3689 exsors
1487 3635 1621 3705 legis
1654 3642 1776 3699 est;

184 3724 295 3792 quia
325 3721 457 3779 Non
498 3724 762 3777 auditores
793 3722 1013 3796 legis....
1043 3725 1132 3778 sed
1175 3725 1395 3794 factores
1433 3723 1562 3794 legis
1588 3724 1781 3793 iustiﬁ-

184 3814 431 3870 cabuntttr
454 3812 631 3886 (Rom.
662 3830 731 3881 tt,
764 3811 876 3883 I5).
907 3812 1211 3885 Redarguit
1258 3829 1344 3870 me
1376 3815 1494 3885 ipse
1536 3814 1704 3871 David
1734 3815 1778 3870 si

188 3909 335 3966 aliter
388 3907 710 3979 intelligam.
760 3906 1046 3974 Quomodo
1096 3907 1311 3978 iniquos
1352 3908 1603 3963 homines
1651 3906 1783 3962 ode-

188 4011 292 4067 rat,
322 4001 417 4072 qui
448 4001 779 4073 parricidam
822 4001 989 4057 tilium
1035 4001 1457 4057 commendabat
1504 4001 1780 4072 praeliato-

190 4093 355 4157 ribus,
390 4108 458 4149 ne
478 4107 605 4149 eum
632 4092 829 4164 aliquis
856 4092 1169 4148 occideret?
1194 4093 1294 4163 Qui
1321 4094 1447 4150 Saul
1475 4095 1617 4165 regis
1639 4110 1783 4149 mor-

192 4194 291 4242 tem
321 4189 487 4244 etiam
512 4187 811 4244 vindicavit
842 4186 896 4243 in
928 4203 1050 4243 eum
1080 4229 1094 4254 ,
1126 4188 1216 4259 qui
1246 4204 1275 4245 a
1307 4203 1366 4245 se
1395 4189 1665 4245 nuntiavit
1692 4203 1785 4245 oc-

188 4277 355 4333 cisum
376 4278 400 4330 τ

257 4394 350 4447 22.
398 4394 536 4466 Ergo
565 4410 678 4451 non
729 4395 946 4466 iniquos
975 4395 1255 4464 homines,
1302 4397 1398 4453 sed
1428 4397 1641 4467 iniquos
1670 4411 1787 4453 ser-

195 4500 380 4542 mones
402 4487 611 4543 oderat.
644 4487 886 4558 Denique
921 4505 933 4540 :
969 4486 1211 4558 Iniquus,
1242 4487 1413 4553 dixit,
1444 4488 1564 4543 odio
1594 4488 1780 4556 habui,

1882 3283 1947 3338 In
1971 3284 2273 3337 malevolam
2293 3282 2439 3335 ettitn
2471 3285 2695 3334 animam
2724 3298 2825 3335 non
2848 3286 3007 3335 intra!
3036 3284 3291 3351 sapientia
3316 3284 3474 3357 (Sop.

1881 3393 1932 3439 t.
1964 3376 1999 3430 4
2022 3380 2059 3439 ).
2091 3375 2158 3430 Et
2203 3375 2368 3430 alibi:
2409 3376 2649 3440 Qumrent
2682 3392 2760 3428 me
2791 3376 2913 3429 ntali
2938 3417 2952 3440 ,
2990 3386 3038 3429 et
3085 3394 3186 3430 non
3224 3379 3486 3435 invenient

1883 3466 2066 3539 (Prov.
2095 3483 2141 3528 ι,
2175 3467 2287 3535 28).
2320 3466 2633 3531 Sitnpl‘tcent
2679 3476 2915 3522 tuentem
2938 3509 2953 3532 ,
2986 3484 3177 3535 purum
3220 3486 3281 3524 ac
3313 3471 3481 3525 defat-

1882 3568 2057 3614 catunt
2090 3560 2329 3613 animum
2362 3557 2536 3627 diligit
2565 3556 2815 3613 Christus
2840 3601 2852 3621 ,
2890 3575 2990 3613 nec
3023 3572 3192 3627 potest
3226 3562 3485 3619 innuat-u—

1884 3649 2007 3705 latae
2035 3652 2215 3706 virtuti
2266 3651 2434 3705 nIlnnt
2486 3667 2607 3706 cum
2656 3653 2948 3707 maculosis
2998 3664 3019 3691 ο
3064 3657 3480 3714 contubernium

1882 3760 2005 3799 esse
2047 3744 2281 3813 flagitiis.
2314 3743 2480 3811 Odit,
2536 3746 2725 3814 refugit
2756 3787 2770 3809 ,
2826 3758 3149 3814 aspernatur
3187 3750 3437 3819 contagia
3464 3791 3479 3815 ,

1884 3836 1973 3906 qni
2004 3836 2175 3890 dicit:
2210 3833 2406 3889 Discite
2438 3853 2470 3888 a
2515 3852 2595 3889 me
2636 3838 2755 3903 quia
2786 3838 2923 3890 mitis
2968 3856 3082 3892 sum
3126 3839 3340 3904 (Matth.
3388 3858 3438 3895 .vt
3467 3882 3483 3907 ,

1883 3928 1997 3998 29).
2032 3930 2292 3997 Malignm
2325 3928 2539 3997 rrpvllit
2564 3968 2579 3992 ,
2630 3927 2942 3982 laborantes
2989 3943 3165 3985 vocat.
3195 3931 3337 3986 Dicit
3376 3934 3486 3988 illis

1885 4023 2082 4079 Iesus:
2119 4021 2379 4075 Discedite
2410 4039 2443 4075 a
2484 4038 2563 4076 nte
2593 4038 2767 4075 omnes
2814 4023 3024 4095 1165
3068 4026 3155 4089 qui
3201 4028 3491 4096 aperantini

1882 4116 2201 4185 iniquitatem
2230 4114 2452 4185 (Matth.
2476 4130 2568 4181 vn,
2592 4115 2726 4185 23);
2760 4116 2879 4171 istis
2907 4120 2984 4170 ait
3013 4137 3025 4170 :
3068 4117 3247 4173 Venite
3276 4121 3345 4173 ad
3381 4140 3479 4189 me,

1886 4225 2059 4263 omnes
2086 4210 2175 4279 qui
2205 4208 2447 4263 laboratis
2477 4218 2523 4262 et
2554 4210 2752 4263 onerati
2778 4210 2898 4264 estis
2939 4207 3163 4279 (Matth.
3220 4230 3273 4269 st
3298 4257 3313 4279 ,
3343 4214 3439 4286 28)
3466 4256 3480 4281 ,

1888 4319 1994 4357 non
2032 4303 2217 4373 utique
2253 4302 2586 4373 malignitate
2618 4305 2849 4371 mentis,
2886 4304 2981 4359 sed
3014 4306 3325 4362 inﬁrmitate
3363 4324 3477 4364 caro

1888 4396 1971 4452 nis
2000 4397 2207 4453 onerati
2235 4416 2248 4452 :
2276 4398 2516 4463 onerati,
2548 4396 2765 4468 inquam
2784 4440 2798 4464 ,
2831 4398 2990 4453 alieni
3023 4398 3343 4456 [hereditate
3368 4419 3488 4468 pec-

1888 4490 2016 4545 cati.
2040 4489 2443 4544 Laborantibus
2483 4489 2745 4543 subvenio
2776 4509 2788 4544 :
2831 4490 3191 4546 fraudulentis
3223 4495 3485 4561 prodesse

196 4592 298 4633 non
324 4578 558 4647 addidit,
588 4580 757 4635 viros.
793 4580 997 4636 Deinde
1019 4596 1143 4635 cum
1170 4580 1316 4636 dicat
1341 4580 1499 4637 .lesus
1525 4581 1578 4635 in
1608 4581 1783 4637 Evan-
1808 4563 1861 4623 D
1889 4596 1995 4636 non
2023 4580 2227 4646 debeo,
2258 4596 2327 4635 ne
2354 4580 2601 4649 pluribus
2631 4590 2883 4635 noceant.
2917 4582 3022 4635 llos
3055 4598 3210 4649 pmna
3266 4600 3487 4655 compe-

196 4670 329 4740 gelio
356 4690 371 4725 :
400 4671 613 4742 Diligite
644 4672 880 4727 inimicos
910 4681 1102 4728 vestros
1141 4672 1357 4744 (Matth.
1384 4688 1449 4739 v,
1478 4673 1570 4743 46)
1591 4714 1607 4742 ,
1638 4673 1783 4730 dicat

197 4764 481 4829 Apostolus
512 4784 525 4820 :
557 4763 856 4819 Benedicite
889 4780 978 4820 eos
1016 4766 1106 4835 qui
1150 4774 1527 4836 persequuntur
1563 4780 1651 4820 vos
1680 4806 1694 4832 ,
1738 4773 1785 4820 et

200 4858 351 4913 nolite
379 4859 683 4914 maledicere
728 4856 907 4929 (Rom.
939 4873 1049 4923 xtl,
1082 4857 1201 4928 I4),
1236 4858 1512 4929 quomodo
1562 4873 1787 4915 excusa-

201 4962 342 5008 retur
372 4952 472 5009 iste
520 4951 603 5008 vir
647 4952 748 5007 sub
786 4951 1096 5022 evangelica
1134 4952 1322 5008 vivens
1366 4952 1692 5023 disciplina,
1737 4952 1785 5007 si

202 5043 408 5116 iniquos
434 5044 680 5101 homines
708 5044 953 5101 odisset?
982 5044 1094 5101 Nisi
1127 5045 1399 5117 intelligas
1426 5046 1567 5116 quod
1593 5047 1788 5117 iniqui-

204 5143 363 5192 tatem
385 5138 506 5193 odio
532 5136 871 5204 habuit,non
899 5150 995 5191 eos
1022 5136 1137 5206 qui,
1167 5135 1268 5191 etsi
1295 5146 1655 5207 operarentur
1686 5138 1789 5192 ini-

204 5230 451 5299 quitatem
479 5274 493 5297 ,
543 5238 766 5301 possent
816 5238 995 5285 tamen
1040 5229 1352 5300 evangelica
1402 5230 1786 5300 praedicatione

275 5377 301 5405 ⁸
333 5367 467 5423 Edit.
492 5382 713 5427 omnes,
743 5367 1124 5422 detestabiliora
1160 5367 1357 5424 inimici
1387 5369 1652 5423 oscula....
1681 5366 1793 5421 Ila-

207 5453 300 5503 ηδε
330 5438 841 5509 (ratricidium.Mss.
860 5481 875 5503 ,
904 5438 1283 5492 detestabiliora
1307 5440 1576 5494 oscula....
1611 5438 1792 5509 Itaque

210 5510 554 5577 parricidium.
584 5508 804 5577 Optime
824 5551 837 5573 ,
870 5510 1137 5578 siquidem
1168 5511 1253 5565 hic
1290 5510 1480 5565 incesti
1509 5510 1792 5564 Ammonis

212 5582 526 5634 exsecranda
549 5580 737 5635 oscula
758 5578 1127 5649 designantur.
1153 5580 1224 5634 At
1265 5583 1447 5649 paucis
1469 5580 1789 5650 interjectis,

216 5664 342 5704 mss.
369 5666 551 5706 novem
572 5692 587 5715 ,
621 5650 869 5726 Denique
882 5650 1199 5726 parricidam
1226 5652 1399 5721 luget,
1424 5667 1794 5726 (percussorem

218 5728 382 5794 tamen
407 5731 601 5776 reuocat
628 5722 828 5775 incesti.
853 5721 1041 5794 Melius
1067 5722 1159 5776 alii
1184 5730 1345 5794 atque
1372 5721 1501 5778 edit.
1524 5765 1538 5788 ,
1571 5722 1794 5794 Denique

217 5789 332 5845 licet
376 5794 716 5863 parricidam,
755 5799 861 5846 etc.
905 5792 1110 5848 Sensus
1148 5789 1294 5850 enitit
1337 5803 1422 5851 est
1440 5789 1793 5861 Absalonetn,

651 5888 927 5949 PATROL.
975 5887 1117 5948 XV.

1890 4684 2005 4730 seat
2033 4691 2047 4726 :
2073 4672 2196 4727 illos
2220 4671 2471 4727 emendet
2501 4673 2692 4739 gratia.
2712 4673 2913 4727 Malitia
2946 4676 3088 4729 enim
3124 4675 3243 4731 fons
3278 4685 3488 4749 peccati

1892 4777 2013 4824 est:
2045 4770 2201 4836 culpa
2230 4763 2558 4819 inﬁrmitatis
2596 4774 2680 4819 est
2724 4765 2927 4834 lapsus.
2959 4764 3039 4820 Illi
3074 4767 3250 4824 debeo
3290 4772 3489 4829 subve-

1894 4860 2012 4915 nire
2036 4900 2049 4925 ,
2095 4857 2186 4927 qui
2216 4856 2466 4910 laborat:
2516 4855 2668 4909 illum
2716 4856 2879 4910 etiam
2918 4856 3100 4913 odisse
3140 4862 3229 4928 qni
3262 4860 3484 4933 decipit.

1894 4952 2058 5008 Malas
2086 4950 2247 5021 igitur
2275 4948 2617 5019 operationes
2662 4947 2897 5015 repellit.
2943 4948 3075 5004 Nunt
3110 4952 3209 5005 nisi
3246 4955 3315 5009 ita
3345 4959 3488 5013 acci-

1890 5045 2040 5116 pias,
2072 5044 2286 5098 videtur
2312 5041 2494 5096 dicere
2522 5058 2535 5094 :
2570 5041 2843 5095 Discedite
2872 5056 2899 5094 a
2931 5058 3050 5109 me;
3098 5046 3221 5113 quia
3255 5051 3486 5108 mundus

1891 5152 2047 5204 sum,
2089 5136 2213 5204 quia
2256 5148 2420 5204 purus
2460 5147 2600 5187 sum.
2631 5132 2743 5187 Hoc
2776 5131 3069 5202 pharisaeus
3100 5135 3345 5206 dicebat,
3392 5144 3487 5199 sed

1892 5227 2255 5297 reprehensus
2283 5240 2313 5279 a
2339 5224 2557 5279 Christo
2580 5236 2685 5281 est.
2709 5224 2827 5280 Non
2855 5240 2984 5296 ergo
3018 5226 3290 5298 Propheta
3318 5232 3449 5289 dicit
3476 5254 3488 5288 :

1894 5365 2141 5445 quamvis
2188 5363 2409 5418 fratrem
2442 5362 2733 5445 parricidio
2776 5364 3120 5432 susmlisset,
3156 5378 3333 5427 tamen
3366 5376 3491 5445 quia

1896 5441 2159 5493 incesnun
2193 5450 2508 5503 necaverat,
2544 5438 2593 5490 itt
2621 5438 2795 5491 aulam
2825 5452 2947 5491 €388
2980 5452 3309 5496 revocatum.

1968 5507 1995 5546 ι)
2025 5508 2278 5563 Nonnulli
2329 5522 2461 5562 tnss.
2484 5552 2498 5575 ,

1900 5596 2037 5634 cens.

1977 5663 1997 5689 ε
2034 5651 2177 5705 Edit.
2211 5651 2331 5704 Aut.
2385 5650 2505 5704 Era.
2552 5660 2602 5704 et
2649 5650 2806 5704 Rom.
2850 5664 2970 5703 cmn
3015 5652 3226 5709 dttobus
3274 5663 3495 5721 omnino

1900 5737 2055 5789 mss.,
2085 5721 2471 5776 contubernium
2499 5738 2643 5777 esse:
2676 5722 2877 5794 ﬂagitia
2904 5724 3042 5792 odit,
3077 5736 3183 5783 etc.
3216 5727 3340 5786 ϐίη,
3375 5749 3498 5793 cum

1901 5795 2021 5852 aliis
2041 5837 2054 5861 ,
2079 5806 2138 5850 ut
2169 5795 2221 5849 in
2254 5801 2423 5849 textu.

2539 5518 2587 5562 et
2633 5526 2691 5563 ea
2732 5524 2845 5577 quo:
2892 5520 3239 5578 praetereunt,
3286 5517 3496 5573 oblisis-

2868 5887 2909 5949 8
