3948 6340
389 300 526 358 1419

1734 279 1979 338 εΑΝεΤι
2017 276 2337 334 AMBROSII

3555 255 3706 316 “:20

389 411 621 469 Mundus
645 424 765 464 sum
787 447 802 476 ,
841 406 936 463 sed
965 448 980 472 ,
1013 405 1115 460 Cor
1164 403 1411 457 mundum
1449 413 1566 452 crea
1612 397 1667 450 in
1703 411 1804 462 me,
1852 394 1991 448 Deus
2025 395 2068 459 Α
2095 408 2256 448 cusso
2283 409 2294 445 :
2327 389 2466 460 Quid
2495 389 2586 444 libi
2619 385 2844 458 prodest
2872 383 3080 455 iustitia
3112 389 3200 435 tua
3227 397 3239 445 ;
3274 389 3327 433 tu
3357 389 3537 433 tamen
3569 392 3704 446 spe—

391 505 568 577 (Psat.
604 521 662 567 ι..
693 500 803 573 19).

466 599 556 654 9.6.
589 596 770 668 (νει-ε.
802 589 956 657 116.)
988 590 1219 659 Ideoque
1250 587 1492 656 relegata
1520 580 1800 638 consortio
1842 580 1997 633 mali-

397 707 624 763 gnorum
648 730 662 754 ,
697 690 850 758 quasi
883 685 972 756 qui
1004 693 1132 738 ante
1164 680 1464 752 permixtus
1506 677 1612 731 illis
1654 673 1856 742 suscipi
1891 687 1999 726 non

402 793 584 853 posset
615 798 642 834 a
674 777 944 842 Domino,
991 774 1160 828 dicit:
1206 772 1427 843 Suscipe
1465 785 1544 822 me
1580 765 1861 821 secundum
1898 765 2003 817 elo-

399 877 581 947 quium
623 883 801 936 tuum,
845 879 894 924 et
935 870 1140 923 vivant:
1173 875 1218 920 et
1258 881 1358 918 non
1402 860 1690 930 confundas
1719 875 1798 912 me
1825 856 1890 910 ab
1915 871 2002 910 ea:-

402 967 712 1039 spectatione
740 980 870 1017 mea.
899 962 958 1018 Si
997 959 1130 1016 vivit
1165 959 1256 1030 qui
1299 957 1351 1011 in
1393 959 1515 1010 sinu
1554 962 1638 1008 est
1681 949 2005 1022 patriarchas

403 1063 634 1118 Abrahae
655 1100 668 1124 ,
701 1066 760 1114 ut
787 1057 878 1110 ille
909 1054 1148 1110 Lazarus
1179 1065 1422 1121 pauper;
1467 1053 1672 1117 quanto
1712 1043 1884 1113 magis
1928 1043 2008 1096 vi—

408 1154 489 1207 vit
519 1153 610 1222 qui
643 1148 939 1218 suscipitur
970 1162 1000 1200 a
1030 1143 1293 1199 Christo?
1321 1139 1609 1209 Quomodo
1637 1138 1782 1192 enim
1829 1142 2012 1204 potest

413 1261 520 1300 non
554 1245 606 1298 in
642 1251 909 1297 :elernum
944 1238 1134 1293 vivere
1160 1278 1174 1303 ,
1206 1250 1365 1306 quem
1393 1233 1724 1302 sempiterna
1754 1231 1865 1283 vita
1892 1244 2010 1282 sus-

412 1338 594 1408 cepit,
630 1350 790 1406 quem
823 1342 993 1389 lOlum
1024 1331 1127 1386 sibi
1169 1328 1418 1384 Christus
1447 1323 1776 1394 assumpsit,
1807 1321 1900 1390 qui
1932 1327 2013 1374 to—

417 1445 503 1488 tus
520 1431 686 1488 Verbi
726 1437 846 1493 est,
876 1427 1032 1497 cujus
1070 1426 1177 1478 vita
1217 1419 1540 1476 abscondita
1581 1427 1665 1472 est
1703 1417 1756 1469 in
1795 1414 2016 1468 Christo

416 1526 588 1582 Jesu?
622 1522 724 1579 Sed
756 1531 809 1577 et
839 1521 927 1590 qui
972 1520 1024 1573 in
1065 1518 1188 1572 sinu
1229 1513 1459 1570 Abrahae
1499 1513 1688 1576 sedet,
1730 1515 2018 1575 susceptus

414 1635 446 1672 a
477 1615 693 1671 Christo
725 1621 826 1666 est.
863 1607 1223 1665 lntolerandae
1253 1618 1434 1660 autem
1465 1600 1906 1674 praesumptionis
1943 1599 2020 1652 vi—

416 1711 636 1766 deretur
676 1707 859 1761 dicere
908 1705 1018 1759 Deo
1043 1745 1058 1770 ,
1109 1701 1332 1770 Suscipe
1373 1714 1490 1764 me,
1541 1697 1646 1751 nisi
1692 1692 2019 1764 promissum

2098 500 2188 549 ra,
2235 499 2342 538 non
2382 481 2598 538 deﬁciat
2645 478 2777 534 ﬁdes
2821 485 2931 532 tua.
2973 476 3027 531 Si
3058 475 3180 545 quis
3210 469 3353 528 dicat
3386 470 3520 526 tibi:
3555 467 3705 538 Quid

2101 578 2195 632 tibi
2235 576 2548 648 quotidiana
2590 571 2847 644 profuere
2883 569 3126 640 jejunia:
3168 567 3294 639 quid
3326 565 3548 622 castitas
3573 577 3705 619 cor-

2105 669 2283 738 poris,
2321 667 2492 735 pudor
2525 665 2725 721 mentis
2747 665 2770 718 ?
2803 665 2937 718 Ecce
2967 663 3110 717 sicut
3141 660 3376 730 injustas
3405 669 3455 714 et
3501 657 3711 727 impius

2103 759 2419 813 vulneratus
2447 773 2526 814 es.
2562 756 2677 811 Non
2709 756 2930 811 deﬁciat
2972 753 3107 809 ﬁdes
3146 761 3255 807 tua.
3299 751 3436 806 Nam
3482 747 3714 806 etiamsi

2107 851 2354 906 inﬁrmus
2383 866 2472 917 es,
2529 849 2703 905 ﬁdelis
2732 857 2913 904 tamen
2945 847 3210 902 sollicitus
3234 853 3318 900 est
3347 847 3444 913 pro
3473 851 3522 898 te
3549 841 3721 898 Citri—

2109 953 2243 998 stus.
2272 944 2410 998 Dicit
2432 943 2498 998 ad
2531 942 2834 1012 discipulos
2864 955 3029 996 suos:
3059 938 3194 992 Date
3220 939 3332 993 illis
3350 945 3438 992 ads
3481 936 3718 990 mandu-

2111 1052 2228 1090 care
2261 1036 2486 1108 (Mauh.
2517 1050 2610 1090 χιιι
2633 1075 2650 1099 ,
2681 1036 2747 1090 16
2770 1033 2791 1102 )
2818 1076 2832 1100 ,
2867 1048 2935 1088 ηε
2964 1031 3220 1086 deﬁciant
3249 1031 3303 1084 in
3331 1031 3439 1084 via.
3475 1028 3503 1066 ι)
3532 1028 3722 1082 Habes

2111 1131 2470 1200 apostolicum
2497 1130 2710 1194 cibum,
2744 1127 3005 1182 manduca
3037 1126 3223 1192 illum,
3252 1133 3307 1179 et
3333 1141 3438 1177 non
3467 1122 3720 1178 deﬁcies.

2113 1222 2268 1276 Illum
2320 1230 2447 1276 ante
2494 1220 2796 1288 manduca,
2852 1228 2910 1273 ut
2956 1227 3154 1288 postea
3190 1217 3379 1271 venias
3418 1214 3488 1270 ad
3527 1214 3721 1269 cibum

2115 1311 2354 1376 Christi,
2405 1313 2472 1368 ad
2523 1314 2705 1368 cibum
2755 1311 3006 1381 corporis
3057 1309 3367 1376 Dominici,
3411 1308 3475 1362 ad
3526 1307 3728 1377 epulas

2118 1405 2492 1472 Sacramenti,
2524 1406 2590 1460 ad
2622 1405 2754 1460 illud
2785 1405 3036 1474 poculum
3070 1419 3176 1472 quo
3207 1401 3445 1457 ﬁdelium
3480 1401 3724 1456 inebria-

2123 1507 2210 1552 tur
2240 1497 2469 1553 at'fectus
2499 1514 2513 1564 ;
2544 1506 2603 1552 ut
2643 1497 2887 1552 laetitiam
2926 1495 3112 1550 induat
3144 1494 3211 1549 de
3242 1492 3566 1549 remissione
3597 1506 3730 1562 pec-

2122 1599 2366 1645 catorum
2394 1633 2406 1656 ,
2439 1606 2596 1645 curas
2630 1590 2816 1645 saeculi
2843 1589 3002 1657 hujus
3023 1630 3038 1655 ,
3067 1595 3271 1642 metum
3317 1587 3537 1653 mortis,
3575 1584 3732 1639 sotli—

2125 1685 2502 1756 citudinesquc
2559 1685 2818 1756 deponat.
2869 1685 2980 1738 l-lae
3033 1699 3163 1752 ergo
3214 1682 3481 1738 ebrietate
3525 1693 3734 1748 corpus

418 1804 536 1874 ejus
567 1799 887 1870 adjungeret
913 1838 927 1863 ,
961 1786 1211 1850 hoc'est:
1245 1791 1316 1848 Ut
1354 1792 1456 1844 hoc
1496 1787 1854 1852 auderem-us,
1902 1785 2019 1852 ipse
2048 1779 2094 1838 B
2125 1793 2229 1832 non
2266 1777 2493 1841 titubat,
2524 1776 2620 1832 sed
2651 1777 2920 1847 resurgit:
2955 1777 3166 1830 animus
3207 1789 3314 1829 non
3359 1771 3734 1837 confunditur,

422 1898 638 1959 fecisti,
684 1905 774 1948 tuo
819 1903 871 1947 te
913 1888 1282 1960 chirographo
1329 1883 1721 1946 convenimus,
1793 1879 1882 1949 qui
1930 1894 2026 1931 no-

422 2003 595 2045 strum
638 1985 1059 2055 chirographum
1104 1979 1402 2035 sustulisti.
1450 1975 1559 2029 Nos
1585 1974 1812 2028 fecimus
1851 1969 2030 2024 chiro-

422 2083 688 2151 graphum
721 2079 948 2142 mortis,
983 2087 1044 2128 tu
1068 2071 1334 2142 scripsisti
1365 2067 1792 2137 chirographum
1826 2067 1974 2117 vitae.

490 2149 733 2239 ‘2i'.Ergo
765 2183 871 2221 non
903 2164 1207 2220 confundas
1239 2162 1305 2216 ab
1337 2159 1752 2228 exspectatione
1778 2169 1875 2209 sua
1916 2167 2034 2208 ser-

431 2266 614 2320 vulum
647 2273 834 2326 tuum,
870 2261 993 2328 quia
1024 2259 1075 2310 in
1107 2267 1156 2310 te
1186 2269 1386 2325 spero;
1421 2265 1549 2319 spes
1576 2249 1721 2304 enim
1753 2261 1860 2301 non
1903 2258 2035 2298 con-

431 2356 624 2412 fundit.
663 2354 807 2410 Etsi
857 2350 1198 2412 tribulamur,
1247 2344 1565 2416 patientiam
1611 2338 2032 2402 subministras,

435 2460 492 2503 ut
525 2450 665 2502 l'crre
698 2444 1006 2515 possimus;
1039 2449 1097 2494 ut
1125 2439 1249 2508 quia
1280 2444 1333 2490 te
1364 2441 1648 2502 exspecto,
1701 2446 1815 2485 non.
1849 2426 2036 2497 oppri-

434 2556 551 2594 mar
582 2535 994 2592 inﬁrmitatibus
1017 2575 1030 2596 ,
1076 2546 1184 2585 non
1218 2525 1569 2584 succumbam
1602 2519 1995 2578 tentationibus
2019 2555 2036 2580 ,

440 2650 548 2691 non
593 2631 802 2701 amgiar
857 2626 1146 2698 procellis,
1191 2624 1244 2678 in
1275 2621 1472 2691 quibus
1514 2627 1598 2673 est
1642 2614 1917 2686 probanda
1950 2626 2042 2680 pa-

441 2727 631 2784 tientia
653 2767 668 2791 ,
701 2733 758 2777 ut
792 2721 1042 2792 probatio
1070 2723 1456 2784 consequatur,
1492 2726 1616 2780 qute
1657 2723 1806 2778 spem
1846 2704 2042 2761 conﬁr-

437 2830 549 2875 mat
577 2827 631 2872 et
657 2817 918 2880 roborat,
948 2813 1069 2880 qua:
1103 2823 1210 2863 non
1239 2802 1566 2866 confundit;
1602 2803 1702 2854 hoc
1726 2809 1809 2852 est
1835 2815 1848 2850 :
1876 2796 2046 2851 Fran-

437 2915 614 2982 gimur
644 2908 958 2976 frequenter
995 2901 1276 2955 laboribus
1299 2940 1314 2965 ,
1351 2897 1641 2966 fatigamur
1670 2910 1682 2946 :
1716 2892 1760 2947 si
1791 2905 1917 2960 spes
1945 2889 2044 2943 de-

441 3006 547 3070 sit,
577 2998 978 3062 confundimur,
1005 3005 1060 3048 et
1087 3003 1195 3047 tota
1226 3001 1407 3045 mente
1435 2990 1736 3043 turbamur.
1769 2986 1879 3041 Sed
1906 2995 2046 3049 esto,

447 3097 555 3151 sint
587 3092 750 3161 aliqui
783 3088 904 3143 duri
937 3085 1003 3139 ad
1039 3085 1254 3139 labores
1277 3123 1291 3146 ,
1327 3080 1465 3134 ﬁrmi
1509 3078 1575 3132 ad
1609 3077 1838 3146 injurias
1871 3074 2049 3144 perfe-

2131 1869 2224 1925 sed
2253 1878 2629 1924 consecratur.

2202 1964 2293 2018 29.
2327 1963 2508 2034 (Vers.
2542 1955 2693 2035 H7.)
2731 1965 3032 2036 Sequitur:
3063 1964 3267 2034 Adjuoa
3294 1978 3406 2027 me,
3441 1961 3652 2032 inquit,
3688 1968 3743 2013 et

2133 2059 2306 2112 salvus
2344 2074 2474 2111 ero:
2519 2067 2567 2112 et
2609 2057 2896 2111 meditabor
2923 2057 3328 2127 justiﬁcationes
3367 2064 3487 2108 tuas
3512 2067 3744 2123 semper.

2133 2151 2238 2219 Qui
2282 2158 2504 2217 sperat,
2549 2150 2832 2220 praesumit
2866 2150 3041 2221 juvari
3071 2168 3083 2201 :
3117 2149 3207 2204 ubi
3244 2158 3422 2203 autem
3456 2145 3750 2217 adiumen-

2137 2255 2248 2299 tum
2283 2245 2412 2308 Dei,
2446 2244 2518 2299 ibi
2548 2253 2758 2299 certum
2789 2243 2982 2298 salutis
3023 2242 3309 2298 auxilium.
3353 2241 3530 2310 Supra
3559 2239 3747 2294 dixit:

2139 2337 2361 2406 Adjutor
2387 2344 2434 2391 et
2459 2346 2719 2407 susceptor
2742 2351 2882 2390 meus
2910 2353 2961 2390 es
2992 2345 3048 2388 tu
3073 2335 3231 2406 (Sup.
3256 2350 3304 2387 υ.
3333 2335 3353 2387 Ἰ
3372 2333 3455 2402 l9.)
3481 2351 3492 2385 :
3523 2333 3613 2386 hic
3643 2332 3756 2385 ite—

2140 2446 2260 2484 rum
2285 2429 2463 2497 juvari
2511 2430 2682 2499 petit,
2730 2427 2886 2499 quasi
2926 2427 3112 2482 dicat:
3157 2427 3286 2482 Sine
3316 2424 3626 2481 cessatione
3658 2438 3754 2476 me

2141 2522 2360 2591 adjuva.
2411 2519 2526 2576 Non
2576 2520 2709 2575 mihi
2749 2520 2880 2574 satis
2922 2529 3006 2574 est
3053 2518 3196 2589 quod
3245 2517 3498 2586 poposci,
3545 2516 3750 2570 iterum

2145 2625 2269 2686 peto
2301 2623 2358 2670 ut
2389 2615 2572 2669 salvus
2605 2615 2750 2668 ﬁam.
2785 2614 2881 2668 llic
2921 2628 3029 2667 non
3073 2627 3262 2681 magna
3285 2651 3300 2677 ,
3345 2626 3450 2664 non
3492 2623 3630 2663 vera:
3667 2617 3758 2662 est

2145 2709 2289 2763 salus
2321 2726 2331 2760 :
2369 2718 2492 2761 tunc
2523 2707 2706 2760 salvus
2736 2721 2852 2771 ero,
2884 2720 3008 2760 cum
3041 2702 3197 2758 fuero
3232 2702 3284 2756 in
3315 2701 3593 2772 paradiso,
3626 2715 3757 2754 cum

2147 2803 2331 2857 vivere
2371 2815 2590 2870 coepero
2634 2797 2777 2853 inter
2815 2798 3021 2853 electos
3066 2806 3189 2852 tuos
3229 2795 3490 2866 angelos,
3519 2809 3642 2848 cum
3679 2793 3763 2847 la-

2150 2911 2320 2967 queos
2353 2905 2524 2950 terra?
2544 2891 2704 2963 liujus
2732 2906 2985 2947 evasero.

2221 2991 2311 3046 5t).
2346 2989 2466 3044 Sed‘
2486 3003 2556 3044 ne
2585 2989 2734 3044 forte
2756 2977 2944 3057 adjuti‘
2969 2981 3023 3041 iii
3059 2979 3482 3040 neces'Sitatibus
3504 3025 3517 3049 ,
3566 2990 3762 3051 postea

2157 3084 2208 3137 in
2241 3082 2524 3152 prosperis
2552 3080 2712 3150 positi
2743 3078 3079 3149 negliga'nius
3102 3118 3116 3144 ,
3151 3069 3312 3132 docet
3343 3090 3443 3129 nos
3472 3075 3765 3128 immemo-

445 3189 642 3243 rendas
670 3203 680 3237 :
713 3182 757 3235 si
791 3195 943 3249 spem
976 3175 1190 3230 auferas
1213 3216 1226 3238 ,
1259 3187 1366 3227 non
1399 3178 1581 3240 potest
1625 3177 1885 3238 perpetua
1931 3179 2047 3219 esse

2157 3189 2246 3229 res
2269 3170 2659 3228 beneﬁciorum
2687 3171 2994 3227 ccelestium'
3023 3175 3376 3238 nequaquam“
3388 3179 3510 3222 esse
3531 3165 3766 3232 debere,

446 3280 730 3353 patientia.
772 3276 891 3345 Ipsa
931 3269 1190 3342 patientia
1229 3281 1333 3321 non
1374 3263 1659 3333 probatur,
1700 3262 1757 3314 si.
1782 3258 1916 3313 ﬁdes
1961 3257 2054 3312 de-

448 3352 551 3438 εἰι,
583 3372 738 3440 cujus
774 3366 924 3422 radix
957 3380 1085 3432 spes
1116 3371 1218 3417 est.
1254 3359 1387 3425 Qua:
1420 3356 1564 3410 enim
1600 3362 1775 3423 potest
1807 3352 2055 3422 probatio

454 3481 574 3522 esse
597 3505 610 3529 ,
641 3461 745 3516 ηἰςί
779 3475 876 3528 pro
920 3455 1124 3510 Christi
1169 3451 1389 3504 nomine
1428 3447 1516 3501 vel
1561 3443 1900 3500 incommoda
1924 3485 1940 3509 ,
1973 3442 2057 3497 vel

451 3556 690 3629 pericula
724 3553 975 3607 universa
1007 3543 1326 3600 sustineas?
1356 3540 1486 3594 Ideo
1518 3552 1646 3609 spes
1677 3546 1762 3592 est
1789 3535 1905 3590 sola
1937 3550 2056 3603 qua:

451 3660 699 3707 nostrum
757 3660 862 3699 non
912 3638 1194 3696 confundit
1253 3634 1530 3689 affectum.
1591 3629 1693 3686 Ubi
1748 3639 1834 3683 est
1889 3643 2056 3696 spes,

453 3740 815 3814 apostolicum
857 3734 1024 3790 illud:
1073 3729 1224 3785 Foris
1263 3742 1450 3800 pugna:
1479 3768 1492 3792 ,
1535 3725 1677 3778 intus
1719 3724 1934 3776 timores
1972 3719 2059 3789 (II

460 3838 580 3892 Cor.
615 3849 719 3898 Vtt,
745 3834 833 3900 5),
868 3841 1064 3883 nocere
1096 3841 1200 3877 non
1231 3829 1488 3893 possunt.

532 3929 626 3984 28.
660 3936 684 3962 τι
713 3923 831 3978 Alia
866 3917 1238 3989 interpretatio
1271 3915 1429 3969 habet
1457 3929 1469 3965 :
1509 3911 1631 3964 Non
1661 3910 1960 3964 erubescere
1978 3913 2066 3977 γα-

466 4027 597 4079 cias.
630 4021 741 4077 Non
771 4018 1059 4074 erubescet
1083 4013 1171 4082 qui
1203 4019 1386 4080 Sperat
1415 4009 1466 4061 in
1496 4006 1793 4061 Christum.
1826 4003 1951 4057 ideo
1976 4001 2068 4072 qui

471 4121 610 4175 bene
659 4121 877 4184 sperat,
929 4109 1094 4162 dicit‘:
1147 4105 1213 4158 In
1245 4113 1290 4156 te
1339 4099 1580 4168 conﬁdo,
1633 4114 1733 4150 non
1779 4095 2072 4151 erubescam

472 4210 647 4280 (Psat.
678 4221 826 4269 xxrv,
854 4200 1031 4270 ‘2)..Et
1059 4199 1197 4252 bene
1243 4194 1354 4257 ait,
1401 4190 1662 4258 Conﬁdo;
1711 4188 1878 4242 robur
1925 4185 2070 4239 enim

474 4278 592 4372 spei
626 4305 826 4353 nostra:
847 4336 862 4360 ,
893 4303 948 4346 et
977 4290 1226 4360 quasdam
1262 4283 1536 4354 sperantis
1578 4280 1876 4334 auctoritas
1906 4278 2075 4333 conﬁ—

475 4393 656 4451 dentia
688 4397 792 4446 est.
825 4387 992 4454 Spera
1023 4383 1187 4451 igitur
1216 4392 1453 4447 semper,
1488 4384 1541 4428 ct
1572 4387 1735 4428 nemo
1778 4381 1828 4426 te
1871 4372 1938 4425 ab
1979 4386 2077 4424 ex-

478 4486 812 4560 spectatione
843 4476 1146 4535 eonfundit.
1186 4469 1535 4541 Exspectatio
1569 4475 1750 4521 nostra
1784 4467 1889 4518 vita
1921 4472 2079 4518 teter-

2158 3255 3272 3333 sed‘meditaﬂjttst‘iﬁcatiouesDomini;
3306 3267 3362 3312 ut.
3393 3269 3448 3313 et
3475 3273 3600 3312 eutn
3635 3258 3769 3311 boni

2160 3359 2344 3428 operis
2384 3356 2592 3427 aliquid
2633 3357 2956 3420 fecerimus,
3001 3371 3223 3424 semper
3269 3360 3448 3407 tamen
3491 3352 3539 3406 ei
3574 3351 3773 3405 nostra

2163 3461 2394 3524 peccata
2419 3455 2715 3517 fateamur;
2751 3452 2867 3506 hzec
2895 3451 3037 3505 enim
3070 3459 3150 3503 est
3177 3445 3492 3516 justiﬁcatio
3525 3444 3768 3499 Domini.

2166 3546 2420 3616 ltenique'
2459 3543 2710 3614 pbarisaei
2765 3557 2869 3597 non
2922 3535 3354 3612 justifieaverunt
3411 3535 3621 3600 Deum,
3679 3537 3774 3606 qui

2165 3635 2428 3704 baptizari
2460 3635 2730 3704 baptismo
2761 3633 3094 3703 paenitentia:
3127 3626 3619 3696 nolueruntthc.
3652 3642 3733 3681 vn
3758 3669 3772 3691 ,

2167 3729 2303 3800 50).
2339 3741 2360 3767 ο
2398 3728 2540 3798 Ergo
2582 3728 2674 3782 ille
2720 3725 3012 3796 justiﬁeat‘,
3060 3729 3219 3796 quem
3272 3738 3491 3778 suorum
3541 3720 3779 3792 pmnitet

2169 3820 2514 3876 delictorum.
2549 3820 2719 3886 Quem
2751 3819 2893 3873 enim
2929 3818 3188 3888 pcenitet,
3229 3814 3542 3877 conﬁtetdr,
3592 3823 3648 3866 ut
3692 3819 3779 3866 est

2172 3913 2303 3967 illud
2331 3930 2342 3965 :
2396 3912 2524 3965 Tibi-
2549 3912 2646 3965 soli
2688 3911 2891 3980 peccavi
2916 3953 2928 3975 ,
2959 3920 3006 3963 et
3044 3910 3236 3963 ntalitm
3263 3909 3444 3962 corm'n'
3469 3917 3516 3960 te
3544 3905 3645 3975 feci
3669 3923 3687 3970 ;
3722 3915 3777 3959 ut

2174 4005 2472 4074 iustiﬁceris
2504 4004 2554 4056 in
2585 4003 2902 4058 sermonibus
2941 4003 3041 4054 tuis
3070 4002 3088 4072 (
3116 3989 3266 4054 Psa‘l.‘
3298 4015 3361 4064 ι,
3392 3985 3485 4070 ϐ’)ἶ
3534 3989 3780 4066 Ideoque

2176 4073 2706 4164 Pubiicanus=magis
2732 4095 3063 4164 justiﬁcatus
3093 4087 3322 4149 exlvit’e
3356 4073 3562 4160 templi)
3593 4089 3612 4159 (
3640 4088 3772 4141 Luc.

2177 4203 2306 4242 xvm
2327 4229 2341 4253 ,
2376 4185 2495 4258 lit);
2529 4187 2655 4256 quia
2688 4187 2995 4240 Pharisatus
3024 4201 3084 4239 se
3114 4171 3434 4254 iustiﬁcabiil
3459 4225 3474 4248 ,
3504 4185 3634 4236 suas
3689 4182 3783 4251 ju-

2179 4282 2355 4335 5titias
2413 4279 2800 4349 praedicando:
2862 4280 3188 4334 Publicanus
3239 4286 3416 4331 autem
3442 4273 3786 4345 justiﬁeabat

2183 4377 2389 4440 Deum,
2442 4373 2758 4445 iniquitates
2809 4373 3068 4443 proprias“
3099 4369 3432 4426 conﬁtendo.
3490 4368 3635 4438 Ergo
3691 4368 3785 4438 qui

2187 4467 2478 4522 meditatur
2513 4466 2932 4534 justiﬁ‘cationes
2972 4463 3218 4527 Domini,
3265 4475 3483 4530 semper
3524 4460 3788 4515 humilia-

479 4547 544 4638 na
573 4589 673 4636 est.
710 4570 1060 4644 Exspcctatio
1089 4574 1298 4629 nostra,
1327 4577 1550 4632 regnum
1585 4559 1672 4613 Dei
1697 4600 1712 4622 .
1745 4557 2072 4626 Angelortlm
2102 4547 2156 4606 D
2184 4572 2290 4616 tur.
2326 4560 2439 4615 Non
2475 4559 2636 4614 hodie
2669 4560 3120 4623 imminutum-et
3149 4571 3272 4611 eras
3321 4548 3597 4610 exaliat'ur
3625 4573 3637 4607 :
3689 4553 3787 4609 sed

480 4672 816 4730 consortium
841 4709 854 4731 ,
901 4659 1315 4719 benedictiones
1353 4662 1478 4709 sunt
1518 4651 1812 4721 spiritales.
1861 4647 2080 4719 1166

479 4767 646 4836 Spera
694 4758 954 4831 quotidie.
1000 4753 1190 4807 Finem
1238 4751 1340 4802 ista
1386 4762 1473 4800 res
1512 4758 1624 4799 non
1667 4742 1865 4803 habet,
1905 4740 2078 4794 nescit

481 4833 747 4914 inducias.
781 4853 951 4922 Spera
981 4848 1144 4902 etiam
1191 4841 1398 4912 positus
1444 4840 1496 4893 in
1545 4836 1810 4892 adversis.
1856 4834 1913 4889 Si
1961 4833 2080 4902 quis

483 4952 628 5007 diem
651 4947 748 5002 tibi
780 4945 955 5013 aliqua
991 4940 1130 4995 forte
1159 4931 1621 4992 necessitudinum
1645 4927 1939 4982 amissione
1961 4941 2084 4997 per-

557 5143 581 5168 “
632 5129 758 5184 Mss.
807 5125 975 5177 ferme
1015 5120 1081 5173 ad
1133 5131 1337 5169 unum:
1374 5113 1492 5166 Alia
1532 5109 1884 5180 interpretatio
1912 5124 1930 5161 :
1960 5107 2084 5161 Non

489 5203 744 5261 erubescet
777 5197 863 5266 qui
891 5201 1062 5263 sperat
1095 5187 1454 5242 iit-Christum.

564 5295 589 5331 ι’
634 5287 986 5358 Apostolieum
1032 5281 1404 5358 cibumj'ueat
1432 5269 2084 5358 Ambrosius”lectiones

491 5340 1000 5426 saet‘m—rScriplur'm
1041 5367 1175 5415 quas
1216 5343 1568 5401 Eucharistite
1611 5340 1907 5426 sumptioni
1952 5355 2088 5426 ppu}.

488 5411 784 5492 ἷιῖιίὶᾴἷηιῑθέ
814 5411 1019 5480 monet.
1052 5411 1130 5475 Ex
1151 5420 1246 5473 his
1280 5428 1440 5492 porro
1481 5429 1600 5492 qua:
1629 5411 1822 5492 subdit
1863 5411 2079 5492 verbis:

835 5539 846 5551 .
879 5537 890 5550 .
926 5535 938 5548 .
970 5535 981 5547 .
1008 5504 1196 5546 metum
1237 5480 1422 5575 mortis
1471 5480 1945 5575 sollicitudinesque
1989 5480 2078 5560 tte-

751 5551 768 5622 .
796 5610 809 5622 .
838 5581 1052 5638 corpus"
1081 5580 1180 5616 non
1212 5562 1414 5649 titubat,
1449 5556 1536 5649 s‘ed
1564 5554 1787 5649 resu‘rglit
1815 5569 1832 5615 ;
1859 5567 1970 5649 {ton
2001 5551 2081 5649 in-

499 5621 967 5700 lvitiwa'tlducimur,
987 5645 1043 5688 ut
1074 5642 1318 5685 sanctum
1355 5623 1720 5700 Doctoremde
1741 5621 2081 5700 Eucharistia

497 5691 1013 5781 {Junii-58'viauia"
1065 5705 1306 5781 locutum
1357 5699 1523 5781 fuisse
1574 5691 2086 5781 Sttspit'ellltJI‘.’I.\'C(:,

500 5760 894 5840 forsitan
925 5778 978 5829 iu
1020 5771 1342 5842 suSpieionis
1385 5766 1854 5822 conﬁrmationem
1893 5760 2087 5816 adduci

2184 4667 2401 4722 semper
2443 4651 2663 4705 humilis
2702 4650 2867 4706 corde
2904 4646 3507 4705 et'mitls-aﬁ‘ectu‘te'st.
3545 4646 3674 4700 Plus
3706 4651 3792 4700 est

2186 4755 2364 4800 autem
2396 4757 2823 4813 sempernquam
2849 4740 2939 4796 die
2968 4755 3030 4794 ac
3055 4749 3214 4795 nocte
3236 4782 3250 4805 ,
3282 4738 3365 4794 vel
3385 4737 3661 4804 ‘tota'dic;
3690 4737 3794 4791 hoc

2188 4839 2524 4904 enimsupra
2559 4846 2770 4906 tempus
2798 4844 2900 4890 est.
2949 4834 3091 4904 Ergo
3121 4833 3224 4888 vel.
3245 4833 3402 4888 inter
3425 4831 3668 4903 angelos
3694 4846 3794 4884 an—

2192 4940 2510 4986 nunurratus
2538 4926 3374 5000 dieas‘Oportetiustiﬁcationes
3417 4926 3513 4981 Dei
3545 4925 3787 4996 semper,

2193 5121 2373 5181 potest
2403 5113 2447 5166 is
2467 5155 2481 5177 ,
2511 5111 2608 5182 qui
2634 5112 2700 5165 ab
2728 5125 2795 5166 eo
2825 5109 3073 5182 laudatur
3105 5107 3594 5178 Evangelii‘low'si
3628 5107 3806 5182 quem

2192 5179 2327 5236 alios
2357 5179 2654 5236 etiam'PP.
2685 5182 2750 5234 de
2784 5181 2979 5235 viatico
3009 5181 3395 5249 interpretatos
3439 5190 3674 5234 constat.
3703 5179 3796 5233 Sic

2191 5256 2334 5306 enim
2372 5255 2594 5308 llicrun.
2628 5254 2680 5306 in
2713 5252 2898 5306 Matth.
2929 5265 3047 5318 cap.
3082 5267 3190 5304 xv:
3228 5249 3348 5303 Non
3378 5251 3482 5303 vult
3524 5250 3679 5304 Iesus
3707 5250 3792 5301 di-

2193 5326 2389 5378 mittere
2410 5327 2656 5396 jejunos,
2711 5340 2771 5376 ne
2809 5323 3052 5392 deﬁciant
3098 5324 3152 5376 in
3176 5323 3278 5375 via.
3313 5321 3646 5396 Periclitatur
3669 5337 3791 5396 ergo

2193 5396 2278 5461 qui
2303 5393 2624 5449 sine'ciclesti
2655 5410 2786 5464 pane
2813 5397 2880 5446 ad
2908 5401 3138 5464 aptatam
3166 5393 3485 5446 ntansionem
3527 5393 3796 5462 pervenire

2191 5467 2430 5536 festinat,
2467 5475 2574 5520 etc.

2262 5567 2283 5594 θ
2317 5556 2518 5610 Omnes
2546 5555 2702 5621 edit.,
2739 5552 2873 5619 Ergo
2902 5554 2990 5607 itte
3019 5554 3364 5624 justiﬁcatur.
3399 5553 3604 5608 Omnes
3636 5563 3792 5614 ntSs:,

2189 5625 2330 5696 Ergo
2360 5626 2446 5680 ille
2469 5626 2747 5696 justiﬁcat.
2779 5623 3109 5698 Commode,
3145 5625 3189 5677 si
3226 5634 3403 5698 mente
3451 5623 3798 5698 Sttpplevet‘is

2195 5695 2384 5752 vocem
2409 5737 2422 5761 ,
2459 5695 2641 5760 Deum,
2673 5711 2792 5767 qua:
2823 5696 3094 5764 superiori
3132 5695 3354 5765 periodo
3376 5695 3742 5765 exprit'nitur'.
