3948 6300
216 220 333 287 κει

1286 228 1352 298 1N
1391 228 1726 301 essum
1763 230 1975 300 vam
2012 242 2400 303 exrosmo.

3342 258 3484 318 μη

204 363 252 412 et
277 354 412 411 illam
442 367 604 425 quam
638 355 864 427 adeptus
890 372 949 413 es
978 359 1246 431 gloriam,
1278 376 1386 420 non
1421 367 1527 421 tuis
1568 369 1778 427 meritis
1804 365 1859 426 Α
1884 365 2141 422 minatur.
2188 366 2344 424 Unde
2387 374 2443 424 et
2479 367 2612 426 ille:
2652 368 2844 426 Vinum
2880 380 2931 427 et
2967 375 3209 431 muliere:
3245 379 3476 449 faciunt.

202 461 423 516 arroges,
452 446 547 502 sed
576 447 773 505 divinae
798 450 1132 508 miserationi
1162 469 1378 527 semper
1403 458 1677 526 ascribas;
1710 477 1778 519 ne

206 540 288 595 tibi
310 540 513 596 dicalu‘r
537 548 553 594 ε’
588 542 727 611 Quid
764 554 932 599 autem
983 547 1137 602 habes
1173 550 1309 619 quod
1347 568 1447 607 non
1489 556 1778 627 accepisti?

205 629 264 715 Si
279 643 437 686 autem
460 635 705 706 παρίεῑί
726 677 740 701 ,
771 637 896 707 quid
923 639 1166 709 gloriaris
1204 644 1354 712 quasi
1392 661 1495 699 non
1520 648 1776 721 acceperis

204 718 264 791 (ll
278 722 386 777 Cor.
401 738 478 791 IV,
496 723 580 795 7)?
600 725 784 782 Omnis
802 729 975 783 cnims
991 735 1242 787 creatura
1258 748 1615 806 quaecumque
1635 718 1774 793 bona

201 816 579 889 habet,accepil
593 830 621 873 a
642 819 878 888 Christo,
898 823 986 893 qui
1002 825 1169 879 totius
1180 834 1263 881 est
1280 835 1471 884 auctor
1482 837 1771 885 creaturae.

267 910 465 992 116⁷
489 914 581 968 Si.
614 898 806 988 (Vers.
844 917 1001 990 H8.)
1033 908 1315 988 Sprevisti,
1350 922 1553 992 inquit,
1600 940 1775 980 omnes

200 1002 275 1073 qui
300 988 561 1059 diacedmtt
592 1008 621 1059 ἁ
642 988 1107 1081 justiﬁcationibus
1134 1012 1236 1066 tuis
1260 1030 1278 1079 ;
1306 988 1437 1084 quia
1466 988 1647 1085 iniqua
1689 1032 1777 1071 co—

199 1084 355 1167 gitatio
379 1102 575 1155 eorum.
606 1100 796 1157 Omnis
824 1102 1093 1172 superbus
1120 1105 1432 1161 immundus
1457 1116 1541 1163 est
1567 1106 1622 1162 in
1646 1122 1776 1163 con-

198 1206 364 1263 speetu
395 1190 633 1263 Domini;
659 1198 783 1268 quia
815 1215 923 1254 non
939 1206 1119 1269 potest
1149 1216 1249 1271 per
1278 1200 1586 1271 superbiam
1616 1216 1771 1257 suam

197 1286 437 1345 mundare
478 1286 736 1361 peccata,
786 1292 878 1364 qui
929 1295 1203 1365 arroganti
1243 1294 1441 1365 spiritu
1488 1303 1776 1351 coacervat

196 1382 435 1458 errorem.
480 1366 722 1453 ideoque
762 1385 1040 1456 spernitur
1079 1394 1240 1457 atque
1280 1382 1619 1458 despicitur,
1648 1386 1771 1457 quia

195 1454 446 1546 despectui
479 1475 645 1535 habet
669 1454 853 1535 divina
885 1454 1167 1536 mandata.
1193 1480 1341 1537 Bene
1371 1454 1550 1537 autem
1608 1454 1771 1537 uteie-

195 1568 279 1623 stis
305 1580 546 1625 servatur
596 1574 958 1644 praerogativa
992 1570 1341 1639 clementiae;
1389 1574 1509 1643 quia
1559 1572 1768 1628 nullum

195 1663 415 1732 repellit,
447 1663 545 1719 sed
580 1664 910 1736 quicumque
958 1667 1237 1722 noluerint
1282 1675 1499 1736 peccata
1551 1667 1768 1737 propria

1881 457 2093 531 inquit,
2127 470 2424 533 apostatare
2451 460 2646 533 (Ereti.
2676 476 2768 519 xix
2793 505 2806 530 ,
2834 462 2924 531 2).
2953 465 3205 523 Cavenda
3233 484 3363 541 ergo
3395 472 3480 527 in-

1879 556 2092 610 centiva
2117 564 2171 610 et
2193 556 2457 612 lenocinia
2481 556 2801 613 delictorum
2818 599 2834 625 ,
2861 574 2930 614 ne
2955 561 3008 615 in
3032 562 3211 617 scelus
3232 577 3478 634 vergant.

1880 646 2273 703 Prmvarieater
2302 657 2486 705 autem
2526 650 2693 707 latine
2726 661 2775 707 et
2815 660 3185 724 transgressor
3212 668 3479 725 vocatur;

1878 754 1946 798 eo
1969 742 2111 813 quod
2138 758 2165 797 a
2192 743 2309 815 lege
2336 744 2548 799 Domini
2577 753 2820 802 transeat
2843 747 2911 802 ad
2935 762 3204 817 errorem,
3229 760 3283 806 et
3304 759 3481 809 trans-

1878 836 2156 905 grediatur
2184 837 2436 894 mandata
2463 839 2709 896 ctelestia
2728 881 2743 907 ,
2773 840 2860 895 cui
2884 842 3084 897 dictum
3113 852 3196 899 est
3215 845 3476 902 utadha-

1877 937 1993 984 reat
2023 926 2253 985 Domino
2280 931 2393 987 Deo
2419 946 2520 988 suo
2547 932 2730 1002 (Deut.
2764 949 2795 989 χ
2814 976 2828 1000 ,
2854 934 2969 1009 20).
3003 936 3293 994 Αάὴωτθιο
3320 939 3482 1010 igitur

1878 1019 2155 1077 individuo
2187 1036 2405 1092 semper
2431 1023 2627 1079 allecto
2655 1041 2669 1090 ;
2699 1041 2768 1081 ne
2790 1033 2843 1082 te
2868 1027 2939 1081 ab
2976 1040 3045 1083 eo
3081 1030 3163 1085 vis
3203 1030 3309 1085 ulla
3353 1045 3480 1100 pos-

1877 1118 1947 1169 sit
1975 1115 2235 1172 evellere.
2267 1114 2323 1171 Si
2352 1117 2481 1188 quid
2507 1132 2686 1173 rarum
2709 1162 2724 1186 ,
2755 1121 2799 1174 si
2828 1121 2957 1190 quid
2988 1122 3362 1180 intermissum
3388 1126 3483 1180 ad-

1877 1207 2155 1263 versarius
2183 1207 2414 1275 viderit,
2440 1210 2620 1265 statim
2650 1223 2709 1268 se
2737 1212 2979 1268 immittit
3008 1213 3063 1268 in
3090 1224 3280 1285 peetus
3304 1204 3365 1273 et.
3385 1232 3484 1274 cor

1879 1308 2063 1366 tuum;
2089 1310 2146 1355 ut
2170 1309 2220 1357 te
2241 1302 2440 1373 laqueo
2462 1310 2640 1360 teneat
2661 1318 2773 1361 suae
2794 1304 3022 1373 fraudis,
3045 1314 3101 1363 et
3122 1308 3333 1365 hostilis
3359 1311 3481 1366 vin-

1874 1391 2000 1447 culo
2025 1393 2313 1463 potestatis
2341 1393 2574 1451 innexus
2594 1438 2608 1459 ,
2642 1412 2673 1451 a
2696 1398 2989 1455 devotione
3018 1400 3338 1457 retraharis.
3369 1403 3478 1460 Sed

1876 1498 1988 1540 non
2029 1484 2178 1542 solus
2218 1482 2310 1543 ille
2351 1490 2732 1559 przevaricator
2766 1498 2883 1556 est,
2918 1491 3007 1562 qui
3039 1493 3346 1562 posthabita
3377 1495 3482 1551 Ec-

1874 1576 2039 1633 clesia
2058 1578 2153 1647 ,ad
2172 1580 2349 1636 cultus
2379 1583 2776 1654 transgreditur
2803 1584 3072 1640 idolorum
3105 1604 3119 1640 :
3152 1586 3247 1642 sed
3266 1590 3481 1662 1168

1874 1671 2036 1727 etiam
2066 1672 2393 1746 quicumque
2421 1675 2581 1748 Legis
2608 1678 2859 1733 mandata
2891 1694 2995 1734 non
3039 1687 3241 1736 servat.
3291 1683 3482 1739 Omnis

194 1753 414 1812 conﬁteri
433 1799 447 1821 ,
474 1752 579 1827 ip'si
611 1754 896 1815 discedunt
924 1775 953 1814 a
984 1758 1212 1815 Domino
1244 1754 1354 1815 Deo
1381 1768 1588 1816 nostro.
1618 1760 1771 1816 Deni-
1803 1762 1848 1821 Β
1878 1780 2007 1836 ergo
2036 1778 2310 1837 peccator,
2344 1769 2753 1839 prtcvaricator.
2777 1770 3080 1828 Undeillud
3107 1791 3118 1826 :
3148 1773 3330 1829 Omnis
3351 1791 3483 1846 prm-

192 1865 280 1917 que
302 1846 386 1905 ille
416 1838 699 1916 discessit,
731 1851 821 1922 qui
850 1868 1074 1924 peregre
1106 1852 1408 1924 profectus,
1439 1867 1598 1907 omne
1626 1851 1770 1923 quod

192 1953 446 2011 acceperat
470 1959 497 1996 a
529 1953 722 2014 patre,
755 1944 876 1999 lldei
904 1954 956 2001 et
979 1947 1167 2017 gratiae
1195 1945 1580 2019 patrimonium
1612 1945 1773 2001 dissi-

193 2036 331 2104 pavit.
374 2035 434 2091 Et
462 2039 592 2108 quia
627 2053 750 2093 eum
792 2038 1108 2096 discessisse
1151 2039 1428 2111 pmnituit,
1471 2048 1658 2112 postea
1689 2052 1773 2098 est

192 2142 441 2197 regressus
469 2130 536 2185 ad
570 2139 784 2202 patrem
804 2174 817 2198 ,
841 2148 999 2203 quem
1028 2134 1460 2205 reliqueratcum
1489 2142 1767 2205 peccatum

192 2216 439 2289 proprium
473 2221 655 2277 nollet
684 2223 952 2280 confiteri.
996 2224 1112 2280 Non
1142 2242 1272 2297 ergo
1300 2226 1590 2284 intervallo
1623 2228 1770 2283 loco-

192 2324 293 2365 rum
324 2311 458 2370 Deus
499 2315 854 2386 relinquitur,
883 2315 978 2371 sed
1017 2319 1283 2388 pravitate
1317 2335 1554 2387 morum,
1588 2327 1643 2376 et
1677 2316 1770 2377 de-

186 2400 431 2460 formitate
455 2417 769 2478 gestorum.
800 2409 1043 2467 Discedit
1069 2428 1097 2465 a
1127 2412 1377 2480 Domino,
1405 2415 1496 2485 qui
1529 2431 1588 2471 se
1616 2414 1770 2471 elon-

185 2506 260 2578 gat
298 2497 359 2553 ab
394 2515 495 2567 eo,
547 2501 1010 2572 quemadmodum
1061 2505 1243 2561 audita
1295 2509 1582 2578 praesentia
1629 2508 1764 2577 Dei,

184 2565 332 2644 Adfuit
360 2565 529 2648 laiere
558 2565 831 2664 cupiebat.
862 2593 968 2653 Sed
997 2565 1341 2655 diseedcnsua
1371 2601 1599 2658 Domino
1625 2565 1770 2657 salu:

186 2689 274 2734 tem
290 2666 481 2738 habere
516 2699 628 2739 non
656 2694 901 2755 poterat;
924 2689 1177 2758 quoniam
1195 2693 1455 2761 scriptum
1481 2703 1562 2747 est
1591 2711 1603 2747 :
1635 2693 1770 2751 Ecce

186 2773 260 2839 qui
299 2772 539 2846 clangunt
583 2792 637 2831 se
681 2779 769 2832 abs
792 2776 874 2843 ie,
919 2778 1155 2851 peribunt
1187 2782 1207 2853 (
1236 2781 1381 2837 Psal.
1417 2801 1599 2851 xxvtt,
1631 2784 1699 2840 72
1722 2787 1763 2858 ).

187 2864 541 2941 Unusquisque
562 2870 726 2943 igitur
748 2874 859 2927 suis
881 2873 1072 2929 studiis
1096 2890 1216 2931 sese
1239 2887 1329 2931 aut
1346 2877 1539 2948 jungit,
1565 2888 1657 2933 aut
1677 2894 1765 2934 se-

183 2958 592 3034 parat.l)enique
610 2980 766 3035 quam
792 2966 1078 3036 plerosque
1102 2982 1197 3022 nec
1220 2964 1464 3023 locorum
1488 2969 1765 3026 intervalla

181 3052 468 3124 secernunt,
507 3057 596 3111 vel
629 3057 854 3112 finitima
887 3071 940 3114 et
971 3059 1143 3114 vicina
1175 3070 1526 3129 conuectant,
1563 3062 1765 3118 indicio

1877 1859 2122 1916 uarictttio
2152 1903 2165 1915 .
2201 1904 2213 1915 .
2254 1904 2265 1917 .
2289 1864 2490 1933 justam
2533 1864 2723 1937 accipit
2759 1867 3228 1921 remunerationem
3277 1866 3479 1940 (Hebr.

1876 1966 1949 2017 ιι,
1978 1951 2056 2023 2).
2084 1952 2292 2009 Nomen
2316 1964 2639 2022 commune,
2668 1956 2763 2012 sed
2790 1957 3007 2014 diversa
3036 1960 3226 2015 merita
3255 1960 3484 2018 delicto-

1874 2056 1993 2095 rum
2020 2060 2035 2111 ;
2067 2053 2120 2099 et
2148 2046 2320 2113 pretia
2350 2058 2480 2117 ergo
2507 2047 2720 2103 diversa
2748 2048 3049 2119 culparum.

1946 2133 2037 2189 54,
2066 2135 2205 2204 Quid
2233 2134 2336 2193 sibi
2363 2138 2479 2193 vult
2507 2139 2652 2209 quod
2677 2140 2753 2195 ait
2778 2158 2789 2193 :
2823 2140 3126 2199 Peccatores
3150 2154 3318 2200 terrm.
3342 2146 3483 2201 Sunt

1875 2241 2005 2297 ergo
2032 2235 2087 2281 et
2112 2228 2235 2283 caeli
2265 2232 2771 2298 peccatores,sicut
2800 2233 2890 2287 ille
2911 2235 3001 2305 qui
3025 2236 3100 2291 ait
3124 2254 3136 2289 :
3158 2235 3337 2304 Pater,
3362 2255 3482 2308 pec.

1875 2318 1986 2371 cavi
2011 2318 2065 2372 in
2095 2319 2277 2373 coelum
2300 2361 2313 2382 ,
2339 2329 2386 2374 et
2416 2336 2590 2376 coram
2617 2333 2664 2377 te
2690 2323 2845 2397 (Luc.
2871 2341 2962 2389 xv,
2981 2327 3098 2398 21).
3124 2328 3260 2384 Sunt
3282 2331 3371 2401 qui
3394 2332 3480 2385 di-

1873 2417 2001 2463 cant
2024 2408 2152 2479 quia
2178 2409 2224 2465 is
2249 2411 2342 2481 qui
2370 2410 2610 2468 emicatia
2639 2429 2748 2469 non
2776 2425 2959 2471 servat
2987 2420 3204 2474 oracula
3227 2460 3243 2487 ,
3271 2435 3481 2490 praeva-

1874 2503 2077 2559 ricator
2117 2513 2200 2558 est
2242 2505 2388 2561 creti.
2424 2515 2447 2544 ο
2477 2505 2584 2563 Sed
2617 2508 2733 2563 sive
2763 2508 2901 2576 hoc,
2944 2512 3061 2565 sive
3108 2514 3232 2581 quia
3280 2514 3482 2570 minuit

1872 2594 2104 2665 gratiam
2130 2610 2290 2666 quam
2318 2598 2532 2668 accepit
2557 2611 2588 2652 e
2609 2600 2751 2655 emlo
2769 2640 2784 2665 ,
2807 2615 2966 2670 quam
2999 2602 3236 2673 Spiritus
3260 2616 3480 2662 sanctus

1873 2686 2069 2741 infudit
2095 2704 2108 2741 :
2138 2687 2253 2743 sive
2279 2690 2400 2759 quia
2429 2690 2548 2744 avis
2573 2692 2695 2746 cmli
2724 2691 2929 2759 factus,
2955 2709 3063 2750 non
3091 2694 3259 2752 debes
3284 2698 3339 2753 in
3368 2710 3476 2754 ter-

1875 2794 1989 2833 ram
2028 2779 2212 2835 redire
2243 2780 2310 2835 de
2337 2782 2497 2835 caelo.
2530 2781 2585 2835 In
2616 2783 2814 2838 emtum
2846 2799 2977 2855 ergo
3003 2798 3200 2856 peccas
3222 2829 3239 2856 ,
3274 2789 3320 2843 si
3350 2792 3475 2846 coeli

1874 2873 2050 2929 incola
2082 2873 2274 2929 coelum
2303 2875 2603 2944 relinquas.
2637 2875 2930 2932 Diversitas
2956 2879 3119 2949 igitur
3142 2890 3229 2936 est
3256 2896 3470 2939 eorum.

1874 2963 1977 3020 Alii
2006 2976 2324 3031 peccatores
2347 2964 2491 3031 caeli,
2525 2966 2617 3020 alii
2650 2978 2961 3035 peccatores
2993 2979 3153 3026 teme
3181 2981 3326 3028 sunt.

1944 3058 2035 3113 35.
2069 3054 2138 3111 In
2167 3058 2431 3112 matutinis
2452 3100 2466 3123 ,
2498 3057 2707 3129 inquit,
2740 3061 3111 3131 interﬁa'ebam
3148 3080 3327 3121 omnes
3355 3084 3475 3137 pec-

182 3149 385 3217 c~tquia
411 3160 544 3206 sunt
574 3151 818 3223 plerique
862 3154 913 3207 in
956 3168 1187 3224 corpore
1226 3154 1350 3219 siti.
1380 3157 1471 3226 qui
1515 3157 1760 3227 peregri-

1872 3159 2077 3206 catores
2103 3160 2255 3206 terra;
2283 3149 2454 3223 (Paul.
2480 3164 2544 3218 ο,
2575 3152 2653 3225 8).
2687 3152 2973 3220 Quomodo
2998 3166 3138 3213 unus
3162 3173 3357 3216 omnes
3393 3162 3474 3216 in-

182 3250 352 3296 nantur
375 3258 402 3297 a
431 3248 708 3317 corpore,
735 3253 794 3300 et
816 3245 1017 3301 adsunt
1045 3246 1160 3302 Deo
1184 3263 1199 3312 ;
1230 3257 1289 3301 ut
1317 3248 1408 3303 ille
1436 3249 1525 3317 qui
1559 3248 1758 3304 dicenti

182 3335 303 3391 Deo:
349 3338 512 3405 Quem
551 3339 802 3393 mittam?
830 3341 1150 3411 respondit:
1180 3340 1315 3395 Ecce
1355 3359 1468 3415 ego,
1511 3344 1651 3397 mitte
1678 3360 1761 3397 me

181 3424 326 3497 (Emi.
349 3447 429 3497 vr,
452 3432 539 3500 8).
570 3431 745 3488 Audet
773 3440 828 3486 et
853 3432 1051 3486 Paulus
1080 3432 1277 3488 adesse
1309 3434 1439 3503 Deo,
1471 3436 1593 3505 quia
1623 3435 1759 3491 nihil

179 3518 221 3573 in
256 3536 308 3576 sc
344 3533 548 3594 praeter
586 3523 771 3578 carnis
816 3524 1101 3579 materiam
1146 3522 1363 3580 videbat
1407 3541 1528 3583 esse
1562 3542 1759 3598 corpo-

180 3628 326 3669 reum.
353 3602 624 3673 Exivitet
665 3616 798 3672 Cain
842 3634 870 3671 a
914 3616 1053 3674 facie
1090 3618 1220 3685 Dei,
1267 3624 1577 3690 postquam,
1606 3635 1756 3675 com-

178 3706 318 3762 misso
366 3704 706 3779 parricidio,
768 3709 1064 3779 gerendam
1125 3720 1471 3781 peccatorum
1528 3727 1754 3768 suorum

178 3799 523 3865 paenitentiam
553 3816 661 3855 non
695 3801 923 3871 putavit.

232 3876 314 3945 32.
346 3901 370 3929 α
398 3890 573 3949 Recte
605 3896 785 3948 autem
817 3893 892 3948 ait
919 3913 930 3946 :
965 3894 1045 3948 Ad
1082 3894 1299 3950 nihilum
1325 3897 1584 3952 deduxisti
1614 3916 1750 3966 prw-

177 3982 478 4060 varicalores.
522 3986 640 4041 Non
678 3994 996 4056 peccatores
1034 3987 1203 4055 dixit,
1235 3989 1330 4045 sed
1364 3991 1749 4060 praevaricato-

176 4088 265 4132 res.
298 4056 427 4134 Nam
457 4096 584 4151 qua:
616 4080 772 4136 nobis
803 4096 930 4152 spes
958 4080 1137 4148 foret,
1169 4084 1387 4154 quando
1415 4099 1606 4139 omnes
1648 4085 1779 4163 sub

177 4168 369 4237 peccato
392 4174 620 4230 sumus?
638 4160 819 4229 Etiam
849 4174 983 4230 illud
1010 4175 1236 4245 pulchre
1261 4195 1273 4229 :
1305 4175 1494 4232 Omnes
1521 4178 1589 4231 ad
1616 4176 1767 4232 m'lti-'

177 4261 264 4318 tum
289 4268 543 4323 deduxisti
569 4270 1003 4341 praevaricatores.
1025 4258 1157 4324 ’Sive
1183 4268 1272 4324 ille
1297 4269 1449 4323 dives
1474 4271 1581 4337 sit,
1615 4270 1747 4326 nihil

176 4356 240 4410 illi
274 4359 466 4417 divitiae
505 4377 622 4417 sua:
649 4373 917 4433 prosunt:
954 4361 1069 4418 sive
1109 4364 1441 4429 lienoratus,
1489 4361 1623 4417 nihil
1646 4360 1749 4417 diu

172 4448 358 4516 guitas:
390 4455 504 4509 sive
545 4461 777 4524 potens,
831 4453 966 4508 nihil
1013 4453 1276 4524 potentia.
1321 4452 1427 4508 Sed
1473 4452 1616 4507 aliud
1662 4463 1748 4508 est

1862 3242 2119 3300 ‘terﬁcere
2142 3250 2356 3313 poterat
2382 3254 2697 3314 peccatores
2723 3248 2931 3303 term?
2951 3249 3057 3304 Sed
3084 3250 3131 3304 si
3154 3251 3472 3310 consideres

1859 3335 2064 3405 justum
2082 3380 2097 3402 ,
2126 3337 2211 3392 cui
2237 3349 2343 3391 nox
2366 3338 2644 3407 prtecessit
2665 3380 2680 3404 ,
2705 3339 2823 3394 dies
2842 3342 3298 3413 appropinquavit
3318 3361 3336 3411 ;
3364 3360 3467 3415 po-

1858 3436 1946 3484 tes
1974 3428 2166 3485 videre
2194 3428 2469 3500 quomodo
2496 3430 2784 3487 exoriente
2814 3432 2914 3486 tibi
2952 3435 3073 3489 sole
3108 3434 3366 3504 iustitiae,
3401 3439 3469 3494 de

1862 3524 1983 3578 luce
2013 3523 2238 3594 vigilans
2280 3521 2577 3579 interﬁcias
2614 3522 2855 3580 fomenta
2888 3528 3076 3582 omnia
3113 3528 3464 3585 delicta-um.

1860 3613 2081 3670 Utinam
2104 3614 2242 3670 mihi
2274 3614 2480 3685 aspiret
2512 3616 2628 3671 haec
2652 3618 2828 3686 gratia
2850 3658 2866 3684 ,
2894 3626 2956 3672 ut
2994 3618 3178 3689 giadio
3214 3622 3466 3691 spiritali,

1861 3711 1953 3781 qui
1984 3720 2069 3765 est
2096 3710 2324 3765 verbum
2370 3710 2501 3773 Dei,
2548 3710 2618 3765 ab
2652 3711 2903 3766 Ecclesia
2948 3713 3162 3767 Domini
3199 3713 3467 3770 incentiva

1863 3804 2111 3857 universa
2140 3802 2345 3871 possim
2375 3801 2593 3856 abolere
2617 3802 2870 3855 vitiorum
2889 3842 2902 3866 ,
2920 3810 2983 3855 et
3006 3810 3223 3857 terrena
3249 3806 3468 3863 auferre

1861 3895 2097 3963 delicta,
2131 3894 2329 3965 quibus
2362 3895 2414 3949 in
2448 3894 2657 3949 foveam
2700 3895 2992 3965 quamdam
3039 3897 3230 3953 lubrici
3274 3901 3468 3968 ρι’ωοὶ-

1860 3989 2101 4056 pitamur
2139 3985 2345 4042 erroris
2372 4028 2385 4050 ,
2428 3995 2486 4039 nt
2524 3985 2593 4040 de
2631 3986 2851 4042 civitate
2881 3987 2978 4043 Dei
3017 3989 3325 4058 expellatur
3363 3992 3470 4047 ini-

1859 4077 2084 4149 quitatis
2113 4087 2393 4147 operator.
2422 4074 2629 4130 Civitas
2652 4076 2758 4131 1Dei
2784 4077 3031 4135 Ecclesia
3061 4089 3141 4135 est
3170 4098 3183 4135 :
3216 4080 3462 4139 Ecclesia

1850 4185 2064 4241 corpus
2088 4180 2187 4227 'est
2220 4167 2449 4226 Christi.
2496 4168 2694 4224 Peccat
2733 4170 2783 4225 in
2822 4173 3021 4227 coelum
3045 4214 3058 4238 ,
3092 4174 3183 4244 qtti
3220 4176 3463 4234 ctelestis

1858 4265 2097 4319 civitatis
2142 4263 2264 4333 jura
2318 4263 2688 4331 contaminat,
2732 4274 2786 4319 et
2828 4264 3160 4321 immaculati
3213 4270 3464 4340 corporis

1856 4358 2027 4412 violat
2052 4355 2396 4412 sanctitatem
2425 4370 2648 4411 suorum
2675 4355 2986 4413 colluvione
3004 4358 3286 4416 vitiorum.

1927 4449 2017 4505 56.
2052 4449 2118 4504 Et
2149 4448 2272 4504 vide
2302 4463 2370 4503 ne
2398 4449 2536 4502 forte
2573 4448 2683 4503 sint
2710 4450 2801 4519 qui
2832 4449 2958 4508 cmli
2985 4459 3037 4505 et
3071 4461 3236 4507 terra:
3260 4469 3457 4524 pecca-

174 4547 610 4607 pracvaricatorem
655 4561 777 4602 esse
815 4545 1182 4602 discedentem
1215 4561 1243 4600 a
1270 4544 1750 4617 justitlcationibus
1779 4542 1826 4600 Ι)
1857 4555 2004 4599 tores
2036 4545 2166 4599 sint.
2195 4542 2330 4597 Nam
2362 4543 2550 4611 utique
2579 4542 2744 4596 Adam
2774 4556 2896 4597 cum
2927 4545 2980 4597 in
3008 4545 3258 4613 paradiso
3287 4559 3456 4615 esset,

164 4630 441 4711 .Dei:aliud
473 4640 945 4711 praevaricatorem
974 4653 1098 4695 esse
1128 4648 1308 4694 terrtc.
1330 4628 1475 4693 ‘lllud
1502 4638 1741 4709 gravius,

172 4726 260 4809 ltqc
274 4731 467 4809 levius.
718 4800 727 4809 ι

222 4804 310 4879 33.
337 4808 513 4899 (Vers.
547 4804 963 4897 119.):I'duoque
988 4822 1017 4862 δ
1045 4822 1290 4893 subjecta
1319 4838 1389 4877 ne
1418 4831 1468 4877 te
1497 4816 1737 4888 turbent,

170 4914 313 4984 vide;
340 4935 456 4977 nam
488 4919 720 4991 subjecit
748 4919 835 4975 his
861 4935 873 4971 :
904 4916 1337 4974 Prtevaricatores
1365 4918 1611 4972 atatimavi
1638 4932 1743 4971 om-

169 5026 245 5067 nes
275 5027 557 5084 peccatores
598 5026 749 5071 teme
782 5032 799 5069 :
835 5027 1105 5087 prapterea
1146 5014 1304 5069 dilexi
1335 5013 1624 5068 testimonia
1654 5022 1744 5065 tua

406 5109 574 5165 Recte
625 5096 1013 5179 praevaricator
1054 5104 1271 5171 dicitur,
1305 5106 1393 5177 qui
1434 5103 1664 5159 discedit
1710 5118 1738 5155 a

170 5186 651 5274 Domino.Deniqne
690 5212 863 5274 gratce
901 5215 931 5255 a
973 5190 1304 5255 discedendo
1348 5205 1591 5269 apostata
1645 5208 1746 5251 no-

232 5396 255 5425 ⁸
279 5388 424 5447 Rom.
454 5380 587 5450 edit.
620 5392 735 5446 sola
763 5408 777 5457 ;
815 5391 1166 5464 Recteautem
1193 5388 1307 5464 ait:
1336 5378 1590 5464 Sprevisti
1619 5396 1733 5464 ρςζιση

171 5463 628 5546 ξιξᾳξᾴμὲεεεάιιηι
654 5480 687 5517 a
704 5455 1169 5534 justiﬁcationibus
1195 5459 1306 5513 suis
1331 5474 1348 5511 :
1389 5455 1464 5511 uel
1505 5463 1562 5508 ut
1591 5455 1684 5508 alii
1714 5470 1734 5509 :

695 5604 881 5671 Rom,
922 5604 1199 5671 superiora
1234 5618 1311 5680 ne-
1338 5600 1542 5655 turbent
1565 5639 1578 5663 ,
1612 5597 1740 5680 ὐἱςλς

174 5671 435 5735 τάμοιο.
469 5676 593 5732 Vet.
635 5668 875 5741 autem,
903 5689 968 5730 ac
995 5668 1144 5728 ‘mss.
1192 5683 1254 5729 ut
1297 5673 1347 5727 in
1396 5678 1586 5731 textu.
1633 5668 1742 5722 nisi

173 5741 376 5806 quodin
401 5746 524 5803 edit.
556 5756 613 5803 et
642 5745 850 5816 aliquot
875 5759 1007 5801 mss.
1042 5754 1122 5810 te,
1153 5745 1446 5809 omittitur,
1479 5754 1583 5797 nec
1629 5753 1739 5793 non

1855 4638 2097 4694 cmlestis
2127 4647 2280 4691 erat:
2315 4645 2437 4705 post
2468 4636 2886 4706 lapsumautem
2932 4649 3179 4694 terrenus
3221 4652 3304 4696 est
3345 4644 3456 4700 fac-

1859 4739 1981 4797 tus,
2016 4738 2071 4783 et
2113 4728 2181 4784 de
2218 4728 2475 4798 paradiso
2512 4728 2778 4798 expulsus
2817 4737 2903 4785 est
2939 4738 2997 4784 et
3036 4733 3260 4801 eiectus.
3297 4734 3455 4795 Unde

1859 4831 1913 4876 et
1943 4819 2236 4891 Apostolus
2267 4818 2342 4874 alt
2369 4835 2382 4871 :
2418 4816 2627 4873 Primus
2658 4820 2810 4873 homo
2834 4820 2900 4874 de
2924 4828 3066 4875 terra
3093 4832 3344 4893 terrenus,
3373 4845 3456 4883 se-

1858 4917 2060 4971 cundus
2086 4915 2237 4970 homo
2268 4914 2332 4968 de
2385 4913 2510 4968 calo
2541 4913 2753 4968 calcatis
2784 4913 2844 4985 (l
2871 4913 2991 4969 Cor.
3024 4931 3116 4983 xv,
3143 4918 3212 4972 47
3230 4918 3272 4988 ).
3303 4919 3455 4991 Abji—

1856 5014 2032 5066 eiatur
2063 5026 2192 5080 ergo
2214 5025 2243 5063 a
2267 5009 2421 5063 nobis
2446 5009 2622 5077 imago
2649 5008 2851 5062 terreni
2877 5050 2890 5074 ,
2915 5010 3249 5079 suscipiatur
3274 5013 3454 5087 imago

1856 5105 2120 5170 caelestis,
2143 5116 2248 5157 non
2268 5100 2388 5155 luco
2406 5113 2687 5168 expressa,
2722 5115 2830 5156 non
2859 5100 3018 5168 ceris,
3043 5117 3151 5158 non
3172 5105 3451 5166 coloribus

1856 5195 2197 5263 adumbrata,
2218 5194 2313 5251 sed
2331 5192 2596 5259 moribus,
2618 5193 2671 5248 in
2694 5208 2799 5264 qua
2814 5194 3066 5251 Christus
3085 5212 3147 5253 se
3168 5211 3444 5270 agnoscat.

1848 5380 1971 5449 quid
1993 5421 2005 5440 .
2037 5392 2316 5446 pronam,
2353 5376 2658 5433 exhibetur.

1925 5461 1946 5488 ο
1982 5451 2123 5505 Edit.
2159 5465 2387 5512 omnes;
2423 5448 2528 5503 Sed
2557 5451 2660 5502 sive
2688 5447 2813 5509 hoc,
2856 5448 2963 5501 sive
2988 5448 3120 5502 illud
3156 5452 3257 5517 sit,
3298 5470 3327 5507 e
3364 5455 3450 5510 di.

1848 5536 1993 5575 verso
2018 5537 2175 5575 unum
2201 5521 2559 5593 signiﬁcamus
2592 5527 2910 5588 peccatore»:
2936 5559 2951 5583 ,
2992 5519 3212 5593 alterum
3232 5540 3449 5593 .prteva.

1848 5594 2117 5648 ricatorem
2141 5633 2156 5658 ,
2186 5590 2310 5662 quia
2328 5632 2343 5656 ,
2374 5600 2483 5645 etc.
2509 5590 2717 5662 Noram
2743 5604 2908 5662 quam
2935 5590 3271 5650 resecuimus
3312 5597 3449 5655 laci.

1832 5665 1994 5719 'niam
2016 5707 2029 5728 ,
2060 5674 2123 5718 ea
2156 5659 2209 5718 in
2236 5662 2493 5719 omnibus
2522 5659 3083 5717 mss.»desiderantur.
