3948 6368
465 244 606 301 1425

1797 239 2042 298 SANCTl
2081 239 2404 298 AMBROSII

3622 233 3748 301 142)

532 361 622 414 57.
657 357 841 428 (Vcrs.
875 355 1028 428 120.)
1061 355 1274 426 Conﬁge
1304 355 1462 410 clavis
1490 370 1520 408 a
1552 355 1732 409 timore
1763 363 1850 408 tuo
1893 370 2070 410 carnes
2096 357 2153 419 Α
2175 355 2435 423 validum,
2469 361 2524 411 et
2552 355 2766 412 acutius
2805 353 2952 410 omni
2983 355 3164 426 gladio
3205 355 3515 412 acutissimo
3536 396 3550 422 ,
3587 371 3748 428 usque

460 473 638 521 meus;
671 473 702 508 ιι
724 455 944 526 judiciis
979 453 1114 507 enim
1153 452 1254 506 tuis
1295 452 1460 506 (intui.
1489 451 1592 520 Qui
1633 451 1808 522 diligit
1849 451 2063 506 Domini

462 548 774 607 testimonia
803 589 816 613 ,
850 547 1075 618 conligit
1103 546 1274 601 clavis
1303 559 1498 601 carnes
1527 559 1656 599 suas
1677 586 1692 610 ,
1723 544 1904 599 sciens
1933 543 2058 613 quia

458 648 618 701 vetus
649 643 814 697 homo
844 656 975 695 suus
1018 655 1141 695 cum
1172 638 1392 695 Christo
1423 636 1673 694 conﬁxus
1709 636 1858 692 cruci
1902 637 2059 690 luxn-

461 736 597 792 riam
629 734 879 790 destruat
908 732 1130 796 carnis;
1167 746 1235 786 ne
1265 730 1590 800 cupiditates
1628 729 1747 798 ejus
1794 727 2059 784 indomito

457 828 674 885 fervore
716 826 1034 892 lasciviant,
1083 841 1152 880 ne
1191 824 1347 879 radix
1382 822 1626 878 avaritias
1654 832 1679 859 ει
1709 821 2060 892 serpentibus

458 937 520 976 se
549 919 737 975 fundat
768 918 1064 974 radicibus.
1097 915 1324 988 Conﬁge
1350 931 1480 987 ergo
1507 915 1676 971 clavis
1696 957 1710 982 ,
1745 924 1800 970 et
1842 913 2062 970 destrue

461 1011 700 1068 fomenta
735 1010 985 1082 peccati:
1021 1008 1367 1080 moriatur'in
1399 1022 1564 1062 carne
1595 1015 1684 1060 tua
1727 1005 1904 1060 omnis
1945 1003 2063 1059 ille-

457 1106 621 1162 cehra
695 1105 1022 1161 delictorum
1079 1119 1094 1159 :
1150 1103 1462 1158 libertatem
1507 1100 1741 1172 vagandi
1791 1099 2062 1168 cupiditas

459 1199 800 1270 voluptatum
829 1197 977 1253 cruci
1006 1196 1167 1251 alﬁxa
1196 1209 1301 1250 non
1331 1193 1546 1250 habeat.
1577 1193 1673 1248 Est
1702 1193 1921 1264 quidam
1951 1192 2064 1248 cla-

464 1307 565 1348 vus
593 1291 856 1364 spiritalis
881 1333 896 1357 ,
930 1291 1019 1361 qui
1053 1289 1296 1360 patibulo
1325 1288 1506 1344 crucis
1535 1288 1840 1344 Dominica:
1879 1286 2064 1358 afﬁgat

463 1385 562 1439 has
589 1399 808 1439 carnes.
842 1383 910 1438 Et
937 1382 1170 1438 fortasse
1199 1382 1309 1436 sint
1340 1396 1534 1436 carnes
1559 1379 1809 1451 qutedam
1842 1382 2060 1444 animm,

459 1477 601 1532 sicut
628 1491 829 1544 corpus
855 1483 940 1530 est
968 1474 1181 1528 animas.
1207 1471 1410 1528 Carnes
1439 1473 1635 1528 animae
1661 1479 1789 1526 sunt
1817 1471 2063 1526 carnales

461 1569 843 1640 cogitationes.
878 1567 1127 1639 Conﬁgat
1171 1567 1269 1622 has
1311 1580 1505 1622 carnes
1544 1566 1708 1622 timor
1751 1565 1965 1619 Domini
2009 1575 2064 1619 et

451 1663 784 1733 iudiciorum
828 1661 985 1731 ejus,
1032 1671 1086 1716 et
1125 1659 1379 1715 servituti
1417 1659 1647 1729 redigat.
1681 1657 1834 1726 Quod
1867 1657 1912 1713 si
1943 1672 2062 1712 car-

458 1769 557 1808 nes
589 1753 706 1808 ista:
733 1752 990 1822 rejiciunt
1017 1751 1200 1806 clavos
1229 1750 1397 1805 divini
1432 1749 1646 1806 timoris
1670 1791 1686 1816 ,
1722 1747 1864 1804 haud
1897 1747 2062 1803 dubie

2169 448 2235 504 ad
2266 449 2591 505 divisionem
2639 447 2858 520 quidem
2907 447 3103 504 animm
3124 489 3139 514 ,
3171 464 3232 504 ac
3282 449 3504 519 spiritus
3525 489 3540 514 ,
3571 452 3750 505 'attus-

2165 556 2304 612 que,
2335 550 2389 598 et
2431 541 2619 597 intima
2675 550 2969 611 penetrans
3016 541 3403 598 medullarum.
3453 542 3545 598 Est
3593 543 3748 600 durus

2164 648 2294 704 ergo
2338 634 2489 690 zelus
2531 634 2840 703 charitatis,
2876 635 2969 707 qui
3001 651 3110 691 non
3160 636 3318 692 cedat
3369 635 3584 702 inferis;
3634 652 3748 694 cum

2166 739 2266 794 pro
2297 725 2390 782 Dei
2422 726 2542 782 zelo
2571 726 2941 798 unusquisque
2969 741 3069 782 nec
3095 727 3210 782 suis
3241 735 3448 798 parcat.
3477 727 3570 783 His
3596 729 3749 785 clavis

2165 817 2442 875 charitatis
2486 820 2794 891 conﬁgatur
2838 822 3017 876 anima
3049 831 3238 877 nostra
3286 830 3341 876 et
3368 835 3496 876 caro
3535 832 3748 891 nostra,

2164 917 2224 966 ut
2252 920 2309 966 et
2353 913 2468 982 ipsa
2520 912 2706 969 dicat:
2738 913 2873 979 Quia
2903 914 3169 969 vulnerata
3214 913 3470 969 charitate
3510 932 3599 987 ego
3645 933 3750 972 sum

2167 1003 2344 1074 (Cant.
2375 1021 2426 1071 v,
2454 1003 2535 1077 8).
2567 1005 2743 1062 Habet
2773 1021 2904 1080 ergo
2924 1007 3142 1063 clavum
3173 1023 3328 1064 suum
3359 1006 3592 1064 charitas
3625 1028 3638 1064 :
3666 1008 3750 1066 ba-

2163 1099 2258 1155 bet
2306 1099 2542 1170 gladium
2591 1116 2786 1168 sutttn,
2830 1117 2937 1173 quo
2980 1102 3163 1157 anima
3217 1100 3556 1159 vulneratur.
3609 1104 3751 1162 Felix

2163 1192 2255 1263 qui
2303 1192 2410 1248 hoc
2451 1194 2634 1264 gladio
2680 1195 2947 1251 meruerit
2991 1195 3290 1252 vulnerari.
3324 1196 3454 1253 Haec
3493 1207 3617 1254 sunt
3645 1201 3751 1256 vul-

2166 1300 2298 1341 nera
2343 1302 2462 1357 quze
2520 1289 2722 1344 osculis
2787 1289 3155 1360 praeferuntur
3207 1309 3221 1345 :
3283 1291 3507 1347 Utiliora
3554 1295 3750 1350 vulnera

2165 1380 2340 1444 amici,
2364 1397 2519 1452 quam
2534 1382 2827 1437 voluntaria
2854 1385 3030 1439 oscula
3049 1385 3248 1440 inimici
3271 1385 3456 1459 (Prov.
3486 1403 3654 1457 xxv",
3677 1389 3746 1460 6).

2237 1471 2327 1528 40.
2372 1473 2465 1528 His
2513 1490 2616 1529 nos
2660 1474 2975 1532 vulneribus
3021 1476 3349 1546 oﬁ'eramus,
3396 1479 3596 1550 quibus
3640 1480 3750 1552 qui-

2165 1581 2397 1636 cumque
2427 1578 2673 1622 mortuus
2701 1567 2896 1636 fuerit,
2926 1580 3156 1625 mortem
3199 1581 3420 1642 gustare
3468 1588 3575 1628 non
3613 1580 3752 1644 pote-

2166 1659 2254 1713 rit.
2301 1658 2450 1713 Talis
2495 1659 2639 1715 enim
2666 1675 2856 1735 eorum
2900 1676 3047 1717 mors
3071 1703 3085 1727 ,
3115 1663 3206 1732 qui
3237 1663 3528 1718 Dominum
3569 1679 3752 1734 seque-

2166 1748 2384 1816 bantur,
2410 1748 2438 1787 ι)
2469 1749 2540 1806 de
2568 1751 2763 1821 quibus
2792 1751 2994 1806 dictum
3027 1760 3113 1808 est
3146 1770 3159 1806 :
3191 1752 3329 1809 Sunt
3356 1754 3518 1826 aliqui
3546 1754 3610 1810 de
3648 1756 3751 1810 istis

457 1845 700 1900 dicitur:
735 1843 858 1898 Non
887 1842 1202 1914 permanebit
1229 1843 1444 1912 spiritus
1475 1858 1614 1895 meus
1643 1841 1697 1894 in
1722 1841 1802 1894 his
1835 1839 2060 1894 homini-
2093 1845 2142 1905 B
2169 1841 2454 1896 astantibus
2499 1843 2587 1913 qui
2633 1859 2737 1898 non
2765 1844 3046 1917 gustabunt
3093 1855 3338 1913 mortem,
3371 1847 3536 1902 donec
3560 1847 3755 1903 videant

458 1941 578 2005 bus;
600 1939 846 2010 quoniam
874 1953 1055 1992 carnes
1081 1944 1200 1989 sunt
1243 1934 1397 2008 (Gen.
1422 1951 1475 1989 γι
1499 1975 1512 1999 ,
1537 1935 1618 2000 5).
1649 1932 1764 1988 Nisi
1793 1931 1955 2004 igitur
1981 1930 2064 1986 af-

463 2034 697 2104 ligantur
735 2029 887 2086 cruci
947 2029 1034 2085 ha:
1074 2043 1305 2095 carnes,
1353 2037 1409 2082 et
1459 2027 1672 2100 1169
1719 2027 2064 2096 conﬁgantur

456 2125 625 2181 clavis
661 2140 689 2176 a
733 2122 926 2177 timore
959 2121 1055 2176 Dei
1096 2119 1298 2186 nostri,
1345 2132 1455 2174 non
1497 2117 1838 2188 permanebit
1882 2118 1935 2172 in
1978 2116 2060 2173 his

460 2219 684 2289 spiritus
718 2217 832 2272 Dei.

525 2313 616 2368 58.
659 2310 812 2367 Sicut
839 2307 1162 2365 suntaculei
1216 2306 1458 2369 timoris,
1493 2307 1695 2378 quibus
1736 2307 2058 2377 compungi-

458 2422 578 2463 mur
608 2423 622 2461 :
657 2408 729 2461 ita
755 2412 882 2459 sunt
908 2403 1048 2460 clavi
1082 2401 1315 2465 timoris,
1346 2401 1541 2472 quibus
1572 2400 1915 2472 conﬁgimur.
1957 2397 2062 2466 Qui

456 2498 868 2569 compungitur,
901 2496 1214 2552 excitatur:
1256 2493 1348 2565 qui
1396 2494 1721 2564 conﬁgitur,
1773 2492 2062 2548 mortiﬁca-

451 2604 571 2663 tur;
606 2603 664 2649 ut
695 2600 918 2663 peccato
945 2591 1197 2657 deﬁciat,
1227 2589 1336 2645 Deo
1369 2589 1534 2642 vivat.
1563 2587 1635 2644 Ut
1679 2587 1920 2643 sciamus
1963 2601 2061 2641 au-

454 2698 566 2745 tem
614 2687 800 2742 clavos
824 2684 1096 2755 spiritales
1141 2696 1298 2749 esse,
1331 2681 1496 2736 etiam
1539 2679 1744 2734 stimuli
1787 2678 2060 2750 Spir-italos

453 2789 601 2840 sunt.
630 2779 700 2834 de
726 2779 920 2846 quibus
947 2775 1208 2846 scriptum
1240 2785 1322 2828 est
1360 2791 1372 2826 :
1408 2772 1610 2826 Durum
1641 2771 1733 2825 tibi
1763 2780 1841 2825 est
1874 2770 2058 2825 adver-

454 2887 544 2926 sus
572 2869 837 2924 stimulum
867 2867 1137 2922 calcitrare
1163 2865 1302 2938 (Act.
1327 2881 1403 2930 ιιι,
1435 2864 1516 2935 5).
1546 2863 1660 2919 lloc
1680 2863 1900 2919 stimulo
1924 2862 2064 2918 Pau-

459 2963 543 3016 lus
570 2960 882 3016 stimulatus
910 2958 1147 3013 surrexit
1176 2973 1209 3012 e
1236 2967 1402 3021 terra,
1429 2964 1486 3012 et
1507 2971 1565 3012 se
1587 2955 1821 3022 levavit,
1847 2963 1906 3010 ut
1930 2969 2063 3010 con-

454 3062 768 3108 versaretur
817 3052 869 3105 in
915 3049 1076 3105 coelo.
1122 3046 1380 3103 Conﬁsus
1425 3056 1511 3102 est
1557 3047 1731 3102 clavis
1778 3045 2060 3116 apostolus

455 3149 722 3211 Thomas,
775 3153 837 3198 ut
883 3142 1133 3197 diceret:
1171 3139 1292 3194 Nisi
1338 3138 1515 3193 videro
1565 3138 1619 3191 in
1666 3137 1898 3191 manibus
1946 3136 2059 3207 ejus

459 3242 656 3309 ﬁxurus
702 3238 964 3292 clavorum
987 3276 1002 3300 ,
1032 3241 1082 3287 et
1111 3232 1314 3286 mittant
1342 3231 1560 3302 digitum
1588 3245 1757 3283 meum
1805 3229 1858 3282 in
1889 3227 2059 3282 locum
2084 3227 2132 3291 Ο

453 3332 719 3386 clavorum
761 3326 950 3401 (Joan.
984 3342 1082 3392 xx,
1111 3322 1230 3396 25).
1259 3321 1409 3378 Clavi
1460 3330 1620 3377 erant
1654 3320 1811 3376 bona:
1850 3317 2058 3388 cupidi-

459 3426 623 3480 tatis:
655 3423 792 3478 clavi
832 3429 992 3477 erant
1035 3418 1138 3475 etsi
1192 3432 1300 3473 non
1370 3414 1631 3486 perfectae
1676 3414 1835 3480 ﬁdei,
1877 3421 2057 3469 tamen

459 3516 586 3572 ﬁdei
611 3517 946 3571 incrementa
971 3510 1290 3582 quaerentis.

530 3609 621 3664 59.
667 3607 761 3662 llis
799 3603 1086 3675 conﬁgitur
1128 3601 1334 3668 clavis,
1365 3601 1458 3673 qui
1501 3598 1721 3656 Christo
1766 3598 2062 3656 commori-

465 3712 582 3768 tur,
615 3709 675 3757 ut
700 3715 824 3755 cum
848 3699 1063 3754 Christo
1117 3704 1383 3767 resurgat.
1413 3694 1508 3750 His
1539 3693 1832 3764 conﬁgitur
1860 3692 2054 3765 clavis,

457 3796 552 3867 qui
600 3794 1078 3850 mortiﬁcationem
1139 3789 1353 3845 Domini
1397 3788 1527 3846 Jesu
1574 3789 1627 3843 in
1673 3801 1905 3858 corpore
1959 3801 2060 3842 suo

459 3897 658 3960 portat.
692 3886 787 3943 llis
830 3884 1004 3941 clavis
1049 3882 1372 3953 conﬁgitur,
1407 3883 1499 3952 qui
1547 3889 1786 3937 meretur
1831 3878 2057 3947 audire,

459 3983 675 4038 dicente
689 3979 817 4036 Jesu
843 3995 856 4032 :
891 3978 1036 4032 Pone
1065 3993 1145 4030 me
1170 3986 1226 4030 ut
1252 3975 1581 4048 signaculum
1607 3975 1662 4028 in
1692 3989 1780 4028 cor
1805 3983 1973 4040 tuum,
2005 3981 2062 4026 ut

459 4074 692 4141 sigillum
739 4072 790 4124 in
839 4069 1104 4124 brachium
1153 4078 1335 4134 tuum;
1360 4070 1484 4137 quia
1515 4067 1685 4122 valida
1713 4076 1786 4121 est
1829 4077 1884 4120 ut
1924 4082 2061 4120 mors

461 4164 691 4218 charitas
712 4203 726 4228 ,
760 4163 922 4215 durus
951 4161 1083 4214 sicut
1127 4160 1281 4230 inferi
1323 4158 1464 4212 zelus
1511 4158 1692 4229 (Cant.
1725 4174 1840 4226 vltt,
1868 4157 1946 4231 6).
1978 4157 2063 4213 ln-

464 4256 568 4327 ﬁge
611 4268 741 4325 ergo
789 4252 992 4323 pectori
1045 4260 1136 4306 tuo
1181 4259 1236 4306 et
1276 4251 1427 4306 cordi
1454 4259 1547 4304 tuo
1593 4252 1694 4305 hoc
1723 4252 2060 4321 signaculum

460 4345 727 4412 cruciﬁxi,
756 4345 921 4416 inﬁge
947 4353 1002 4399 et
1028 4341 1252 4398 brachio
1284 4350 1411 4397 tuo:
1443 4350 1503 4396 ut
1526 4356 1690 4410 opera
1717 4349 1805 4396 tua
1839 4351 2062 4411 peccato

465 4452 676 4499 mortua
721 4440 848 4495 sint.
879 4438 1020 4494 Nihil
1059 4437 1111 4493 in
1155 4435 1240 4491 his
1283 4434 1532 4491 criminis
1558 4435 1887 4500 reviviscat,
1927 4434 2061 4491 nihil

459 4512 668 4592 erroris
693 4541 961 4604 resurgat.
992 4530 1245 4586 Fortasse
1276 4529 1418 4584 hanc
1445 4527 1738 4601 imaginem
1781 4528 1922 4584 clavi
1953 4543 2058 4583 non

2166 1931 2364 1988 Filium
2394 1934 2619 1990 hominis
2666 1937 2947 1991 venientem
2972 1937 3026 1992 in
3054 1953 3214 2011 regno
3243 1956 3337 1993 suo
3379 1938 3602 2009 (Matth.
3633 1957 3750 2009 xw,

2163 2023 2278 2097 28).
2313 2027 2510 2082 Merito
2541 2027 2737 2083 Petrus
2785 2043 2894 2082 non
2941 2029 3166 2084 timebat
3192 2029 3332 2086 hanc
3363 2040 3628 2098 mortem;
3656 2049 3752 2089 non

2168 2117 2392 2174 timebat
2443 2119 2588 2175 enim
2617 2119 2709 2191 qui
2749 2119 2994 2186 dicebat,
3029 2121 3152 2192 quia
3183 2122 3286 2177 etsi
3329 2133 3613 2192 oporteret
3639 2141 3754 2182 eum

2164 2227 2263 2284 pro
2289 2211 2508 2267 Christo
2540 2213 2712 2281 mori,
2743 2229 2850 2270 non
2883 2230 3006 2269 eum
3039 2215 3374 2285 relinqueret
3416 2227 3512 2273 aut
3543 2226 3758 2292 negaret

2165 2304 2380 2377 (Matth.
2413 2323 2566 2374 χχιι,
2596 2307 2712 2375 55).
2745 2307 3021 2364 Tollantus
3066 2325 3196 2380 ergo
3245 2325 3461 2366 crucem
3507 2311 3717 2368 Domini
3740 2355 3752 2376 ,

2163 2415 2283 2468 quae
2329 2400 2567 2471 conﬁgat
2615 2415 2807 2455 carnes
2855 2411 3111 2469 nostras,
3163 2412 3440 2470 peccatum
3492 2403 3751 2461 destruat.

2164 2490 2258 2546 Est
2292 2490 2454 2546 timor
2483 2491 2574 2562 qui
2605 2491 2832 2563 conligit
2871 2506 3068 2548 carnes
3096 2510 3109 2545 :
3141 2491 3264 2548 Nisi
3294 2497 3408 2564 quis
3437 2495 3617 2551 tulerit
3645 2513 3758 2551 cru-

2164 2599 2272 2637 cem
2319 2599 2496 2649 suam,
2531 2594 2579 2638 et
2622 2595 2831 2640 secutus
2861 2601 2942 2639 me
2984 2585 3176 2657 fuerit,
3210 2603 3312 2642 non
3354 2597 3430 2642 est
3470 2604 3554 2642 me
3582 2589 3757 2661 dignus

2164 2674 2380 2746 (Matth.
2412 2693 2474 2744 χ,
2504 2675 2619 2750 58).
2652 2675 2752 2734 Ille
2780 2678 2924 2732 enim
2969 2677 3165 2748 dignus
3211 2679 3302 2749 qui
3349 2678 3513 2736 habet
3557 2680 3756 2738 Christi

2166 2767 2448 2835 timorctn;
2497 2779 2554 2825 ut
2599 2769 2880 2842 cruciﬁgat
2935 2770 3147 2843 1170
3191 2772 3412 2828 carnale
3456 2785 3756 2844 peccatum.

2164 2861 2318 2918 Hunc
2374 2863 2621 2920 timorem
2664 2865 2910 2936 sequitur
2956 2863 3230 2927 charitas.
3275 2881 3394 2936 qua:
3446 2867 3760 2940 consepulta

2162 2967 2284 3008 cum
2345 2952 2566 3009 Christo
2615 2970 2724 3010 non
2778 2954 3067 3010 divellatur
3109 2971 3138 3009 a
3195 2954 3449 3024 Christo.
3503 2964 3762 3016 moriatur

2165 3046 2217 3102 in
2280 3045 2530 3116 Christo,
2597 3050 2950 3107 attumuletur
3011 3049 3265 3120 Christo,
3335 3063 3589 3128 resurgat
3644 3070 3760 3112 cum

2162 3138 2400 3196 Christo.

2513 3278 2742 3337 SERMO
2781 3279 3083 3341 DECIMUS
3129 3283 3419 3344 SEXTUS.

2852 3400 2912 3456 ιι.
2954 3398 3076 3452 Ain.

2237 3506 2287 3561 Ι.
2331 3505 2524 3575 Incipit
2570 3507 2748 3564 littera
2794 3507 3005 3564 decima
3038 3517 3191 3564 sexta
3231 3509 3363 3576 Ain,
3398 3510 3556 3581 cujus
3599 3511 3766 3568 inter—

2163 3600 2396 3671 pretatio
2425 3609 2509 3656 est
2527 3643 2541 3667 ,
2579 3601 2775 3656 Oculus
2797 3644 2814 3670 ,
2841 3603 2956 3659 sive
3006 3607 3146 3674 fons.
3173 3615 3195 3642 ο
3237 3602 3442 3660 Oculus
3488 3605 3664 3662 utitur
3692 3605 3770 3661 vi-

2162 3693 2323 3750 dendi
2354 3711 2581 3752 munere
2612 3714 2626 3752 :
2657 3695 2750 3752 sed
2787 3711 2932 3765 sape
2975 3696 3227 3753 videmus
3253 3713 3318 3754 ea
3362 3713 3484 3770 qua:
3522 3699 3766 3770 compla-

2161 3795 2326 3853 cent,
2358 3797 2412 3844 et
2443 3803 2590 3859 saepe
2631 3805 2753 3860 quas
2797 3788 3087 3861 displicent
3114 3809 3130 3850 :
3162 3806 3262 3847 nec
3308 3791 3361 3847 in
3412 3808 3480 3848 eo
3511 3794 3658 3848 oculi
3690 3801 3772 3850 est

2163 3879 2250 3934 vel
2281 3881 2434 3952 culpa
2465 3882 2547 3936 vel
2582 3881 2824 3952 probitas
2851 3897 2948 3952 pro
2969 3898 3157 3938 eorum
3182 3883 3446 3954 qualitate
3465 3901 3592 3956 qua:
3619 3885 3772 3942 vide-

2163 3972 2268 4039 rit;
2302 3974 2442 4030 oculi
2487 3983 2572 4029 est
2601 3974 2745 4030 enim
2771 3973 3010 4031 ofﬁcium
3053 3976 3304 4032 nuntiare
3353 3977 3502 4047 quod
3544 3976 3768 4036 viderit.

2165 4065 2262 4121 Est
2290 4081 2421 4122 sane
2451 4066 2533 4122 vel
2561 4065 2767 4123 offensa
2797 4067 2879 4123 vel
2906 4067 3103 4138 gratia,
3133 4066 3181 4124 si
3202 4076 3295 4122 aut
3317 4067 3625 4124 delectetur
3647 4084 3774 4125 sua-

2162 4158 2321 4214 vibus
2344 4201 2361 4227 ,
2389 4168 2486 4214 aut
2509 4159 2813 4215 olfendatur
2839 4160 3105 4216 adversis.
3143 4159 3268 4217 Ideo
3295 4162 3614 4232 frequenter
3637 4178 3771 4219 ocu-

2165 4249 2250 4305 lus
2278 4251 2668 4321 suppliciorum
2711 4251 2907 4309 dicitur
2926 4294 2942 4322 ,
2971 4253 3163 4310 oculus
3191 4254 3504 4310 tentationis
3526 4296 3544 4320 ,
3571 4257 3769 4312 oculus

2133 4376 2136 4380 -
2167 4341 2310 4400 haedi
2331 4385 2346 4410 ,
2379 4344 2569 4402 oculus
2593 4345 2776 4402 vitula
2796 4386 2811 4413 ,
2848 4346 3035 4402 oculus
3063 4346 3462 4417 generationis,
3497 4355 3593 4404 aut
3648 4348 3770 4406 fons

2165 4435 2551 4504 generationis.

2236 4527 2292 4584 2.
2334 4528 2589 4600 Legimus
2611 4531 2663 4586 in
2691 4531 2986 4602 Evangelio
3018 4532 3142 4602 quia
3182 4533 3489 4602 baptizabat
3527 4532 3777 4592 Joannes

461 4631 639 4687 solum
687 4627 930 4691 timoris,
965 4624 1061 4680 sed
1101 4625 1262 4680 etiam
1313 4621 1601 4679 charitatis
1645 4622 1906 4692 afﬁgunt;
1938 4621 2063 4692 quia
2089 4613 2145 4675 D
2169 4616 2224 4674 in
2255 4619 2446 4675 Ennon
2495 4619 2673 4692 (Joan.
2708 4638 2788 4689 tu,
2811 4622 2930 4693 25).
2984 4623 3174 4679 Ennon
3205 4625 3423 4680 oculum
3463 4625 3771 4696 supplicio-

465 4720 639 4776 valida
672 4729 756 4775 est
781 4727 837 4772 ut
867 4731 1014 4771 mors
1042 4715 1310 4780 charitas,
1341 4713 1512 4768 durus
1535 4713 1675 4768 sicut
1704 4712 1861 4768 inferi
1890 4713 2061 4768 zelus.

465 4815 583 4872 Non
616 4823 668 4869 te
700 4827 832 4882 ergo
860 4809 1098 4866 offendat
1125 4807 1329 4864 duritia
1357 4807 1665 4872 clavarum,
1697 4806 1824 4878 quia
1855 4815 1939 4862 est
1967 4805 2068 4860 du-

464 4910 585 4966 ritia
630 4904 916 4964 charitatis
946 4922 958 4957 :
991 4918 1090 4958 nec
1127 4901 1340 4957 validus
1377 4901 1656 4957 clavorum
1702 4900 1887 4971 rigor,
1937 4900 2064 4971 quia

462 5000 639 5057 valida
665 5007 751 5054 est
777 4995 940 5052 etiam
968 4994 1205 5050 charitas
1240 4992 1382 5048 sicut
1419 5007 1587 5048 mors.
1622 4991 1873 5048 Charitas
1914 4992 2060 5046 enim

461 5095 674 5163 culpam
705 5101 760 5146 et
785 5089 965 5144 omnia
1014 5097 1232 5155 peccata
1280 5085 1616 5140 mortiﬁcat:
1657 5084 1897 5139 charitas
1920 5085 2064 5141 sicut

464 5185 660 5244 mortis
689 5184 832 5238 ictus
856 5179 1138 5236 interimit.
1177 5177 1418 5248 Denique
1443 5177 1708 5231 morimur
1736 5175 1954 5247 ﬂagitiis
1980 5184 2063 5231 at-

460 5295 566 5350 que
595 5283 814 5348 peccato
835 5315 849 5339 ,
880 5271 1010 5327 dum
1060 5268 1274 5325 Domini
1304 5267 1556 5324 mandata
1597 5267 1894 5339 diligimus.
1920 5267 2064 5324 Cha-

457 5373 593 5426 ritas
618 5378 702 5423 est
731 5367 905 5432 Deus,
949 5363 1189 5420 charitas
1218 5361 1315 5418 Dei
1360 5361 1588 5418 verbum
1635 5370 1757 5430 est,
1794 5361 1938 5432 quod
1978 5372 2063 5418 est

531 5542 556 5570 ιι
583 5531 721 5586 Octo
747 5543 905 5592 mss..
936 5523 1245 5596 serpentinis
1280 5540 1334 5578 se
1369 5523 1551 5594 fundat
1584 5523 1865 5579 radicibus.
1899 5522 2051 5578 Toti-

461 5605 586 5660 dem
615 5601 747 5665 alii,
778 5608 828 5654 et
857 5595 1068 5652 cuncta:
1097 5595 1229 5651 edit.
1257 5596 1412 5651 llOblS
1437 5604 1764 5665 congruunt.

533 5673 560 5711 ι)
585 5663 776 5727 Petrus
819 5668 1058 5734 scilicet,
1083 5665 1318 5723 lacubus
1345 5675 1403 5721 et
1440 5663 1710 5732 Joannes,
1737 5665 1830 5734 qui
1853 5663 2053 5720 Christi

456 5739 939 5812 Transtigurationi
987 5737 1326 5804 interfuere,
1377 5743 1437 5792 ut
1495 5737 1706 5807 plenius
1751 5734 2055 5806 explicatur

2169 4727 2286 4768 rum
2312 4711 2653 4784 interpretati
2681 4721 2826 4769 sunt.
2861 4713 3047 4785 Itaque
3089 4731 3248 4772 nemo
3287 4716 3437 4772 venit
3461 4715 3529 4771 ad
3559 4716 3778 4788 baptis-

2168 4822 2339 4873 mum,
2364 4807 2466 4864 nisi
2495 4807 2586 4878 qui
2616 4807 2888 4863 desiderat
2913 4809 3015 4864 sibi
3036 4810 3252 4880 propria
3282 4818 3502 4880 peccata
3530 4809 3742 4866 dimitti
3759 4850 3777 4877 ,

2166 4914 2396 4970 quorum
2443 4901 2709 4973 supplicia
2738 4901 2902 4958 corde
2956 4902 3182 4972 provido
3221 4901 3628 4973 perhorrescat.
3665 4903 3778 4960 Ita-

2165 5008 2272 5063 que
2297 4993 2423 5049 licet
2470 4993 2660 5050 oculus
2706 4993 3096 5064 suppliciorum
3123 4995 3368 5060 dicatur,
3412 4996 3781 5066 prtevidentis

2165 5096 2250 5142 est
2288 5095 2466 5144 tamen
2506 5087 2800 5158 supplicia,
2847 5102 2956 5142 non
2995 5087 3361 5144 sustinentis:
3392 5087 3522 5143 licet
3557 5087 3783 5160 baptis-

2166 5195 2314 5234 mum
2356 5179 2690 5249 pteuitentize
2738 5179 2935 5236 habeat
2974 5180 3211 5252 aliquam
3269 5179 3338 5237 de
3372 5180 3780 5252 suppliciorum

2165 5272 2513 5342 susceptione
2536 5272 2898 5328 tolerantiam.
2931 5271 3084 5328 Oculi
3112 5282 3199 5330 est
3222 5283 3282 5329 ut
3305 5273 3552 5330 intuendi
3580 5276 3782 5334 ofﬁcio

2166 5365 2422 5438 fungatur
2447 5385 2460 5422 :
2491 5376 2640 5423 tuum
2671 5375 2756 5424 est
2783 5382 2982 5424 cavere
3007 5367 3152 5440 quod
3180 5368 3404 5426 videris.

2161 5525 2302 5582 infra
2330 5527 2383 5583 in
2412 5529 2544 5584 Luc.
2574 5545 2649 5595 ιιι,
2673 5529 2792 5592 27..

2235 5609 2257 5671 s
2290 5601 2378 5671 Sic
2403 5615 2594 5656 omnes
2615 5616 2748 5657 mss.
2777 5599 2976 5659 Contra
3028 5617 3157 5660 vero
3187 5602 3344 5671 edit.,
3373 5603 3542 5660 Oculo
3567 5607 3782 5664 utimur

2156 5667 2366 5724 videndi
2392 5687 2620 5726 munere.
3331 5667 3339 5671 ⁷
3490 5679 3501 5684 ”
3526 5681 3573 5695 "'
