3948 6342
208 361 332 418 1425

1285 361 1354 416 ΙΝ
1393 361 1727 419 PSALMUM
1765 363 1980 421 CXVIII
2021 364 2403 423 EXPOSITIO.

3343 370 3483 427 1426

264 477 314 531 5.
355 475 588 546 Denique
616 484 673 531 et
697 475 884 530 oculos
915 475 1230 531 teutationis
1267 475 1497 543 dicitur;
1525 476 1651 548 quia
1681 492 1778 549 per
1804 492 1856 555 Α
1881 478 2140 534 auxilium
2172 494 2418 552 quaerere
2465 482 2716 538 maritale
2761 483 3040 554 compulsa
3085 493 3204 550 est;
3232 481 3364 540 dicit
3392 484 3488 540 libi

203 566 397 623 oculum
444 583 588 636 saepe
631 575 918 622 tentamur.
954 565 1158 622 Oculus
1203 568 1506 624 meretricis
1553 567 1778 640 laqueus

199 657 460 714 amatoris.
495 657 600 714 Sed
649 659 837 715 oculus
866 658 998 714 nihil
1048 658 1350 730 delinquit;
1384 659 1618 732 ideoque
1657 660 1780 718 Sal-

202 751 390 806 valoris
431 749 699 806 sententia
745 750 902 820 plena
943 750 1168 820 justitiae
1204 761 1320 817 est,
1364 752 1639 808 dicentis:
1676 753 1778 820 Qui

201 840 369 895 viderit
395 840 662 896 mulierem
689 841 758 894 ad
785 842 1254 912 concupiscendum
1287 859 1422 907 eam,
1434 844 1552 913 jam
1577 844 1780 899 adulte-

198 935 313 988 ravit
357 950 467 988 eam
512 935 566 988 in
612 934 768 990 corde
810 951 904 989 suo
945 934 1158 1005 (Matth.
1193 953 1246 1004 v,
1272 936 1390 1008 28).
1421 936 1539 992 Non
1591 937 1774 994 dixit:

196 1026 285 1094 Qui
315 1026 507 1082 viderit
529 1027 834 1094 mulierem,
861 1027 955 1083 sed
980 1029 1050 1083 ad
1071 1029 1536 1097 concupiscendum
1559 1030 1775 1086 viderit.

197 1118 405 1172 Oculum
428 1119 687 1188 absolvit,
713 1129 952 1176 mentem
980 1120 1185 1191 ligavit.
1211 1119 1321 1176 Nec
1343 1121 1480 1176 dixit
1506 1139 1517 1173 :
1550 1121 1778 1178 Adulte-

194 1211 319 1266 ravit
339 1225 456 1266 eam
483 1211 538 1267 in
562 1211 742 1280 oculo,
769 1211 866 1269 sed
896 1213 950 1269 in
981 1214 1156 1269 corde.
1190 1213 1250 1268 In
1280 1214 1440 1270 oculo
1469 1215 1617 1271 visus
1660 1226 1775 1283 est,

137 1289 139 1291 ’
197 1301 243 1356 in
269 1303 426 1359 corde
450 1313 756 1373 peccatum.

252 1395 301 1451 4.
336 1395 536 1452 Oculus
589 1396 735 1454 haedi
777 1399 868 1470 qui
916 1397 986 1454 ad
1033 1397 1311 1454 sinistram
1361 1407 1477 1465 est;
1523 1399 1668 1472 quod
1713 1415 1777 1457 ea

191 1503 297 1558 qua:
332 1489 522 1546 dextra
549 1501 714 1560 sunt,
745 1503 1001 1563 peccator
1029 1491 1216 1549 videre
1261 1509 1367 1548 non
1399 1498 1592 1564 possit.
1638 1494 1779 1550 San-

191 1589 293 1637 ctus
319 1591 498 1638 autem
527 1581 662 1638 dicit
687 1603 702 1638 :
736 1581 1081 1639 Prouidebam
1117 1583 1400 1638 Dominum
1424 1587 1479 1638 in
1505 1596 1776 1657 conspectu

191 1689 286 1729 meo
311 1691 548 1746 semper;
579 1678 826 1747 quoniam
865 1695 898 1731 ο
926 1677 1122 1733 dextris
1167 1687 1241 1732 est
1268 1678 1396 1732 mihi
1417 1721 1433 1746 ,
1466 1695 1531 1733 ne
1552 1696 1779 1735 commo-

191 1784 294 1823 veor
323 1769 497 1842 (Psal.
535 1787 639 1836 xv,
671 1771 752 1845 8).
784 1773 850 1827 Et
878 1771 1044 1829 Petro
1091 1782 1282 1828 sancto
1331 1775 1581 1842 apostolo
1605 1818 1619 1838 ,
1651 1789 1775 1830 cum

1884 573 2144 630 Dominus
2191 593 2204 628 :
2265 574 2464 644 Venite,
2509 578 2830 646 disputemus
2879 578 3078 650 (Esaia:
3106 597 3146 647 ι,
3182 581 3294 651 18).
3344 579 3483 648 Quia

1875 666 2128 738 iudicasti
2159 667 2378 726 viduam
2399 711 2414 736 ,
2446 671 2638 726 oculus
2667 682 2789 727 tuus
2819 673 2939 728 fons
2966 674 3154 744 gratiae
3181 673 3277 727 tibi
3311 672 3486 728 factus

1878 771 1983 816 est.
2009 761 2204 818 Vidisti
2233 764 2434 819 nudum
2464 779 2663 835 corpus
2694 765 2872 837 inopis
2894 765 3081 836 jacere
3101 765 3487 830 defuncti,non

1878 857 2200 926 praeteristi,
2235 867 2292 912 ut
2322 859 2412 913 ille
2458 860 2550 930 qui
2583 861 2870 929 exponitur
2918 861 2970 916 in
2999 861 3295 932 Evangelia
3322 859 3485 932 (Luc.

1879 966 1940 1015 κ,
1967 951 2031 1006 51
2063 962 2108 1006 et
2137 951 2206 1005 52
2231 954 2272 1022 ).
2304 953 2562 1008 sacerdos
2611 962 2775 1024 atque
2831 954 2992 1008 levita
3025 972 3037 1007 :
3079 954 3174 1010 sed
3218 954 3480 1009 continuo

1879 1039 2196 1107 miseratus,
2246 1042 2541 1112 sepulturae
2577 1043 2786 1099 solatiis
2826 1044 3094 1100 tradidisti
3139 1062 3152 1098 :
3201 1044 3481 1116 generavit

1879 1131 1978 1187 tibi
2007 1133 2202 1194 oculus
2229 1135 2513 1190 materiam
2541 1135 2955 1206 redemptionis.

1951 1227 2004 1282 7.
2045 1225 2246 1283 Contra
2294 1228 2338 1282 si
2383 1227 2653 1298 aspiciens
2682 1244 2868 1300 agrum
2914 1229 3102 1300 pupilli
3133 1231 3308 1285 vineis
3356 1244 3489 1285 cou-

1878 1319 2080 1387 situm,
2113 1320 2293 1374 laetum
2336 1321 2612 1391 segetibus
2635 1363 2650 1388 ,
2694 1321 3008 1378 nemoribus
3059 1323 3364 1388 umbrosis,
3395 1333 3491 1377 aut

1879 1413 2058 1471 ﬂuviis
2105 1415 2554 1484 decurrentibus,
2596 1426 2691 1472 aut
2738 1417 2976 1472 fontibus
3021 1415 3487 1482 scaturientibus,

1879 1519 1972 1563 aut
1997 1510 2237 1580 riparum
2285 1509 2541 1566 herbosis
2580 1524 2859 1566 amoenum
2894 1510 3099 1574 thoris,
3143 1520 3199 1566 et
3247 1510 3492 1565 avaritiae

1879 1603 2087 1662 facibus
2114 1618 2378 1659 accensus
2440 1604 2762 1658 transtulisti
2813 1612 3024 1675 patrum
3055 1602 3289 1670 limites,
3330 1612 3494 1672 atque.

1880 1696 1934 1751 in
1966 1698 2367 1768 possessionem
2393 1696 2728 1752 indefensam
2760 1695 3041 1766 improbus
3071 1693 3278 1750 irruisti
3311 1713 3325 1749 :
3359 1709 3492 1749 ocu-

1882 1791 1967 1846 lus
1996 1799 2119 1845 tuus
2153 1789 2248 1845 tibi
2293 1790 2486 1845 mortis
2512 1798 2791 1860 perpetuae
2832 1789 3024 1843 acerba
3056 1787 3358 1859 generavit.
3394 1785 3488 1841 Vi—

192 1871 289 1916 tota
316 1874 472 1920 nocte
495 1864 634 1919 nihil
664 1865 935 1935 cepisset,
963 1877 1021 1920 ut
1047 1865 1281 1937 legimus
1313 1867 1366 1922 in
1396 1867 1714 1937 Evangelia,
1744 1883 1774 1924 a

1888 1887 2018 1942 cinae
2067 1883 2242 1939 viduae
2289 1885 2411 1954 jura
2460 1883 2738 1938 temerasti
2776 1903 2788 1936 :
2821 1882 3045 1953 coegisti
3092 1897 3212 1937 eam
3244 1897 3367 1952 quae
3393 1893 3491 1939 aut

187 1954 448 2012 Salvatore
517 1957 730 2013 dictum
792 1968 876 2015 est
907 1977 920 2013 :
955 1959 1106 2015 Mitte
1155 1961 1210 2015 in
1266 1961 1531 2018 dexteram
1577 1973 1778 2032 portent

187 2049 355 2123 navigii
380 2052 513 2106 retia
559 2049 746 2124 (Joan.
782 2069 904 2120 XXI,
933 2053 1014 2124 6).
1042 2054 1227 2126 Itaque
1278 2055 1449 2113 fretus
1493 2057 1777 2129 imperatis

185 2143 502 2211 caelestibus,
525 2146 680 2202 misit
705 2147 858 2213 retia,
887 2157 943 2203 et
968 2147 1263 2218 plurimum
1293 2150 1525 2220 piscium
1549 2167 1778 2222 congre-

185 2235 336 2304 gavit.
368 2236 425 2292 ln
451 2239 682 2295 sinistra
715 2255 819 2296 nos
848 2249 968 2296 erat
998 2258 1011 2294 :
1042 2242 1096 2296 in
1121 2240 1345 2299 dextera
1370 2242 1538 2299 divini
1561 2258 1776 2301 sermo-

181 2328 258 2384 nis
278 2338 300 2366 λ
326 2328 602 2386 claritudo
625 2331 865 2404 fulgebat
891 2332 1108 2389 diurna.

243 2423 293 2476 5.
330 2421 425 2479 Est
452 2434 517 2479 et.
540 2425 734 2481 oculus
773 2425 958 2481 vitula:
984 2443 996 2479 :
1025 2427 1170 2497 quod
1221 2443 1376 2499 aeque
1405 2429 1472 2484 ad
1514 2440 1774 2502 peccato-

179 2507 262 2574 res
302 2517 578 2586 refertur;
610 2521 736 2590 quia
785 2521 926 2577 sicut
961 2520 1075 2593 jugi
1107 2521 1225 2578 loro
1271 2524 1456 2580 vitulae
1495 2525 1777 2582 attrahunt

181 2608 526 2681 iniquitates,
579 2628 686 2669 non
736 2613 1112 2683 dirumpentes
1174 2630 1348 2687 neque
1395 2616 1776 2674 abscindentes

182 2706 438 2775 proprium
466 2747 481 2772 ,
518 2705 617 2762 sed
650 2706 812 2777 longo
859 2706 1138 2762 trahentes
1185 2707 1312 2763 fune
1356 2719 1659 2779 peccatum.
1689 2708 1777 2764 ln-

180 2795 367 2856 domita
404 2801 562 2856 euim
607 2800 773 2856 vitula
801 2815 929 2856 sero
957 2802 1316 2868 mansuescit,
1352 2812 1407 2858 et
1435 2801 1602 2858 trahit
1627 2804 1773 2872 lora,

182 2905 276 2947 non
298 2895 567 2966 suscipit;
589 2894 713 2965 quia
743 2894 1031 2966 impatiens
1053 2905 1138 2951 est
1167 2896 1382 2952 tenendi
1410 2915 1422 2950 :
1454 2906 1639 2968 etquo
1659 2897 1779 2952 diu-

182 2988 275 3040 tius
304 2987 570 3053 traxerit,
598 3001 665 3042 eo
684 2985 918 3056 amplius
940 2987 1259 3055 impeditur.

247 3075 295 3130 6.
331 3079 541 3134 Oculus
584 3091 802 3148 quoque
827 3078 1229 3150 generationis,
1260 3087 1355 3134 aut
1381 3079 1502 3135 fons
1547 3093 1777 3150 genera-

184 3167 335 3224 tionis
393 3171 634 3236 dicitur;
697 3170 822 3241 quia
882 3185 950 3226 ex
994 3171 1274 3226 oculorum
1341 3180 1636 3242 conspectu
1683 3181 1779 3228 aut

1880 1977 2128 2032 dolorem
2156 1991 2346 2040 suum,
2375 1985 2467 2030 aut
2513 1975 2774 2046 pudorem
2823 1974 3047 2029 secretis
3086 1974 3269 2028 clausa
3304 1971 3486 2041 parie-

1881 2067 2026 2123 tibus
2054 2067 2240 2122 fovere
2269 2067 2527 2132 deberet,
2559 2065 2812 2137 prosilire
2839 2066 2892 2120 in
2921 2065 3232 2136 publicttm,
3267 2065 3486 2119 invere-

1879 2160 2109 2217 cundius
2134 2175 2294 2231 quam
2330 2160 2587 2229 iujustius
2617 2159 2829 2230 litigare
2863 2175 2878 2213 :
2912 2158 3102 2214 oculus
3145 2165 3269 2212 tuus
3296 2167 3491 2227 partus

1878 2253 2177 2323 iniquitatis
2209 2262 2292 2307 est
2320 2253 2511 2308 factus.
2543 2251 2738 2306 Vidisti
2770 2249 2985 2317 inapetn
3014 2250 3252 2319 superbo
3281 2247 3477 2313 oculo,

1879 2356 1935 2402 ct
1984 2346 2273 2403 insatiabili
2321 2345 2487 2402 corde
2520 2364 2534 2401 :
2565 2345 2862 2416 despexiin
2904 2358 3127 2414 precem
3177 2341 3432 2413 pauperis
3468 2360 3482 2397 :

1879 2448 1934 2495 et
1961 2453 2124 2508 quem
2156 2438 2410 2494 misereri
2437 2437 2727 2503 debueras,
2757 2451 2879 2491 cum
2910 2434 3124 2490 fastidio
3155 2433 3484 2504 praeteristi:

1881 2531 2073 2586 oculus
2100 2540 2225 2586 tuus
2256 2531 2377 2586 fons
2410 2529 2506 2585 tibi
2534 2528 2638 2583 fuit
2662 2537 2718 2583 et
2741 2530 2894 2597 origo
2920 2526 3148 2598 peccati.

1952 2623 2006 2678 8.
2049 2621 2288 2693 Ideoque
2333 2621 2475 2677 oculi
2524 2621 2598 2675 tui
2644 2635 2750 2674 non
2781 2618 2892 2687 lupi
2921 2618 3062 2672 oculi
3093 2615 3240 2683 sint,
3268 2625 3319 2670 et
3348 2616 3492 2671 insi-

1878 2713 2080 2768 diantis
2126 2713 2191 2768 ad
2246 2713 2520 2782 praedam,
2569 2711 2665 2766 sed
2714 2711 2854 2765 sicut
2883 2720 2905 2748 ο
2957 2709 3183 2779 Sponsae
3227 2708 3428 2762 dicitur
3471 2726 3482 2760 :

1883 2805 2032 2860 Oculi
2063 2806 2139 2860 tui
2167 2816 2351 2878 stagna
2377 2806 2430 2858 in
2459 2803 2683 2862 Escbon.
2713 2804 2769 2858 in
2801 2805 2965 2874 portis
2995 2803 3121 2872 ﬁlice
3150 2802 3428 2856 multorum
3464 2820 3482 2854 :

1878 2912 2030 2952 nares
2074 2906 2175 2948 tuta
2215 2895 2345 2949 sicut
2394 2894 2552 2947 turris
2599 2891 2786 2946 Libani
2835 2891 3012 2963 (Cant.
3046 2907 3143 2955 vu,
3169 2888 3251 2960 4).
3283 2889 3484 2960 Stagna

1878 2989 1931 3046 iu
1965 2987 2185 3044 Esebon
2213 2985 2339 3056 quid
2370 2998 2485 3050 est,
2519 2985 2623 3040 nisi
2654 2985 2705 3040 in
2731 2985 3149 3056 cogitationibus
3181 2981 3487 3039 rationabi-

1880 3082 2021 3138 libus
2049 3079 2367 3145 abundatia,
2397 3095 2516 3149 quae
2544 3089 2629 3134 est
2655 3079 2707 3133 in
2740 3079 2910 3148 portis
2944 3078 3226 3144 Ecclesiae,
3254 3078 3343 3135 cui
3375 3093 3488 3132 me-

1879 3176 1984 3231 rito
2028 3174 2272 3230 defertur
2323 3171 2611 3228 multitudo
2659 3170 2960 3226 doctrinae?
2988 3170 3126 3226 Filia
3159 3171 3306 3225 enim
3345 3170 3487 3225 mul—

184 3260 342 3329 bona,
367 3274 460 3318 aut
484 3262 720 3319 adversa
749 3273 1101 3334 generantur.
1135 3263 1327 3319 Vidisti
1373 3264 1614 3319 mulieris
1657 3264 1778 3334 pul-
1802 3283 1847 3347 ο
1883 3275 2089 3332 torum,
2131 3267 2482 3337 plurimarum
2532 3263 2904 3319 doctrinarum
2954 3262 3248 3332 posteritas
3293 3261 3488 3318 et’t‘ecta

181 3354 579 3423 cbritudinem,
633 3355 868 3412 laudasti
936 3356 1159 3412 artiﬁcis
1224 3367 1776 3427 opus,venustatem

189 3449 381 3520 1171
413 3459 632 3504 naturae
664 3466 677 3502 :
706 3449 990 3518 generatio
1020 3449 1170 3516 fidei,
1203 3448 1510 3505 devotionis
1536 3458 1621 3505 est
1656 3466 1780 3520 par-

185 3550 278 3596 tus.
318 3541 629 3598 Contentus
675 3540 825 3597 fuisti
871 3541 1058 3598 formae
1103 3542 1334 3608 decore,
1363 3540 1392 3580 δ
1437 3559 1541 3598 non
1584 3558 1780 3599 census

185 3633 503 3700 ambitione,
541 3633 818 3705 sumpsisti
865 3635 918 3689 in
950 3651 1179 3690 uxorem
1200 3677 1214 3703 ,
1247 3636 1432 3704 genuit
1459 3637 1599 3691 filios
1645 3636 1780 3692 libe-

184 3726 382 3782 ralioris
409 3727 610 3798 gratiae
639 3744 654 3782 :
682 3728 872 3782 oculus
902 3728 997 3782 tibi
1046 3727 1144 3782 fuit
1181 3728 1462 3799 generatio
1492 3742 1784 3800 prOSpero-

185 3833 312 3874 rum.
339 3817 770 3890 Contemplatus
799 3835 858 3875 es
883 3835 1094 3875 sacram
1119 3821 1356 3892 puellam
1375 3865 1390 3888 ,
1427 3823 1626 3893 pressit
1651 3838 1810 3890 ocu-,

183 3909 258 3968 los
303 3925 421 3971 tuos
467 3923 716 3986 augustae
761 3915 1062 3970 reverentia
1112 3915 1420 3971 castitatis:
1473 3916 1780 3992 praedicasti

185 4006 458 4066 Dominum
507 4008 733 4076 Jesum,
791 4011 882 4081 qui
927 4009 1152 4065 senilem
1203 4009 1448 4065 dedisset
1492 4011 1544 4064 in
1597 4009 1781 4065 adole-

184 4106 415 4161 scentula
463 4113 630 4160 aetate
650 4103 1002 4176 gravitatem,
1059 4103 1569 4174 immaculalamque
1613 4104 1777 4159 vitam

185 4193 318 4252 inter
360 4197 613 4254 inﬁrmas
657 4207 766 4252 tam
809 4197 1027 4252 lubricae
1065 4196 1229 4267 hujus
1267 4197 1452 4252 carnis
1495 4196 1779 4252 illecebras

185 4287 424 4345 humanis
475 4288 768 4345 infudisset
810 4289 1094 4345 atfectihus
1140 4307 1156 4345 :
1202 4291 1323 4344 fons
1364 4290 1632 4345 bonorum
1671 4300 1776 4345 est.

187 4379 366 4438 Vidisti
410 4385 788 4453 possessiones
834 4382 1198 4453 pttpillorum,
1251 4397 1357 4436 non
1406 4382 1472 4435 ad
1512 4381 1773 4436 invaden~

185 4473 328 4543 dum,
355 4479 451 4533 sed
480 4477 549 4532 ad
583 4475 838 4532 tuendum
874 4494 886 4528 :
918 4489 972 4532 et
1003 4475 1243 4546 paternis
1270 4474 1578 4545 ingemuisti
1607 4473 1776 4530 visce-

187 4567 330 4624 ribus
350 4611 365 4634 ,
397 4569 447 4624 si
477 4568 605 4640 quid
653 4568 934 4624 advertisti
963 4568 1031 4624 de
1058 4567 1283 4623 minoris
1317 4565 1618 4622 commodis
1656 4580 1779 4621 esse

1882 3369 1986 3422 est.
2020 3359 2172 3428 cujus
2200 3372 2358 3413 nares
2388 3358 2524 3412 odor
2548 3367 2632 3412 est
2660 3355 3060 3410 sacrificiorum
3098 3355 3322 3410 floribus
3367 3369 3485 3410 om-

1882 3453 2042 3508 nibus
2070 3462 2354 3524 praestans.
2383 3449 2523 3519 Quid
2551 3450 2697 3505 enim
2723 3447 2926 3503 Christi
2955 3448 3124 3504 odore
3161 3447 3448 3504 sublimius
3473 3490 3492 3508 .

1881 3548 1971 3617 qui
2014 3545 2267 3601 abolebat
2315 3543 2488 3600 thuris
2536 3541 2910 3613 flagrantiam?
2956 3540 3158 3597 Oculus
3204 3556 3335 3608 ergo
3384 3541 3489 3596 iste

1883 3640 2160 3710 provideat
2209 3653 2327 3708 quae
2376 3639 2550 3692 futura
2616 3647 2789 3692 sunt:
2823 3647 2876 3693 et
2927 3635 2972 3690 si
3016 3636 3244 3691 adversa
3276 3635 3490 3707 1172

1883 3733 2169 3788 imminere
2208 3731 2549 3802 praeviderit,
2581 3729 2710 3786 ﬂetu
2740 3727 3106 3801 lacrymisque
3147 3728 3394 3784 emollire
3429 3743 3494 3780 ac

1883 3827 2132 3898 mitigare
2160 3842 2267 3880 non
2295 3825 2528 3880 desinat.
2625 3861 2638 3873 .

1956 3920 2009 3974 9.
2053 3919 2178 3973 ldeo
2229 3916 2626 3972 Hieremias'in
2675 3915 2990 3984 captivitate
3052 3911 3229 3984 gentis
3291 3909 3494 3965 Iudaeae

1884 4011 2127 4082 positus,
2177 4007 2414 4063 futuram
2465 4006 2770 4077 praevidens
2830 4012 3106 4076 perpetuae
3169 4001 3499 4073 captivitatis

1883 4117 2213 4167 aerumnam,
2244 4115 2402 4172 quam
2435 4099 2678 4172 perﬁdiae
2709 4099 2882 4170 pretio
2913 4096 3228 4153 Iudaeorum
3257 4094 3490 4167 populus

1883 4196 2122 4251 habebat
2163 4196 2480 4262 exsolvere,
2513 4194 2727 4250 dicebat
2775 4194 2828 4248 in
2865 4192 3101 4248 Threnis
3129 4189 3230 4247 sub
3276 4188 3376 4245 hac
3400 4203 3493 4246 ea-

1882 4292 2004 4347 dem
2035 4291 2217 4346 littera
2245 4308 2258 4344 :
2284 4289 2352 4344 In
2401 4289 2496 4344 hoc
2523 4306 2613 4360 ego
2643 4290 2764 4360 ﬂeo,
2797 4288 2933 4342 oculi
2965 4287 3066 4342 ntei
3081 4286 3429 4357 religaverunt
3454 4303 3487 4338 a

1881 4385 2005 4454 ﬂetu
2024 4385 2166 4454 ;quia
2193 4384 2446 4454 elongavit
2474 4401 2505 4437 a
2531 4399 2610 4437 me
2634 4383 2723 4454 qui
2752 4398 2832 4435 me
2858 4381 3224 4437 consolabatur
3250 4376 3484 4451 (Thren.

1881 4491 1922 4543 ι,
1954 4476 2032 4533 l5
2049 4487 2099 4531 et
2130 4475 2243 4548 16).
2275 4476 2391 4531 Non
2437 4476 2599 4545 igitur
2629 4474 2919 4530 abductum
2964 4488 3024 4527 se
3064 4486 3186 4527 esse
3216 4470 3284 4524 de
3317 4470 3481 4525 terris

1882 4569 1994 4624 suis
2023 4569 2278 4633 dolebat,
2310 4567 2406 4622 sed
2435 4583 2464 4622 a
2494 4567 2711 4621 Christo
2741 4566 2998 4636 populum
3026 4561 3445 4633 relinquendum
3468 4602 3485 4627 ,

187 4662 483 4734 neglectum
512 4681 525 4716 :
554 4661 801 4733 repulisti
843 4677 966 4718 eum
997 4661 1087 4732 qui
1132 4661 1268 4716 lines
1294 4660 1412 4730 ejus
1437 4659 1658 4715 volebat
1695 4659 1780 4713 in-
1805 4668 1858 4728 ι)
1883 4659 2418 4728 consolationemque
2469 4656 2666 4712 futurae
2728 4657 2850 4711 vitae
2900 4654 3160 4710 cernebat
3205 4653 3483 4707 amissam.

187 4755 376 4811 vadere
410 4775 422 4809 :
451 4755 708 4825 iudicasti
738 4755 940 4827 pupillo
971 4774 985 4810 :
1012 4755 1202 4810 oculus
1225 4764 1347 4809 tuus
1379 4752 1500 4807 fons
1535 4752 1634 4807 tibi
1677 4752 1781 4808 fuit

187 4856 238 4903 et
261 4849 414 4920 origo
456 4848 702 4919 justitiae.
732 4848 994 4904 Judicasti
1042 4846 1217 4902 viduae
1249 4847 1424 4918 (sicut
1448 4845 1592 4900 enim
1640 4845 1780 4901 mala

189 4938 474 5008 drachma,
507 4956 617 4996 non
663 4939 924 4995 drachma
958 4960 972 4996 :
1005 4941 1085 4997 sic
1115 4939 1314 4994 malum
1340 4937 1606 5008 judicium
1627 4980 1642 5004 ,
1673 4953 1782 4994 non

191 5033 370 5105 utique
393 5033 656 5103 judicium
677 5033 720 5104 ),
749 5032 1006 5102 judicain
1026 5047 1157 5102 ergo
1177 5032 1316 5087 sicut
1336 5031 1517 5102 justus
1532 5041 1587 5088 et
1609 5032 1784 5088 bonus

186 5123 346 5194 iudex
379 5145 393 5179 :
429 5127 610 5182 vidisti
638 5137 1016 5196 usurpatorem
1044 5125 1385 5195 improbum,
1417 5125 1511 5196 qui
1552 5125 1786 5181 maritali

190 5218 389 5275 auxilio
417 5219 764 5284 destitutam,
799 5233 951 5273 suam
983 5215 1220 5288 praedam
1245 5224 1463 5289 putaret
1491 5235 1504 5270 :
1536 5217 1791 5289 iniquita-

193 5319 298 5365 tem
328 5328 440 5367 non
468 5328 654 5382 passus
683 5327 744 5367 es
777 5328 789 5364 :
825 5310 994 5365 tulisti
1023 5309 1320 5366 indefensae
1346 5325 1532 5381 opem,
1564 5324 1673 5382 quo
1694 5309 1792 5365 ad-

188 5400 301 5471 juta
331 5404 606 5476 praesidio,
637 5402 902 5460 inoffensa
922 5417 1088 5473 opera
1109 5403 1373 5459 castitatis
1402 5402 1665 5469 exercuit,
1691 5417 1792 5459 nec

267 5576 294 5602 ⁸
315 5566 470 5631 Mss.,
497 5566 752 5622 claritudo
776 5567 1046 5630 diuturna,
1075 5579 1198 5634 quae
1229 5563 1390 5618 lectio
1435 5559 1650 5616 delendi
1703 5575 1798 5630 po-

197 5644 322 5702 teat,
353 5638 402 5690 si
429 5639 711 5704 diuturna,
746 5653 841 5706 pro
879 5637 1150 5691 constanti
1189 5650 1252 5688 ac
1296 5633 1519 5704 perenni
1566 5647 1798 5702 usurpe-

201 5715 284 5762 tur
309 5726 323 5762 :
354 5709 446 5766 hic
469 5718 646 5764 tamen
673 5717 953 5780 praestare,
974 5708 1226 5780 videntur
1253 5706 1520 5760 editiones
1539 5745 1554 5772 ,
1594 5712 1652 5758 ut
1677 5718 1798 5758 cum

199 5779 368 5850 priori
411 5782 655 5838 membro
677 5777 780 5835 fiat
804 5777 1112 5834 antithesis.

271 5845 298 5886 ί)
327 5845 532 5924 Scripti
579 5850 796 5905 codices
841 5865 1040 5920 magno
1082 5855 1347 5913 numero,
1403 5852 1504 5902 non
1550 5849 1800 5901 accensus

1891 4754 2016 4809 llaec
2064 4763 2145 4808 est
2189 4767 2318 4808 vere
2350 4751 2582 4805 dolenda
2611 4750 2896 4820 captivitas
2919 4789 2934 4815 ,
2962 4763 3082 4819 quae
3109 4756 3329 4802 aeternae
3376 4761 3478 4816 spe

1888 4848 2140 4904 libertate
2191 4845 2396 4918 privata
2445 4844 2750 4899 videbatur.
2796 4842 2919 4898 Alio
2967 4857 3184 4913 quoque
3222 4839 3346 4894 loco
3389 4840 3492 4894 sub

1892 4941 1992 4996 hac
2010 4941 2198 4996 eadem
2214 4940 2389 4996 littera
2412 4937 2661 5010 repetivit
2677 4937 2728 4992 in
2748 4936 3194 5002 Threnis,dicens
3214 4935 3502 5003 :ﬂominus

1893 5049 2008 5104 qua:
2035 5033 2297 5105 cogitavit,
2326 5032 2719 5097 consummavit,
2749 5028 2957 5082 verbum
2983 5044 3131 5082 suum
3172 5027 3312 5100 quod
3350 5044 3499 5082 man-

1896 5125 2036 5180 davit
2079 5142 2110 5178 a
2137 5125 2316 5178 diebus
2346 5124 2591 5194 antiquis.
2624 5121 2924 5186 Destruxit,
2953 5129 3000 5176 et
3035 5137 3136 5174 nou
3162 5120 3424 5191 pepercit,
3451 5128 3502 5174 et

1898 5218 2181 5288 lwtiﬁcavit
2211 5235 2364 5291 super
2395 5228 2442 5272 te
2472 5217 2736 5272 inimicum
2754 5259 2768 5282 ,
2797 5226 2844 5270 et
2874 5213 3120 5270 exultauit
3145 5230 3301 5269 cornu
3332 5212 3498 5267 tribu-

1901 5309 2057 5365 lautis
2097 5321 2146 5364 te
2188 5309 2407 5379 (Thren.
2442 5327 2502 5379 ιι,
2537 5311 2649 5382 l7).
2694 5308 2886 5365 Nonne
2934 5306 3213 5364 evidenter
3259 5304 3498 5361 futurum

1897 5404 2158 5476 judicium
2182 5403 2383 5462 Christi
2433 5405 2804 5471 annuntiatur,
2819 5403 2961 5459 sicut
2989 5402 3043 5456 in
3069 5399 3275 5471 psalmo
3288 5414 3503 5471 quoque

1903 5564 2200 5638 ambitione.
2216 5565 2422 5638 Melius
2451 5564 2564 5630 alii,
2590 5578 2654 5618 ac
2675 5563 2832 5625 edit.,
2863 5560 2980 5616 Non
3001 5576 3184 5614 census
3205 5556 3502 5638 ambitione.

1906 5637 2000 5693 Est
2026 5637 2168 5692 enim
2213 5637 2317 5692 hoc
2357 5638 2477 5692 loco
2505 5652 2686 5691 census
2710 5677 2724 5700 ,
2753 5643 3047 5705 proventus
3075 5646 3235 5702 quem
3273 5637 3504 5698 quisque

1905 5708 2179 5764 annuatim
2208 5725 2238 5764 e
2264 5707 2698 5778 possessionibus
2728 5705 2974 5778 percipit.

1983 5791 2002 5814 ε’
2039 5780 2222 5850 Magna
2257 5775 2380 5851 pars
2407 5795 2563 5844 mss.,
2597 5775 2960 5846 sicut—Sponsa
2988 5775 3196 5829 dicitur.
