3948 6386
419 406 456 462 Ἰ
469 409 570 463 427

1758 403 2008 462 ΞἏΝΟἸΊ
2045 403 2144 462 Mil
2152 401 2372 464 BROSﬁ

3581 401 3739 459 νίζε

415 523 684 593 praesenti
733 523 994 578 declarari
1047 529 1249 576 certum
1283 529 1383 575 est.
1415 519 1617 574 Oculus
1640 534 1784 590 ergo
1817 520 2102 591 ’μηνί-Α
2131 522 2600 593 plisnequ’aquam
2633 537 2691 577 se
2719 522 3020 578 fortitudini
3060 537 3170 576 suae
3191 520 3372 575 credit
3402 539 3413 574 :
3443 519 3540 575 sed
3571 531 3736 575 cauta

430 617 556 672 deat
595 631 716 687 qua:
747 623 972 670 ventura
1003 625 1130 671 sunt
1155 657 1168 681 ,
1199 623 1257 670 et
1282 631 1346 669 ea
1388 623 1481 669 aut
1510 613 1823 683 profusione
1851 615 2028 684 lacry-

417 726 663 775 marum,
698 718 793 764 aut
819 709 1022 765 erroris
1051 708 1759 777 correctioneudetorqueat.
1793 707 2031 776 Denique

435 800 960 866 Hieremias-flebat;
989 801 1114 871 quia
1158 801 1354 855 malam
1403 813 1620 854 causam
1651 799 1829 867 impiae
1858 797 2031 866 plebis

429 901 776 964 susceperat,
795 909 931 964 quas
945 892 1200 964 perfidiae
1233 891 1527 962 pertinacia
1558 890 1837 961 preprium
1854 905 2032 961 nega-

431 986 522 1042 bat
551 997 852 1042 auctorem.

499 1079 593 1134 40.
628 1077 990 1152 (Vers.121.)
1035 1078 1199 1132 David
1245 1086 1428 1133 autem
1477 1075 1794 1147 prophetico
1837 1075 2032 1146 spiritu

426 1169 689 1240 judicium
737 1169 1044 1240 praevidens
1089 1168 1324 1234 Christi,
1355 1170 1540 1240 inquo
1573 1185 1732 1224 nemo
1771 1169 2034 1229 innocens

433 1263 858 1333 periclitabitur;
908 1278 1071 1317 nemo
1116 1263 1413 1317 sceleratus
1442 1263 1656 1329 eludet,
1698 1263 1836 1318 bona
1865 1261 2033 1316 fretus

434 1357 768 1411 conscientia
817 1356 989 1411 dicit:
1027 1355 1162 1409 'Feci
1201 1357 1464 1427 judicium
1515 1369 1562 1411 et
1611 1357 1864 1426 justitiam
1913 1372 1931 1410 :
1975 1372 2037 1409 ne

433 1452 612 1505 tradas
639 1467 719 1504 me
759 1450 1058 1504 nocentibus
1086 1466 1183 1503 me.
1219 1449 1336 1503 Non
1369 1451 1522 1519 quasi
1558 1449 1838 1519 gloriosus
1864 1463 1929 1501 ac
1955 1449 2036 1501 in-

433 1545 619 1598 solens
643 1557 704 1596 se
733 1541 849 1610 ipse
867 1540 1086 1604 laudat,
1117 1555 1239 1594 eum
1269 1540 1452 1608 utique
1482 1541 1688 1610 peritus
1715 1540 1871 1608 legis,
1903 1538 2038 1593 alte-

434 1634 547 1689 rius
578 1634 750 1702 magis
775 1646 932 1701 quam
950 1633 1308 1700 vpropriovore
1349 1646 1786 1702 unumquemque
1814 1631 2039 1684 laudan-

433 1724 562 1779 dum
595 1738 715 1779 esse
765 1738 872 1777 non
905 1723 1200 1792 ignoraret.
1229 1720 1345 1776 Non
1369 1764 1384 1787 ,
1420 1722 1667 1792 inquam,
1704 1733 1726 1757 τ’
1777 1720 2039 1791 praedica-

435 1827 610 1872 tarum
639 1817 896 1886 jactantia
923 1826 1006 1870 est
1029 1815 1116 1869 hic
1140 1815 1253 1869 ulla
1284 1815 1541 1870 virtutum
1569 1858 1584 1881 ,
1614 1815 1709 1870 sed
1734 1815 1852 1869 vita!
1885 1815 2038 1869 iuno-

2120 614 2406 671 ‘humililas
2433 617 2673 671 divinum
2704 617 2806 671 sibi
2835 616 3106 687 precando
3149 615 3400 671 adsciscit
3429 616 3691 671 auxilium
3715 655 3732 682 ,

2121 717 2322 777 petens
2351 725 2418 764 ne
2449 710 2691 765 tradatur
2722 710 3062 766 nocentibus.

2201 797 2293 854 '12.
2337 801 2454 856 Scit
2493 803 2637 857 enim
2683 810 2962 857 auctorem
3013 815 3133 856 esse
3184 800 3488 871 principem
3535 801 3731 858 mttndi

2123 891 2377 945 omnium
2424 892 2774 948 delictorum.
2822 893 2943 964 lpse
2992 891 3300 948 indi‘vitluos
3338 894 3738 962 proximorum

2134 981 2333 1037 irarum
2361 985 2598 1039 stimulis
2624 987 2884 1041 excitatos
2913 985 3111 1040 scindit
3130 980 3369 1041 'dll'edtus
3395 1004 3406 1038 :
3437 987 3554 1055 ipse
3581 984 3742 1040 llam-

2135 1089 2279 1129 mam
2331 1076 2579 1131 accendit
2611 1078 2850 1132 libidinis
2883 1095 2895 1130 :
2932 1077 3048 1147 ipse
3079 1078 3261 1133 adolet
3298 1078 3539 1133 avaritia}
3571 1080 3745 1149 cupi-

2125 1166 2368 1234 ditates;
2400 1177 2460 1223 ut
2491 1183 2599 1238 quo
2631 1169 2752 1238 plus
2789 1170 3133 1240 rapuerimus
3158 1212 3172 1236 ,
3205 1169 3437 1238 amplius
3472 1171 3744 1240 requira-

2139 1277 2258 1316 mus
2290 1279 2303 1314 :
2337 1262 2450 1331 ipse
2495 1265 2736 1333 suggerit
2778 1271 2832 1317 et
2873 1263 3146 1317 ministrat
3177 1263 3412 1318 fomenta
3442 1263 3684 1319 luxuria:
3721 1283 3736 1320 :

2139 1355 2255 1423 ipse
2279 1353 2399 1407 odia
2425 1363 2730 1424 exasperat,
2757 1365 2810 1410 et
2832 1355 3137 1410 immodiczn
3163 1355 3400 1411 studium
3419 1357 3746 1412 ambitionis

2141 1446 2461 1500 inflammat.
2483 1446 2649 1515 Quod
2676 1448 2863 1502 vitium
2887 1449 3145 1503 blandum
3164 1447 3501 1514 'in'e'xorilio,
3522 1462 3740 1504 smvum

2139 1538 2191 1594 in
2211 1552 2478 1609 processu
2500 1581 2515 1605 ,
2559 1556 2658 1596 nec
2689 1541 2942 1596 iratorum
2971 1542 3346 1610 germanitatis
3375 1541 3561 1612 potuit
3604 1555 3748 1596 con-

2127 1633 2494 1698 templatione
2513 1631 2780 1688 revocari.
2817 1635 3252 1690 Dum-dolet'sibi
3284 1635 3470 1704 gratiae
3497 1635 3750 1690 etelestis

2141 1725 2374 1780 ambitor
2406 1725 2627 1781 fratrem
2668 1727 3141 1797 esse-praelatum,
3177 1727 3245 1781 tle
3285 1725 3562 1782 Sacrificio
3603 1736 3744 1796 pro-

2141 1816 2306 1871 cessit
2327 1817 2393 1871 ad
2424 1817 2794 1887 parricidium.
2827 1822 3116 1874 Auctorem
3143 1820 3306 1889 igitur
3333 1819 3751 1875 incentinentize

436 1911 610 1965 centis
655 1910 886 1964 assertio
920 1909 1045 1977 jure
1093 1919 1456 1977 praesumpta;
1488 1924 1556 1964 ne
1580 1908 1773 1979 dignus
1803 1909 2039 1962 :nstima-
2067 1907 2116 1966 B
2143 1910 2414 1964 diabolum
2443 1925 2564 1966 esse
2588 1912 2882 1980 Apostolus
2905 1912 3063 1966 docet
3088 1929 3100 1964 :
3133 1910 3216 1965 Ne
3237 1920 3389 1966 tentet
3409 1927 3496 1965 vos
3516 1921 3751 1982 propter

429 2015 588 2060 retur
613 2005 704 2075 qui
739 2012 960 2074 propter
986 2001 1168 2073 gravia
1201 2012 1426 2072 peccata
1452 2018 1480 2055 a
1516 2003 1743 2058 Domino
1769 2002 2041 2072 relinque-

440 2105 620 2162 retur,
654 2108 707 2150 et
758 2095 1065 2150 nocentium
1112 2095 1364 2163 potestati
1417 2095 1746 2150 traderetur.
1789 2093 2040 2148 Defensio

437 2188 738 2258 estigitur,
776 2202 880 2241 non
933 2185 1271 2255 arrogantia,
1307 2185 1523 2255 quando
1564 2201 1673 2239 non
1719 2183 2039 2240 excellentia

437 2281 617 2351 aliqua
648 2280 870 2334 honoris
915 2278 1247 2342 assumitur,
1277 2278 1373 2333 sed
1403 2277 1760 2333 formidabilis
1798 2291 2039 2331 :erumna

440 2372 804 2443 propulsatur.
831 2370 1076 2440 Denique
1101 2369 1295 2424 Petrus
1337 2370 1437 2426 hoc
1464 2383 1667 2438 genere
1706 2368 2040 2424 defensionis

437 2470 605 2522 utitur
650 2468 881 2523 dicens:
913 2465 1049 2520 Ecce
1095 2482 1190 2520 nos
1233 2466 1536 2534 reliquimus
1581 2466 1757 2518 omnia
1787 2475 1834 2519 et
1875 2465 2041 2518 secuti

437 2577 611 2615 sumus
643 2569 688 2614 te
726 2576 744 2612 :
773 2559 896 2626 quid
929 2574 1060 2630 ergo
1101 2558 1197 2611 erit
1237 2557 1382 2610 nobis
1416 2553 1641 2625 .(Matth.
1671 2570 1786 2618 XIX,
1819 2553 1949 2625 27)?
1977 2554 2038 2608 In

438 2666 546 2722 quo
570 2656 616 2707 si
644 2649 772 2706 dicti
793 2650 1106 2718 arrogantis
1132 2649 1355 2703 decolor
1379 2648 1574 2716 aliquis
1604 2663 1788 2700 naevus
1817 2647 2036 2713 fuisset,

439 2761 548 2799 non
579 2753 784 2798 tantum
834 2743 1024 2812 gratia:
1065 2742 1133 2797 de
1177 2739 1396 2794 Domini
1437 2739 1734 2795 Salvatoris
1771 2738 2039 2794 sententia

441 2835 906 2906 retulisset-(Iram.
933 2835 1065 2903 28);
1093 2843 1288 2888 utnon
1339 2833 1516 2888 scium
1550 2833 1774 2887 minime
1801 2831 2038 2887 subden-

439 2926 541 2980 dus
567 2927 680 2994 ipse
719 2926 960 2995 judicio,
984 2925 1081 2980 sed
1115 2926 1274 2980 etiam
1319 2925 1658 2994 iudicaturus
1697 2926 1767 2980 de
1807 2925 2038 2979 aliorum

373 3037 376 3040 ‘
444 3019 651 3074 meritis
679 3021 795 3089 ipse
826 3020 1183 3074 nuntiaret-ur.
1215 3018 1402 3088 Neque
1431 3019 1574 3072 enim
1629 3020 1682 3072 in
1723 3019 1956 3087 judicio,
1992 3018 2036 3072 si

443 3113 559 3181 quis
611 3112 936 3166 innocentia:
980 3127 1089 3165 sua:
1141 3111 1353 3164 tuendm
1397 3111 1567 3179 gratia
1595 3153 1609 3173 ,
1641 3110 1772 3180 quid
1824 3110 2040 3164 fecisset

442 3206 697 3274 aperiret,
732 3205 796 3259 ad
822 3204 1135 3274 jactantiam
1171 3205 1349 3273 potius
1377 3218 1536 3271 quam
1569 3204 1636 3256 ad
1662 3203 2033 3257 defensionem

2143 2004 2567 2057 incontinentiam
2603 2013 2832 2058 ‘vestram
2870 2005 2923 2074 (Ἰ
2968 2002 3089 2058 Cor.
3123 2020 3227 2070 vu,
3275 2004 3360 2073 5).
3395 2003 3750 2060 lncentorem

2143 2110 2359 2166 quoque
2385 2096 2628 2150 avaritiae
2651 2095 2826 2165 ipsum
2846 2107 2982 2150 “esse
3002 2095 3256 2165 legimus,
3289 2095 3504 2150 dicente
3522 2091 3704 2149 Paulo
3730 2109 3746 2150 :

2139 2185 2250 2252 Qui
2278 2186 2454 2239 volunt
2492 2187 2671 2240 divites
2701 2188 2847 2254 ﬁeri,
2879 2187 3116 2241 incidunt
3142 2187 3577 2252 intentationem,
3606 2199 3654 2239 et
3688 2189 3747 2242 in

2145 2277 2382 2346 laqueum
2413 2277 2606 2331 diaboli
2629 2279 2684 2348 (l
2715 2277 2854 2334 Tim.
2888 2295 2972 2344 vt,
3004 2278 3084 2349 9).
3119 2277 3186 2332 Et
3216 2279 3344 2332 ali‘bi
3377 2296 3390 2332 :
3425 2276 3754 2347 Mortiﬁcate

2146 2385 2266 2438 ergo
2294 2368 2519 2422 membra
2550 2379 2715 2424 vestra
2745 2387 2860 2439 qua:
2886 2380 3008 2424 sunt
3045 2386 3200 2441 super
3244 2382 3436 2424 terram
3461 2411 3475 2436 ,
3515 2366 3755 2442 fornica-

2145 2460 2358 2523 tionem,
2374 2460 2786 2530 -immunditiam,
2811 2462 3103 2530 libidinem,
3136 2465 3600 2536 concupiscentiam
3627 2480 3754 2518 ma—

2145 2553 2267 2616 ltmt,
2301 2563 2346 2606 et
2371 2555 2674 2622 avaritiam,
2717 2571 2830 2626 quae
2851 2566 2924 2610 est
2953 2557 3249 2610 idololatria
3270 2556 3497 2625 (Coloss.
3517 2567 3614 2623 m,
3652 2559 3750 2628 5).

2144 2646 2201 2700 In
2235 2647 2319 2700 his
2340 2647 2486 2701 enim
2515 2647 2715 2702 diaboli
2741 2649 3076 2704 voluntatem
3105 2648 3333 2707 facimus
3352 2691 3368 2716 ,
3401 2658 3456 2704 et
3483 2652 3748 2721 exsequi-

2148 2755 2270 2793 mur
2315 2747 2640 2808 potestatem
2660 2780 2677 2804 ,
2705 2741 2799 2809 qui
2833 2757 2932 2810 per
2956 2742 3134 2797 carnis
3164 2742 3322 2796 istius
3351 2740 3621 2796 desideria
3657 2742 3749 2796 in-

2145 2831 2422 2887 centivum
2453 2846 2567 2887 sua}
2593 2832 2798 2887 fraudis
2819 2844 3095 2904 Operatur.

2221 2927 2309 2980 15.
2352 2928 2765 2996 Quemcumque
2789 2942 2920 2997 ergo
2963 2928 3014 2980 in
3054 2929 3314 2982 vitiorum
3357 2942 3580 2983 suorum
3619 2943 3751 2999 pos-

2145 3021 2393 3073 sessione
2425 3020 2720 3088 repererit,
2743 3029 3022 3088 tamquam
3047 3019 3342 3075 obnoxium
3367 3035 3467 3075 suo
3486 3021 3594 3091 jut'i
3624 3023 3752 3078 vitt-

2143 3112 2302 3166 dicat.
2367 3111 2708 3166 Adulterium
2742 3113 2872 3181 quis
2929 3111 3087 3177 facit,
3134 3112 3413 3166 hixuriam
3471 3124 3746 3178 exercet,

2141 3204 2318 3256 aliena
2343 3202 2562 3273 diripit;
2593 3204 2770 3272 portio
2800 3203 3003 3258 diaboli
3028 3213 3111 3257 est
3141 3222 3153 3256 :
3187 3204 3417 3274 pudicus
3446 3212 3655 3270 autem,
3694 3215 3753 3262 οἳ

440 3313 619 3352 causa:
667 3298 871 3351 dictum
913 3296 1292 3350 aestimaretur.
1347 3295 1506 3349 Aliud
1565 3304 1649 3349 est
1703 3295 1928 3365 dignum
1978 3311 2036 3351 se
2065 3293 2110 3356 C
2139 3299 2455 3364 continens,
2479 3308 2538 3353 et
2566 3300 2900 3361 misericors,
2932 3297 3136 3353 Christi
3179 3300 3361 3368 portio
3397 3308 3506 3354 est.
3535 3297 3749 3354 Christi

441 3391 665 3458 pra-mia
689 3390 878 3444 dicere
901 3431 916 3454 ,
945 3389 1090 3443 aliud
1121 3389 1401 3457 indignum
1431 3387 1646 3456 injuria.

511 3483 602 3535 Η.
643 3481 710 3534 Et
735 3489 916 3534 tamen
963 3481 1054 3534 ille
1098 3481 1214 3549 ipse
1258 3479 1619 3550 philosophia:
1675 3495 1946 3545 summus“,
1981 3491 2041 3536 ut

437 3576 589 3628 aiunt
607 3615 622 3638 ,
651 3574 909 3642 magister
928 3614 941 3638 ,
970 3589 1091 3626 cum
1124 3580 1474 3627 accusaretur
1495 3614 1509 3637 ,
1543 3573 1904 3643 interrogatus
1932 3590 2035 3642 qua

433 3667 655 3723 laudati
681 3683 842 3737 pinna
874 3683 934 3722 se
963 3669 1182 3733 dignum
1205 3675 1446 3736 putaret,
1471 3667 1819 3736 respondisse
1842 3668 2031 3735 fert-ur,

437 3760 465 3797 ι’
496 3771 552 3814 ut
574 3762 633 3814 uia
667 3760 935 3830 Prytaneo
962 3758 1182 3828 publica
1231 3759 1472 3828 quotidie
1497 3760 1750 3813 convivio
1795 3761 2037 3829 suscipe-

438 3862 608 3907 retur.
641 3851 737 3906 llle
767 3851 1028 3905 honorem
1063 3853 1363 3920 usurpavit,
1400 3863 1420 3890 ο
1448 3851 1534 3906 hic
1564 3853 1818 3921 praecavit
1839 3868 2036 3906 terum-

437 3955 560 3998 nam
593 3962 608 3997 :
638 3943 730 3997 ille
749 3944 982 4012 gloriam
1007 3943 1312 4013 arrOgavit,
1349 3944 1434 3998 hic
1464 3944 1821 3999 huniilitatem
1854 3960 2036 3999 serva-

434 4036 528 4090 vit.
556 4035 689 4089 Nam
729 4050 850 4104 quae
881 4035 1055 4104 major
1083 4050 1203 4091 esse
1251 4036 1460 4107 1173
1499 4035 1770 4092 lmmilitas
1811 4047 2030 4107 potest,

433 4145 596 4199 quam
637 4136 698 4182 ut
730 4127 986 4181 conscius
1011 4128 1113 4182 sibi
1146 4127 1336 4196 judicii
1365 4138 1419 4183 et
1439 4130 1664 4198 justitia‘.
1694 4142 1989 4187 reservata:
2015 4175 2030 4198 ,

429 4218 576 4274 tradi
609 4218 863 4288 potestati
908 4217 1110 4272 diaboli
1153 4223 1465 4274 vereretur?
1491 4221 1775 4278 Hominem
1821 4241 1883 4280 se
1909 4241 2033 4282 esse

431 4311 710 4382 cognovit,
731 4312 907 4380 impar
929 4310 1033 4366 sibi
1062 4311 1260 4367 bellum
1305 4314 1589 4368 adversum
1633 4316 1890 4385 spiritalia
1935 4329 2032 4376 ne-

432 4405 616 4473 quitia:
641 4406 696 4462 in
730 4405 1051 4462 caelestibus
1084 4424 1097 4462 :
1124 4416 1336 4476 raptum
1365 4407 1518 4461 novit
1551 4408 1738 4464 Enoch
1780 4426 1930 4482 esse,
1963 4429 2031 4469 ne

433 4499 640 4554 malitia
688 4508 925 4554 mutaret
963 4513 1058 4552 cor
1097 4498 1215 4567 ejus
1248 4516 1262 4552 :
1295 4497 1407 4553 Noe
1450 4499 1791 4567 inebriatum,
1820 4501 1922 4557 Lat
1949 4506 2030 4558 in-

433 4601 729 4656 cestatuui,
775 4592 1109 4648 Sacerdotem
1157 4592 1389 4663 primum
1437 4593 1614 4664 ipsum
1661 4595 1841 4650 Aaron
1903 4613 2025 4652 cum

2142 3407 2273 3460 ergo
2314 3405 2529 3446 servum
2579 3391 2680 3444 sibi
2731 3408 2835 3444 non
2880 3399 3057 3460 potest
3099 3391 3411 3456 vindicare,
3451 3391 3556 3444 nisi
3597 3389 3752 3445 forte

2142 3485 2394 3552 i-llttpstttn
2425 3485 2481 3536 in
2519 3483 2648 3537 vitia
2672 3484 3104 3553 deprehenderit
3156 3503 3168 3536 :
3203 3499 3305 3539 nec
3349 3495 3474 3538 tunc
3519 3484 3747 3554 quidem

2143 3575 2422 3636 vindicat,
2481 3575 2576 3628 sed
2616 3583 2888 3644 tamquam
2939 3591 3096 3629 suum
3151 3575 3250 3629 sibi
3287 3575 3424 3629 tradi
3471 3577 3744 3645 postulat.

2138 3665 2268 3721 Ideo
2315 3681 2446 3736 ergo
2491 3666 2624 3721 dicit
2657 3666 2824 3720 Davnl
2856 3684 2867 3720 :
2901 3664 3029 3720 Feci
3047 3667 3310 3736 judicith
3360 3677 3408 3720 et
3438 3668 3741 3736 justitiam,

2143 3777 2247 3812 non
2276 3769 2332 3812 ut
2361 3771 2601 3828 arroget,
2639 3759 2734 3814 sed
2767 3770 3017 3825 excuset;
3051 3775 3118 3814 ne
3147 3761 3297 3829 quasi
3341 3771 3597 3830 peccator
3645 3764 3747 3814 tle-

2093 3919 2096 3922 _
2139 3862 2400 3905 seratura
2419 3849 2658 3905 Christo.
2681 3852 2948 3920 Exemplo
2975 3856 3047 3907 sit
3069 3853 3225 3906 nobis
3246 3853 3545 3921 apostolica
3579 3853 3745 3907 lectio

2137 3959 2297 4012 quam
2326 3943 2396 3997 ob
2421 3958 2537 3998 rem
2573 3945 2946 4013 unusquisque
2980 3945 3243 3998 tradatur.
3269 3943 3429 3998 lilum
3466 3946 3610 3999 enim
3648 3948 3744 4015 qui

2136 4050 2362 4090 uxorem
2394 4037 2562 4105 patris
2587 4035 2792 4102 habuit,
2821 4037 3327 4105 quia_sic-0peratus
3347 4046 3455 4101 est,
3481 4032 3507 4071 ἀ
3535 4037 3741 4092 tradidi

2135 4136 2363 4194 satame,
2392 4126 2526 4181 dicit
2546 4127 2840 4197 Apostolus
2868 4128 2921 4199 (Ι
2955 4126 3076 4182 Cor.
3105 4140 3159 4193 vi,
3190 4127 3298 4182 iet
3321 4128 3382 4200 ὅ)
3419 4145 3431 4180 :
3467 4141 3578 4182 non
3601 4143 3742 4200 ergo

2134 4227 2281 4274 esset
2309 4218 2562 4284 traditus,
2596 4221 2700 4274 nisi
2729 4236 2898 4290 opera
2931 4220 3152 4276 fecisset
3179 4220 3403 4276 diaboli.
3439 4219 3601 4276 Unde
3627 4237 3741 4278 non

2133 4311 2411 4366 immerito
2460 4320 2677 4366 recusat
2729 4315 2997 4383 propheta
3047 4313 3370 4368 nocentibus
3417 4314 3592 4378 tradi,
3643 4314 3740 4384 qui

2131 4403 2331 4473 allegat
2377 4419 2484 4458 non
2531 4405 2734 4460 diaboli
2764 4421 2929 4476 Opera
2979 4423 3039 4462 se
3077 4407 3302 4473 fecisse,
3335 4406 3431 4461 sed
3483 4407 3734 4474 Chri~ti;

2131 4495 2378 4552 Christus
2409 4499 2555 4552 enim
2583 4498 2716 4554 dicit
2760 4518 2772 4554 :
2801 4498 3046 4556 Judicate
3072 4503 3276 4571 pupillo
3295 4543 3308 4564 ,
3359 4510 3409 4554 et
3439 4503 3741 4574 justiﬁcate

2129 4592 2334 4645 viduam
2359 4590 2528 4659 (Esai.
2565 4608 2614 4658 ι,
2645 4594 2760 4665 17).
2789 4593 2902 4649 Hoc
2922 4605 3006 4649 est
3029 4610 3163 4666 ergo
3195 4613 3207 4648 :
3243 4592 3369 4648 Feci
3390 4593 3654 4666 judicium
3684 4604 3742 4648 et

430 4686 596 4741 Maria
650 4702 839 4742 sorore
891 4696 1152 4743 tentatum
1177 4731 1191 4754 ,
1243 4687 1405 4757 lepra:
1471 4688 1697 4744 maculis
1743 4703 2022 4759 aspersam
2050 4679 2104 4739 D
2121 4686 2419 4758 justitiam,
2450 4685 2504 4740 in
2528 4686 2734 4756 judicio
2773 4701 2882 4741 non
2912 4687 3215 4756 contempsi
3237 4700 3546 4756 pauperem
3573 4727 3588 4752 ,
3620 4703 3733 4742 non

431 4779 650 4833 Mariam
679 4779 935 4848 primum,
967 4789 1105 4849 post,
1140 4779 1441 4835 absolutam
1475 4798 1487 4834 ε
1517 4781 1738 4851 Moysen
1781 4798 1916 4852 pene
1941 4785 2023 4838 in-

430 4880 797 4936 ternecatum,
860 4871 961 4924 nisi
1019 4872 1436 4927 circumcisione
1484 4871 1580 4927 ﬁlii
1647 4885 1703 4929 et
1752 4875 2020 4945 ejusmodi

425 4963 705 5032 sanguinis
747 4961 960 5018 fusione
1003 4963 1244 5033 Sepltora
1286 4965 1483 5021 mulier
1511 4966 1628 5034 ejus
1669 4982 1830 5024 omne
1860 4972 1928 5025 ab
1957 4987 2022 5026 eo

425 5055 722 5126 periculum
767 5054 1088 5123 depulisset.
1117 5055 1214 5112 His
1241 5058 1402 5126 igitur
1445 5060 1807 5115 commonitus
1836 5078 2026 5119 exem-

495 5203 522 5232 ι
552 5192 695 5249 Εάίι.
728 5205 951 5264 names,
987 5190 1341 5261 prwdicntoris
1371 5195 1629 5264 jactantia
1668 5203 1739 5248 est
1783 5198 1864 5251 hic
1910 5200 2019 5255 ulla

420 5271 682 5338 virtutum.
734 5262 862 5316 Mss.
910 5264 1250 5338 complures,
1307 5262 1670 5338 pt'wdictarum
1721 5270 2014 5338 jactantin,

420 5349 527 5395 etc.
560 5335 748 5391 Melius
777 5346 952 5388 tamen
977 5333 1065 5387 alii
1093 5333 1352 5401 quinque,
1383 5344 1438 5388 ut
1462 5336 1512 5388 in
1536 5333 1814 5395 conteritur.

488 5409 517 5482 Ρ
546 5407 674 5462 Mss.
715 5405 948 5482 aliquot,
982 5413 1038 5456 ut
1080 5405 1141 5482 in
1171 5406 1393 5482 prandio
1419 5406 1645 5482 publica.
1681 5409 1809 5475 Alii,
1856 5424 2016 5482 atque

418 5479 570 5540 cdit.,
602 5487 656 5529 ut
709 5479 759 5528 iu
792 5473 1072 5544 Prytaneo.
1105 5473 1313 5528 Puchre
1341 5475 1391 5527 id
1415 5473 1666 5542 quidem;
1715 5473 1831 5535 erat
1869 5473 2012 5537 enim

421 5551 718 5621 Prytaneus
743 5547 894 5600 locus
916 5544 1159 5621 Athenis,
1190 5546 1278 5598 ubi
1300 5557 1514 5621 sumptu
1546 5548 1758 5621 publico
1786 5552 1851 5607 de
1876 5553 2010 5621 Rep.

415 5615 758 5682 benemeriti,
783 5633 846 5670 ac
877 5615 1210 5684 publiCorum
1241 5619 1596 5670 certaminum
1633 5620 1869 5677 victores
1898 5615 2014 5678 aleo

421 5696 632 5742 bantur.
683 5688 794 5740 lloc
842 5697 1020 5740 autem
1062 5700 1380 5755 reSponsum
1441 5691 1578 5755 apud
1634 5690 1911 5747 Platonem
1965 5697 2019 5750 in

419 5757 664 5838 apologis:
721 5756 962 5838 Socratis
1009 5757 1080 5810 ita
1113 5755 1305 5838 legere
1347 5766 1468 5838 est:
1501 5763 1542 5812 εἰ
1586 5757 1677 5814 οὖν
1704 5761 1783 5818 δεῖ
1798 5785 1859 5838 με
1888 5767 2019 5838 κατὰ

421 5829 478 5883 τὸ
502 5827 686 5882 δίκαιον
715 5837 806 5887 τῆς
827 5829 968 5890 ἀξίας
1011 5829 1256 5904 anticipat.
1279 5869 1292 5890 ,
1324 5828 1509 5904 τούτου
1565 5827 1808 5904 ’τιμῶμαι⁸
1829 5845 1920 5897 τῆς
1968 5837 2015 5890 ἐν

428 5912 720 5980 Πρυτανείῳ
740 5906 1012 5963 σιτήσεως.
1039 5900 1215 5958 Adisis
1241 5903 1593 5961 etiamCieer.
1612 5900 1742 5962 tibi:
1774 5906 1836 5962 de
1861 5906 2012 5966 Orat.

2129 4779 2377 4848 oppressi
2430 4778 2648 4834 viduam
2673 4821 2688 4846 ,
2739 4791 3024 4849 personam
3067 4779 3246 4834 divitis
3270 4794 3379 4834 non
3423 4781 3646 4849 recepi,
3676 4782 3732 4837 in

2127 4876 2381 4930 omnibus
2409 4874 2674 4944 Operibus
2689 4875 2958 4945 justitiam
2985 4875 3278 4930 reservavi.
3348 4942 3349 4945 η

2203 4969 2290 5023 14.
2332 4969 2532 5025 .ludicii
2579 4968 2702 5024 linis
2749 4969 2956 5039 justitia
2986 4979 3090 5025 est.
3139 4969 3195 5023 In
3249 4969 3422 5024 altero
3477 4971 3731 5027 veritatis

2128 5065 2371 5122 custodia
2401 5107 2415 5131 ,
2449 5064 2503 5118 in
2533 5064 2708 5120 altero
2745 5062 2957 5119 fructus
3005 5073 3089 5119 est
3129 5063 3402 5134 mquitatis
3437 5083 3452 5118 :
3493 5073 3730 5136 utraque

2199 5213 2220 5240 ο
2253 5201 2396 5257 Edit.
2435 5197 2556 5255 Am.
2609 5215 2891 5271 (erumnam
2935 5211 3168 5271 precatus
3208 5209 3304 5271 est.
3357 5199 3483 5255 Era.
3533 5215 3590 5255 et
3632 5201 3726 5257 alii

2123 5275 2572 5328 emendarunt....
2607 5270 2908 5340 deprecatus
2929 5281 3024 5325 est.
3049 5270 3163 5324 Non
3197 5270 3355 5333 male,
3399 5272 3443 5324 si
3469 5271 3552 5327 vel
3588 5279 3728 5328 uitus

2121 5360 2306 5399 emss.
2351 5343 2754 5411 astipularetur.
2802 5344 2891 5396 Sic
2938 5343 3100 5396 etiam
3151 5341 3287 5395 infra
3327 5357 3584 5398 sermone
3633 5345 3722 5409 i7,

2121 5432 2274 5470 num.
2311 5414 2403 5480 2‘2,
2446 5414 2576 5468 edit.
2629 5413 2846 5475 habent,
2878 5412 3064 5485 Quam
3081 5415 3204 5485 jure
3231 5423 3470 5485 precatus
3497 5427 3603 5476 est.
3635 5417 3723 5470 tibi

2126 5502 2254 5539 mss.
2303 5485 2469 5552 Quam
2509 5485 2622 5550 iure
2670 5483 2928 5551 prtncavit.
2972 5483 3124 5551 Quod
3161 5495 3389 5553 utroque
3426 5484 3548 5539 loco
3593 5503 3725 5540 con-

2123 5558 2282 5612 ciune
2325 5558 2426 5609 dici
2467 5571 2626 5610 nemo
2665 5570 2770 5608 nou
2800 5555 2998 5608 videat.

2197 5644 2223 5682 ἀ
2263 5645 2465 5700 Omnes
2487 5644 2617 5699 edit.
2651 5645 2864 5699 tradidit
2893 5656 3091 5716 satana:
3115 5646 3415 5716 Apostolus.
3451 5639 3583 5716 Mss.
3612 5665 3717 5704 non

2127 5717 2378 5787 pauci....
2405 5727 2458 5769 ut
2481 5717 2603 5789 dicit
2633 5716 2928 5789 Apostolus.
2963 5715 3067 5789 Alii
3101 5709 3315 5788 partim,
3345 5709 3487 5772 tradi
3519 5732 3718 5789 satantr

2123 5785 2245 5842 dicit
2277 5787 2556 5855 Apostolus
2591 5805 2608 5842 :
2636 5785 2853 5857 partim,
2881 5787 3068 5843 tradidi
3089 5785 3113 5853 ,⁷
3133 5801 3238 5844 etc.
3265 5805 3497 5858 quorum
3525 5785 3717 5848 lectio-

2123 5876 2247 5917 nem
2281 5861 2365 5918 hic
2390 5859 2719 5917 arbitramur
2748 5861 3201 5940 tttttcponcudattt.
3686 5859 3690 5862 ’
