3948 6358
183 360 308 417 μεθ

1297 367 1365 425 ΙΝ
1401 368 1731 430 PSALMUM
1768 373 1981 433 CXVIII
2018 377 2400 439 EXPOSITIO.

3330 398 3473 455 H50

180 473 383 581 .1175.
404 482 596 583 tamen
632 490 740 532 non
765 477 976 583 privata
1007 480 1212 583 virtus,
1241 482 1602 583 scdpublica.
1632 486 1770 544 Nam
1797 490 1852 552 Α
1876 495 2117 561 potuerit
2145 496 2544 556 circumvenire
2562 541 2577 567 ,
2609 500 3004 577 calumniatur,
3039 509 3291 568 inridens
3318 516 3470 583 regni

178 569 576 624 immaculatum
609 586 811 641 corpus
852 588 883 627 a
918 573 1061 629 virili
1107 577 1468 645 permixtione
1506 595 1765 649 servare,

176 672 227 719 ct
249 663 481 734 palmam
522 665 866 723 castimoniae
905 667 1102 725 limoso
1131 670 1185 724 in
1226 686 1459 743 corpore
1498 689 1673 746 usque
1699 674 1768 732 ad

174 756 503 827 Angelorum
566 761 1045 818 conversationem
1116 764 1364 819 custodia
1440 767 1770 839 integritatis

177 847 404 904 evehere
427 889 442 913 ,
475 848 685 906 utilitas
714 851 963 921 privata,
1008 847 1127 909 laus
1172 856 1390 926 publica
1435 867 1518 914 est
1557 877 1572 914 :
1603 860 1770 933 Frugi

177 955 291 997 esse
333 955 398 996 ac
427 941 757 1012 modestum,
790 956 844 1000 et
871 946 1068 1003 sobriae
1096 950 1377 1019 parcitatis
1407 960 1594 1009 tenere
1619 970 1772 1011 men-

176 1050 353 1090 suram
402 1036 672 1107 probatur
715 1053 746 1093 a
792 1040 1038 1110 pluribus
1061 1083 1077 1109 ,
1109 1043 1206 1102 sed
1253 1044 1355 1100 sibi
1386 1046 1487 1101 soli
1533 1047 1768 1117 proiicit.

178 1128 467 1186 Fortitudo
508 1130 564 1186 in
616 1131 815 1201 prmiiis
862 1134 1096 1202 eminet,
1132 1135 1183 1190 iu
1213 1137 1327 1192 otio
1357 1137 1518 1210 friget
1557 1159 1570 1194 :
1613 1142 1770 1211 cujus

175 1238 306 1294 opus
358 1224 411 1279 iu
464 1233 710 1296 tempore
735 1229 1144 1296 necessarium,
1190 1231 1244 1287 in
1277 1242 1405 1288 voto
1437 1233 1768 1304 adversum;

177 1314 382 1370 malunt
412 1315 559 1371 enim
593 1317 844 1375 homines
879 1336 988 1376 non
1021 1337 1290 1394 pugnare,
1328 1340 1492 1396 quam
1526 1328 1767 1387 vincere.

178 1406 294 1462 Sola
320 1406 540 1477 justitia
566 1419 654 1464 est
679 1425 799 1480 quae
828 1413 1085 1469 omnibus
1109 1416 1446 1485 temporibus
1464 1459 1479 1484 ,
1515 1419 1643 1475 aliis
1669 1434 1769 1491 po-

177 1500 273 1553 tius
305 1513 434 1555 nata
474 1516 636 1572 quam
663 1503 803 1573 sibi,
839 1505 1159 1576 quotidiano
1201 1524 1300 1565 usu
1326 1550 1342 1578 ,
1372 1521 1424 1566 et
1456 1510 1633 1568 fructu
1670 1528 1772 1583 pu-

174 1591 349 1659 blico,
381 1608 487 1648 suo
517 1593 721 1651 damno
766 1597 976 1654 alienas
1004 1600 1248 1657 custodit
1293 1603 1557 1660 utilitates
1594 1623 1607 1658 :
1650 1622 1771 1677 quae

177 1683 303 1739 nihil
333 1683 539 1741 habeat
565 1687 830 1757 utilitatis,
861 1698 917 1746 et
941 1692 1230 1762 plurimum
1261 1695 1457 1753 laudis.
1494 1697 1644 1753 lianc
1670 1698 1774 1770 igi-

176 1786 253 1831 tur
281 1776 566 1847 Propheta
595 1781 887 1850 przetendit
935 1784 1001 1839 ad
1050 1786 1135 1841 sui
1188 1788 1369 1843 meriti
1416 1791 1771 1846 commenda-

1871 583 2113 642 cteiestis
2146 588 2409 660 gloriam;
2444 602 2500 648 ut
2526 608 2665 665 quos
2694 597 2971 657 illecebris
3012 604 3129 660 suis
3172 620 3201 658 a
3249 604 3471 662 Christo

1874 692 1983 732 non
2011 680 2186 748 potuit
2211 695 2502 754 separare,
2531 701 2627 743 eos
2646 690 2935 748 calumniis
2961 695 3073 750 suis
3104 696 3275 753 debiti
3301 700 3474 754 hono-

1873 772 1949 827 ris
1979 770 2162 829 fructu
2204 773 2462 835 fraudare
2500 792 2751 839 conetur.
2784 786 3082 858 Fugiamus
3124 800 3254 862 ergo
3294 793 3474 849 malos

1871 865 2314 936 calumniatores,
2345 872 2436 942 qui
2470 884 2753 942 peccatum
2785 890 3085 948 operantur
3114 882 3167 937 in
3201 883 3379 951 nobis,
3415 894 3471 939 et

1874 956 1980 1026 ipsi
2000 957 2159 1014 nobis
2178 960 2486 1019 calumnias
2506 964 2860 1024 infestissima
2891 972 3102 1045 n75
3123 975 3473 1031 accusatione

1873 1064 2232 1121 Componunt,
2264 1055 2316 1110 id
2345 1058 2489 1127 quod
2537 1061 2639 1131 ipsi
2690 1061 2919 1119 fecerint
2966 1076 3280 1137 arguentes.
3334 1069 3473 1126 Ecce

1875 1155 2069 1198 manus
2102 1143 2318 1201 Domini
2348 1157 2532 1217 parata
2561 1158 2666 1219 est,
2708 1166 2829 1223 quae
2868 1162 2921 1210 te
2954 1154 3250 1226 fugientem
3274 1159 3343 1214 ab
3373 1162 3472 1214 ad-

1875 1237 2139 1292 versariis
2163 1246 2382 1296 tueatur
2419 1257 2484 1298 ac
2528 1254 2798 1315 protegat.
2828 1246 3042 1304 Pharao
3069 1258 3121 1304 te
3149 1250 3202 1304 in
3230 1252 3477 1322 patribus

1878 1331 2097 1385 tenebat
2122 1333 2414 1403 superbus,
2442 1337 2666 1393 immitis
2694 1338 2917 1410 :fugisti
2948 1341 3017 1397 ab
3041 1356 3128 1409 eo,
3159 1345 3399 1415 suscepit
3423 1354 3475 1400 te

1875 1437 2069 1478 manus
2095 1423 2341 1493 Domini,
2374 1437 2429 1481 et
2469 1427 2537 1483 de
2562 1430 2817 1498 periculis
2848 1432 3120 1489 liberavit.
3160 1434 3276 1490 Non
3309 1436 3473 1491 dimi-

1874 1514 2039 1571 sisset
2074 1525 2125 1572 te
2160 1516 2413 1586 Pharao,
2451 1520 2555 1575 nisi
2590 1530 2643 1576 tu
2685 1522 2753 1578 ad
2794 1524 3082 1581 Dominum
3110 1527 3471 1599 confugisscs.

1878 1609 2100 1665 Dicebat
2136 1609 2350 1667 Pharao
2379 1610 2709 1669 abominatus
2749 1620 2952 1685 nescio,
2986 1627 3035 1673 et
3064 1617 3233 1674 Israel
3261 1636 3365 1674 non
3397 1622 3477 1673 di-

1876 1703 2025 1756 mitto
2050 1701 2250 1775 (Exod.
2283 1720 2349 1772 v,
2399 1704 2481 1776 2).
2524 1706 2682 1763 Vides
2724 1723 2887 1778 quam
2931 1711 3241 1781 superbus?
3282 1712 3475 1769 Merito

1875 1810 2006 1867 ergo
2049 1810 2335 1869 susceptus
2376 1799 2429 1855 in
2461 1800 2609 1857 bono
2634 1812 2718 1857 est
2741 1845 2758 1871 ,
2789 1804 2885 1874 qui
2912 1806 3118 1861 malum
3164 1806 3318 1878 fugit.
3352 1807 3469 1863 Non

176 1868 402 1935 tionem,
431 1870 625 1927 dicens
660 1890 674 1926 :
705 1870 837 1928 Feci
850 1876 1113 1949 judicium
1132 1887 1183 1935 et
1201 1881 1460 1950 justitiam
1504 1899 1523 1938 :
1553 1899 1617 1937 ne
1657 1894 1767 1938 tra-
1801 1888 1849 1948 Β
1879 1890 2082 1960 patitur
2105 1905 2234 1961 ergo
2257 1892 2471 1948 Deusin
2493 1894 2637 1949 malo
2657 1868 2755 1950 nos
2777 1868 2932 1951 esse:
2962 1898 3188 1971 suscipit
3214 1868 3265 1954 in
3292 1899 3470 1967 bono;

172 1967 258 2021 das
282 1982 367 2020 me
393 1967 701 2023 nocentibus
739 1986 837 2026 me.
864 1970 967 2027 Ubi
988 1972 1222 2043 justitia,
1258 1975 1331 2031 ibi
1353 1978 1768 2045 misericordia.

173 2060 548 2117 Misericordia
575 2077 605 2117 a
633 2074 861 2133 peccato
906 2066 1123 2123 liberat.
1169 2070 1456 2136 Quomodo
1483 2087 1613 2143 ergo
1644 2090 1769 2143 pec-

172 2156 448 2212 catoribus
482 2157 710 2214 trador?
736 2159 931 2217 Simile
952 2161 1088 2218 illud
1111 2165 1166 2220 in
1204 2166 1446 2222 Canticis
1481 2185 1495 2223 :
1527 2168 1667 2224 Emi
1692 2180 1774 2225 tu-

170 2251 337 2306 nicam
365 2268 558 2320 meam,
586 2255 843 2323 quomodo
863 2256 1076 2313 induam
1101 2275 1213 2314 eam
1229 2260 1256 2314 ?
1276 2258 1404 2315 Lavi
1430 2261 1585 2331 pedes
1604 2278 1767 2330 meos,

170 2345 423 2415 quomodo
454 2346 736 2417 inquinabo
766 2365 850 2405 eos
892 2349 1066 2423 (Cant.
1100 2368 1162 2419 ν,
1193 2353 1228 2408 5
1254 2363 1299 2408 et
1328 2354 1434 2425 ψ
1456 2355 1593 2411 Esui
1629 2356 1771 2412 tuni-

171 2451 287 2492 cam
310 2440 645 2507 peccatoris,
677 2441 1035 2514 velamenque
1063 2446 1262 2501 terreni
1300 2463 1312 2499 :
1342 2461 1441 2502 cur
1469 2448 1624 2518 quasi
1647 2464 1771 2519 pec-

170 2536 321 2585 cator
347 2540 510 2602 atque
554 2540 804 2589 terrenus
846 2534 1167 2606 adjudicor?
1193 2539 1323 2594 Lavi
1367 2540 1532 2610 pedes
1576 2557 1765 2611 meos,

173 2637 241 2677 ne
266 2637 377 2692 qua
421 2622 604 2679 delicti
650 2639 770 2681 sors
814 2637 997 2697 posset
1039 2629 1321 2687 adhaerere
1375 2634 1605 2705 vestigio
1635 2652 1647 2688 :
1675 2651 1772 2691 cur

174 2715 269 2771 das
290 2716 353 2772 in
385 2732 473 2772 me
495 2716 936 2789 delinquentibus
961 2724 1322 2792 potestatem?

237 2812 329 2867 l5.
376 2811 560 2884 (Vera.
597 2811 747 2885 122.)
797 2814 1054 2886 Sequitur
1086 2834 1099 2872 :
1134 2818 1359 2891 Suscipe
1385 2836 1586 2875 servum
1625 2832 1772 2878 tuum

168 2904 217 2958 in
244 2905 386 2960 bono
416 2925 437 2960 :
464 2921 569 2961 non
598 2907 981 2964 calumniantur
1010 2928 1088 2966 me
1110 2914 1335 2983 superbi.
1379 2913 1545 2982 Quasi
1579 2915 1769 2986 iudicii

168 3006 221 3051 et
242 2997 485 3065 iustitia:
512 2999 766 3054 conscius
791 3040 805 3069 ,
836 3004 1162 3059 auctoritate
1194 3004 1507 3075 prophetica
1541 3023 1770 3078 progre-

169 3088 353 3154 ditur;
387 3098 447 3143 ut
476 3104 698 3146 servum
726 3092 937 3149 Domini
966 3109 1026 3150 se
1057 3095 1241 3153 dicere
1269 3113 1378 3152 non
1408 3098 1728 3156 reformidet
1753 3118 1766 3155 :

169 3196 367 3237 servus
390 3182 541 3238 enim
558 3182 771 3240 Domini
802 3186 939 3243 nihil
963 3187 1126 3244 debet
1144 3187 1362 3245 alienis.
1389 3190 1631 3246 Pretiosa
1654 3191 1771 3248 hinc

1878 1997 1978 2037 nec
2011 1984 2211 2053 patitur
2231 1999 2362 2040 suos
2382 1986 2666 2042 calumniis
2696 1989 3006 2059 subjacere.

1952 2074 2040 2129 l7.
2085 2075 2265 2148 (Vers.
2313 2075 2464 2148 125.)
2499 2076 2652 2133 Oculi
2682 2082 2784 2134 mei
2825 2080 3125 2152 defecerunt
3160 2084 3213 2139 in
3244 2084 3477 2140 salutare

1878 2176 2042 2235 tuum,
2069 2179 2118 2223 et
2147 2170 2200 2223 in
2228 2169 2488 2239 eloquium
2518 2171 2747 2237 justitite
2776 2184 2898 2230 tute.
2931 2175 3032 2242 Qui
3076 2176 3187 2231 sint
3215 2177 3301 2232 isti
3331 2179 3476 2234 oculi

1877 2261 2190 2328 considera,
2218 2262 2314 2334 qui
2337 2264 2392 2318 in
2415 2262 2692 2320 Christum
2716 2265 2996 2334 deficiunt,
3026 2268 3154 2324 dum
3184 2269 3302 2340 ejus
3333 2285 3475 2340 prte-

1875 2352 2146 2408 stolantur
2172 2352 2490 2422 adventum,
2544 2358 2743 2411 animae
2768 2357 3022 2414 videlicet
3044 2360 3188 2415 oculi
3217 2376 3322 2415 non
3354 2376 3477 2415 cor-

1874 2443 2060 2513 poris,
2094 2454 2204 2499 tota
2237 2445 2362 2501 fidei
2392 2447 2699 2504 intentione
2730 2448 2928 2515 deﬁxi;
2958 2451 3013 2505 in
3037 2464 3104 2506 eo
3133 2452 3276 2507 enim
3314 2466 3475 2521 quem

1874 2538 2189 2609 diligimus,
2238 2543 2365 2596 totis
2409 2542 2587 2598 oculis
2631 2557 3002 2613 occupamur,
3050 2559 3150 2600 nec
3178 2545 3473 2615 quidquam

1875 2629 2022 2685 aliud
2050 2631 2239 2687 videre
2266 2631 2528 2687 delectat.
2559 2632 2677 2687 Non
2716 2643 2893 2703 potest
2918 2636 3020 2690 hoc
3049 2635 3235 2690 dicere
3256 2636 3359 2690 nisi
3382 2637 3472 2706 qui

1876 2738 1906 2777 a
1932 2725 2223 2780 mundanis
2258 2726 2719 2782 sollicitudinibus
2755 2737 2812 2782 et
2836 2727 3190 2783 stecularibus
3230 2728 3476 2797 volupta-

1877 2816 2020 2872 tibus
2050 2817 2409 2874 intentionem
2453 2833 2674 2873 omnem
2710 2833 2823 2873 suae
2862 2819 3063 2874 mentis
3092 2823 3306 2875 avertit.
3337 2818 3473 2875 Nam

1875 2911 2155 2980 quomodo
2186 2908 2291 2965 hoc
2315 2910 2488 2978 dicit,
2521 2910 2616 2981 qui
2642 2910 2998 2967 theatralibus
3037 2911 3286 2967 ludibriis
3312 2926 3477 2967 occu-

1873 3003 2071 3075 patur?
2098 3004 2205 3069 Sed
2254 3005 2346 3059 ille
2392 3004 2496 3060 hoc
2525 3005 2686 3071 dicit,
2717 3004 2809 3073 qui
2855 3019 3017 3074 supra
3060 3004 3199 3060 dixit
3242 3023 3254 3058 :
3297 3005 3479 3060 Auerte

1875 3095 2055 3150 oculos
2090 3111 2259 3161 meos,
2298 3111 2363 3149 ne
2395 3094 2603 3150 uideant
2632 3096 2908 3149 vatutatem
2937 3095 3145 3166 (Serm.
3169 3112 3232 3165 v,
3265 3113 3314 3151 υ.
3348 3096 3473 3168 57).

1874 3189 1977 3256 Qui
2002 3195 2183 3242 autem
2216 3196 2343 3243 sunt
2369 3189 2513 3243 oculi
2535 3186 2626 3258 qui
2654 3188 2915 3243 deficiunt
2939 3189 2994 3242 in
3026 3188 3300 3258 eloquium
3332 3188 3475 3254 Dei,

167 3286 247 3331 est
292 3275 571 3343 servitus,
625 3293 747 3348 quae
795 3278 1054 3336 virtutum
1083 3288 1298 3337 constat
1337 3284 1613 3350 expensis.
1648 3284 1761 3340 Cur
1790 3279 1835 3342 C
1872 3281 1974 3334 nisi
2007 3280 2153 3335 oculi
2180 3280 2460 3335 interioris
2491 3279 2752 3347 hominis,
2785 3281 3113 3351 obtutusque
3141 3282 3358 3347 animm,
3378 3283 3478 3351 qui

165 3378 348 3425 atem
378 3370 536 3426 timet
561 3372 879 3428 nocentibus
908 3375 1066 3440 tradi,
1098 3375 1278 3444 aperit
1305 3375 1615 3445 evidenter;
1639 3378 1765 3447 quia

163 3462 597 3518 calumniatores
633 3472 791 3530 sunt,
838 3465 931 3535 qui
979 3465 1193 3520 oderint
1224 3467 1507 3522 veritatem
1540 3486 1554 3523 :
1588 3470 1765 3539 impu-

168 3565 334 3626 gucnt
362 3555 771 3625 innocentiam,
806 3558 937 3628 quia
968 3558 1189 3628 superbi
1228 3569 1376 3615 sunt.
1407 3560 1594 3629 Qualis
1620 3562 1767 3617 enim

165 3647 459 3703 adversum
490 3648 744 3710 servulos
768 3650 861 3706 Dei
895 3659 1073 3720 potest
1094 3651 1364 3720 superbus
1390 3667 1532 3716 esse.
1558 3654 1649 3723 qui
1676 3654 1771 3708 ad-

170 3757 362 3799 versus
393 3743 562 3797 Deum
598 3758 662 3798 se
693 3744 898 3799 exaltut
919 3783 936 3809 ,
976 3753 1029 3799 et
1055 3744 1191 3800 dicit
1220 3762 1234 3799 :
1265 3743 1334 3799 In
1363 3747 1551 3801 calum
1590 3764 1770 3802 ascen-

167 3834 283 3889 dant
309 3850 330 3888 .'
354 3850 512 3904 super
539 3835 717 3889 sidera
739 3836 852 3891 ειειὶ
875 3850 1068 3907 ponam
1091 3838 1263 3891 sedent
1285 3853 1449 3892 meam
1476 3855 1494 3892 :
1514 3838 1697 3893 sedebo
1717 3839 1773 3892 in

170 3937 342 3981 monte
368 3927 607 3993 excelso,
647 3944 805 4000 super
826 3938 1025 3984 montes
1053 3930 1189 3983 altos
1227 3931 1316 3996 qui
1354 3940 1472 3985 sunt
1514 3931 1577 3985 ab
1610 3931 1773 4001 Aqui-

173 4021 289 4073 lone
322 4036 347 4076 :
370 4021 650 4075 ascendam
674 4038 833 4091 super
861 4022 1020 4078 nubes
1038 4064 1054 4089 ,
1097 4032 1145 4078 et
1170 4040 1260 4079 cro
1283 4025 1470 4079 similis
1508 4026 1772 4080 Altissimo

174 4108 349 4183 (Esai.
378 4127 504 4177 xw,
540 4113 611 4171 15
638 4124 687 4168 et
721 4113 849 4185 ib)?
885 4114 1029 4182 Quid
1071 4114 1234 4184 igitur
1275 4115 1507 4183 mirum,
1554 4117 1599 4171 si
1648 4132 1774 4187 gra-

172 4212 299 4253 vane
332 4198 584 4254 homines
617 4201 826 4269 possit,
859 4200 952 4271 qui
996 4202 1266 4272 pervicaci
1292 4202 1491 4272 spiritu
1524 4217 1627 4258 nec
1662 4204 1773 4258 Deo

172 4289 357 4346 cedit?
380 4291 665 4361 Quomodo
691 4308 1005 4350 mensuram
1034 4296 1299 4360 veritatis,
1323 4305 1379 4352 et
1402 4296 1564 4352 fidem
1593 4297 1645 4352 in
1676 4297 1775 4352 ho—

174 4386 378 4441 minem
403 4387 732 4454 reservabit,
755 4389 848 4458 qui
869 4389 1162 4458 sacrilego,
1187 4389 1601 4462 impudentique
1618 4405 1775 4447 meu-

173 4477 331 4534 dacio
356 4480 714 4551 omnipotenti
737 4496 796 4537 sc
823 4482 1055 4539 Domino
1082 4482 1480 4553 adaequandum
1509 4499 1630 4539 esse
1651 4499 1777 4555 pro-

172 4574 385 4629 mittit?
406 4584 432 4612 ιι
458 4576 752 4644 Quomodo
791 4577 1159 4633 calumniatur
1180 4577 1410 4646 singulis
1429 4618 1445 4641 ,
1478 4579 1569 4649 qui
1604 4588 1773 4633 totam

1873 3372 2165 3427 tenduntur
2192 3380 2252 3426 ut
2278 3372 2501 3427 videant
2551 3372 2647 3442 Dei
2689 3372 2952 3437 verbum,
2987 3382 3042 3426 et
3086 3372 3253 3427 nimia
3299 3372 3478 3427 inten-

1872 3464 2021 3518 tione
2041 3472 2097 3519 et
2123 3464 2532 3534 exspectatione
2559 3464 2822 3519 deficiunt
2858 3464 2912 3519 in
2943 3464 3183 3520 salutare
3212 3464 3341 3530 Dei,
3372 3464 3475 3520 de-

1871 3555 2070 3612 fectum
2105 3557 2188 3613 sui
2229 3557 2533 3626 patientes,
2564 3564 2623 3612 ut
2649 3568 2934 3611 assumant
2976 3555 3121 3627 quod
3153 3556 3306 3614 verbi
3345 3558 3479 3613 est?

1947 3649 2033 3705 l8.
2074 3650 2142 3704 Et
2171 3649 2297 3720 quia
2329 3648 2610 3719 eloquium
2659 3648 2755 3704 Dei
2791 3649 3081 3719 plerosque
3123 3663 3347 3705 movere
3378 3662 3477 3718 po-

1875 3752 2002 3808 test,
2026 3742 2150 3800 ideo
2173 3742 2382 3799 addidit
2413 3761 2425 3797 :
2450 3742 2733 3814 Eloquium
2746 3743 3004 3817 justititc;
3031 3751 3090 3799 ut
3112 3757 3334 3798 movere
3361 3757 3473 3798 non

1872 3836 2092 3893 debeat.
2132 3836 2350 3892 Movere
2377 3850 2557 3892 autem
2595 3844 2852 3904 poterat,
2898 3837 3021 3905 quia
3047 3837 3308 3905 scriptum
3339 3846 3427 3891 est
3458 3856 3472 3890 :

1876 3926 2052 4000 Major
2078 3928 2260 3982 serviet
2289 3928 2476 3981 minori
2519 3925 2683 3999 (Gen.
2733 3942 2875 3991 xxv,
2921 3922 3048 3996 25).
3090 3925 3224 3981 Nam
3256 3926 3358 3980 nisi
3402 3927 3474 3983 ad

1875 4023 2196 4094 mysterium
2227 4021 2496 4091 accipias,
2539 4028 2747 4074 natura;
2794 4018 2988 4089 injuria
3036 4026 3140 4075 est.
3193 4018 3289 4084 Et,
3335 4015 3476 4072 Dedi

1874 4114 2015 4170 vobis
2047 4121 2307 4184 praecepta
2330 4128 2431 4167 non
2461 4112 2593 4166 bona
2634 4109 2849 4182 (Escelt.
2882 4125 2953 4166 xx
2971 4152 2986 4176 ,
3013 4110 3133 4182 9-5).
3158 4111 3302 4182 Ergo
3327 4110 3472 4166 Deus

1874 4206 2015 4263 mala
2041 4205 2135 4261 dat
2178 4216 2470 4277 praecepta.
2514 4205 2615 4270 Et,
2648 4203 2763 4274 Ego
2806 4202 3063 4261 Dominus
3100 4221 3280 4259 creaus
3330 4205 3474 4261 mala

1879 4299 2048 4372 (Esai.
2082 4315 2204 4367 ην,
2236 4298 2312 4372 7).
2339 4298 2445 4355 Sed
2469 4306 2524 4354 et
2553 4299 2621 4353 de
2646 4298 2933 4369 praeceptis
2964 4299 3043 4353 sic
3063 4299 3324 4365 solvitur;
3348 4299 3476 4369 quia

1876 4391 2108 4449 infirmis
2163 4407 2269 4447 non
2300 4391 2433 4447 dare
2461 4391 2655 4447 debuit
2699 4389 2939 4462 perfecta
2987 4401 3255 4461 prmcepta
3284 4432 3300 4458 ,
3352 4406 3476 4460 qum

1874 4491 2146 4541 sustinere
2178 4500 2283 4540 non
2311 4494 2550 4554 possent.
2581 4484 2812 4552 Quando
2834 4482 3045 4537 audiret
3067 4481 3287 4537 Judmus
3321 4498 3335 4534 :
3369 4478 3471 4535 Di-

1875 4579 2016 4634 mitte
2042 4579 2216 4633 omnia
2253 4587 2436 4631 επακ..
2465 4586 2516 4632 et
2553 4592 2764 4648 sequere
2804 4591 2887 4630 me
2910 4573 3130 4645 (Matth.
3180 4589 3306 4640 XIX,
3335 4572 3428 4640 21)
3450 4575 3475 4627 ?

172 4666 405 4722 irritavit
432 4678 674 4735 terram,
703 4672 984 4727 concussit
1004 4686 1195 4743 reges,
1230 4674 1410 4742 posuit
1454 4674 1766 4729 universum
1796 4661 1847 4722 D
1873 4669 2100 4738 Quando
2153 4668 2369 4722 audiret
2412 4665 2633 4721 Judazus
2682 4684 2696 4719 :
2740 4666 2844 4732 Qui
2899 4680 3003 4719 non
3046 4663 3222 4717 tulerit
3270 4679 3478 4717 crucem

169 4761 363 4817 orbem
385 4762 668 4820 desertum
688 4802 705 4832 ,
739 4773 795 4820 et
838 4765 1088 4821 civitates
1116 4765 1387 4821 destruxit
1415 4786 1428 4821 :
1456 4780 1551 4822 eos
1575 4767 1665 4837 qui
1714 4766 1769 4820 in

170 4851 500 4911 abdectiene
523 4867 709 4925 erant,
739 4871 849 4913 non
878 4857 1081 4913 solvit?

258 4947 348 5002 lb’.
383 4944 684 5004 Caveamus
710 4952 845 5019 ergo
878 4964 954 5006 ne
982 4964 1169 5007 muros
1206 4951 1404 5006 animae
1445 4958 1646 5006 nostrae
1675 4949 1771 5006 dco

170 5048 381 5103 struat,
426 5055 493 5095 ne
522 5041 928 5111 propugnacula
967 5049 1171 5096 nostrae
1202 5042 1403 5097 mentis
1439 5042 1658 5106 diruat,
1701 5057 1771 5097 ne

166 5147 347 5203 super
367 5132 547 5189 sidera
574 5132 831 5188 thronum
864 5148 1028 5188 suout
1074 5143 1261 5205 ponat.
1308 5132 1467 5188 Ponit
1494 5147 1659 5203 super
1693 5132 1769 5187 si-

167 5224 337 5291 dera,
367 5224 583 5292 quando
619 5226 857 5281 electum
895 5225 1135 5296 decipit,
1175 5225 1395 5296 quando
1427 5225 1634 5295 justum
1666 5225 1771 5281 cir-

164 5318 484 5385 cmvenit,
515 5318 675 5387 cujus
714 5332 883 5386 Opera
925 5317 1110 5373 lucent
1138 5317 1288 5371 sicut
1323 5316 1500 5372 stella:
1524 5317 1577 5370 in
1605 5316 1767 5372 cmlo.

168 5408 369 5466 Nonne
406 5418 465 5467 et
505 5409 676 5467 ludas
720 5409 964 5479 proditor
1005 5411 1148 5466 inter
1188 5419 1418 5466 caeteros
1467 5408 1721 5465 audiebat
1756 5431 1768 5465 :

177 5501 290 5557 Vos
324 5506 435 5559 estis
487 5506 579 5559 tua:
628 5504 788 5569 huius
818 5504 999 5557 mundi
1032 5502 1248 5576 (Matth.
1298 5519 1331 5559 v
1355 5545 1371 5569 ,
1405 5500 1539 5572 M)?
1580 5502 1773 5558 Nonne

169 5594 422 5653 diabolus
458 5596 646 5652 iumen
674 5595 794 5667 ejus
837 5596 1110 5651 extinxit?
1139 5595 1279 5665 Quin
1302 5595 1471 5652 etiam
1499 5609 1637 5666 quos
1663 5608 1771 5649 non

258 5807 289 5837 ³
320 5784 523 5858 bones
543 5800 706 5861 edit..
736 5798 1009 5869 Quomodo
1030 5816 1134 5855 non
1155 5784 1502 5855 calumniatur
1521 5797 1750 5868 singulos
1763 5815 1782 5865 ;

177 5878 380 5947 milites
420 5886 553 5931 mss.
577 5914 592 5941 ,
667 5869 939 5952 Quomodo
993 5872 1336 5952 caumaniatur
1378 5869 1641 5949 singulis?
1665 5868 1782 5931 Noti

1876 4778 2045 4828 suam,
2071 4770 2117 4815 et
2144 4769 2346 4815 secutus
2366 4776 2449 4814 me
2470 4760 2628 4829 fuerit
2645 4800 2660 4824 ,
2690 4774 2796 4813 non
2820 4766 2897 4812 est
2928 4774 3009 4811 me
3032 4757 3225 4828 dignus
3253 4756 3470 4828 (Matth.

1878 4870 1932 4919 κ,
1964 4853 2095 4922 38)?
2128 4852 2237 4909 Sed
2263 4851 2381 4907 hac
2409 4850 2733 4920 perfectiora
2763 4858 3035 4917 prccej‘tta
3060 4849 3360 4919 Evangelia
3383 4865 3475 4904 re—

1874 4956 2085 5002 servata
2112 4954 2258 5002 sunt.
2285 4944 2354 5000 Et
2370 4944 2515 5000 uiala
2539 4960 2645 4998 non
2668 4942 2876 4998 creavit
2899 4942 3063 5007 Deus,
3089 4942 3185 4997 sed
3212 4943 3331 4997 haec
3352 4955 3477 5009 quat

1876 5039 2121 5095 videntur
2149 5040 2304 5097 nobis
2331 5048 2571 5101 austera,
2597 5036 2847 5101 verbera,
2870 5023 3021 5091 mors
3048 5046 3107 5089 et
3151 5033 3471 5105 bujusmodi

1875 5133 1981 5186 alia
2028 5147 2149 5201 quae
2199 5141 2422 5201 propter
2461 5129 2902 5184 emendationem
2966 5129 3285 5199 prtescripta
3343 5134 3472 5185 sunt

1880 5223 2202 5288 noxiorum;
2241 5225 2403 5291 justis
2434 5222 2581 5276 enim
2619 5236 2730 5277 non
2763 5230 2848 5276 est
2875 5220 2965 5275 lex
2995 5220 3165 5288 posita
3189 5261 3204 5286 ,
3252 5219 3348 5274 sed
3390 5220 3478 5277 ist-

1877 5313 2060 5385 justis.
2090 5313 2228 5369 Nam
2259 5316 2303 5369 si
2336 5314 2482 5369 noxii
2510 5313 2649 5368 nihil
2674 5314 2953 5374 timerent.
2980 5312 3304 5368 iniectantes
3332 5324 3477 5365 sem-

1884 5423 1982 5479 per
2008 5408 2290 5463 timerent.

1958 5500 2045 5555 19.
2091 5499 2193 5567 Qui
2222 5509 2347 5555 sunt
2374 5498 2540 5569 igitur
2563 5497 2654 5552 isti
2676 5496 2823 5551 oculi
2849 5497 2944 5567 qui
2970 5495 3233 5551 deﬁciunt
3254 5495 3306 5550 in
3335 5496 3480 5551 salu—

1880 5604 2000 5651 tare
2052 5594 2182 5650 Dei?
2234 5593 2480 5649 Diximus
2522 5590 2742 5647 oculum
2774 5589 3167 5661 suppliciorum
3188 5602 3351 5658 esse,
3386 5588 3481 5660 qui

1891 5796 2053 5865 male,
2087 5797 2132 5853 si
2166 5811 2263 5868 per
2292 5794 2523 5867 ironiam
2550 5792 2752 5849 dictum
2779 5792 3094 5864 accipiatur.
