3948 6368
1409 41 1440 45 .5
1691 41 1752 52 R‘
1763 49 1766 52 ,
1779 41 1802 50 σ

462 385 590 441 1451

1837 372 2081 430 SANCTI
2117 373 2440 430 AMBROSI]

1829 40 2036 56 ξιτατ-*ἔναι’
2049 46 2344 62 ,ιμνωέο
2363 55 2387 60 ι.

3616 361 3742 418 “52

468 501 775 572 praevidens
818 499 1000 554 futura
1039 496 1300 568 supplicia
1348 503 1732 566 peccatorum,
1761 491 2059 565 gerendam
2087 489 2529 559 Aabundantia,
2589 493 2682 550 ubi
2729 493 3012 562 Christus;
3080 506 3140 551 ιιι
3194 510 3346 552 mens
3393 495 3619 552 humana
3669 513 3746 553 re-

469 591 753 648 annnntiet
797 590 1196 662 ptenitentiam.
1235 587 1633 643 Demonstravit
1663 585 1807 641 hunc
1845 585 2061 642 oculum

469 686 708 754 Bapli-ta
745 683 984 739 Joannes
1010 682 1198 736 dicens
1231 698 1244 734 :
1278 678 1556 734 Generatio
1595 680 1884 751 viperarum
1911 719 1924 738 .
1950 679 2069 750 quis

473 777 692 830 ostendit
717 775 855 829 vobis
880 775 1058 846 fugere
1085 771 1146 825 ab
1183 772 1262 825 ira
1289 772 1544 824 ventura?
1573 767 1755 823 Facite
1806 784 1928 842 ergo
1955 772 2070 838 {ru-

476 879 586 926 ctus
613 870 798 937 dignos
825 867 1136 939 ptenitentiw
1159 862 1321 935 (Luc.
1354 879 1440 930 ut,
1472 864 1499 914 ’ἲ
1533 872 1580 916 et
1610 862 1688 932 8).
1732 861 1814 915 Ad
1867 861 2070 928 baptis-

471 977 617 1015 munt
650 960 792 1013 cnim
823 959 1049 1013 Joannis
1099 956 1383 1022 veniebat,
1429 958 1518 1024 qui
1571 954 1806 1008 habebat
1849 953 2068 1010 octtlum

472 1054 864 1123 suppliciorum
899 1069 912 1104 :
947 1051 1011 1104 ad
1041 1048 1247 1103 Christi
1288 1057 1468 1100 autem
1517 1045 1838 1115 baptismum
1881 1046 2028 1100 venit
2052 1087 2067 1113 ,

472 1149 559 1214 qui
594 1147 738 1198 videt
760 1144 1009 1208 gratiam.
1043 1141 1140 1196 Hic
1169 1142 1315 1195 enim
1358 1142 1548 1193 oculus
1577 1152 1654 1194 est
1689 1139 2068 1218 qnem‘Domi-

473 1241 611 1294 nica-
636 1237 906 1309 passionis
937 1237 1124 1290 umbra
1157 1245 1337 1289 tuetur
1377 1244 1431 1289 et
1454 1237 1712 1305 proregit.
1750 1234 1906 1288 Aliud
1940 1247 2073 1305 ergo

476 1329 713 1393 Ennon,
747 1327 892 1381 alitttl
944 1327 1068 1382 Ain.
1119 1327 1175 1382 In
1233 1327 1424 1382 Ennon
1481 1329 1783 1398 baptizatur
1823 1325 2074 1380 conscius

473 1423 722 1492 gravium
753 1423 1071 1475 delictorum
1108 1439 1122 1474 ε
1151 1422 1242 1491 qui
1273 1430 1454 1475 autem
1495 1436 1688 1489 purum
1718 1419 1936 1472 oculum
1974 1417 2072 1471 ha-

475 1514 587 1577 bet,
621 1513 849 1582 gratiam
874 1513 1102 1581 suscipit
1129 1512 1455 1582 spiritalem.
1495 1511 1560 1565 Et
1591 1508 1926 1581 imper-iecur:
1962 1507 2072 1562 for-

478 1620 623 1663 tasse
651 1609 847 1662 animae
877 1607 1071 1661 oculus
1114 1606 1505 1677 suppliciorum
1536 1615 1618 1659 est
1661 1622 1674 1657 :
1714 1603 1926 1675 1176
1954 1617 2075 1672 pcr-

479 1699 636 1754 t‘ectae
665 1712 845 1754 autem
883 1700 1068 1754 oculus
1115 1700 1410 1769 gratiarum
1443 1707 1528 1752 cst
1559 1695 1748 1768 punior
1773 1709 1936 1765 atque
1960 1694 2074 1748 sin-

479 1793 658 1847 cerior
681 1833 696 1858 ,
749 1793 840 1862 qui
872 1793 1209 1862 signiﬁcatur
1250 1790 1349 1845 hac
1379 1789 1556 1844 littera
1582 1830 1598 1855 ,
1641 1788 1708 1843 ad
1759 1803 1919 1856 quam
1947 1787 2076 1856 justi

2173 581 2307 653 pleri
2338 585 2540 656 cupiat.
2573 583 2682 640 Has
2718 587 2832 642 sitit
2862 604 3030 659 aquas
3075 604 3302 657 cervus,
3333 604 3470 660 quas
3513 607 3628 645 cum
3669 592 3744 647 hi-

2172 673 2344 742 berit,
2375 676 2532 732 sitire
2561 693 2670 733 non
2699 681 2888 748 possit.
2915 680 3026 735 Has
3055 695 3231 762 aquas.
3253 682 3422 738 sitivit
3449 683 3703 754 Propheta
3729 727 3741 752 ,

2173 782 2296 823 cum
2327 767 2503 824 dixit:
2538 770 2712 825 Sitivit
2741 774 2798 826 in
2838 782 2885 827 te
2924 776 3100 828 anima
3139 791 3251 829 mea
3294 774 3477 846 (Psal.
3521 791 3636 839 xu,
3664 775 3744 848 5).

2173 860 2339 917 Sedet
2366 877 2497 934 ergo
2542 863 2789 920 Christus
2831 881 2997 938 super
3036 867 3424 923 abundantiam
3467 885 3711 939 aquarum
3736 913 3749 935 ,

2171 965 2228 1011 et
2271 972 2435 1026 super
2481 959 2893 1029 plenitudinem.
2923 970 2948 998 τι
2981 961 3046 1016 Et
3078 961 3200 1017 ideo
3234 963 3324 1033 qui
3362 963 3663 1034 baptizatur
3701 964 3747 1018 in

2175 1049 2336 1115 lacte,
2369 1049 2500 1105 dicit
2543 1069 2555 1105 :
2602 1051 2668 1106 Et
2697 1069 2792 1107 nos
2821 1071 2996 1109 omnes
3024 1053 3089 1108 de
3117 1054 3442 1126 plenitudine
3476 1057 3584 1127 ejus
3619 1072 3753 1111 acce-

2188 1143 2361 1212 pimus
2392 1144 2574 1215 (Jaan.
2607 1161 2655 1210 ι,
2705 1147 2816 1218 ¹16).
2851 1146 3008 1204 Unde
3050 1159 3104 1204 et
3151 1149 3344 1204 oculus
3387 1151 3754 1221 suppliciorum

2177 1252 2287 1291 non
2335 1237 2548 1294 alienus
2598 1247 2682 1293 est
2731 1240 2798 1294 ab
2845 1241 3119 1308 Ecclesia;
3149 1243 3273 1312 quia
3319 1243 3423 1298 etsi
3473 1242 3758 1314 baptizabat

2177 1327 2418 1386 Joannes
2445 1331 2496 1386 in
2530 1331 2746 1396 Ennon,
2777 1332 3090 1404 baptizabat
3113 1335 3270 1405 juxta
3305 1336 3473 1392 Salirn
3496 1378 3510 1402 ,
3542 1335 3628 1392 ubi
3651 1347 3755 1391 erat

2178 1435 2438 1492 aquarum
2465 1422 2817 1491 abundantia,
2847 1425 3135 1482 duodecim
3181 1429 3359 1482 fontes
3383 1469 3397 1492 ,
3446 1436 3503 1483 et
3549 1439 3749 1500 septua-

2178 1515 2323 1584 ginta
2358 1516 2665 1572 Palmarum
2697 1520 2918 1574 arbores
2951 1519 3130 1593 (Joan.
3167 1537 3223 1576 nt
3244 1563 3260 1588 ,
3289 1521 3410 1593 9.5).

2249 1608 2341 1662 22.
2386 1608 2498 1664 Hos
2523 1609 2701 1667 fontes
2736 1613 2899 1668 habet
2927 1614 3166 1670 Ecclesia
3190 1657 3204 1679 ,
3238 1615 3345 1669 hoc
3373 1623 3457 1672 est
3479 1656 3494 1682 ,
3523 1618 3578 1669 in
3606 1618 3759 1671 veteri

2180 1699 2532 1758 Testamento
2554 1703 2838 1760 duodecim
2881 1706 3222 1775 patriarchas
3243 1749 3258 1774 ,
3293 1715 3348 1762 et
3384 1707 3437 1762 in
3467 1721 3610 1763 novo
3637 1707 3759 1762 duo-

2181 1795 2359 1851 decim
2404 1796 2702 1867 apostolos.
2752 1797 2986 1869 Ideoque
3029 1798 3234 1854 dictnm
3273 1808 3356 1854 cst
3390 1817 3404 1852 :
3437 1797 3506 1852 In
3553 1797 3763 1854 Ecclesia

475 1884 649 1940 forma
676 1886 957 1954 dirigitur;
984 1886 1106 1953 quia
1131 1885 1447 1954 imperfecta
1477 1887 1681 1953 peccati
1708 1881 2077 1936 tantummodo

2199 1888 2543 1944 ienedicamus
2567 1888 2846 1944 Dominum
2876 1889 3039 1945 Deum
3064 1891 3128 1944 de
3153 1892 3380 1963 fontibus
3409 1889 3580 1947 Israel
3603 1890 3761 1964 (Psal.

475 1980 740 2048 judicium
771 1979 1048 2033 declinare
1079 1976 1377 2042 desiderat,
1407 1980 1644 2047 perlecta
1671 1989 1800 2029 vero
1824 1972 2076 2028 meritum

477 2072 629 2140 regni
672 2071 918 2127 ctelestis
948 2071 1255 2141 acquirere.
1301 2069 1692 2124 Pra’sntnimus
1726 2078 1905 2123 tamen
1935 2064 2079 2137 quod

484 2175 771 2232 ult-nmque
798 2167 1012 2219 oculum
1043 2180 1143 2217 una
1177 2163 1355 2216 anima
1389 2161 1606 2227 habeat,
1635 2170 1688 2214 et
1711 2161 1924 2214 oculum
1954 2175 2083 2230 sup-

483 2257 769 2329 pliciorum
796 2302 810 2325 ,
846 2270 899 2311 et
929 2259 1145 2312 oculum
1189 2257 1378 2326 gratiae
1410 2273 1423 2310 :
1460 2257 1657 2308 ltevutn
1700 2253 1922 2306 oculum
1957 2266 2082 2322 sup-

487 2353 805 2422 pliciorum.
837 2355 1116 2406 dexterum
1159 2351 1380 2421 gratim;
1412 2350 1536 2419 quia
1571 2364 1678 2402 non
1714 2363 1744 2402 a
1788 2347 1964 2418 primo
1991 2345 2086 2399 ho-

486 2447 661 2501 mines
691 2456 912 2515 possunt
946 2458 1066 2498 esse
1097 2443 1353 2509 perfecti,
1387 2441 1481 2496 sed
1508 2455 1606 2513 per
1637 2453 1950 2510 processum
1980 2438 2087 2492 vir-

488 2544 618 2595 tutis
643 2539 968 2595 ascendunt.
1000 2541 1139 2593 Ante
1164 2539 1327 2608 igitur
1350 2551 1683 2608 unaqua-que
1712 2535 1894 2589 anima
1931 2533 2085 2603 quasi

487 2633 554 2687 ad
589 2633 915 2702 baptismum
966 2631 1191 2686 Joannis
1243 2633 1423 2696 venit;
1468 2640 1527 2684 ut
1574 2632 1864 2700 praemittat
1910 2626 2086 2698 paeni-

491 2729 718 2782 tentiam
762 2727 1086 2782 delictorum
1132 2733 1230 2780 :et
1278 2726 1330 2778 in
1383 2739 1640 2795 processu
1691 2723 1947 2794 paulatim
1998 2720 2088 2775 ubi

493 2832 708 2890 peccata
737 2838 832 2874 sua
864 2820 1178 2884 deﬂeverit,
1213 2819 1440 2890 spiritali
1488 2819 1672 2874 abluta
1724 2818 2046 2885 baptismate
2073 2857 2087 2881 ,

492 2913 700 2968 Christi
741 2915 940 2982 accipit
985 2926 1406 2968 sacramentum.
1463 2911 1621 2968 Unde
1674 2910 1886 2965 videtur
1929 2917 1986 2964 et
2037 2908 2088 2962 in

489 3005 727 3061 Canticis
753 3004 1103 3059 Canticorum
1132 3003 1378 3059 Ecclesia
1404 3004 1706 3073 praediCari,
1732 3003 1816 3072 cui
1840 3002 2045 3056 dicitur
2075 3019 2086 3053 :

495 3097 597 3154 Cor
645 3109 878 3152 nostrum
925 3097 1143 3166 cepisti,
1173 3112 1321 3150 soror
1346 3111 1459 3149 mea
1487 3095 1713 3168 Sponsa,
1744 3110 1832 3148 cor
1860 3105 2092 3147 nostrum

499 3193 675 3265 cepisti
707 3208 811 3245 uno
856 3191 918 3245 ab
948 3191 1115 3245 oculis
1143 3191 1243 3243 tuis
1276 3187 1454 3260 (Cant.
1479 3204 1550 3253 tv,
1584 3187 1666 3257 9);
1696 3198 1753 3241 ut
1778 3189 1879 3241 iste
1902 3187 2093 3241 oculus

2187 1999 2358 2046 vau,
2389 1985 2503 2055 27).
2539 1983 2632 2039 His
2665 1983 2901 2040 fontibus
2923 1994 3050 2040 ante
3080 1984 3424 2057 perfunditur
3445 1987 3766 2056 quicumque

2184 2075 2383 2130 Christi
2416 2078 2671 2148 mysteria
2709 2087 3056 2132 sacrosancta
3084 2079 3471 2149 consequitur;
3509 2079 3594 2133 isti
3635 2077 3765 2132 enim

2185 2169 2360 2224 fontes
2391 2184 2457 2223 ex
2486 2177 2694 2224 aeterno
2735 2169 2887 2225 fonte
2931 2180 3215 2226 manantes
3237 2211 3252 2236 ,
3287 2179 3402 2226 toto
3431 2169 3568 2226 orbe
3604 2170 3760 2225 ﬂuxo.

2188 2268 2332 2315 runt.
2372 2259 2472 2315 Ubi
2501 2261 2588 2315 isti
2619 2260 2817 2327 fontes,
2849 2261 2923 2317 ibi
2953 2262 3201 2317 ascensio
3230 2262 3558 2318 animarum.
3580 2261 3768 2334 1177

2191 2355 2435 2426 Denique
2456 2355 2623 2410 Salim
2648 2355 2992 2428 interpretati
3024 2367 3171 2424 sunt,
3199 2356 3382 2429 Ipsum
3403 2359 3766 2412 ascendentem.

2190 2445 2285 2502 llle
2311 2447 2457 2502 enim
2501 2463 2630 2503 vere
2675 2449 2951 2516 ascendit,
2985 2449 3075 2520 qui
3117 2450 3336 2521 pr0pria
3367 2459 3590 2521 peccata
3622 2448 3772 2518 depo-

2192 2539 2290 2592 nit.
2343 2539 2455 2593 l~loc
2503 2540 2665 2610 igitur
2712 2543 2883 2595 verbo
2917 2541 3296 2611 puriﬁcatorize
3345 2539 3774 2596 sanctiﬁcationis

2193 2645 2321 2686 usus
2349 2633 2695 2702 exprimitur.
2730 2631 2884 2700 Unde
2912 2634 3076 2689 etiam
3107 2634 3245 2690 bene
3275 2634 3328 2689 in
3355 2634 3597 2690 Canticis
3630 2632 3773 2688 Chri-

2192 2733 2308 2779 stus
2338 2724 2467 2780 dicit
2497 2725 2563 2781 ad
2595 2725 2896 2782 Ecclesiam
2940 2745 2952 2780 :
2991 2726 3175 2782 Dentes
3207 2728 3282 2781 tui
3309 2727 3439 2782 sicut
3461 2743 3589 2797 grex
3620 2736 3774 2781 tonsa-

2193 2833 2330 2883 rum,
2354 2833 2468 2889 qua:
2496 2819 2833 2873 ascenderunt
2875 2835 2908 2872 a
2931 2819 3134 2873 lavacro
3152 2861 3166 2885 ,
3197 2834 3314 2888 qua
3351 2835 3528 2874 omnes
3554 2817 3775 2890 gemellos

2197 2920 2405 2978 creant,
2436 2921 2480 2965 et
2510 2912 2791 2982 infecunda
2813 2927 2913 2966 non
2944 2921 3017 2966 est
3043 2913 3097 2965 in
3123 2914 3197 2967 eis
3225 2911 3404 2982 (Cant.
3430 2926 3509 2978 tv,
3538 2910 3616 2983 Ξ).
3639 2908 3776 2976 Quod

2195 3002 2379 3073 specie
2410 3012 2570 3059 tenus
2591 3003 2659 3060 de
2689 3005 2866 3076 capris
2887 3003 3106 3072 dicitur,
3131 3004 3361 3077 mystice
3385 3012 3572 3059 autem
3601 3003 3666 3059 de
3691 3000 3775 3057 Ec

2195 3097 2378 3153 clesize
2406 3113 2590 3169 grege.

2268 3190 2362 3247 25.
2403 3191 2511 3249 Nec
2546 3194 2674 3248 vilia
2707 3191 2803 3248 tibi
2831 3191 3125 3247 vidcantur
3154 3192 3258 3247 ista
3301 3189 3587 3246 animalia.
3637 3187 3780 3245 Deni-

494 3287 683 3358 gratia:
728 3286 832 3350 sit,
867 3287 958 3355 qui
1001 3283 1202 3339 Christi
1246 3283 1348 3338 sibi
1398 3283 1702 3352 pleniorem
1745 3281 2094 3353 acquisiverit
2122 3290 2167 3353 ο
2199 3299 2306 3354 que
2334 3285 2457 3340 audi
2488 3301 2608 3357 quae
2635 3285 2704 3342 de
2742 3285 2826 3341 his
2853 3293 3074 3341 sanctus
3105 3285 3346 3355 loquitur
3387 3282 3664 3353 Spiritus:
3694 3281 3777 3336 Ca-

492 3377 836 3435 charitatem.

568 3471 659 3528 20.
704 3473 957 3543 Plerique
989 3483 1169 3528 tamen
1203 3472 1306 3526 hoc
1336 3471 1458 3527 loco
1484 3471 1760 3542 accipiunt
1787 3471 1922 3525 duos
1967 3484 2095 3526 ocu-

510 3571 594 3624 los
645 3569 952 3624 Ecelesiae:
1000 3585 1161 3622 unum
1205 3569 1295 3637 qui
1329 3567 1554 3639 mystica
1603 3567 1814 3634 videat,
1864 3567 2093 3621 alterum

497 3665 585 3734 qui
613 3662 871 3724 moralia;
899 3677 966 3715 eo
993 3659 1136 3731 quod
1166 3668 1350 3714 Sancta
1380 3659 1617 3714 Ecclesia
1642 3674 1749 3713 non
1777 3659 1951 3713 solutn
1981 3674 2097 3713 mo-

497 3758 695 3812 raliutn
729 3765 910 3811 teneat
929 3754 1271 3825 disciplinam
1290 3795 1306 3820 ,
1336 3753 1430 3809 sed
1458 3754 1618 3809 etiam
1644 3753 1883 3809 coaleSIis
1904 3752 2098 3809 doceat

499 3859 716 3905 secreta
746 3849 1012 3920 mysterii.
1050 3848 1203 3904 Unde
1247 3847 1450 3902 dictum
1481 3847 1657 3902 estde
1697 3863 1758 3901 ca
1791 3864 1804 3900 :
1833 3845 1983 3900 Oculi
2022 3848 2099 3900 tui

497 3923 631 3998 sicut
658 3941 928 4002 columbte.
961 3955 1111 3995 extra
1131 3941 1533 3995 taciturnitatem
1574 3948 1716 3994 tuam
1754 3941 1773 4001 (
1789 3937 1952 4002 Ibid.,
1985 3939 2049 4010 1)
2078 3981 2094 4008 ,

503 4037 646 4107 quod
676 4047 730 4092 et
760 4035 1075 4102 spiritaliter
1103 4035 1304 4098 videat,
1329 4045 1382 4089 et
1409 4035 1619 4088 noverit
1649 4043 1860 4104 tempus
1885 4032 2098 4088 tacendi

495 4142 640 4193 esse,
671 4137 725 4182 et
757 4141 971 4195 tempus
1012 4127 1304 4196 loquendi;
1336 4137 1394 4180 ut
1424 4130 1475 4180 in
1508 4135 1752 4196 tempore
1782 4139 2094 4182 sermonem

500 4238 660 4277 suum
689 4220 965 4290 proferat,
997 4238 1065 4276 ne
1088 4222 1498 4292 importunitate
1520 4223 1777 4292 tequendi
1811 4232 2096 4294 peccatum

502 4314 676 4385 possit
704 4315 1001 4368 incurrere.

574 4407 664 4462 2|.
710 4406 884 4462 Habet
911 4421 1043 4476 ergo
1072 4406 1262 4461 oculos
1291 4406 1557 4461 columba:
1584 4407 1650 4462 ad
1681 4407 2096 4464 similitudinem

499 4499 738 4564 Christi;
773 4499 897 4571 quia
928 4509 983 4555 et
1015 4499 1084 4554 de
1113 4498 1232 4570 ipso
1262 4499 1457 4554 lectum
1494 4508 1580 4555 est
1610 4516 1623 4553 :
1657 4499 1810 4554 Oculi
1852 4502 1926 4554 tui
1967 4503 2100 4555 sicut

498 4594 748 4649 columba:
789 4609 946 4661 super
975 4591 1349 4646 abundantiam
1387 4609 1637 4663 aquarum
1679 4591 1798 4646 lota:
1834 4592 1889 4646 in
1936 4591 2094 4659 lacte,

2200 3376 2560 3442 pillantentnm
2590 3389 2734 3434 tuum
2770 3387 2824 3432 ut
2872 3393 2998 3449 grex
3048 3388 3349 3443 tonsarum,
3398 3392 3520 3446 qute
3563 3373 3782 3430 revelata:

2196 3481 2316 3524 sunt
2343 3487 2375 3525 a
2396 3470 2805 3526 monteGa/aad.
2835 3471 3024 3526 Dentes
3049 3472 3127 3525 tui
3147 3477 3202 3524 ut
3223 3486 3348 3541 grex
3369 3478 3662 3532 tonsuram,
3684 3482 3784 3536 qua:

2197 3566 2537 3622 ascenderunt
2567 3567 2630 3621 de
2653 3567 2862 3621 lavacro
2895 3563 3084 3635 (Cant.
3107 3581 3183 3630 vr,
3211 3563 3247 3617 4
3276 3575 3324 3619 et
3352 3565 3431 3636 7).
3468 3562 3631 3619 Vides
3655 3559 3782 3634 quod

2199 3659 2254 3711 in
2283 3658 2407 3713 altis
2435 3673 2570 3728 grex
2603 3658 2706 3713 iste
2739 3657 3016 3728 pascitur,
3062 3659 3239 3712 audax
3283 3658 3336 3712 in
3366 3666 3578 3712 monte.
3612 3655 3785 3725 Itaque

2200 3750 2290 3805 ubi
2323 3751 2447 3806 aliis
2480 3751 2776 3822 praecipitia
2797 3793 2812 3818 ,
2863 3751 2937 3806 ibi
2971 3752 3154 3822 capris
3199 3751 3404 3806 nullum
3451 3749 3782 3823 periculum:

2199 3844 2292 3899 tibi
2321 3843 2444 3899 aliis
2472 3844 2772 3915 periculum
2795 3887 2809 3911 ,
2836 3844 2907 3898 ibi
2939 3845 3121 3914 gregis
3149 3843 3308 3914 hujus
3339 3843 3700 3906 alimentum,
3723 3839 3789 3895 ibi

2200 3937 2357 3992 cibus
2404 3936 2645 4000 dulcior,
2698 3937 2771 3992 ibi
2827 3936 3036 3992 fructus
3083 3936 3333 3992 electior.
3391 3936 3724 4006 Spectantur
3760 3948 3788 3986 a

2203 4029 2511 4100 pastoribus
2542 4028 2655 4084 suis
2685 4028 2914 4085 dumosa
2955 4029 3024 4085 de
3055 4045 3188 4100 rupe
3223 4029 3534 4101 pendentes
3560 4048 3573 4084 :
3616 4029 3688 4083 ibi
3720 4027 3790 4082 lu-

2201 4137 2397 4193 porum
2429 4123 2678 4177 incursus
2700 4137 2822 4177 esse
2850 4137 2955 4177 non
2987 4131 3239 4192 possunt,
3270 4122 3341 4177 ibi
3365 4121 3618 4176 fecunda:
3645 4120 3790 4174 arbo-

2203 4232 2292 4271 res
2335 4217 2568 4272 fructum
2600 4217 2869 4287 integrum
2909 4216 3342 4273 subministrant.
3385 4213 3636 4270 Cernere
3677 4214 3792 4268 licet

2203 4308 2355 4364 uberi
2385 4308 2526 4364 lacte
2542 4308 2807 4365 distentas
2826 4325 2988 4380 super
3015 4319 3254 4365 teneram
3280 4309 3529 4365 sobolem
3561 4316 3788 4362 materna

2203 4401 2404 4470 pietate
2446 4400 2725 4456 sollicitas.
2775 4401 2904 4457 Ideo
2949 4402 3113 4473 elegit
3160 4417 3254 4457 eas
3298 4400 3539 4472 Spiritus
3587 4410 3794 4455 sanctus

2202 4494 2400 4564 quibus
2427 4503 2626 4551 emtum
2658 4496 2993 4551 venerabilis
3030 4495 3290 4550 Ecclesia:
3319 4503 3694 4565 compararet.

2275 4585 2366 4640 24.
2411 4588 2477 4642 Et
2515 4598 2574 4643 ιιι
2612 4589 2840 4660 mystice
2867 4587 3054 4642 audias
3085 4606 3098 4641 :
3143 4587 3596 4659 capillatnenttnn
3646 4584 3796 4641 Verbi

495 4686 720 4742 sedentis
748 4701 903 4754 super
929 4685 1306 4757 plenitudinem
1336 4683 1511 4756 (Cant.
1543 4701 1597 4751 v,
1630 4683 1741 4756 12).
1770 4685 2014 4757 Baptizat
2046 4687 2097 4741 in
2126 4687 2179 4745 Ι)
2205 4692 2289 4736 est
2324 4681 2554 4738 altitudo
2583 4694 2636 4738 et
2676 4681 2967 4738 eminentia
3000 4683 3249 4752 quaedam
3289 4681 3566 4751 justarum
3595 4680 3794 4736 anima-

499 4777 642 4834 lacte
674 4776 971 4843 Dominus,
1001 4777 1052 4830 id
1081 4784 1201 4839 est,
1246 4776 1300 4830 in
1344 4778 1681 4831 sinceritate.
1733 4776 1797 4831 Et
1831 4777 1919 4832 isti
1971 4789 2097 4832 sunt

498 4872 592 4940 qui
623 4885 752 4924 vere
779 4868 1120 4939 baptizantur
1149 4867 1203 4922 in
1230 4867 1390 4932 lacte,
1422 4867 1514 4937 qui
1539 4866 1658 4922 sine
1687 4868 1812 4923 dolo
1838 4868 2092 4936 credunt,

498 4969 556 5018 et
585 4976 775 5031 puram
810 4961 968 5015 [idem
1009 4960 1293 5025 delerunt,
1331 4967 1390 5012 nt
1421 4959 1825 5015 immaculatam
1869 4961 2097 5016 induant

496 5054 748 5122 gratiam.
775 5051 902 5107 Ideo
922 5052 1151 5106 candida
1175 5051 1389 5121 Sponsa
1416 5051 1667 5107 ascendit
1687 5053 1754 5106 ad
1779 5052 2092 5119 Christum;

497 5149 621 5215 quia
652 5147 703 5199 in
731 5145 870 5199 lacte
912 5144 1181 5214 baptizata
1221 5153 1324 5199 est.
1355 5143 1481 5200 Ideo
1513 5147 1778 5201 mirantur
1818 5163 1938 5202 eam
1977 5147 2094 5203 Vir-

496 5248 644 5292 tutes
698 5249 752 5291 et
820 5236 1162 5303 Potestates,
1211 5237 1456 5294 dicentes
1489 5257 1502 5296 :
1535 5239 1667 5305 Quae
1713 5252 1786 5294 est
1835 5241 1944 5296 lure
1984 5258 2097 5312 qnw

497 5329 731 5384 ascendit
767 5329 1006 5383 dealbata
1036 5327 1214 5402 (Cant.
1247 5346 1376 5396 vm,
1409 5331 1505 5400 7)?
1533 5334 1675 5387 Ante
1706 5333 1982 5402 paululum
2010 5334 2095 5388 di-

495 5423 688 5490 cebat,
725 5420 894 5494 Nigra
941 5439 1054 5475 sum
1101 5419 1276 5492 (Cant.
1311 5439 1359 5485 t,
1385 5423 1442 5495 4)
1478 5441 1490 5475 :
1522 5440 1665 5479 nunc
1704 5425 1950 5481 dealbata
1981 5441 2097 5481 cer-

496 5513 645 5568 nitur
671 5555 686 5579 ,
736 5523 792 5568 et
834 5513 1082 5568 ascendit
1107 5515 1173 5568 ad
1205 5514 1426 5582 coelum,
1460 5525 1515 5570 et
1541 5517 1722 5571 innixa
1756 5517 1850 5572 Dei
1880 5517 2095 5585 Verbo,

492 5602 602 5660 alta
657 5604 768 5674 jam
821 5613 1088 5675 penetrat.
1147 5605 1257 5661 Nec
1325 5607 1594 5664 immerito
1656 5607 1768 5663 illic
1833 5623 2094 5679 aquarum

569 5754 594 5780 ι
634 5745 710 5799 Ita
750 5761 882 5800 mss.
925 5747 1355 5814 quatuordecim.
1405 5745 1584 5801 Editio
1627 5745 1786 5801 Rom.
1826 5747 1978 5815 sola,
2022 5745 2090 5800 Et

494 5813 614 5867 ideo
636 5813 980 5888 qui-baptism
1001 5819 1054 5871 in
1075 5835 1229 5888 aqua.
1257 5818 1387 5871 Aliae
1407 5816 1537 5888 edit.
1561 5826 1615 5870 et
1640 5817 1754 5888 duo
1779 5832 1910 5871 mss.
1942 5813 2092 5873 utra-

494 5901 601 5957 que
632 5885 838 5940 omissa
869 5885 1130 5955 lectione,
1152 5888 1269 5941 voci
1299 5886 1665 5956 plenitudinem
1696 5886 2030 5957 sdhjungunt
2071 5908 2085 5940 :

2204 4789 2355 4841 rum,
2404 4775 2661 4844 quoniam
2708 4787 2904 4829 sensus
2942 4774 3206 4844 sapientis
3248 4774 3300 4827 in
3339 4773 3525 4844 capite
3557 4773 3700 4842 ejus.
3747 4768 3798 4824 In

2201 4866 2489 4922 altitudine
2509 4868 2654 4922 enim
2686 4867 3034 4937 cogitationis
3058 4865 3310 4921 humanae
3333 4876 3548 4922 certum
3578 4875 3668 4922 est
3687 4877 3799 4919 esse

2203 4961 2552 5031 sapientiam.
2586 4961 2651 5014 Et
2678 4958 3136 5029 quemadmodum
3166 4957 3462 5014 tondentur
3493 4974 3718 5030 caprae,
3751 4966 3802 5011 ut

2205 5053 2477 5126 superﬂua
2520 5054 2798 5124 deponant
2827 5071 2840 5106 :
2885 5054 2958 5108 ita
2988 5054 3153 5109 etiam
3183 5063 3460 5110 tonsarum
3495 5054 3800 5108 animarum

2203 5163 2448 5219 gregem,
2483 5147 2585 5203 hoc
2608 5157 2711 5213 est,
2737 5148 3030 5202 multarum
3059 5147 3362 5202 animarum
3387 5147 3627 5203 virtutes
3649 5145 3802 5200 habet

2203 5251 2389 5296 sancta
2423 5239 2670 5296 Ecclesia
2691 5283 2705 5309 ,
2742 5241 2794 5294 in
2824 5255 2934 5308 quo
2962 5255 3128 5311 grege
3169 5240 3304 5295 nihil
3348 5240 3536 5311 possis
3561 5239 3592 5279 ι’
3626 5240 3802 5296 ἰιιεεηο

2203 5334 2361 5389 sibile
2418 5333 2695 5404 reperire,
2743 5333 2880 5388 nihil
2938 5335 3306 5403 superﬂuum;
3356 5333 3628 5404 quoniam
3680 5332 3803 5388 ﬁdes

2203 5428 2482 5497 sapientes
2506 5426 2653 5493 fecit,
2675 5426 2936 5498 spiritalis
2957 5438 3136 5483 autem
3159 5427 3331 5497 gratia
3353 5427 3419 5482 ab
3437 5428 3597 5482 omni
3621 5439 3802 5497 super-

2204 5517 2435 5574 ﬂuorum
2463 5519 2585 5574 labe
2607 5518 2906 5573 mundavit.

2276 5612 2369 5667 25.
2411 5611 2604 5667 Merito
2634 5611 2798 5683 igitur
2825 5610 3082 5667 revelata:
3123 5619 3250 5667 sunt
3279 5612 3477 5666 anima:
3505 5611 3801 5682 justorum,

2200 5746 2424 5822 Undc_et
2452 5764 2747 5822 aesomnes
2776 5749 2841 5803 dc
2867 5750 3189 5822 plenitudine
3210 5752 3325 5822 ejus
3345 5753 3679 5820 accepimus.

2265 5817 2292 5856 h
2337 5818 2664 5886 Inscitsibile,
2696 5820 2745 5874 id
2774 5817 2877 5888 est,
2910 5837 2936 5873 τι
2966 5837 3127 5877 sensu
3154 5817 3411 5892 sapientis
3441 5817 3722 5890 alienum,
3755 5834 3804 5876 ut

2196 5895 2306 5944 tota
2337 5893 2510 5948 series
2532 5893 2795 5946 Orationis
2818 5893 3077 5948 declarat.
