3948 6320
180 304 314 361 1455

1272 295 1336 354 ΙΝ
1377 298 1704 358 PSALMUM
1743 297 1952 356 CXVIII
1992 297 2374 359 EXPOSlTlf).

3330 313 3467 369 1134

176 437 228 482 et
247 423 502 480 revelata:
523 437 552 478 a
575 421 1106 489 monteGalaad,boc
1120 430 1270 489 est,a
1293 419 1771 492 transmigratione
1798 423 1850 482 Α
1944 421 2039 477 29.
2085 421 2148 477 lli
2177 421 2372 480 dentes
2400 437 2567 493 super
2608 423 2693 479 lac
2717 423 3090 494 candidiores,
3121 427 3247 498 quia
3273 427 3471 485 dentes

178 520 461 576 testimonii
483 534 499 584 ;
529 535 593 575 eo
610 518 753 590 quod
776 535 804 572 a
818 519 1097 590 Synagoga
1112 516 1180 572 ad
1200 515 1500 572 Ecclesiam
1525 515 1768 570 testimo-

179 614 315 669 nium
340 611 563 667 cceleste
586 611 854 682 migravit.
880 610 937 665 In
964 610 1068 665 hoc
1099 611 1281 681 itaque
1312 617 1495 664 monte
1527 607 1768 664 nascitur

180 707 480 778 thymiama,
509 706 706 772 resina,
725 713 780 760 et
800 704 984 760 caeteri
1009 705 1225 770 odores,
1245 717 1385 774 quos
1405 702 1767 772 negotiatores

180 800 249 857 illi
267 800 644 866 lsmaelitaa,ut
673 799 839 855 babes
872 800 924 853 in
955 799 1128 869 primo
1157 797 1298 853 libro
1320 795 1655 851 Testamenti
1678 809 1770 851 ve-

180 892 322 958 teris,
345 891 666 948 deferebant
693 891 847 965 (Gen.
877 908 1078 957 xxxvii,
1107 891 1222 962 25).
1252 891 1361 947 flos
1388 890 1585 946 odores
1609 889 1770 945 habet

184 984 412 1042 Ecclesia
436 1027 452 1049 ,
487 999 623 1055 quos
653 993 988 1041 mercatores
1025 999 1092 1041 ex
1131 985 1387 1055 gentibus
1431 982 1766 1054 congregati,

180 1077 278 1132 fide
297 1087 346 1132 et
370 1077 664 1132 devotione
691 1086 974 1133 vexerunt.
1013 1077 1201 1148 Itaque
1225 1077 1366 1132 sicut
1391 1090 1570 1147 caprae
1600 1075 1761 1130 bonis

180 1168 386 1225 refecta:
414 1169 586 1237 cibis,
617 1179 674 1226 et
701 1170 835 1225 solis
862 1171 1048 1226 calore
1073 1180 1366 1226 vernantes
1386 1211 1403 1238 ,
1436 1171 1684 1224 lavantur
1713 1169 1768 1224 in

189 1263 417 1328 flumine,
437 1272 495 1316 et
522 1263 864 1319 exsultantes
885 1263 1100 1320 mundae
1121 1273 1406 1335 resurgunt
1425 1263 1493 1319 de
1512 1261 1764 1318 flumine:

181 1353 243 1409 ita
267 1355 461 1409 anima:
482 1356 760 1425 justorum
783 1357 1089 1412 ascendunt
1112 1356 1181 1413 ab
1207 1357 1436 1427 spiritali
1466 1357 1699 1411 lavacro.

243 1445 326 1503 26.
367 1445 495 1504 Ista:
517 1460 650 1504 sunt
678 1463 806 1504 vere
827 1464 949 1520 qua:
975 1450 1222 1520 geminos
1247 1457 1459 1516 creant,
1490 1449 1542 1503 in
1571 1447 1769 1518 quibus

187 1555 280 1596 non
309 1550 391 1595 est
421 1539 794 1597 infecunditas
824 1541 1003 1612 aliqua
1035 1543 1333 1607 virtutum,
1367 1540 1627 1596 sterilitas
1659 1541 1768 1594 ulla

185 1636 512 1690 meritorum.
553 1635 700 1692 Bene
725 1637 969 1707 geminos
989 1645 1208 1702 creant;
1237 1636 1360 1707 quia
1385 1635 1770 1705 congeminant

179 1739 354 1780 sensus
393 1741 554 1782 suos.
591 1725 747 1783 Unde
788 1727 955 1782 babes
995 1729 1050 1783 in
1099 1726 1408 1783 Proverbiis
1457 1728 1764 1797 scriptum:

1865 514 2134 585 justorum
2163 527 2308 572 sunt.
2352 517 2594 589 Denique
2619 533 2741 574 cum
2772 534 2965 576 omnes
2993 521 3044 575 in
3081 520 3266 594 Moyse
3291 523 3468 594 bapti-

1872 611 1975 665 zati
2010 611 2071 667 in
2105 610 2249 667 nube
2277 619 2334 668 et
2373 611 2426 666 in
2475 611 2612 667 mari
2644 623 2826 684 patres
2855 615 3030 670 nostri
3075 614 3310 682 fuerint,
3361 630 3467 671 non

1870 703 2048 759 otiose
2071 713 2252 761 tamen
2279 707 2542 777 scriptum
2567 719 2670 774 est,
2696 709 2819 778 quia
2843 707 3032 764 Omnes
3049 710 3278 764 eamdem
3306 727 3473 765 escam

1872 798 2164 868 spiritalem
2204 801 2680 867 manducauerunt,
2723 813 2771 855 et
2801 819 2975 858 onmes
3010 805 3246 860 eumdem
3293 814 3470 877 potum

1871 877 2161 959 spiritalem
2191 892 2424 948 biberunt
2446 893 2488 966 (I
2515 892 2636 948 Car.
2671 910 2727 957 ς,
2757 895 2793 949 5
2819 905 2866 949 et
2892 894 2989 967 4);
3020 905 3077 951 ut
3106 897 3222 952 istis
3251 906 3471 952 sancto-

1871 999 1990 1038 rum
2017 983 2275 1042 dentibus
2319 986 2492 1056 major
2519 985 2738 1057 quidam
2785 987 2961 1057 fulgor
2987 989 3297 1057 accederet,
3331 1004 3470 1062 quos

1873 1087 1994 1147 post
2017 1078 2303 1132 transitum
2336 1078 2502 1133 maris
2529 1078 2722 1144 Rubri,
2748 1079 2983 1151 myrrha:
3012 1081 3176 1137 fontis
3203 1083 3464 1138 amaritu—

1871 1170 1998 1225 dine
2046 1185 2146 1240 per
2191 1171 2324 1242 ligni
2360 1174 2586 1242 gratiam
2621 1179 2918 1242 temperata
2955 1172 3162 1246 (Exod.
3193 1191 3258 1230 xv
3281 1217 3296 1240 ,
3324 1174 3397 1230 25
3424 1185 3471 1229 et

1870 1259 1989 1332 27),
2023 1263 2404 1333 cognoscimus
2434 1279 2560 1319 csse
2593 1262 2916 1330 mundatos,
2960 1264 3162 1320 deinde
3187 1265 3474 1320 duodecim

1872 1352 2102 1408 fontium
2152 1365 2319 1426 potu,
2372 1364 2650 1424 postremo
2703 1363 2872 1426 petra:
2921 1355 3223 1426 spiritalem
3275 1355 3474 1410 undam

1871 1447 2142 1500 vomentis
2170 1446 2410 1516 irriguo;
2442 1457 2591 1517 petra
2629 1449 2775 1502 enim
2812 1455 2932 1502 erat
2960 1446 3230 1504 Christus.
3271 1447 3398 1503 Ideo
3426 1456 3480 1503 ct

1873 1556 2071 1596 manna
2121 1541 2587 1596 manducaverunt
2635 1539 2842 1614 (Num.
2871 1557 2976 1607 xx,
3011 1541 3162 1614 il);
3216 1550 3272 1597 nt
3319 1542 3480 1596 toties

1873 1634 2040 1690 abluti
2072 1635 2460 1690 manducarent
2493 1651 2685 1705 panem
2704 1676 2721 1702 ,
2745 1645 2804 1690 ut
2833 1635 3094 1706 scriptum
3118 1643 3222 1702 est,
3254 1633 3476 1706 angelo—

1874 1745 1991 1784 rum
2024 1728 2210 1800 (Psal.
2241 1745 2452 1794 Lxxvn,
2480 1727 2552 1784 25
2573 1730 2616 1800 ).
2666 1727 2819 1784 Nunc
2846 1743 3064 1800 quoque
3093 1729 3146 1784 itt
3195 1727 3476 1798 Evangelii

184 1818 244 1874 Et
263 1830 313 1874 tu
337 1821 502 1874 scribe
533 1821 645 1874 lucc
664 1821 753 1875 tibi
773 1822 1066 1892 tripliciter,
1096 1822 1148 1874 in
1171 1820 1413 1888 consilio,
1444 1830 1490 1875 et
1521 1822 1574 1874 in
1597 1819 1770 1890 cogni—
1801 1825 1850 1886 B
1875 1824 2148 1896 mysteriis
2181 1833 2206 1859 τι
2249 1823 2594 1894 recognoscis
2617 1865 2632 1888 ,
2673 1823 2800 1895 quia
2836 1822 3140 1893 baptizatus
3185 1823 3317 1879 licet
3359 1831 3476 1878 toto

181 1915 301 1969 tione
340 1912 544 1986 (Prov.
575 1931 710 1981 xxn,
733 1915 860 1987 20).
892 1915 1186 1986 Triplicem
1220 1916 1481 1985 prtemisit
1511 1917 1768 1987 scriptio~
1801 1952 1810 1962 ο

186 2023 324 2072 nem,
353 2019 409 2063 et
446 2009 566 2064 dno
625 2007 893 2076 subdidit,
937 2008 1223 2063 consilium
1265 2018 1320 2064 et
1360 2009 1766 2080 cognitionem:

182 2102 261 2156 sed
288 2103 531 2174 cognitio
562 2106 776 2175 gemina
812 2113 896 2159 est
921 2123 934 2158 :
970 2120 1073 2159 una
1103 2103 1530 2176 incorporalium
1555 2152 1567 2173 ,
1597 2106 1768 2161 altera

183 2195 560 2263 corporalium.

241 2288 322 2342 27.
351 2288 608 2344 Diximus
629 2290 696 2344 de
727 2289 1058 2346 fecunditate
1085 2307 1097 2346 :
1127 2291 1375 2346 dicamus
1397 2291 1466 2347 de
1492 2291 1766 2348 dentibus.

183 2382 299 2440 Nam
328 2394 380 2442 et
407 2385 736 2455 navigantes
768 2385 1042 2457 plerique,
1087 2395 1142 2441 et
1169 2397 1525 2456 properantes
1559 2386 1773 2458 1178

188 2477 363 2534 itinere
409 2488 680 2546 terreno,
733 2479 822 2534 ubi
881 2479 1116 2534 viderint
1167 2482 1478 2545 speciosum
1536 2481 1769 2550 aliquem

189 2570 370 2636 locum,
395 2572 783 2628 delectationis
805 2572 973 2644 gratia
995 2571 1367 2638 demorantur,
1395 2581 1623 2644 pascunt
1643 2588 1774 2627 ocu-

190 2663 282 2732 los,
305 2665 660 2736 animumque
685 2665 959 2729 allevant;
995 2681 1094 2721 nec
1119 2681 1267 2721 mora
1293 2667 1398 2720 ulla
1428 2666 1771 2722 commeandi

189 2766 406 2827 putatur,
431 2758 537 2814 sed
559 2758 730 2829 gratia
759 2776 771 2812 :
806 2761 876 2814 ita
901 2769 951 2814 et
978 2760 1134 2815 nobis
1162 2761 1561 2830 pulcherrimos
1581 2761 1773 2817 dentes

185 2853 427 2922 iustarum
467 2855 782 2910 animarum
831 2855 1182 2912 considerare
1224 2856 1375 2910 cordi
1425 2865 1527 2911 est.
1579 2855 1774 2910 Docuit

187 2948 313 3004 enim
341 2949 630 3018 Scriptura
663 2949 1057 3019 pulcherrimos
1095 2951 1289 3006 dentes
1319 2965 1442 3006 esse
1472 2951 1768 3020 iustorum,

188 3043 353 3100 dicens
403 3043 716 3101 secundum
772 3044 1012 3099 litteram
1078 3043 1294 3114 quidem
1345 3043 1412 3098 de
1466 3042 1770 3113 patriarcha

190 3131 339 3203 Inda,
386 3135 718 3206 spiritaliter
755 3145 933 3191 autent
975 3136 1042 3192 de
1071 3135 1334 3192 Christo:
1383 3135 1592 3190 Hilares
1633 3136 1772 3190 oculi

1873 1931 2134 1988 corpore,
2181 1928 2364 1987 postea
2407 1926 2585 1972 tamen
2614 1931 2737 1972 esca
2783 1916 3014 1986 spiritali
3049 1925 3288 1987 potuqne
3318 1929 3474 1970 mun-

1873 2009 2040 2065 daﬂs.

1943 2105 2033 2161 50.
2075 2103 2270 2159 Merito
2296 2118 2426 2175 ergo
2452 2101 2622 2158 David
2653 2110 2708 2159 et
2747 2102 2934 2157 oculos
2967 2102 3257 2157 interiores
3286 2099 3474 2172 purifi—

1871 2207 2055 2259 catos,
2102 2207 2155 2250 et
2203 2194 2398 2250 dentes
2447 2204 2718 2266 tamquam
2764 2193 3101 2250 illuminatos
3148 2193 3476 2264 Spiritalium

1871 2289 2117 2345 dentium
2150 2288 2392 2344 candore
2432 2302 2716 2342 sermones
2745 2285 2953 2356 profert
2981 2286 3208 2342 dicens:
3237 2283 3365 2340 Feci
3385 2289 3476 2358 ju-

1873 2384 2065 2437 dicium
2097 2391 2144 2436 et
2165 2382 2426 2454 justitiam
2449 2381 2607 2453 (Sup.
2634 2396 2686 2445 υ,
2719 2381 2868 2450 121).
2899 2377 2992 2434 llle
3022 2387 3108 2434 est
3134 2379 3280 2434 enim
3314 2393 3478 2433 verus

1873 2474 2117 2531 dentium
2145 2473 2342 2543 fulgor,
2367 2474 2456 2527 ubi
2489 2473 2628 2528 bene
2653 2473 2752 2528 sibi
2776 2472 3010 2527 consciae
3033 2471 3230 2527 mentis
3255 2481 3475 2526 resonat

1869 2583 2074 2626 canora
2107 2566 2401 2622 confessio.
2437 2565 2529 2620 Ille
2573 2564 2806 2619 mundus
2834 2565 3056 2631 oculus,
3090 2579 3254 2636 quem
3287 2576 3480 2633 pecca-

1875 2675 2051 2722 torum
2083 2662 2325 2732 gravium
2353 2661 2535 2715 trabes
2569 2659 2710 2713 nulla
2752 2657 3121 2729 depresserit:
3155 2673 3315 2727 quem
3349 2671 3481 2727 pur«

1873 2767 2250 2830 gumentorum
2309 2751 2509 2808 levium
2555 2751 2757 2806 festuca
2806 2751 2948 2806 nulla
2995 2749 3314 2805 turbaverit.
3370 2748 3478 2802 Iste

1873 2852 2064 2908 oculus
2091 2851 2142 2905 in
2171 2849 2398 2905 verbum
2438 2848 2660 2918 juStitiae
2690 2846 2911 2902 defecit.
2951 2845 3053 2913 Qui
3093 2847 3236 2900 enim
3274 2842 3479 2898 Christo

1872 2945 2123 3010 adhaeret,
2151 2961 2285 2999 unus
2313 2953 2386 2999 est
2413 2943 2627 3014 spiritus
2659 2939 2715 3010 (1
2741 2938 2861 2994 Cor.
2892 2954 2969 3003 γι,
3001 2936 3130 3008 17).
3162 2936 3230 2990 Et
3258 2935 3476 2990 Balaam

1873 3039 2090 3112 petebat
2139 3048 2198 3092 ut
2253 3037 2435 3092 anima
2477 3049 2573 3090 sua
2612 3034 2872 3089 deficeret
2900 3032 2950 3086 in
2984 3031 3182 3086 animis
3204 3030 3479 3100 jnstorum

1871 3132 2075 3208 (Nam.
2106 3146 2260 3195 xxnt,
2298 3128 2433 3202 10),
2485 3126 2537 3183 id
2563 3133 2683 3192 cst,
2717 3135 2771 3202 ut
2819 3123 3024 3194 proprii
3068 3122 3482 3178 oblivisceretur

187 3230 288 3302 ejus
313 3247 342 3283 a
365 3230 502 3293 vino,
539 3241 584 3284 et
607 3230 779 3285 dentes
807 3231 940 3284 sicut
979 3231 1060 3285 fac
1086 3231 1239 3301 (Gen.
1267 3245 1414 3295 xm,
1441 3229 1550 3300 12).
1578 3229 1633 3284 1η
1661 3243 1771 3300 qtto
1798 3213 1845 3276 C
1875 3227 2080 3285 erroris
2107 3245 2121 3282 :
2160 3225 2374 3298 1179
2403 3221 2546 3294 quod
2591 3235 2747 3276 suum
2776 3228 2888 3273 crat
2910 3262 2924 3284 ,
2961 3218 3256 3287 deponeret
3289 3235 3301 3268 :
3335 3214 3477 3286 quod

195 3335 286 3377 non
315 3324 495 3395 utique
531 3323 709 3378 carnis
731 3322 980 3378 humana:
1011 3323 1208 3388 officia,
1237 3323 1331 3378 scd
1357 3323 1553 3378 divina-
1585 3323 1772 3393 gratim

190 3426 387 3468 munera
417 3413 766 3484 praedicavit.
802 3414 968 3470 Docet
998 3415 1161 3486 igitur
1198 3414 1538 3484 exemplum,
1570 3413 1766 3468 dentes

201 3521 291 3562 non
316 3523 430 3565 esse
459 3507 902 3579 prmtereundus,
936 3508 1022 3563 ubi
1054 3507 1123 3562 dc
1148 3508 1322 3563 oculis
1350 3507 1670 3562 dixerimus.

247 3603 328 3659 28.
364 3606 464 3671 Qui
515 3611 646 3659 sunt
686 3603 851 3674 igitur
897 3603 1166 3675 justarum
1211 3602 1402 3658 dentes
1445 3602 1771 3667 animarum,

191 3694 278 3751 nisi
302 3699 386 3768 qtti
418 3699 715 3754 informem
745 3713 810 3753 ac
841 3698 1036 3752 durum
1068 3696 1403 3766 accipientes
1443 3697 1623 3751 cibum
1643 3735 1657 3759 ,
1690 3694 1772 3750 vel

197 3787 425 3860 frigidum
481 3792 843 3863 plerumque,
891 3793 976 3847 vel
1027 3806 1190 3861 supra
1241 3789 1460 3845 modum
1507 3789 1773 3844 calentem

199 3896 324 3941 nunc
361 3887 768 3948 comminuunt,
803 3900 944 3939 ntlttc
973 3885 1193 3945 fovent.
1244 3898 1386 3937 nunc
1435 3891 1770 3954 temperant,

197 3987 338 4045 prout
377 3979 615 4048 qualitas
677 3977 840 4032 fuerit
889 3975 1314 4032 alimentorum?
1361 3974 1503 4029 Dura
1551 3972 1777 4028 commi-

198 4079 377 4137 nuunt,
407 4088 477 4128 ne
501 4071 772 4141 asperitas
802 4071 994 4126 littera:
1023 4073 1076 4126 in
1102 4069 1274 4126 veteri
1310 4069 1691 4134 Testamento,
1721 4075 1778 4122 et

205 4163 458 4219 sarculatis
488 4162 802 4218 intellectus
833 4163 980 4234 rigor
1000 4205 1013 4227 ,
1039 4163 1140 4217 nisi
1171 4161 1336 4217 fuerit
1361 4159 1590 4230 spiritali
1613 4159 1777 4216 dente

201 4255 468 4322 resolutus,
498 4255 684 4311 vitalia
707 4257 826 4326 ipsa
851 4254 1166 4311 interclusis
1187 4256 1431 4310 ciborum
1462 4253 1776 4309 salutarium

204 4349 480 4413 meatibus,
512 4357 574 4404 et
603 4349 781 4419 gulam
809 4350 1097 4420 quamdam
1127 4348 1324 4402 anima:
1352 4347 1622 4402 incuriosa
1650 4346 1780 4400 cda-

199 4437 347 4496 citate
375 4443 629 4500 suffocet.
661 4442 764 4497 Par
795 4443 1081 4513 estigitur
1108 4453 1165 4497 ut
1195 4441 1406 4496 dividas
1437 4441 1700 4511 primum,
1731 4441 1778 4494 si

199 4531 352 4587 solida
381 4536 476 4590 tibi
521 4534 741 4591 videtur
769 4551 893 4591 esca
928 4551 1049 4606 qua:
1075 4535 1339 4598 sumitur,
1377 4543 1432 4589 et
1475 4534 1779 4605 distinguas

1873 3323 2098 3395 justitia:
2143 3330 2196 3376 et
2225 3317 2524 3390 aequitatis,
2556 3323 2877 3370 assumeret.
2928 3311 3035 3368 Sed
3067 3309 3482 3382 progrediantur

1875 3418 1942 3474 ad
1969 3425 2190 3472 caetera.

1947 3511 2038 3566 51.
2075 3510 2263 3580 (Vers.
2292 3506 2446 3578 124.)
2485 3505 2780 3577 Sequitur:
2815 3501 2924 3557 Fac
2951 3517 3067 3556 cum
3098 3516 3246 3554 servo
3276 3507 3362 3552 tuo
3402 3514 3484 3554 se-

1877 3607 2104 3663 cundum
2131 3603 2539 3659 miscricordiam
2563 3610 2726 3666 tuam,
2751 3609 2798 3653 et
2817 3596 3053 3672 justitias
3089 3604 3202 3650 tuas
3222 3593 3347 3647 doce
3375 3607 3480 3645 me.

1878 3700 2203 3757 Przestruxit
2229 3699 2394 3761 viam,
2419 3704 2472 3751 ct
2493 3692 2987 3750 commendationis
3012 3705 3124 3744 sum
3147 3689 3482 3744 incrementa

1870 3791 2251 3880 priesuntpsit.
2285 3789 2461 3857 Supra
2505 3785 2752 3856 poposcit
2793 3799 2860 3838 ne
2893 3781 3212 3838 nocentibus
3242 3778 3485 3834 tradere.

1879 3873 2143 3957 t-ur(Sup.
2173 3899 2254 3937 vv.
2278 3881 2377 3938 121
2401 3890 2448 3935 et
2475 3879 2604 3950 122)
2630 3897 2642 3932 :
2675 3879 2872 3932 iterum
2907 3875 3063 3944 petiit
3091 3883 3148 3928 ut
3174 3873 3480 3941 suscipere-

1882 3989 1968 4034 tur
1997 3980 2048 4033 in
2081 3977 2255 4036 bono;
2287 3989 2353 4028 ne
2379 3971 2840 4026 calumniarentur
2866 3969 2913 4022 ei
2939 3964 3184 4036 superbi,
3218 3963 3322 4018 hoc
3351 3971 3436 4017 est
3463 3978 3477 4017 :

1879 4072 1997 4128 Non
2044 4070 2260 4125 dcclino
2297 4066 2558 4138 judicium
2581 4105 2596 4129 ,
2626 4061 2718 4116 sed
2751 4059 3075 4116 calumniam
3111 4054 3481 4126 perfidorum;

1883 4165 1956 4219 illi
2003 4163 2148 4218 enim
2185 4159 2431 4230 judicare
2471 4156 2756 4219 nesciunt,
2806 4149 3126 4208 calumniari
3170 4150 3371 4205 sciunt.
3403 4145 3486 4202 Ad

1884 4267 1936 4312 te
1977 4253 2261 4325 confugio,
2306 4252 2396 4323 qui
2435 4251 2574 4306 nosti
2607 4247 2634 4286 ι’
2667 4257 3064 4315 repracsentare
3104 4242 3390 4313 judicium.
3423 4241 3488 4296 Et

1884 4349 2022 4405 bene
2052 4364 2157 4402 non
2185 4347 2302 4401 vult
2322 4342 2809 4402 calumniatoribus
2837 4340 3004 4403 tradi;
3034 4337 3200 4392 multa
3217 4335 3361 4392 enim
3385 4333 3488 4389 Joh

1883 4455 2080 4516 passus
2105 4439 2411 4509 estjttstus,
2436 4444 2720 4506 postquam
2751 4431 2978 4487 traditus
3004 4437 3086 4484 est
3108 4425 3348 4482 nocenti.
3380 4425 3485 4481 Sed

1883 4535 2104 4592 difﬁcile
2149 4532 2248 4587 fuit
2295 4529 2424 4584 illud
2475 4537 2529 4582 et
2569 4525 2776 4596 grande
2821 4519 3279 4587 certamen(.lob.
3312 4531 3370 4580 ιι,
3402 4517 3488 4585 6),

200 4638 328 4692 eam,
356 4639 518 4700 atque
564 4629 864 4684 emollitam
897 4631 1016 4684 sine
1062 4644 1202 4684 noxa
1257 4628 1435 4698 aliqua
1482 4629 1676 4682 anima:
1722 4628 1774 4681 in
1801 4611 1856 4672 Ῑ)
1881 4629 2024 4699 quod
2059 4624 2163 4679 nisi
2192 4622 2296 4678 Job
2332 4621 2494 4674 nimia
2543 4617 2798 4688 patientia
2838 4612 2979 4668 haud
3013 4610 3166 4665 facile
3200 4609 3485 4700 quisquam

202 4720 361 4773 omnia
391 4722 511 4791 ejus
541 4723 785 4778 membra
817 4723 1052 4778 naturali
1095 4722 1367 4778 divisione
1395 4719 1776 4784 transfundas;

203 4817 254 4862 ut
280 4813 484 4869 vitalem
513 4829 736 4870 succum
765 4831 928 4871 omne
954 4816 1072 4886 ejus
1101 4831 1299 4886 corpus
1330 4817 1602 4887 epuletur.
1637 4814 1780 4869 Νἱῑιῖι

205 4905 572 4964 cadaverosnm
593 4952 606 4973 ,
639 4910 774 4964 nihil
804 4919 1077 4965 mortuum
1105 4925 1201 4965 ore
1233 4905 1324 4963 tuo
1355 4923 1540 4962 sumas
1559 4950 1574 4974 ,
1604 4923 1672 4961 ne
1699 4906 1783 4961 di-

207 5007 342 5054 eatur
367 5019 380 5053 :
413 5001 718 5072 Sepulcrum
747 5013 928 5074 patens
956 5014 1029 5058 est
1059 5013 1242 5076 guttur
1267 5017 1442 5056 eorum
1473 4999 1646 5073 (Psal.
1664 5015 1778 5064 xm,

205 5089 297 5164 3):
325 5097 415 5151 sed
461 5099 638 5154 vivum
692 5099 911 5154 haurias
955 5098 1214 5164 verbum;
1245 5106 1304 5153 ut
1349 5097 1400 5152 in
1445 5105 1550 5151 tum
1586 5095 1783 5152 mentis

207 5185 486 5248 visceribus
521 5194 691 5264 possit
717 5194 958 5264 operari.

273 5326 296 5354 ⁸
333 5320 498 5388 Edit.,
525 5325 852 5395 recognoscis
883 5325 1168 5392 baptizatos
1208 5323 1349 5377 licet.
1385 5363 1398 5376 .
1428 5359 1442 5395 .
1472 5362 1486 5377 .
1520 5319 1785 5395 ntundari.

213 5385 325 5444 Mss.
349 5385 667 5450 vero'nobis'
683 5385 978 5450 concinun't
1005 5395 1245 5462 exceptis
1291 5394 1507 5464 paucis,
1543 5392 1632 5446 ubi
1662 5405 1782 5460 pro,

215 5466 309 5512 toto
335 5481 575 5534 corpore,
624 5468 850 5534 legitur,
884 5467 1040 5521 tincto
1087 5482 1323 5534 corpore.
1377 5464 1562 5518 Potest
1600 5473 1783 5534 autem

217 5533 453 5608 utrolibet
484 5535 642 5592 modo
674 5533 788 5592 inec
819 5538 1005 5592 ultima
1043 5533 1187 5608 pars
1208 5536 1451 5598 admitti;
1503 5533 1681 5608 potior
1709 5540 1790 5585 ta-

216 5613 344 5676 men?
374 5607 581 5662 videtur
631 5610 799 5676 prima
846 5603 1288 5663 lectiofEtcnim
1347 5621 1454 5660 non
1503 5603 1675 5676 solum
1722 5619 1784 5657 ea

221 5669 522 5752 b?P'_i§|ﬂum
569 5669 664 5752 per
707 5679 1113 5734 immersionem
1158 5675 1522 5752 administrari
1569 5673 1784 5752 Solitum

221 5745 500 5820 giguillcat:
529 5745 620 5806 sed
660 5754 820 5805 etiam
850 5754 1140 5820 opponitur
1183 5750 1397 5820 ineptia:
1426 5745 1783 5820 quorumdam

223 5807 594 5888 “imitantia,
621 5822 715 5893 qui
740 5807 966 5878 cunctas
990 5824 1233 5894 corporis
1263 5807 1783 5891 partes'iuficiaMn-

1883 4731 2143 4790 superare
2189 4713 2489 4785 potuisset;
2531 4718 2709 4764 tamen
2757 4706 2848 4762 ille
2878 4720 2984 4759 non
3017 4711 3162 4756 totus
3203 4710 3286 4756 est
3324 4699 3492 4756 tradi-

1884 4825 1971 4868 tus
1996 4854 2011 4878 ,
2059 4808 2154 4864 sed
2188 4805 2411 4862 meliore
2451 4811 2710 4871 exceptus
2752 4807 2834 4854 est
2869 4796 3136 4868 portione.
3179 4792 3281 4860 Qui
3317 4791 3485 4847 dicit:

1887 4905 2010 4960 Non
2041 4907 2219 4957 tradas
2244 4915 2325 4953 me
2347 4898 2507 4972 (Sup.
2531 4910 2577 4949 υ.
2608 4893 2756 4964 121),
2781 4905 2901 4961 qua:
2936 4889 3141 4958 majora
3185 4895 3313 4942 sunt
3339 4899 3489 4940 com-

1885 4996 2195 5072 prehendit.
2250 4993 2378 5047 Plus
2425 4997 2606 5043 autem
2657 4986 2710 5040 in
2756 4984 2976 5048 anima,
3015 4995 3174 5051 quam
3227 4979 3279 5033 in
3323 4991 3489 5072 carne

1887 5069 2106 5157 sumus;
2131 5088 2292 5160 justis
2321 5085 2465 5140 enim
2498 5081 2732 5136 dicitur:
2772 5076 2878 5131 Vos
2923 5083 3093 5128 autem
3126 5088 3228 5126 non
3269 5070 3392 5124 estis
3435 5069 3488 5122 in

1888 5203 2069 5253 carne,
2119 5182 2207 5237 sed
2238 5182 2294 5234 iu
2322 5177 2509 5250 spiritu
2541 5172 2730 5247 (Rom.
2754 5185 2871 5237 vm,
2900 5167 2987 5239 9).
3018 5165 3182 5222 Tradi
3213 5179 3342 5234 ergo
3371 5161 3489 5216 ani-

1899 5327 1988 5373 tur
2023 5331 2146 5372 esse
2175 5311 2515 5375 abluendas;
2563 5317 2621 5362 nt
2665 5302 3045 5361 Theodoretus
3076 5297 3245 5375 lib._tv
3293 5292 3488 5375 Haeret:

1892 5365 2410 5459 iEiuifiiuﬁo'rfé'sij
2438 5365 2516 5459 De
2544 5377 3046 5459 imm_ersiotte_ve.ro
3077 5369 3260 5459 fusius
3285 5365 3490 5459 tanta]!

1892 5445 2214 5516 Ambrosius
2239 5457 2331 5511 lib.
2365 5457 2439 5510 De
2462 5451 2729 5523 Mysteriis
2750 5445 2922 5523 cap]:
2941 5485 2954 5508 ,
2989 5451 3043 5495 et
3072 5446 3490 5523 auctor_tracta-

1997 5510 2454 5586 desiderauimus
2485 5510 2578 5578 ΙιῘ).
2607 5537 2666 5584 ιι,
2697 5510 2832 5592 cap:
2851 5518 2905 5578 7,
2938 5528 3074 5582 quos
3099 5510 3340 5592 consule.

1963 5581 2436 5674 {adnuimus
2447 5581 2710 5674 judicium
2737 5581 2875 5672 idem
2901 5581 2984 5674 est
3014 5593 3182 5674 τμίιξέηιξΔ
3198 5581 3485 5674 estliber-es,

1894 5689 1991 5731 seu
2033 5654 2374 5742 inprmsenti
2417 5654 2558 5723 ferre
2599 5662 2883 5735 judicium.
2926 5656 3061 5711 Cod.
3106 5654 3317 5711 Tlteod.
3373 5667 3485 5716 vtn,

1892 5748 1978 5803 tit.
2010 5746 2075 5802 18
2095 5739 2259 5812 {lege
2283 5739 2375 5794 42.
