3948 6364
1355 37 1372 41 -.
1381 37 1394 41 ς
1405 28 1634 46 —'__~__"——v-
1643 37 1794 48 --._~_-u-~
1801 34 2048 51 Mifﬂ'u.._--
2055 38 2148 52 μυ..
2161 40 2259 54 .-.Α
2283 54 2300 55 7

445 343 584 404 1439

1811 342 2058 404 SANCTI
2093 342 2410 401 AMBROSII

3604 338 3750 399 1160

437 473 558 520 tura
591 463 922 536 hujusmodi,
965 473 1025 518 ut
1049 463 1095 517 si
1141 461 1313 533 polire
1347 469 1401 517 et
1434 460 1674 532 levigare
1700 475 1826 518 eum
1870 461 2033 528 velis,
2065 469 2116 529 Α
2142 473 2235 514 sus
2266 468 2374 515 est.
2427 458 2539 514 Nec
2582 460 2857 516 immerito
2887 461 2954 514 ad
2999 458 3182 515 omnia
3214 466 3483 530 praecepta
3531 456 3755 515 Domini

439 566 722 628 asperetur
747 555 938 625 magis,
963 563 1017 610 et
1047 567 1146 609 usu
1169 553 1450 609 minuitur.
1477 553 1764 608 Estautem
1794 553 2029 625 quodam

434 648 658 720 genitali
678 662 862 718 operae
894 655 1099 702 natura:
1125 646 1452 718 euglyphus,
1483 646 1585 702 hoc
1604 655 1709 714 est,
1740 656 1767 683 τι
1789 647 1926 703 bene
1953 648 2037 703 in-

438 741 670 812 signitus
707 749 869 810 atque
899 738 1164 794 mirabilis
1194 751 1280 795 :el
1312 750 1368 794 ut
1394 755 1607 796 summo
1636 739 1817 796 studio
1840 740 2035 810 dignus

444 832 758 899 haberetur,
787 830 1012 888 difficile
1061 832 1334 889 invenitur
1362 851 1375 887 :
1403 841 1459 890 et
1502 843 1770 905 repertus,
1803 850 1928 890 raro
1957 844 2038 890 ta-

438 947 561 990 men
586 934 640 988 in
671 947 771 988 usu
802 931 1086 988 hominum
1108 941 1214 1001 est,
1243 933 1400 1003 quasi
1422 932 1469 988 is
1495 948 1655 1004 quem
1677 932 1830 988 dives
1853 933 2036 1004 regina

439 1026 636 1081 mirata
662 1023 751 1080 sit.

505 1118 598 1175 45.
640 1118 748 1176 Sed
771 1118 881 1190 jam
906 1118 1049 1175 sicut
1070 1117 1416 1190 Troglodytze
1447 1117 1522 1173 illi
1545 1119 1701 1188 quasi
1729 1117 1904 1188 pretio
1924 1131 2037 1173 sua:

439 1210 803 1266 remansiouis
835 1211 1078 1279 invento,
1107 1212 1446 1281 repetierant
1473 1209 1718 1276 domum,
1762 1209 1835 1265 ita
1864 1221 1916 1265 et
1939 1223 2040 1266 nos

437 1303 810 1360 emolumento
839 1319 1008 1358 mora:
1049 1303 1211 1374 hujus
1239 1313 1458 1374 recepto
1489 1303 1777 1360 redeamus
1807 1319 1873 1358 eo
1895 1302 2040 1359 unde

435 1392 778 1450 divertimus.
804 1393 915 1449 Nec
935 1409 1034 1466 par
1058 1403 1143 1449 est
1164 1407 1262 1450 nos
1290 1395 1626 1450 ornamentis
1651 1395 1816 1465 regiis
1836 1393 2040 1449 diutius

435 1488 709 1543 sermonis
739 1488 909 1542 nostri
941 1487 1188 1558 quaedam
1218 1487 1431 1559 1183
1460 1486 1752 1542 admovere
1783 1485 2036 1553 brachia;

437 1596 562 1636 cum
608 1579 906 1636 habeamus
945 1581 1002 1636 iu
1033 1581 1288 1636 manibus
1333 1595 1552 1636 crucem
1601 1578 1828 1648 Christi,
1878 1595 2039 1651 quam

437 1673 697 1730 admouet
737 1674 1008 1745 Propheta
1053 1689 1218 1746 super
1259 1689 1450 1730 aurum
1503 1685 1558 1730 et
1597 1675 1849 1745 topazion
1904 1689 2042 1744 prae.

437 1767 719 1824 ferendam
747 1809 765 1837 ,
825 1784 947 1840 quae
993 1768 1062 1824 ab
1100 1769 1248 1824 omni
1290 1784 1478 1825 errore
1516 1770 1783 1840 culpaque
1827 1777 2045 1825 revocat

2143 552 2456 622 corrigitur,
2514 553 2605 622 qui
2655 567 2871 609 omnem
2901 551 3041 608 viam
3090 553 3207 608 odit
3255 551 3581 623 iniquitatis.
3614 549 3754 606 Nam

2145 643 2250 698 nisi
2271 659 2488 700 omnem
2517 645 2657 700 viam
2690 645 2990 717 iniquitatis
3007 645 3211 712 oderis,
3233 660 3342 700 non
3358 654 3514 715 potes
3541 645 3594 699 in
3624 659 3748 700 om-

2137 735 2294 790 nibus
2321 737 2610 806 praeceptis
2638 738 2732 793 Dei
2755 739 2972 808 corrigi.
3019 738 3208 795 Potest
3230 738 3375 793 enim
3412 737 3529 794 fieri
3561 747 3622 792 ut
3651 737 3754 792 ali-

2135 826 2254 896 quis
2313 841 2374 882 se
2419 835 2688 898 temperet
2739 845 2768 884 a
2821 828 3162 886 crudelitatis
3221 829 3488 896 horrore;
3537 829 3754 886 lubrico

2136 927 2319 975 tamen
2340 920 2603 992 deceptos
2626 937 2812 979 amore
2835 924 3165 990 meretricis,
3191 932 3246 980 et
3267 925 3493 980 semitas
3516 924 3755 979 inconti-

2140 1015 2602 1085 nentiaejuveuilis
2617 1017 2918 1088 ingressus,
2933 1019 3260 1088 impressum
3281 1018 3452 1073 semel
3466 1031 3573 1073 non
3587 1026 3756 1087 queat

2140 1119 2400 1160 revocare
2456 1107 2768 1178 vestigium.
2821 1108 3018 1164 Multos
3076 1110 3222 1164 enim
3279 1109 3409 1164 vitia
3465 1108 3759 1164 blandiora

2140 1195 2438 1268 decipiunt.
2457 1207 2514 1254 et
2530 1210 2719 1255 contra
2739 1203 2938 1256 avertit
2957 1216 2988 1256 a
3011 1217 3072 1258 se
3100 1201 3365 1272 plurimos
3396 1200 3566 1257 tristis
3589 1209 3646 1257 et
3672 1201 3760 1256 ni-

2141 1291 2308 1344 mium
2337 1306 2526 1346 severa
2559 1291 2875 1349 crudelitas.
2909 1294 3015 1349 Sed
3043 1294 3302 1364 juventus
3328 1293 3396 1349 ad
3422 1308 3667 1348 amorem
3691 1292 3762 1348 li-

2139 1383 2347 1452 berior,
2380 1385 2446 1440 ad
2501 1386 2713 1456 lapsum
2759 1389 3042 1455 incautior,
3078 1388 3145 1444 ad
3185 1387 3558 1456 infirmitatem
3591 1386 3760 1458 fragi-

2144 1477 2266 1543 lior,
2299 1478 2364 1532 ad
2393 1481 2790 1536 correctionem
2822 1481 3010 1537 durior
3036 1491 3143 1538 cst.
3190 1482 3344 1537 Alius
3384 1497 3444 1538 se
3471 1482 3762 1552 resuingit

2143 1583 2174 1623 a
2201 1571 2414 1626 luxuria
2443 1591 2457 1627 :
2490 1572 2585 1628 sed
2619 1573 2863 1630 avaritia:
2883 1575 3182 1645 cupiditate
3211 1584 3479 1647 raptatur.
3511 1574 3764 1630 Plerum-

2148 1679 2256 1735 que
2287 1665 2432 1720 euim
2466 1676 2688 1734 peccata
2712 1666 3026 1738 hujusmodi
3058 1677 3205 1731 sunt,
3231 1678 3289 1723 ut
3315 1668 3363 1724 si
3398 1668 3632 1724 alterum
3661 1667 3764 1723 de-

2145 1758 2345 1824 clines,
2379 1761 2625 1817 iucurras
2673 1763 2911 1818 alterum
2951 1782 2964 1818 :
3011 1775 3062 1819 et
3113 1771 3322 1818 naturae
3358 1777 3486 1818 usus
3535 1762 3764 1832 adjuvat

437 1871 493 1919 et
519 1863 765 1933 corrigit.
797 1862 928 1931 Quis
974 1862 1118 1918 enim
1157 1862 1428 1933 iustorum
1458 1877 1566 1918 non
1611 1862 1816 1919 ambiat
1839 1861 2040 1919 Christi
2071 1863 2119 1924 Β
2146 1853 2541 1910 infirmitatem.
2574 1854 2745 1910 Odisti
2776 1856 3044 1912 luxuriam
3073 1860 3226 1942 quasi
3255 1856 3417 1928 frugi,
3447 1855 3542 1913 sed
3565 1855 3759 1927 fruga-

441 1956 495 2012 in
544 1964 722 2012 morte
768 1955 1046 2020 solatium,
1098 1958 1151 2011 in
1207 1954 1610 2011 resurrectione
1657 1955 2038 2011 consortium?

441 2046 575 2116 Quis
595 2061 702 2103 non
733 2045 980 2103 reﬂectat
1000 2048 1250 2120 gradum,
1298 2047 1518 2119 quando
1544 2049 1729 2104 audiat
1757 2048 1858 2103 sibi
1878 2062 2040 2119 supe-

438 2139 584 2195 riora
627 2140 806 2195 omnia
837 2150 1054 2210 peccata
1085 2139 1310 2196 donari?
1342 2140 1571 2210 Propter
1601 2139 1704 2195 hoc
1753 2140 1896 2195 enim
1931 2139 2041 2209 ple-

441 2230 649 2302 riqueh
679 2247 711 2286 a
768 2232 1144 2289 conversionis
1212 2231 1390 2288 studio
1453 2233 1697 2288 revocari
1767 2231 2035 2297 solebant,

440 2326 586 2398 quod
608 2326 932 2383 delictorum
957 2341 1180 2383 suorum
1204 2326 1432 2393 conscii,
1456 2326 1659 2381 nullam
1685 2341 1836 2396 spem
1865 2324 2042 2380 venia:

439 2431 838 2492 praesumerent
868 2437 881 2475 :
910 2429 966 2477 et
992 2421 1050 2476 in
1094 2420 1341 2477 Ecclesia
1368 2429 1569 2492 quanto
1596 2421 1864 2475 sanctiora
1901 2433 2043 2490 prae-

439 2523 620 2585 cepta,
649 2523 800 2570 tanto
824 2514 944 2570 sine
968 2516 1122 2571 venia
1157 2522 1409 2585 putarent
1435 2528 1556 2570 esse
1580 2521 1820 2584 peccata.

512 2608 605 2664 41.
649 2606 835 2680 (Vers.
893 2607 1050 2678 128.)
1089 2607 1327 2679 Ideoque
1383 2591 1460 2661 ait
1509 2616 1705 2663 octavo
1733 2605 2042 2662 versiculo:

441 2699 727 2769 Propterea
765 2703 832 2756 ad
860 2701 1032 2756 omnia
1062 2701 1308 2756 mandata
1357 2709 1446 2754 tua
1479 2699 1773 2771 corrigebar
1805 2716 1824 2755 :
1848 2715 2046 2753 omnem

442 2794 580 2848 viam
608 2794 998 2864 injustantodio
1022 2794 1199 2848 habui.
1249 2793 1440 2849 Merito
1481 2793 1878 2864 corrigebatur,
1915 2807 2049 2863 quo-

452 2885 598 2939 niam
644 2883 943 2954 diligebat;
974 2887 1204 2939 cltaritas
1254 2887 1398 2941 enim
1450 2887 1616 2957 operit
1664 2885 2049 2941 multitudinem

447 2986 774 3048 peccatorum
794 2976 970 3050 (lPet.
999 2995 1072 3045 tv,
1095 2978 1176 3050 8).
1198 2979 1330 3035 Vide
1359 2992 1560 3050 quanta
1587 2981 1818 3050 Operiat,
1848 2988 2048 3050 quanta

445 3071 706 3143 corrigat.
756 3067 997 3126 Charitas
1039 3073 1238 3143 patiens
1266 3083 1357 3137 est,
1416 3074 1633 3144 benigna
1681 3085 1775 3128 est.
1810 3072 2050 3127 Charitas

441 3179 544 3217 non
563 3161 864 3229 tumulatur,
891 3180 993 3218 non
1015 3165 1124 3233 agit
1148 3180 1440 3235 perperam,
1462 3181 1563 3218 non
1592 3165 1831 3234 inﬂatur,
1858 3180 1960 3219 non
1978 3174 2052 3218 est

2144 1945 2312 2000 litatis
2357 1947 2539 2002 studio
2592 1947 2828 2004 habendi
2873 1949 3144 2020 cupiditas
3185 1951 3505 2021 frequenter
3531 1950 3757 2020 irrepit.

2142 2039 2397 2095 Avaritia:
2427 2041 2532 2112 ipsi
2563 2043 2754 2112 rapina
2785 2051 2870 2099 est
2901 2043 3136 2099 subdita.
3165 2044 3233 2101 Et
3257 2052 3460 2115 quanto
3497 2044 3763 2100 tolerabi-

2141 2129 2248 2186 lius
2278 2140 2362 2186 cst
2392 2134 2610 2203 propria
2649 2133 3004 2203 profundere,
3036 2150 3196 2206 quam
3244 2135 3426 2191 aliena
3473 2135 3758 2205 diripere!

2143 2222 2282 2280 Sunt
2309 2227 2400 2295 qui
2430 2235 2738 2282 metuentes
2769 2225 2983 2299 118il
3003 2227 3206 2298 aliquid
3246 2229 3465 2300 proprio
3493 2229 3751 2284 minuere

2145 2313 2214 2369 de
2240 2329 2429 2383 censu,
2478 2319 2640 2372 etiam
2675 2318 2825 2388 inopi
2869 2330 3147 2390 sumptum
3199 2328 3423 2390 negent,
3455 2331 3511 2375 et
3537 2321 3763 2378 miseri-

2146 2406 2389 2462 cordiam
2419 2407 2808 2465 detrimentum
2843 2419 3053 2481 putent.
3107 2410 3247 2468 Sunt
3287 2412 3379 2483 qui
3424 2411 3756 2483 degenerem

2146 2499 2379 2554 vitantes
2426 2499 2842 2569 ignobilitatem,
2895 2502 3068 2558 tlabro
3107 2504 3384 2560 saecularis
3434 2505 3765 2560 ambitionis

2147 2596 2444 2666 agitentur,
2473 2605 2528 2650 ct
2553 2597 2693 2651 sicut
2722 2607 2992 2666 quassatae
3031 2597 3330 2654 arundines
3363 2597 3469 2654 huc
3494 2607 3661 2669 atque
3694 2599 3766 2654 il-

2151 2691 2238 2746 luc
2269 2693 2512 2746 ferantur
2541 2691 2757 2747 incerti.
2806 2690 2944 2747 Sunt
2971 2693 3136 2747 etiam
3177 2693 3268 2764 qui
3309 2692 3439 2748 dum
3487 2692 3764 2763 majorum

2151 2797 2374 2838 suorum
2423 2791 2621 2838 Statum
2677 2794 3003 2854 sequuntur,
3035 2784 3202 2840 veluti
3248 2784 3412 2854 digna
3457 2799 3765 2840 conversa-

2152 2875 2300 2930 tione
2329 2877 2596 2940 contenti,
2623 2892 2692 2931 ne
2717 2891 2932 2933 errores
2959 2876 3178 2947 quidem
3211 2878 3417 2948 patrios
3445 2879 3769 2934 existiment

2151 2970 2534 3035 declinandos;
2578 2979 2635 3024 ut
2665 2971 2770 3025 [ide
2797 2970 3110 3025 mutandam
3146 2971 3429 3042 perfidiam
3467 2985 3577 3026 non
3606 2970 3768 3027 arbi-

2155 3072 2370 3120 trentur
2400 3082 2412 3118 :
2445 3079 2568 3119 cum
2600 3065 2653 3118 in
2685 3064 2880 3120 melius
2909 3073 3120 3120 mutare
3157 3066 3495 3136 pr0positum
3532 3081 3644 3121 non
3681 3067 3766 3121 le-

2158 3159 2314 3224 vitas,
2343 3159 2437 3213 sed
2464 3157 2670 3213 virtus:
2701 3173 2877 3229 neque
2923 3159 3106 3230 culpa,
3136 3159 3232 3215 sed
3279 3161 3451 3230 gratia
3479 3159 3573 3215 sit.
3602 3159 3766 3216 Alius

440 3259 743 3324 ambitiosa,
771 3276 875 3314 non
893 3260 1078 3331 quaerit
1105 3275 1220 3330 qua:
1254 3275 1349 3314 sua
1373 3271 1512 3326 sunt,
1542 3275 1646 3313 non
1671 3259 1926 3323 irritatur,
1948 3275 2049 3314 non
2075 3249 2122 3313 (Ζ
2154 3253 2494 3309 circensibus
2523 3253 2688 3317 ludis,
2719 3263 2815 3307 aut
2852 3254 3210 3310 theatralibus
3238 3255 3566 3309 sollicitatus
3605 3255 3769 3310 volu~

442 3351 636 3422 cogitat
659 3352 875 3420 malum,
908 3369 1010 3406 non
1041 3351 1229 3423 gaudet
1260 3369 1416 3422 super
1442 3353 1736 3424 iniquitate,
1761 3353 2048 3425 cangaudet

441 3454 614 3498 autem
665 3445 890 3499 veritati.
922 3443 1111 3500 Omnia
1151 3443 1356 3512 stt/fert,
1411 3445 1585 3499 omnia
1637 3447 1821 3512 credit,
1874 3446 2049 3500 omnia

442 3544 641 3603 sperat,
685 3537 859 3590 omnia
903 3537 1140 3591 sustinet.
1173 3535 1414 3590 Charitas
1449 3553 1730 3609 numquam
1759 3538 1948 3592 excidit
1980 3537 2050 3604 (ll

450 3625 599 3694 Cor.,
625 3643 742 3695 xm,
771 3629 804 3684 4
831 3637 877 3682 et
902 3628 1055 3701 seq.).
1088 3629 1145 3684 ln
1172 3629 1524 3686 inferioribus
1553 3630 1653 3685 tria
1683 3631 1920 3702 perfecta
1952 3647 2049 3701 po-

439 3722 572 3786 suit,
605 3735 783 3790 spem,
815 3720 998 3786 iidem,
1025 3723 1352 3778 charitatem
1384 3723 1682 3793 :majorem
1707 3736 1889 3779 autem
1911 3724 2050 3780 dixit

441 3813 786 3879 charitatem,
813 3823 868 3870 et
901 3823 1090 3881 recte;
1131 3815 1371 3872 Charitas
1427 3818 1572 3872 enim
1625 3820 1801 3873 omnia
1849 3829 2044 3892 sperat,

442 3905 617 3959 omnia
641 3906 805 3960 credit
847 3904 1040 3974 (Ibid.,
1077 3909 1190 3980 15).
1227 3907 1364 3964 Cum
1396 3909 1561 3981 igitur
1590 3926 1718 3982 spes
1743 3920 1798 3967 et
1828 3911 1962 3967 fides
1993 3912 2046 3967 in

441 3998 706 4055 charitate
737 4000 871 4064 sint,
900 4015 1008 4056 nou
1048 4011 1135 4058 est
1178 4001 1402 4059 dubium
1433 4005 1576 4075 quod
1618 4007 1791 4076 major
1806 4005 2046 4062 charitas

446 4092 536 4147 sit.
570 4093 639 4148 Et
662 4094 802 4149 bene
822 4095 925 4150 sibi
955 4096 1235 4166 respondit
1261 4097 1555 4168 Propheta.
1590 4099 1763 4169 Supra
1791 4101 1934 4156 enim
1966 4100 2046 4155 di-

444 4185 525 4237 xit
557 4201 570 4237 :
599 4183 710 4238 Lex
737 4184 948 4239 Domini
973 4187 1463 4254 irreprehensibiiis,
1494 4200 1790 4246 convertens
1817 4193 2047 4246 animant

446 4272 622 4345 (Paul.
651 4291 800 4340 xvttt,
823 4275 900 4346 8).
930 4276 986 4331 Si
1016 4276 1127 4332 Lex
1149 4279 1387 4334 animam
1406 4283 1714 4346 convertit;
1747 4283 1932 4354 utique
1954 4285 2044 4354 qui

445 4368 645 4438 diligit,
677 4368 836 4441 Legis
862 4369 1093 4427 dilector
1120 4384 1224 4426 est.
1260 4372 1465 4428 Deinde
1509 4369 1563 4429 in
1591 4375 1692 4430 hoc
1713 4375 1834 4446 ipso
1862 4386 2047 4432 cente-

446 4459 586 4517 simo
630 4461 842 4518 decimo
870 4470 1062 4520 octavo
1093 4465 1302 4535 psalmo
1349 4466 1583 4536 primum
1639 4469 1824 4538 posuit
1854 4485 1869 4523 :
1901 4468 2046 4525 Beati

442 4556 766 4611 immaculati
791 4557 844 4610 in
883 4559 983 4624 via,
1011 4561 1098 4627 qui
1127 4560 1393 4614 ambulant
1421 4561 1474 4615 in
1503 4562 1613 4634 lege
1642 4561 1851 4618 Domini
1881 4563 2041 4636 (Sup.

2151 3348 2414 3419 ptatibus,
2457 3357 2551 3402 aut
2593 3349 2811 3403 caeteris
2837 3349 3165 3404 vanitatibus
3207 3359 3525 3419 occupatus,
3560 3347 3767 3406 Eccle-

2150 3440 2288 3496 siam
2315 3456 2422 3495 non
2465 3439 2777 3512 frequentat
2806 3440 3021 3497 :.alium
3051 3441 3191 3495 ruris
3219 3441 3401 3510 quieta
3451 3441 3765 3508 delectant,

2151 3552 2322 3609 eaque
2348 3552 2509 3592 causa
2537 3537 2605 3592 ad
2637 3537 2936 3593 Ecclesiam
2965 3551 3120 3591 rarus
3141 3551 3392 3592 accessus
3419 3545 3523 3592 est.
3567 3537 3768 3607 Itaque

2150 3631 2366 3686 diverso
2397 3646 2497 3686 usu
2530 3631 2584 3685 in
2613 3631 2865 3686 emndem
2915 3630 3280 3686 indevotionis
3314 3645 3559 3687 errorem
3606 3641 3766 3688 uter-

2151 3739 2258 3794 que
2287 3725 2585 3779 coucurrit.
2627 3723 2732 3780 Sed
2755 3724 2844 3794 qui
2876 3737 3096 3780 omnem
3119 3724 3261 3778 viam
3292 3723 3598 3794 iniquitatis
3619 3724 3766 3792 odit,

2150 3816 2216 3871 ad
2247 3817 2497 3872 universa
2525 3815 2816 3887 corrigitur
2839 3825 2896 3871 et
2922 3813 3262 3872 emendatur.
3294 3815 3361 3870 Et
3391 3815 3533 3870 bene
3553 3817 3770 3886 posuit,

2160 3907 2312 3963 Viam
2343 3909 2664 3978 iniquitatis;
2698 3909 2790 3965 ille
2834 3910 2979 3965 enim
3027 3908 3237 3964 facilius
3279 3907 3622 3979 iniquitatem
3671 3907 3772 3964 de-

2153 4002 2337 4068 clinat,
2367 4004 2456 4074 qui
2486 4002 2600 4056 vias
2627 4002 2746 4072 ejus
2773 4019 2879 4058 non
2910 4002 3075 4058 fuerit
3105 4001 3405 4072 ingressus.

2458 4105 2691 4166 SER-M0
2731 4105 3031 4164 DECIMUS
3069 4103 3437 4163 SEPTIMUS.

2828 4209 2888 4262 ε.
2935 4198 3066 4256 Phe.

2222 4292 2276 4345 1.
2317 4289 2431 4346 Phe
2460 4291 2638 4346 littera
2670 4291 2880 4346 decima
2908 4291 3138 4362 septima
3159 4334 3175 4359 ,
3209 4307 3329 4362 quae
3355 4290 3526 4347 latine
3551 4292 3775 4363 signiﬁ-

2148 4393 2254 4446 cat,
2293 4383 2501 4450 Erravi,
2524 4386 2662 4451 sive,
2697 4384 2770 4439 Os
2818 4388 3018 4454 aperui.
3051 4386 3242 4442 Merito
3269 4400 3402 4456 ergo
3429 4384 3550 4440 hmc
3581 4386 3774 4458 lacry-

2149 4475 2367 4531 mabilis
2419 4477 2590 4532 series
2649 4476 2840 4546 psalmi
2881 4478 3127 4548 subjecta
3185 4487 3268 4534 est
3335 4477 3461 4532 huic
3517 4477 3773 4535 litterae:

2150 4572 2370 4641 Respice
2393 4573 2450 4626 in
2478 4589 2581 4640 me,
2615 4582 2662 4626 et
2690 4573 2927 4628 miserere
2970 4572 3219 4628 mihi.....
3252 4581 3301 4627 et
3327 4587 3429 4626 non
3462 4573 3779 4628 dominetur

447 4664 498 4703 υ.
535 4649 614 4718 1).
663 4649 719 4706 Si
749 4650 1129 4708 immaculattts
1149 4663 1233 4710 est
1269 4655 1359 4725 qui
1388 4657 1440 4710 iu
1483 4656 1601 4727 lege
1633 4657 1728 4712 Dei
1770 4657 2041 4724 ambulat;
2071 4650 2126 4710 D
2149 4665 2247 4718 mei
2275 4665 2442 4720 omnis
2468 4666 2734 4735 iniquitas.
2769 4663 2982 4720 Faciem
3028 4676 3168 4720 tuam
3194 4666 3432 4720 illumiua
3477 4682 3635 4736 super
3655 4682 3779 4720 ser-

446 4740 635 4810 utique
691 4744 1074 4813 convertitur,
1119 4746 1209 4812 qui
1272 4745 1450 4818 diligit
1505 4747 1600 4803 Dei
1653 4749 1850 4820 legem.
1902 4750 2044 4822 Ergo

442 4836 488 4889 si
521 4833 628 4889 Lex
655 4835 1058 4893 immaculatum
1089 4840 1242 4903 facit,
1277 4851 1426 4896 recte
1471 4841 1709 4897 charitas
1745 4843 2045 4900 multitudi-

444 4943 569 4985 nem
601 4932 782 5000 operit
812 4942 1190 5002 peccatorum;
1222 4937 1347 5008 quia
1397 4937 1676 5008 plenitudo
1719 4939 1879 5012 Legis
1909 4941 2045 4996 cha-

445 5022 581 5077 ritas
607 5033 712 5078 est.

516 5115 608 5171 45.
654 5115 869 5173 Omnem
895 5159 910 5185 ,
944 5119 1140 5191 inquit,
1184 5123 1320 5175 viam
1344 5125 1596 5196 injustam
1637 5125 1756 5179 odio
1784 5124 1961 5180 habui.
1988 5125 2043 5184 Si

445 5207 492 5262 is
516 5207 609 5279 qui
636 5221 907 5280 praecepta
926 5211 1156 5280 justitite
1185 5212 1381 5285 diligit,
1415 5214 1541 5271 facit
1568 5215 1655 5270 illa
1682 5233 1804 5288 qua:
1832 5217 2003 5289 diligit
2030 5235 2044 5282 ;

442 5300 631 5371 utique
676 5302 721 5357 is
747 5303 838 5375 qui
862 5303 974 5358 odit
1006 5304 1373 5377 iniquitatem,
1423 5323 1528 5362 non
1555 5307 1686 5364 facit
1725 5310 1868 5380 quod
1909 5325 2043 5366 exo-

517 5444 541 5471 υ
584 5435 742 5492 Rom.
765 5438 900 5515 edit.
926 5441 1063 5508 sola,
1113 5441 1238 5496 bene
1275 5443 1586 5515 ﬁgurabitis.
1616 5445 1683 5499 Et
1730 5461 1851 5501 cum
1898 5446 2040 5512 aliis,

443 5519 691 5588 aci‘tnsls.
730 5509 954 5588 aliquot.
999 5522 1065 5588 at
1100 5509 1516 5588 summo'studio
1574 5516 1764 5588 dignus
1803 5509 2040 5572 habetur.

445 5574 680 5648 Difﬁcile
724 5574 1002 5656 invenitur.
1035 5586 1142 5640 Sed
1185 5601 1316 5641 mss.
1350 5587 1590 5642 melioris
1631 5574 1857 5656 "manus,
1889 5597 1948 5642 ut
1988 5588 2042 5643 iu

444 5652 918 5729 con!.cxtu._Quod
948 5664 1131 5729 autem
1169 5657 1371 5712 habent
1393 5673 1581 5713 otnnes
1603 5660 1736 5714 edit.
1769 5652 2043 5729 Et’reper-

449 5720 856 5844 :tg‘insignitur,
899 5726 1082 5782 nullus
1111 5742 1242 5782 mss.
1278 5729 1526 5797 verbum,
1551 5731 1853 5801 ittsignitur,
1878 5720 2045 5802 agno-

523 5855 550 5894 ι’
593 5856 736 5915 Edit.
769 5855 890 5918 Ain.
923 5858 1143 5934 etGill.,i
1177 5870 1246 5922 ad
1277 5872 1623 5924 conuersionis
1649 5872 1876 5926 studium
1899 5872 2044 5926 reno—

2141 4771 2260 4811 vum
2309 4765 2452 4811 tuum
2493 4755 2693 4829 (Infra,
2731 4773 2811 4812 vv.
2854 4757 3114 4823 132,133
3158 4768 3206 4812 et
3255 4756 3417 4826 1'55);
3452 4765 3511 4811 ut
3561 4759 3614 4811 ei
3669 4760 3777 4828 qui

2145 4848 2342 4904 eratin
2373 4849 2563 4904 umbra
2606 4849 2823 4917 mortis,
2863 4850 3066 4921 populo
3095 4849 3335 4906 caelestis
3364 4849 3779 4906 misericordia:

2146 4942 2328 4998 lumen
2356 4943 2610 5011 oriretur,
2641 4943 2923 5000 adveniret
2972 4943 3226 5000 Christus
3283 4945 3537 5000 remissio
3567 4960 3781 5016 pecca-

2151 5041 2328 5088 torum
2351 5076 2366 5099 ,
2419 5034 2756 5104 captivorum
2789 5035 3120 5106 redemptio,
3150 5035 3454 5091 subsidium
3503 5034 3781 5092 laboran—

2152 5123 2305 5179 tium.
2339 5124 2448 5181 Sed
2475 5125 2601 5197 quia
2647 5126 2838 5182 venire
2883 5127 3088 5182 tardius
3131 5126 3580 5183 desiderantibus
3607 5128 3782 5186 vide-

2147 5217 2336 5272 batur:
2369 5216 2574 5281 Exitus,
2608 5220 2801 5289 inquit,
2827 5235 3082 5289 aquarum
3125 5219 3452 5274 deduxerunt
3480 5219 3626 5274 oculi
3667 5224 3780 5276 mei

2151 5310 2349 5382 (Infra,
2383 5327 2431 5364 υ.
2465 5311 2613 5382 156).

2149 5462 2265 5501 care
2297 5447 2450 5519 (Gill.
2482 5448 2748 5518 revocari)
2782 5449 3030 5504 solebant.
3063 5450 3252 5506 Melius
3281 5450 3546 5506 Rom.....
3610 5469 3780 5510 revo-

2147 5519 2257 5595 cari
2294 5520 2573 5595 _noteban_t.
2628 5519 2844 5588 Optime
2896 5529 3075 5576 autem
3118 5523 3357 5577 omnium
3409 5523 3535 5578 Era.
3594 5539 3777 5595 quem

2149 5589 2308 5644 simul
2341 5601 2395 5644 et
2439 5591 2698 5661 majorem
2745 5607 2875 5647 mss.
2922 5602 3126 5662 partem
3171 5609 3359 5648 sumus
3406 5589 3628 5649 sccutif
3660 5597 3778 5652 Ahi

2150 5676 2282 5735 vero
2304 5676 2435 5715 mss.
2465 5662 2662 5735 partim
2686 5663 2790 5731 his,
2813 5665 3008 5733 partim
3033 5664 3135 5718 illis
3161 5665 3292 5720 edit.
3321 5665 3778 5735 patrocinautur.

2152 5730 2251 5810 llic
2286 5747 2458 5810 porro
2476 5730 2981 5790 Novatiauiobiter
3012 5730 3483 5810 perstringuntur,
3508 5751 3673 5810 Aqu_os
3704 5741 3779 5810 de

2149 5801 2414 5879 industria
2446 5803 2724 5879 impugnth
2735 5814 2987 5879 sanctus
3012 5801 3226 5879 Praesul,
3249 5801 3300 5862 in
3328 5801 3778 5879 ,lib.,,_de'Paeni-’-

2152 5864 2331 5936 tentia,
2360 5873 2462 5940 qua
2487 5864 2555 5932 de
2586 5864 2645 5930 ἴε
2676 5864 2782 5930 illic
2814 5892 2840 5931 a
2868 5870 3021 5932 nobis
3049 5864 3259 5933 dicetur
3280 5864 3522 5935 uberius.
