3948 6304
164 217 286 274 1441

1232 228 1297 286 IN
1339 228 1668 293 I‘S.\LMU.\I
1706 235 1920 296 CXVIII
1961 240 2345 302 EXPOSITIO.

3305 264 3447 322 1442

213 333 256 388 2.
301 333 355 387 In
387 333 691 391 llieremize
725 353 942 410 quoque
962 339 1197 399 Tbrenis
1225 344 1630 418 lacrymabilior
1658 365 1745 407 se-
1772 354 1828 415 Α
1855 366 2128 424 perpetuae
2163 361 2356 416 aculco
2393 365 2585 423 mortis
2615 368 2931 439 deploraret
2966 373 3196 431 amissos
3229 393 3241 429 :
3274 377 3446 434 David

150 423 247 479 ries
270 424 364 478 sub
384 426 482 480 hac
513 425 710 482 littera
743 438 863 485 est:
899 429 1166 503 Expandit
1200 435 1333 491 Sion
1367 455 1551 496 manus
1577 459 1737 497 suas:

161 531 251 568 non
292 525 358 568 est
404 517 488 585 qui
538 520 838 575 consoletur
865 539 977 578 eam
1021 523 1253 598 (Thren.
1287 544 1327 596 ι,
1362 530 1478 602 I7).
1508 532 1736 604 Dignam

160 608 630 666 remunerationem
663 615 901 686 recepit;
935 627 994 672 ut
1040 633 1161 689 quae
1189 622 1594 691 expandentem
1626 642 1738 683 ma-

161 713 247 753 nus
272 698 454 756 audire
487 703 747 774 neglexit,
773 716 826 762 et
848 708 951 763 sub
975 711 1093 765 alas
1129 711 1246 781 ejus
1278 715 1593 782 succedere,
1619 718 1736 789 ipsa

159 802 322 862 postea
354 795 690 864 expanderet
721 815 948 870 manus,
992 813 1047 858 et
1075 807 1457 864 consolantem
1485 809 1737 871 invenire

158 903 250 941 non
277 899 470 958 posset.
506 890 637 946 Nam
665 895 768 950 etsi
795 904 925 952 ante
958 897 1253 956 adventum
1284 903 1496 960 Domini
1547 907 1736 965 Hiere-

156 979 272 1034 naias
318 982 684 1051 captivitatem
724 986 1037 1046 Judteorum
1082 1010 1112 1048 a
1167 995 1481 1068 Babyloniis
1530 1001 1732 1058 illatam

155 1072 330 1128 deﬂere
355 1073 626 1141 videatur,
655 1089 835 1138 tamen
866 1084 1186 1155 prophetico
1207 1089 1405 1159 spiritu
1434 1092 1592 1148 istam
1621 1111 1735 1151 ma-

153 1164 220 1234 gis
266 1166 626 1236 captivitatem
677 1175 1015 1243 prmvidens,
1072 1195 1176 1251 qua
1226 1196 1321 1237 eos
1377 1183 1732 1257 intelligibilis

153 1255 454 1328 Babylonius
494 1261 551 1316 in
597 1267 847 1336 perpetui
894 1272 1097 1326 erroris
1129 1273 1340 1329 vincula
1381 1255 1636 1348 subjecit,
1677 1291 1731 1336 et

151 1350 432 1410 domesticae
465 1355 682 1414 virtutis
721 1370 969 1418 extorres
1017 1365 1085 1421 de
1113 1375 1254 1422 statu
1288 1377 1526 1438 paternae
1555 1371 1728 1428 devo-

159 1444 294 1498 tionis
345 1447 677 1519 eliminans,
729 1452 1037 1526 longinquae
1063 1459 1246 1514 aﬂ’ecit
1274 1461 1728 1532 peregrinationis

150 1537 334 1604 exsilio,
366 1540 669 1597 miserabili
707 1543 901 1602 dolore
945 1548 1215 1619 deplorat.
1249 1551 1408 1607 Nulla
1458 1554 1605 1611 enim
1635 1572 1730 1627 pa-

150 1629 232 1681 tria
258 1631 423 1686 verior
468 1649 640 1701 quam
695 1636 848 1705 fides,
898 1657 1019 1710 quas
1052 1658 1148 1698 eos
1186 1645 1277 1714 qui
1330 1646 1490 1718 longe
1545 1659 1722 1719 erant,

146 2003 252 2057 cires
270 2016 558 2061 sanctorum
580 2019 630 2064 et
660 2010 926 2068 domestici
953 2013 1052 2070 Dei
1080 2016 1298 2088 (Ephes.
1329 2036 1389 2084 tt,
1419 2021 1531 2094 19).

200 2097 246 2150 5.
282 2098 415 2153 Alibi
448 2116 676 2171 quoque
724 2103 1025 2162 Hieremias
1071 2108 1205 2164 dicit
1236 2112 1337 2167 sub
1369 2113 1471 2170 hac
1500 2115 1679 2173 littera
1707 2135 1720 2173 :

145 2187 431 2256 .Iperuerunt
465 2195 522 2249 in
547 2207 601 2250 te
623 2212 680 2252 os
708 2214 856 2253 suum
895 2217 1071 2257 omnes
1111 2204 1309 2260 inimici
1341 2207 1437 2271 tui,
1481 2209 1723 2264 sibilave-

146 2294 259 2348 runt,
290 2289 612 2356 fremuerunt
645 2290 904 2359 dentibus,
933 2304 981 2348 et
1017 2295 1296 2353 dixerunt:
1343 2299 1726 2367 Deqlutivimus

143 2393 262 2443 eam;
286 2387 448 2436 tamen
477 2381 602 2437 Ita'c
624 2393 697 2438 est
723 2385 834 2440 dies
855 2404 1007 2455 quam
1050 2391 1410 2459 sperabamus,
1439 2395 1724 2452 invenimus

144 2483 253 2532 eum,
284 2471 495 2528 vidimus
528 2491 643 2529 eam
676 2474 891 2547 (Thren.
924 2495 984 2545 ιι,
1017 2480 1095 2550 6).
1127 2482 1192 2536 Ει
1221 2483 1308 2538 hic
1348 2483 1490 2541 sicut
1511 2485 1726 2542 Iudaeo-

141 2576 237 2617 rum
266 2565 483 2635 pepulns
548 2583 612 2623 os
656 2571 873 2639 aperuit
930 2572 982 2627 in
1021 2571 1330 2645 Christum,
1373 2579 1723 2648 quemadmo-

141 2655 244 2712 dum
275 2660 477 2733 1185
512 2660 566 2715 in
592 2662 860 2732 vigesimo
886 2664 1064 2735 primo
1087 2668 1301 2738 psalmo
1341 2670 1409 2726 de
1436 2671 1553 2742 ejus
1602 2689 1726 2743 pas-

139 2743 269 2802 sione
317 2753 522 2822 legisti,
570 2755 718 2826 quod
746 2770 1084 2828 aperuerunt
1112 2776 1175 2814 os
1202 2776 1358 2816 suum
1393 2764 1725 2821 maledicen-

141 2842 529 2913 tes(Psal.xx|,
570 2847 693 2919 Ii):
741 2849 921 2921 digna:
958 2851 986 2890 δ
1017 2862 1221 2909 sortem
1271 2857 1725 2913 remunerationis

139 2937 377 3003 agnoscis;
397 2948 455 2994 ut
485 2939 597 3011 ipsi
626 2941 695 2996 ab
713 2942 950 3000 inimicis
977 2945 1089 3000 suis
1117 2947 1240 3002 talia
1269 2949 1641 3016 sustinerent,
1670 2960 1726 3006 et

139 3023 366 3083 tremeret
401 3030 455 3084 in
514 3046 613 3087 eos
662 3032 915 3091 dentibus
959 3037 1315 3108 intelligibilis
1349 3041 1441 3096 ille
1472 3053 1725 3112 peccator

139 3113 375 3184 diabolus,
420 3123 573 3177 sicut
596 3122 682 3179 leo
706 3126 948 3196 rugiens,
974 3138 1025 3182 et
1052 3131 1334 3200 requirens
1363 3149 1522 3202 quem
1552 3134 1716 3191 devo-
1748 3129 1794 3192 C

141 3219 280 3264 raret.
313 3210 404 3267 Isti
433 3212 610 3285 igitur
638 3231 749 3272 non
787 3217 1049 3275 dixerunt
1084 3239 1097 3276 :
1132 3221 1443 3280 Benedictus
1466 3225 1719 3282 Dominus

140 3302 209 3369 qui
226 3320 314 3359 non
341 3305 484 3361 dedit
518 3325 611 3364 nos
648 3310 703 3364 in
724 3323 996 3381 capturum
1036 3316 1271 3372 dentibus
1301 3336 1476 3374 eorum
1523 3319 1542 3393 (
1572 3320 1715 3376 Psal.

140 3407 300 3463 cuin,
324 3395 411 3468 6);
437 3399 573 3471 quia
607 3403 937 3472 Sperandum
984 3407 1053 3462 de
1085 3407 1314 3464 Domino
1345 3426 1452 3466 non
1493 3423 1718 3482 putave-

142 3496 261 3540 runt.
313 3489 451 3563 Ergo
517 3492 791 3550 excidium
845 3512 1033 3570 eorum
1064 3499 1314 3556 diabolus
1343 3502 1485 3573 quod
1517 3519 1720 3574 praesu-

143 3581 326 3650 mebat,
381 3586 616 3642 invenit.
669 3588 969 3659 Deglutivit
1017 3606 1141 3660 eos;
1201 3596 1459 3665 quoniam
1532 3599 1721 3656 deerat

142 3684 296 3739 pastor
319 3677 588 3746 offensus,
645 3684 736 3752 qui
786 3685 1098 3743 extraheret
1127 3688 1198 3744 de
1231 3704 1328 3746 ore
1352 3690 1528 3750 leonis
1557 3710 1719 3752 crura

142 3765 290 3834 ovis,¢
318 3782 407 3827 aut
439 3774 850 3846 cartilaginem.

204 3859 248 3914 4.
287 3861 446 3935 Sequi
478 3865 796 3936 noluerunt,
825 3871 1013 3929 audire
1036 3874 1330 3932 noluerunt
1363 3894 1376 3930 :
1413 3877 1536 3934 ideo
1559 3879 1724 3938 dece-

148 3947 284 4008 dente
309 3969 562 4025 pasmre,
593 3960 820 4032 vestigia
848 3978 1039 4020 eorum
1078 3977 1240 4038 atque
1269 3984 1431 4026 aures
1461 3971 1576 4026 suis
1606 3973 1720 4028 lau-

147 4039 275 4098 ribus
310 4050 638 4118 occupavit;
671 4053 794 4123 quia
823 4057 1008 4125 faciem
1042 4071 1339 4114 sanctorum
1369 4078 1471 4116 non
1519 4079 1719 4134 recepe-

145 4145 240 4186 runt
258 4178 271 4202 ,
295 4149 337 4193 et
365 4141 626 4196 nobilibus
652 4145 1058 4203 misericordiam
1084 4167 1185 4206 non
1221 4151 1471 4207 dederunt
1497 4153 1714 4226 (Thren.

144 4237 206 4292 tv,
243 4228 339 4300 I6),
379 4242 439 4290 ut
472 4235 638 4290 tertio
670 4235 972 4296 Ilieremias
1002 4244 1105 4298 sub
1151 4244 1250 4300 hac
1279 4247 1458 4302 littera
1501 4247 1633 4305 dicit
1663 4251 1718 4307 in

143 4317 366 4380 Tlirenis.
411 4327 522 4396 Qui
549 4341 710 4386 erant
739 4333 988 4403 nobiles,
1021 4337 1125 4393 nisi
1157 4341 1249 4408 qui
1284 4356 1392 4396 non
1419 4343 1716 4400 secundum

144 4413 398 4475 obscuram
432 4421 577 4478 hanc
600 4425 789 4493 vitam,
820 4427 915 4483 sed
945 4427 1000 4484 in
1031 4430 1239 4487 lumine
1268 4435 1574 4491 sanctitatis
1595 4451 1720 4507 ege-

1844 461 1974 501 vcro
2007 449 2306 518 moderate,
2341 459 2493 526 quasi
2525 459 2616 528 qui
2647 461 3021 535 obreptionem
3053 467 3267 524 doleret
3293 485 3447 525 erro-

1843 538 1920 594 ris
1942 581 1957 607 ,
1988 543 2288 599 remedium
2318 561 2425 602 non
2471 549 2787 622 desperaret
2812 558 3202 629 correctionis;
3232 571 3290 618 ut
3315 579 3448 620 con-

1846 632 2176 705 tristaretur,
2209 652 2315 695 non
2347 641 2751 704 absorberetur.

1912 767 1966 823 6.
2006 769 2188 841 (Vers.
2230 775 2382 848 I29.)
2431 779 2675 852 Denique
2735 786 3089 846 conﬁrmatus
3144 791 3446 849 sobrietate

1839 861 2198 929 pmnitenliae,
2221 874 2277 921 et
2299 882 2398 939 spe
2421 873 2592 928 venite
2617 886 2967 947 provocatus,
2995 881 3075 937 sic
3102 883 3304 954 erepit:
3338 883 3446 939 Mi-

1839 952 2024 1007 rabilia
2052 958 2341 1014 testimonia
2375 973 2485 1030 tua,
2517 979 2789 1039 propterea
2815 983 3044 1028 scrutata
3071 985 3145 1030 est
3171 952 3232 1032 ea
3269 979 3445 1032 anima

1837 1061 1968 1100 mea.
1999 1046 2220 1106 Moralis
2247 1055 2455 1123 oratio,
2499 1068 2557 1114 ut
2587 1063 2847 1131 quoniam
2877 1082 2999 1122 eum
3032 1068 3261 1138 puderet
3283 1087 3440 1128 erro-

1836 1136 1912 1193 ris
1939 1179 1955 1204 ,
1992 1139 2161 1197 Deum
2211 1153 2389 1202 tamen
2422 1153 2658 1220 propria:
2701 1155 3073 1215 miserationis
3119 1164 3446 1222 testimoniis

1836 1235 2174 1289 conveniret.
2209 1235 2325 1294 Hoc
2364 1251 2448 1296 est
2475 1241 2655 1302 dicere
2683 1264 2696 1299 :
2729 1247 2846 1320 Ego
2875 1251 2926 1305 in
2959 1253 3189 1308 exordio
3229 1272 3442 1312 sermo.

1834 1323 1918 1376 nis
1949 1323 2178 1395 loquens
2209 1345 2328 1385 mea
2359 1343 2584 1402 peccata
2607 1379 2622 1404 ,
2667 1352 2777 1394 non
2815 1341 2990 1398 audeo
3035 1343 3219 1402 levare
3247 1347 3438 1405 oculos

1834 1428 1986 1470 meos
2027 1417 2095 1473 ad
2127 1427 2194 1484 te
2229 1421 2399 1477 Deum
2433 1424 2612 1482 vivum
2650 1447 2663 1483 :
2692 1431 2788 1486 sed
2821 1441 2875 1487 tu
2896 1475 2911 1498 ,
2959 1434 3219 1505 Domine,
3253 1454 3344 1496 me
3371 1439 3440 1496 ad

1831 1509 2158 1576 sperandam
2195 1516 2410 1571 veniam
2446 1527 2717 1577 tantarum
2767 1523 3227 1599 indulgentiarum
3267 1533 3440 1590 titulis

1828 1604 2159 1668 provocasti.
2193 1605 2460 1664 Mirabilia
2487 1614 2776 1668 testimonia
2806 1625 2896 1671 tua
2922 1635 2941 1673 :
2971 1616 2999 1657 ἀ
3029 1635 3152 1676 cum
3183 1622 3236 1678 in
3259 1624 3439 1680 Abra-

1833 1690 1954 1748 ham
1988 1711 2094 1751 non
2128 1698 2280 1768 lapsu
2329 1703 2554 1759 incuria:
2590 1706 2852 1776 juvenilis
2881 1711 3124 1768 offensus
3165 1730 3226 1771 es
3259 1735 3274 1772 :
3302 1717 3433 1774 dum

1829 1789 2090 1844 monuisti
2138 1801 2199 1847 ut
2225 1793 2603 1853 Chaldaeorum
2647 1817 2896 1871 errores,
2934 1807 3195 1876 patriam,
3229 1824 3435 1881 cogna-

1827 1879 2028 1935 tionem
2062 1883 2433 1956 relinqueret,
2476 1898 2532 1945 et
2575 1904 2859 1949 evocatum
2907 1897 3121 1953 virtutis
3159 1901 3434 1958 exercitiis

1826 1972 2074 2028 erudisti.
2106 1974 2240 2031 Cum
2266 1977 2617 2037 Hebraeorum
2645 1986 2902 2056 populum
2928 2003 2956 2042 a
2983 1999 3224 2060 paterna:
3246 1993 3428 2050 studio

1826 2065 2122 2123 nobilitatis
2148 2084 2400 2128 aversum
2421 2116 2435 2140 ,
2467 2085 2522 2130 et
2560 2076 2696 2132 viles
2723 2093 2879 2135 escas
2906 2080 3131 2155 ,λεωριί
3156 2100 3323 2156 super
3351 2085 3437 2142 di-

1827 2158 1947 2214 vina
1979 2176 2201 2218 munera
2229 2165 2629 2236 prmierentem,
2653 2186 2759 2226 non
2783 2173 2963 2229 solum
2986 2175 3236 2234 solidatis
3260 2179 3429 2236 Rubri

1827 2252 1997 2305 maris
2045 2253 2300 2310 [luctibus
2349 2257 2592 2314 liberasti
2642 2277 2658 2316 :
2700 2277 2887 2318 verum
2935 2266 3100 2321 etiam
3149 2268 3436 2340 triumphis

1828 2342 2079 2412 plurimis
2105 2347 2334 2403 cvexisti
2362 2349 2429 2404 ad
2458 2351 2708 2420 gloriam.
2739 2363 2796 2410 et
2823 2355 3008 2413 uberis
3032 2367 3194 2415 terrae
3221 2376 3437 2432 posses-

1825 2436 1981 2493 sione
2011 2438 2228 2496 donasti
2257 2443 2322 2498 ad
2355 2444 2618 2513 quietem.
2657 2447 2733 2504 Te
2775 2450 2914 2506 fotus
2954 2454 3250 2510 securitate
3276 2455 3435 2515 dese-

1828 2530 1975 2585 ruit:
2009 2540 2062 2587 te
2092 2532 2360 2590 bellorum
2391 2538 2688 2594 acerbitate
2724 2540 3018 2612 depressus
3046 2544 3351 2612 invocavit;
3379 2558 3436 2605 et

1829 2631 1888 2675 ut
1931 2622 2158 2693 injurias
2211 2637 2328 2681 tuas
2377 2629 2817 2699 obliviscereris,
2868 2637 3120 2693 emeruit.
3152 2638 3230 2694 Te
3271 2638 3435 2698 Iesus

1827 2712 1976 2769 Nave
2005 2715 2198 2772 ducem
2239 2717 2343 2774 sibi
2393 2722 2870 2780 caelestis-militiae
2899 2728 3114 2786 venisse
3158 2734 3432 2804 cognovit.

1829 2804 1905 2860 Te
1937 2808 2168 2876 populus
2199 2811 2562 2881 triumphator
2583 2821 2642 2868 ut
2666 2815 2880 2872 Madian
2902 2818 3006 2874 sibi
3033 2819 3430 2892 dominaretur,

1828 2897 2133 2954 otl‘enderat
2165 2917 2179 2952 :
2214 2910 2264 2956 te
2302 2911 2360 2956 ut
2387 2902 2598 2959 Madian
2634 2907 2970 2977 vinceretur,
3003 2913 3198 2968 oravit.
3231 2913 3350 2971 Tibi
3377 2917 3432 2974 in

1828 2988 1954 3044 Saul
1987 3006 2115 3061 rege
2158 3008 2265 3049 non
2312 2996 2739 3067 obtemperavit,
2790 3011 2847 3055 ut
2895 3002 2964 3059 de
3003 3019 3069 3061 eo
3110 3006 3432 3081 alienigena:

1833 3084 2230 3154 triumpharent
2260 3106 2273 3142 :
2307 3089 2426 3156 tibi,
2455 3091 2618 3148 David
2653 3103 2954 3164 praeeunte,
2982 3102 3242 3168 servivit,
3274 3113 3332 3158 ut
3359 3105 3430 3162 de

1826 3175 2152 3250 alienigenis
2181 3181 2464 3239 victoriam
2507 3196 2832 3256 reportaret.
2872 3189 2987 3262 Ego
3015 3194 3215 3264 quippe
3245 3205 3432 3266 pastor

1821 3269 2113 3342 malignum
2143 3272 2272 3340 ieci,
2306 3284 2362 3331 et
2388 3277 2734 3336 confessione
2760 3283 2967 3352 peccati
2997 3287 3209 3342 veniam
3237 3304 3433 3360 repor-

1821 3363 1951 3418 tavi.
2001 3364 2408 3424 Pulcherrimns
2455 3371 2636 3442 itaque
2665 3373 2974 3430 versiculus
3026 3376 3092 3432 ad
3124 3389 3431 3452 martyrum

1820 3458 2280 3516 cohortationem.
2338 3465 2553 3537 1186
2598 3466 2841 3538 Denique
2885 3470 3206 3541 prophetica
3251 3473 3430 3532 anima

1821 3554 1901 3609 sic
1931 3555 2152 3624 prolicit
2176 3557 2230 3612 in
2253 3557 2452 3613 melius
2471 3601 2485 3625 ,
2513 3560 2644 3615 dum
2672 3561 2924 3620 mirabile
2953 3565 3130 3620 credit
3154 3567 3251 3623 Dei
3281 3568 3435 3625 testi-

1821 3647 2062 3702 monium
2094 3665 2106 3701 :
2141 3657 2196 3704 et
2219 3649 2343 3720 quia
2376 3651 2632 3722 credidit,
2660 3654 2908 3726 diligenti
2951 3656 3204 3730 indagine
3229 3662 3430 3732 quiasi-

1819 3739 1916 3795 vit.
1948 3740 2255 3798 Proiectum
2285 3745 2507 3816 quieris,
2540 3761 2776 3818 agnosce
2809 3764 2879 3805 ex
2909 3750 2992 3807 his
3020 3753 3307 3812 versiculis
3334 3759 3427 3829 qui

1820 3842 2150 3904 sequuntur.

1893 3967 1948 4022 7.
1992 3967 2173 4038 (Vers.
2210 3970 2362 4042 I30.)
2394 3971 2752 4044 Manifestatio
2788 3992 3079 4034 sermonum
3113 3991 3316 4038 tuorum
3356 3981 3426 4038 it-

1823 4059 2039 4114 luminnt
2070 4077 2171 4129 me,
2205 4072 2250 4117 et
2279 4063 2592 4119 intellectum
2617 4067 2708 4122 dat
2735 4070 2982 4138 paruulis.
3013 4071 3069 4126 In
3102 4071 3423 4146 Evangelia,

1820 4167 1944 4209 cum
1991 4154 2234 4210 mitteret
2275 4155 2577 4228 discipulos
2605 4175 2733 4218 suos
2772 4161 3011 4220 Joannes
3039 4167 3108 4222 ad
3141 4167 3428 4227 Dominum

1821 4244 2040 4313 Iesum,
2066 4245 2283 4302 dicebat
2312 4265 2324 4301 :
2354 4247 2434 4302 Tu
2472 4266 2524 4304 es
2551 4253 2642 4322 qui
2668 4263 2911 4310 uenturus
2942 4273 3014 4323 es,
3045 4276 3113 4312 an
3142 4260 3304 4315 alium
3333 4277 3423 4318 ea:-

1821 4348 2109 4408 spectamus
2136 4339 2353 4408 (Matth.
2377 4357 2429 4397 ιι
2452 4382 2467 4409 ,
2497 4343 2592 4415 5)?
2623 4345 2927 4418 Respondit
2955 4349 3116 4409 Jesus
3145 4369 3320 4411 caecos
3349 4356 3430 4413 vi-

1822 4429 1988 4498 dere,
2035 4430 2260 4487 claudos
2300 4433 2616 4503 ambulare,
2649 4439 2839 4495 audire
2878 4441 3104 4508 surdos;
3151 4445 3252 4500 hoc
3281 4447 3426 4503 enim

146 4517 271 4561 runt.
300 4509 364 4565 Et
389 4513 649 4571 omnibus
669 4516 892 4587 quidem
922 4519 1304 4578 misericordia
1330 4526 1580 4597 inopibus
1599 4527 1722 4598 jure

1831 4524 2092 4580 adventus
2120 4525 2203 4580 sui
2235 4527 2605 4584 testimonium
2635 4529 2774 4599 fore,
2807 4547 2904 4601 per
2933 4533 3146 4590 Esaiam
3188 4537 3426 4610 prophe-

146 4593 348 4657 debetur
372 4622 386 4658 :
417 4604 516 4662 sed
545 4606 721 4678 major
748 4610 992 4680 quidam,
1022 4629 1145 4670 cum
1183 4632 1247 4671 ex
1275 4593 1534 4676 divitibus
1562 4593 1726 4692 atque

150 4690 400 4752 nubilibus
443 4698 496 4754 in
529 4700 783 4757 ultimum
820 4713 1023 4762 statum
1055 4716 1217 4779 atque
1244 4712 1501 4782 egestatis
1532 4690 1724 4770 neces-

152 4782 345 4843 sitatem
375 4791 587 4863 aliquos
617 4809 860 4852 aerumna
886 4798 1071 4870 dejicit
1093 4842 1107 4867 ,
1147 4801 1514 4861 miserationis
1546 4805 1726 4876 pulsat

144 4874 367 4936 aﬂ‘ectus.

204 4965 251 5021 5.
289 4970 589 5035 Hieremias
613 4994 747 5052 ergo
766 4980 1024 5041 ﬂebiliter
1051 4987 1185 5042 satis
1210 4986 1382 5055 dolet,
1412 4998 1599 5061 utpote
1629 4992 1720 5063 qui

206 5155 229 5185 α
262 5150 658 5237 Citnct:2_edit.,
691 5167 738 5214 et
767 5159 988 5237 aduenas
1027 5171 1181 5235 atque
1207 5167 1503 5237 peregrinos
1532 5165 1716 5220 ciuita—

145 5216 202 5272 tis
222 5230 578 5305 supernwiure
605 5216 903 5305 coitnmit.
940 5216 1072 5290 Mss.
1093 5216 1172 5289 ἰιι

144 5292 528 5372 qupd_nonnulli
550 5299 754 5356 habent
777 5321 789 5356 :
826 5313 874 5356 et
895 5321 962 5359 ea:
985 5307 1217 5372 aduenis,
1245 5292 1351 5363 etc.

206 5357 232 5396 ι’
257 5361 378 5450 diss.
403 5378 656 5450 quatuor,
685 5382 875 5450 sortem
901 5357 1275 5450 maledictionis
1305 5381 1565 5450 agnoscis.

209 5431 588 5518 sitomfedit"
620 5431 713 5495 aut
738 5447 880 5499 auris
907 5431 1267 5518 cartilaginem
1284 5467 1303 5516 ;
1321 5431 1382 5505 eat
1394 5431 1556 5506 certe
1583 5464 1710 5516 vox,

146 5504 388 5590 fﬁ'i’fri"
407 5509 532 5590 alii?
576 5504 636 5567 ἐι
671 5527 801 5590 tt_I_S_s.
824 5589 829 5590 ί
855 5504 1482 5590 subinteﬁigitnr',cum
1525 5504 1714 5590 aperte

145 5569 388 5667 aliudatur
497 5583 785 5674 Amos'lll,
816 5569 881 5674 Ini
898 5569 1215 5674 ‘ij‘aaqs'iy
1235 5591 1270 5674 ,ὁ
1299 5569 1487 5674 «nomen
1507 5569 1716 5674 {aerarii-3

147 5616 378 5632 —-----uu-
405 5616 470 5636 «ιιι
497 5616 668 5638 αιιιυδ
695 5616 785 5651 ιιι,
821 5616 881 5640 la
907 5616 919 5641 δ
963 5616 1215 5652 τικσπαση
1244 5616 1270 5648 ο
1299 5616 1389 5650 ποι
1432 5616 1487 5651 τιν
1507 5616 1562 5647 εκ
1592 5616 1712 5647 στο-

145 5662 288 5722 μετος
307 5656 388 5704 τοῦ
411 5651 612 5716 λέοντος
637 5653 728 5710 δύο
757 5659 904 5718 σκέλη
929 5659 959 5719 ἦ
988 5663 1132 5718 λὸϐον
1155 5652 1330 5720 dit-iw.
1356 5616 1430 5718 Ei:
1451 5662 1588 5718 infra
1624 5663 1712 5717 Ubi

144 5709 272 5786 alia,
295 5732 357 5774 ac
377 5737 507 5780 mss.
532 5709 974 5799 omnemi—[aciein
989 5709 1330 5804 illudilli;
1365 5734 1554 5792 eadem
1580 5747 1611 5790 e
1630 5747 1717 5790 sa-

1831 4626 1938 4671 tam
1964 4617 2363 4688 signiiicaverat
2393 4617 2569 4690 (Esai.
2599 4637 2686 4677 uti
2705 4663 2720 4689 ,
2753 4620 2830 4692 I).
2866 4623 2993 4682 Haec
3021 4642 3153 4699 ergo
3180 4643 3303 4700 qua:
3328 4646 3428 4688 au-

1828 4707 2100 4764 nuntiavit
2138 4724 2235 4780 per
2259 4710 2576 4781 prophetas,
2607 4713 2660 4768 in
2693 4714 2987 4786 Evangelio
3015 4719 3426 4780 manifestavit:

1827 4812 1883 4861 et
1904 4803 2048 4876 quod
2076 4805 2195 4876 ipse
2218 4805 2432 4862 locutus
2461 4815 2547 4863 est
2573 4822 2672 4878 per
2697 4807 3019 4880 prOpbetas,
3050 4812 3102 4867 in
3136 4813 3428 4886 Evangelio

1827 4897 1943 4969 ipse
1982 4897 2293 4968 complevit.
2324 4896 2503 4970 Ipsius
2530 4914 2665 4970 ergo
2707 4914 2890 4958 sermo
2919 4912 3038 4959 erat
3075 4905 3424 4976 prOpbeticus

1824 5005 2036 5060 sermo,
2067 4993 2208 5049 sicut
2250 4991 2418 5050 habes
2434 4992 2697 5065 scriptum
2726 5013 2739 5049 :
2766 4995 2930 5067 Audi,
2975 4999 3194 5071 coetum,
3223 5010 3271 5058 et
3299 5018 3420 5075 per-

1822 5165 1931 5242 cris
1953 5167 2077 5222 eod.
2110 5167 2355 5242 reposuit
2375 5169 2602 5242 ;faciem
2625 5173 2946 5229 sacerdotum
2978 5193 2998 5231 :
3025 5193 3210 5234 verum
3228 5182 3419 5242 eadem

1825 5237 2044 5292 ratione
2076 5238 2368 5321 mutandus
2389 5237 2566 5321 fuerat
2597 5251 2742 5321 totus
2773 5244 2945 5321 locus,
2995 5263 3117 5304 cum
3173 5237 3423 5321 ejusﬂul:

1822 5309 1958 5396 tiina.
1981 5307 2183 5396 plalzsLin
2208 5306 2400 5396 iisdem
2422 5314 2745 5396 sacris‘cod.
2795 5316 2864 5396 ita
2913 5306 3141 5396 legatur,
3198 5306 3421 5396 ἓίρῖἇ-

1819 5379 1985 5449 phetis
2009 5377 2158 5449 (alibi
2189 5380 2353 5435 etiam
2387 5383 2616 5454 senibus)
2651 5377 3066 5444 misericordiam
3112 5377 3215 5448 non
3265 5377 3421 5454 an.

1822 5459 1960 5504 runt.

1894 5518 2017 5597 dIta
2063 5525 2596 5597 mss._gcomplures:
2645 5525 2753 5582 Alii
2805 5543 2925 5585 cum
2976 5531 3134 5596 edit..
3181 5536 3310 5594 Cum
3366 5542 3421 5597 in

1823 5591 2080 5646 Abraham
2126 5591 2719 5662 collapsa—incuria...
2777 5600 2902 5654 dum
2947 5613 3004 5656 ut
3055 5591 3420 5668 ςιίαιάάέόηιῆἱ

1823 5681 2022 5719 errores
2050 5707 2064 5730 ,
2116 5676 2421 5738 patrumque
2477 5671 2832 5740 cognationem
2894 5673 3235 5752 relinqueret,
3305 5699 3423 5743 eoo-

1823 5745 2016 5808 catum,
2050 5747 2153 5795 etc.
