3948 6388
509 340 646 412 itis

504 566 675 639 (Esai.
706 585 744 634 ι,
769 570 849 639 2).

574 659 628 717 8.
671 652 985 719 Intellectus
1027 650 1160 735 ergo
1198 665 1357 722 datus
1406 675 1489 722 est
1536 652 1699 723 etiam
1736 666 1818 721 his
1843 650 1939 737 qui
1981 678 2102 736 per-

504 753 697 811 fectam
728 758 1049 827 sapientiam
1080 746 1189 814 non
1217 748 1513 827 haberent,
1544 740 1673 816 dum
1702 742 1837 815 inuti
1870 746 2103 829 loquun-

504 857 613 914 tur,
637 842 832 904 mortui
851 850 1266 909 resuscitantur.
1293 852 1387 909 His
1407 846 1557 909 enini
1578 854 1745 925 signis
1767 844 2101 909 intellectum

502 934 584 996 est
608 942 677 995 ab
708 942 776 998 iis
803 944 893 1014 qui
924 944 1091 1000 rudes
1114 950 1290 1011 erant,
1319 956 1373 1002 et
1395 947 1572 1003 adhuc
1598 942 1751 1016 quasi
1776 947 1828 1001 in
1859 938 2102 1001 cunabu-

502 1030 571 1086 lis
600 1033 723 1089 fidei
753 1037 1062 1105 constituti,
1090 1046 1147 1092 ut
1170 1044 1288 1093 erat
1320 1038 1554 1109 populus
1586 1039 1901 1103 nationum,
1928 1038 2102 1108 ipsum

503 1128 723 1183 venisse
750 1128 840 1198 qui
871 1124 1309 1200 exspectabatur.
1347 1131 1625 1187 llluminat
1653 1130 1815 1202 igitur
1845 1126 1970 1184 fidei
1993 1129 2106 1184 cla-

504 1214 687 1287 rit'ate,
720 1214 1141 1280 resurrectionis
1185 1238 1297 1280 sua;
1325 1224 1496 1295 gloria
1518 1267 1531 1286 ,
1561 1233 1612 1280 et
1639 1223 1947 1278 divinorum
1977 1223 2108 1290 ope-

509 1322 627 1371 rum
655 1308 926 1386 potestate
961 1334 974 1370 :
1016 1310 1087 1371 Et
1122 1304 1439 1374 intellectum
1478 1319 1566 1372 dat
1607 1315 1855 1388 parvulis.
1899 1314 2108 1384 Quibus

509 1396 725 1479 ut'ique,‘
752 1410 857 1464 nisi
898 1410 966 1465 de
996 1410 1196 1480 qttibus
1226 1411 1279 1466 in
1310 1402 1608 1481 Evangelio
1638 1409 1839 1481 gratias
1869 1407 1979 1479 agit
2007 1406 2108 1461 Pa-

507 1502 602 1565 tri;
630 1504 681 1556 in
710 1516 777 1557 eo
802 1498 947 1573 quod
979 1502 1098 1573 ipse
1123 1494 1459 1574 cperab'atu‘r
1485 1502 1659 1557 Filihs’
1680 1544 1694 1568 ,
1725 1498 1869 1571 quod
1910 1506 2110 1571 myste-

507 1586 587 1650 ria'
616 1609 710 1649 sua
744 1595 896 1651 Dens
928 1581 1304 1652 abscondiss‘et
1333 1610 1362 1649 a
1388 1594 1755 1666 sapientibus,
1789 1598 1843 1647 et
1866 1589 2111 1662 parvulis

511 1680 806 1744 rcx‘elasset
829 1686 911 1758 (Μ
918 1690 1050 1743 atlh'.
1068 1704 1143 1754 x1,
1161 1688 1287 1760 25):
1313 1688 1606 1744 OStendens
1626 1686 1788 1742 citius
1810 1684 2020 1755 plebem
2044 1698 2113 1739 ex

506 1779 786 1850 gentibus,
807 1780 905 1838 .vel
944 1782 1117 1835 status
1146 1779 1419 1835 interioris
1443 1780 1609 1843 viros,
1641 1792 1801 1849 quam
1824 1776 2032 1833 scribas
2057 1784 2113 1830 ct

1834 334 2077 415 sanari
2117 338 2443 417 Attenesh

505 473 616 541 cipe
658 472 891 543 auribus,
944 474 1114 543 terra;
1167 466 1409 546 Quoniam
1464 472 1717 531 Dominus
1766 474 1970 530 locutus
2025 485 2099 532 est
2128 473 2180 539 Α
2205 490 2360 531 suum
2396 456 2569 561 (Dsal.
2608 468 2828 561 ξυνίει,
2973 442 3202 545 Ᾰρὁτιιίι
3229 488 3311 541 os,
3340 475 3500 531 duxit
3533 475 3795 546 spiritum.
3880 532 3883 535 _

3668 348 3792 416 itit

2204 556 2404 650 Merito
2439 556 2573 639 ergo
2600 552 2676 625 ait
2710 586 2723 622 :
2761 552 2928 650 Quam
2970 570 3145 623 dulcia
3175 569 3414 650 {nucibus
3440 569 3583 649 inteis
3612 567 3801 639 eloquia

2207 646 2318 745 tua;
2344 650 2497 749 super
2525 663 2627 718 mel
2653 672 2702 747 ei
2724 646 2902 741 [auum
2916 664 2992 717 ori
3021 680 3131 718 meo
3155 642 3317 743 (sup.
3348 642 3397 721 υ..
3420 644 3577 743 115).1
3604 660 3799 733 Sponsa

2204 738 2407 839 (Jhristi
2460 738 2730 839 ossuum
2777 738 2995 827 Sponso
3024 738 3258 833 iapcruit
3305 774 3319 810 :
3374 738 3624 837 percepit
3667 755 3800 810 omni

2208 832 2369 911 melle
2393 832 2638 931 dulyciora
2670 862 2960 923 przecepta.
2994 832 3063 907 Et
3090 852 3213 908 ideo
3236 859 3431 931 testata
3454 859 3557 916 est,
3587 832 3799 906 dicens:

2211 947 2415 1027 Fauces
2438 928 2554 1027 ejus
2581 946 2872 1001 dulcedinis
2891 987 2905 1011 ,
2935 954 2980 1000 et
3008 954 3142 1027 totus
3166 928 3498 1021 desiderium
3538 942 3717 1015 (Cant.
3748 958 3799 1007 ν,

2210 1024 2322 1111 16).
2349 1024 2629 1095 Delectata
2662 1040 2825 1110 igitur
2854 1024 3025 1094 tenuit
3048 1053 3195 1105 eum,
3227 1046 3282 1092 et
3309 1054 3415 1091 non
3441 1036 3799 1091 dimisiteum.

2212 1116 2279 1185 Et
2304 1131 2601 1198 introduxi,
2635 1112 2845 1201 inquit,
2886 1146 3001 1183 cum
3030 1132 3084 1184 in
3126 1129 3334 1183 domum
3364 1114 3543 1182 matris
3580 1144 3734 1191 mete,
3763 1139 3803 1182 et

2209 1202 2260 1280 in
2291 1206 2545 1282 secretum
2575 1227 2707 1297 ejus,
2735 1240 2851 1296 qua:
2875 1210 2958 1279 me
2992 1222 3219 1295 concepit
3250 1221 3425 1296 (Cant.
3460 1237 3518 1276 ut
3537 1261 3552 1286 ,
3576 1222 3655 1292 4).
3683 1219 3806 1274 For-

2213 1300 2360 1372 tasse'
2386 1296 2730 1383 domusiest,
2764 1316 2818 1371 in
2860 1330 2963 1386 qua
3006 1315 3291 1385 praefulget
3319 1296 3606 1368 moralium
3656 1311 3805 1367 disci-

2213 1411 2359 1481 plina
2389 1426 2401 1461 ε
2432 1416 2702 1463 secretum
2730 1417 2908 1463 autem
2942 1406 3073 1462 illud
3103 1392 3185 1462 est
3205 1448 3220 1472 ,
3248 1406 3299 1460 in
3328 1420 3436 1475 quo
3467 1414 3593 1459 sunt
3626 1404 3805 1459 altiora

2212 1484 2495 1585 mysteria.
2529 1500 2721 1555 Merito
2750 1514 2882 1571 ergo
2926 1498 3351 1570 concupiscebat
3394 1484 3669 1584 pra-cepta
3717 1497 3808 1553 Do-

2214 1594 2369 1660 mini,
2404 1594 2455 1647 in
2489 1595 2686 1664 quibus
2712 1594 2909 1649 divina:
2937 1594 3126 1666 gratim
3158 1593 3316 1647 mella
3361 1591 3706 1647 redolebant.
3734 1592 3807 1645 An

2215 1702 2322 1741 non
2347 1687 2493 1740 omni
2519 1686 2682 1742 melle
2704 1670 2916 1741 dulcior
2940 1696 3291 1757 peccatorum
3318 1684 3611 1740 remissio?
3637 1683 3810 1739 Nonne

2216 1768 2361 1866 omni
2393 1780 2527 1861 ﬂore
2557 1764 2766 1851 gratior
2802 1780 3132 1866 resurrectio
3162 1772 3541 1834 mortuorum?

512 1871 779 1955 principes
804 1870 1146 1937 Judworum,
1177 1880 1231 1926 ct
1270 1870 1462 1927 divites
1498 1858 1657 1941 hujus
1678 1869 1859 1925 saeculi
1883 1868 2122 1924 creditu-
2149 1874 2198 1936 Β
2297 1852 2383 1931 ἱ2,
2408 1854 2592 1955 (vers.
2637 1874 2787 1947 l3‘2.)
2835 1854 3072 1955 Quartus
3116 1864 3462 1947 versiculus:
3510 1870 3726 1944 Respice
3766 1871 3813 1925 in

507 1952 632 2019 ius?
661 1962 813 2030 ideo;
834 1959 1030 2019 Diviles
1052 1970 1300 2036 eguerunt
1322 1972 1369 2017 ct
1391 1963 1674 2018 esurierunl
1704 1960 1873 2033 (Psal.
1906 1968 2075 2015 XXXIII
2095 2001 2110 2027 ,

507 2044 600 2127 11)
636 2074 651 2109 :
680 2060 883 2128 pa‘n‘per
913 2066 1097 2113 autem
1126 2058 1405 2123 clamavit,
1438 2064 1494 2112 et
1520 2056 1806 2112 exauditus
1832 2056 1935 2111 ρει.

580 2148 634 2202 9.
682 2147 865 2219 (Vers.
902 2142 1053 2219 151.)
1105 2149 1365 2219 Sequitur
1398 2149 1590 2205 tertius
1634 2146 1940 2204 Vers‘iCulus
1976 2164 1990 2200 :
2043 2147 2116 2200 0s

508 2229 676 2294 meum
702 2230 909 2311 aperui,
936 2251 982 2295 et
1022 2239 1149 2295 duxi
1175 2242 1450 2313 spiritum;
1481 2240 1725 2310 quoniam
1748 2246 2005 2310 praecepta
2025 2247 2115 2292 tua

506 2328 943 2402 concupiscebam.
979 2332 1251 2389 Habemus
1281 2334 1339 2389 in
1368 2326 1662 2401 Evangelio
1683 2330 1829 2402 quod
1855 2330 2115 2387 Dominus

507 2422 666 2479 Jes‘us
692 2424 911 2495 aperuit
936 2439 999 2481 os
1030 2418 1187 2481 sudm
1209 2468 1225 2492 ,
1264 2432 1387 2480 cum
1431 2423 1843 2481 benedictiones
1871 2422 2117 2479 ediceret

507 2514 724 2586 (Malm.
758 2531 813 2583 v,
839 2516 917 2589 2).
948 2517 1056 2574 Sed
1100 2517 1192 2574 ille
1220 2508 1283 2574 iis
1312 2516 1549 2589 aperuit,
1580 2506 1637 2572 ltt
1667 2516 1822 2572 daret
1852 2516 1975 2571 aliis
2005 2506 2118 2586 spi-

513 2609 677 2663 ritum
712 2624 726 2661 :
758 2608 923 2664 David
955 2610 1210 2681 aperuit,
1243 2621 1301 2666 ut
1337 2604 1631 2681 aeciperet.
1674 2610 1920 2681 Denique
1956 2606 2116 2664 .lesus

508 2692 645 2756 dicit
677 2717 692 2754 :
727 2702 957 2772 Accipite
1000 2694 1260 2775 Spiritum
1308 2692 1542 2758 sanctum
1598 2701 1780 2773 (Joan'.
1838 2716 1950 2770 xx,
1978 2698 2113 2772 2'2);

511 2792 708 2849 ‘Jes‘us
737 2792 1098 2850 dicit:Dilata
1128 2784 1185 2851 ob
1209 2796 1440 2863 tilum,“
1459 2795 1750 2868 adimplebo
1778 2795 1914 2851 illud
1937 2794 2111 2867 (Psal.

510 2899 677 2953 Lxxx,
711 2875 800 2957 11)
826 2880 843 2942 ἑ
874 2889 979 2943 hoc
1021 2876 1227 2944 homini
1252 2886 1419 2955 dicit;
1448 2888 1729 2959 plenitudo
1769 2890 1914 2945 enim
1952 2878 2114 2944 Chri-

508 2969 627 3033 stu's
656 2968 761 3033 est.
803 2979 907 3046 Qui
937 2974 1129 3052 implet
1155 2982 1334 3036 omnia
1355 3024 1369 3047 ,
1398 2980 1590 3052 implet
1617 2984 1679 3039 os
1719 2984 1891 3037 tuum.
1921 2980 2115 3037 Scribe

508 3060 639 3140 ergo
673 3082 795 3141 qum
825 3069 959 3126 dicit
1002 3072 1055 3126 in
1096 3073 1379 3128 latitudine
1409 3074 1594 3129 cordis
1627 3074 1700 3128 tui
1721 3114 1736 3137 ,
1771 3075 1874 3128 hoc
1900 3074 2019 3138 est,
2051 3086 2114 3127 os

510 3175 660 3220 tuum
689 3165 889 3221 clamet
917 3165 985 3219 ad
1015 3160 1327 3222 Dominum.
1358 3152 1572 3223 Clamat
1598 3168 1660 3223 o‘s
1688 3172 1839 3222 tuum
1859 3210 1872 3234 ,
1906 3175 1961 3222 et
1990 3180 2113 3221 cum

2217 1985 2327 2037 me,
2371 1979 2418 2023 et
2449 1950 2689 2023 miserere
2727 1967 2848 2034 mei,
2892 1950 3173 2022 secundum
3202 1964 3464 2037 judicium
3495 1964 3812 2035 diligentiam

2218 2042 2401 2119 nomen
2441 2072 2585 2118 tuum
2612 2061 2812 2138 (Exod.
2845 2077 2955 2126 xtv,
2987 2059 3058 2116 24
3082 2069 3129 2115 et
3150 2057 3270 2131 25).
3300 2044 3535 2138 Pulchre
3575 2056 3810 2137 addidit:

2221 2157 2438 2229 Respice
2483 2157 2537 2211 in
2572 2136 2686 2222 me,
2719 2165 2765 2209 et
2796 2155 3031 2225 miserere
3068 2150 3358 2236 mei-(Gen.
3388 2136 3510 2218 xix,
3535 2136 3668 2223 21);
3698 2149 3811 2220 quia

2217 2251 2443 2323 respicit
2477 2262 2529 2306 et
2559 2249 2758 2315 iratus,
2790 2255 2850 2304 ut
2872 2247 3116 2318 respexit
3142 2261 3307 2317 super
3336 2254 3516 2301 castra
3545 2242 3816 2316 Egyptio—

2218 2362 2339 2421 rum
2363 2388 2376 2411 ,
2411 2354 2466 2401 et
2490 2344 2672 2415 ligatis
2722 2343 2913 2398 axibus
2939 2357 3219 2407 curruum,
3266 2354 3458 2421 omnes
3488 2354 3589 2396 eos
3632 2338 3812 2408 dejecit

2219 2439 2272 2494 in
2306 2439 2520 2493 fluctus.
2557 2437 2816 2517 Respexit
2841 2451 3004 2507 super
3033 2435 3323 2492 Sodomam
3353 2441 3410 2516 et
3432 2431 3810 2497 Gomorrham,

2216 2540 2706 2604 quarum‘utraque
2734 2539 3081 2607 peccatorum
3123 2545 3346 2586 suorum
3386 2526 3815 2609 luitura'suppli-

2218 2627 2396 2695 cium,
2443 2625 2641 2681 divina:
2686 2625 2918 2695 pretium
2949 2624 3120 2678 solvit
3157 2616 3398 2678 oli‘enszc.
3429 2620 3714 2691 Scriptum
3742 2625 3818 2674 cst

2219 2718 2428 2777 etiam:
2471 2708 2671 2787 Aspicit
2714 2732 2869 2788 super
2917 2724 3142 2783 terram,
3187 2723 3235 2769 et
3282 2714 3404 2785 facit
3452 2706 3571 2766 eam
3622 2722 3817 2766 tremere

2219 2810 2392 2883 (Psul.
2439 2826 2561 2877 cm,
2601 2809 2717 2881 52).
2750 2809 2819 2864 Ει
2860 2816 3088 2876 contra,
3136 2806 3381 2877 Respexit
3418 2796 3579 2875 iupei'
3622 2806 3817 2859 munera

2218 2905 2345 2960 Abel
2370 2922 2387 2958 :
2418 2920 2573 2974 super
2598 2902 2727 2958 Cain
2749 2912 2920 2956 autem
2946 2892 3161 2956 munera
3186 2917 3287 2955 non
3312 2899 3547 2981 respegit
3568 2898 3727 2971 (Gen.
3751 2912 3813 2961 tr,

2220 2998 2254 3053 4
2280 3010 2327 3054 et
2356 3000 2435 3071 5).
2465 2997 2584 3067 Quo
2625 3006 2981 3075 exasperatus
3026 2978 3198 3060 Cain,
3244 2978 3555 3065 parricidali
3606 2991 3819 3048 crimine

2219 3106 2469 3146 cruorem
2501 3088 2686 3144 fratris
2716 3087 2927 3143 etiudit.
3202 3155 3215 3163 .

2294 3185 2382 3239 15.
2425 3181 2564 3251 Quid
2593 3182 2663 3237 sit
2687 3191 2868 3238 autem
2896 3181 3170 3252 reapicere
3197 3180 3392 3244 Deum,
3415 3178 3817 3236 evidentissime

509 3263 655 3312 tacet
685 3273 699 3309 :
736 3256 875 3312 sicut
904 3264 958 3313 et
990 3250 1206 3329 Moyses
1232 3271 1352 3313 cum
1382 3268 1585 3315 taceret
1624 3273 1760 3315 voce
1781 3301 1797 3323 ,
1842 3259 2107 3314 clamabat

2222 3275 2314 3329 illo
2356 3271 2672 3329 testimonio
2705 3250 3054 3329 declaratur:
3093 3270 3226 3337 Quia
3252 3273 3475 3349 respexit
3501 3288 3666 3344 super
3692 3270 3818 3339 ﬁlios

506 3350 697 3420 spiritu
726 3349 925 3424 (Exod.
961 3364 1074 3418 xlv,
1102 3350 1214 3422 15).
1249 3350 1332 3406 Ab
1360 3352 1674 3408 hominibus
1717 3367 1823 3407 non
1856 3349 2114 3406 audieba-

505 3448 615 3508 tur;
649 3443 791 3513 apud
823 3444 992 3500 Deum
1026 3444 1392 3515 personabat;
1422 3453 1505 3499 est
1526 3445 1671 3499 enim
1701 3443 1976 3499 interioris
2003 3442 2114 3497 cla-

509 3542 631 3589 mor
661 3534 889 3591 affectus
908 3577 921 3601 ,
952 3537 1042 3605 qui
1066 3537 1284 3591 auditur
1309 3552 1340 3592 e
1369 3525 1530 3593 ὸῶῐο.
1568 3537 1722 3591 Anna
1753 3544 1967 3607 qucque
1988 3550 2112 3591 cum

507 3628 712 3697 lira'ret,
744 3631 904 3685 tacita
930 3630 1199 3686 clamabat
1224 3631 1268 3701 (1
1289 3629 1418 3703 Reg.
1450 3646 1490 3696 ι,
1522 3620 1612 3702 15)
1645 3648 1658 3686 :
1685 3628 1825 3685 labia
1855 3644 1962 3685 non
1992 3645 2113 3686 moa

508 3722 701 3790 vehat,
727 3732 782 3779 et
811 3722 1057 3779 interiori
1086 3737 1220 3779 voce
1246 3723 1347 3794 piae
1375 3724 1573 3779 mentis
1599 3723 1874 3778 excitabat
1900 3722 2108 3779 Jesum.

507 3818 748 3888 Denique
778 3831 900 3873 cum
929 3810 1129 3874 elfectu
1160 3817 1344 3883 rediit,
1372 3833 1494 3889 qum
1521 3832 1645 3873 cum
1674 3814 1890 3873 silentio
1922 3826 2111 3887 preca-

505 3906 700 3977 batur;
730 3910 854 3981 quia
899 3911 1167 3967 clamabat
1197 3910 1252 3965 in
1297 3925 1362 3966 ea
1406 3910 1644 3981 Spiritus
1669 3909 1785 3972 Dei,
1821 3908 1913 3980 qui
1943 3909 2108 3965 etiam

505 4004 811 4083 tacentibus
832 4002 993 4059 nobis
1020 4002 1455 4083 clantatiztAbba‘
1467 4011 1614 4072 pater
1650 4002 1857 4075 (Rana,
1891 4018 2002 4064 vni.
2027 4001 2107 4072 6).

577 4096 665 4151 10.
710 4096 959 4167 lntellige
985 4111 1116 4173 ergo
1149 4096 1278 4171 quid
1294 4111 1364 4175 ‘os
1386 4095 1458 4173 sit
1482 4114 1495 4148 :
1522 4084 1702 4173 utrum
1725 4110 1840 4161 cor,
1872 4095 2110 4175 an‘inte-

504 4191 665 4247 rioris
695 4190 932 4246 hominis
978 4184 1213 4269 habitus.
1262 4190 1434 4245 Habet
1473 4205 1537 4244 os
1562 4188 1766 4267 anima,
1797 4204 1917 4260 quae
1946 4188 2111 4244 habet

502 4285 768 4357 membra.
796 4283 909 4355 Hoc
936 4299 997 4339 os
1019 4284 1172 4353 aperi
1195 4298 1301 4338 non
1322 4276 1500 4338 solum
1523 4283 1741 4357 Christo
1774 4328 1792 4355 ,
1822 4283 1915 4339 sed
1942 4284 2107 4338 etiam

501 4376 702 4447 Christi
747 4375 1055 4451 discipulo,
1102 4375 1196 4447 qui
1236 4390 1298 4431 os
1324 4376 1729 4451 suumCltristo
1773 4377 2106 4453 implendum

504 4471 769 4545 praebuit;
802 4480 856 4525 et
898 4469 1019 4526 ideo
1049 4469 1182 4525 dicit
1209 4486 1223 4523 :
1264 4468 1335 4525 0s
1361 4478 1591 4543 nostrum
1626 4479 1761 4539 patet
1799 4471 2009 4545 1187
2037 4470 2110 4524 ad

502 4583 589 4621 ros
608 4582 684 4639 ,o
723 4563 978 4637 corinthii
1008 4581 1028 4618 :
1059 4580 1148 4619 cor
1185 4573 1418 4619 nostrum
1462 4563 1735 4637 dilatatam
1764 4574 1839 4619 est
1869 4564 1950 4639 (Il
1979 4563 2102 4620 Cor.

2217 3382 2527 3438 pauperum,
2554 3374 2603 3419 et
2620 3380 2723 3419 non
2745 3366 2981 3435 despexit
3002 3381 3177 3436 preces
3198 3381 3375 3443 eorum
3398 3361 3581 3435 (Psal.
3606 3380 3680 3431 cr,
3707 3362 3816 3432 18);

2217 3459 2409 3515 oculus
2439 3458 2585 3514 enim
2630 3456 2844 3513 Domini
2889 3473 2998 3514 non
3029 3468 3355 3529 aspernatur
3393 3459 3674 3526 iustorum
3716 3470 3820 3509 mu-

2218 3567 2371 3608 nera.
2405 3551 2649 3622 Denique
2680 3551 2871 3607 oculos
2902 3559 3123 3607 nostros
3144 3567 3267 3606 cum
3295 3551 3349 3604 in
3376 3546 3621 3622 aliquem
3650 3563 3819 3605 move—

2220 3660 2362 3709 mur,
2394 3644 2725 3711 avertimus;
2759 3644 2914 3715 quasi
2954 3644 3233 3713 indignum
3258 3659 3383 3699 cum
3426 3656 3664 3715 aspectu
3687 3641 3821 3713 judi-
3910 3646 3911 3651 “

2216 3752 2423 3815 ceruus,
2447 3752 2609 3809 quem
2639 3734 2918 3792 oderimus
2944 3736 3161 3794 affectu.
3502 3812 3511 3815 _
3620 3808 3625 3815 ρ

2291 3812 2379 3885 ﬂ.
2422 3829 2603 3903 (Vers.
2634 3831 2791 3901 155.)
2824 3830 3082 3901 Sequitur
3102 3844 3300 3887 versus
3320 3812 3545 3902 quintus
3576 3812 3820 3885 :Gressus

2218 3938 2355 3976 meos
2383 3922 2547 3993 dirige
2570 3921 2853 3993 secundum
2880 3924 3087 3978 uerbum
3118 3931 3263 3976 tuum
3287 3938 3305 3975 :
3330 3932 3378 3976 et
3402 3938 3506 3975 non
3534 3922 3820 3975 dominetur

2217 4014 2344 4093 mihi
2367 4015 2532 4091 omnis
2553 4015 2820 4086 iniquitas.
2843 4013 2871 4053 ι)
2894 4014 3125 4071 Gressus
3151 4030 3249 4085 pro
3270 4014 3617 4085 profectibus
3637 4015 3823 4069 animae

2218 4108 2569 4179 accipiendos
2619 4107 2994 4181 frequentibus
3041 4107 3447 4179 Scripturarum
3497 4107 3821 4165 testimoniis

2217 4198 2767 4277 admonemuraNam
2810 4200 2932 4272 quis
2962 4196 3070 4257 tam
3113 4198 3313 4255 stolido
3341 4199 3564 4271 ingenio
3594 4210 3713 4266 est,
3740 4197 3823 4269 qui

2220 4300 2373 4362 putet
2405 4293 2570 4348 David
2601 4296 2670 4349 de
2698 4295 2897 4365 pedum
2928 4310 3149 4351 suorum
3178 4295 3447 4365 corporali
3475 4310 3677 4366 gressu
3711 4307 3824 4349 esse

2215 4385 2509 4463 sollicitum
2532 4426 2548 4452 ,
2587 4397 2641 4441 et
2670 4386 2757 4441 his
2786 4387 2983 4443 divina:
3011 4387 3331 4443 directionis
3349 4387 3618 4443 auxilium
3644 4395 3823 4458 postu-

2216 4477 2493 4555 lare?tllle
2517 4494 2647 4534 vero
2668 4520 2683 4549 ,
2712 4489 2773 4535 ut
2801 4490 3044 4559 sanctus,
3074 4480 3200 4534 vita:
3245 4495 3359 4536 suae
3399 4494 3627 4535 cursum
3675 4476 3822 4547 dirigi

2215 4572 2517 4647 geStiebat;
2548 4572 2691 4629 sicut
2717 4585 2771 4628 et
2814 4573 2942 4628 alibi
2982 4572 3263 4645 Scriptura
3308 4580 3564 4640 testatur,
3596 4572 3822 4628 dicens:

501 4676 553 4715 vr
575 4701 589 4727 ,
623 4626 732 4747 ti).
763 4659 893 4741 ideo
925 4659 1227 4743 imitatores
1268 4673 1369 4731 nos
1398 4658 1481 4747 sui
1513 4673 1636 4715 esse
1674 4657 1875 4733 debere
1914 4658 2109 4715 admo-
2134 4656 2191 4717 D
2216 4626 2261 4718 λ
2285 4626 2823 4738 Domino'dirigtmlur
2847 4681 3050 4738 gressus
3072 4626 3169 4720 viri
3193 4642 3377 4739 (Prov.
3402 4680 3493 4730 xx,
3516 4626 3644 4735 ἐι).
3672 4662 3827 4719 Deni-

501 4736 851 4826 net(15bilip.
880 4756 957 4821 in,
993 4736 1106 4826 17),
1136 4751 1281 4807 sicut
1321 4751 1437 4823 ipse
1465 4736 1668 4806 Christi
1696 4760 1800 4807 est.
1833 4752 1935 4823 Qui
1978 4767 2107 4807 san-

499 4850 640 4917 otior
686 4822 1053 4913 est,_Chrisio
1099 4824 1316 4915 aperuit
1362 4859 1426 4899 os
1474 4832 1631 4919 suum
1665 4861 1678 4898 :
1711 4844 1804 4919 qui
1852 4844 2102 4913 inferior,

499 4926 786 5010 Apostolo.
810 4938 969 4994 Prius
997 4937 1508 5021 propheta'legitur,
1535 4916 1591 4994 et
1620 4916 1920 5025 apos'ioius,
1948 4949 2001 4995 ct
2022 4941 2103 4996 sic

500 5018 963 5107 Evangeliumbin
990 5048 1100 5103 qup
1128 5016 1293 5099 verba
1320 5032 1519 5102 lucida,
1548 5032 1645 5090 sed
1676 5016 1941 5107 validiora
1964 5050 2104 5106 pra:-

498 5134 677 5196 cepta.
708 5126 816 5183 Lex
842 5124 972 5181 dicit
998 5141 1013 5179 :
1047 5125 1246 5197 Diliges
1268 5126 1560 5197 proximum
1582 5134 1726 5180 tuum
1747 5125 1935 5197 (Leuit.
1973 5142 2098 5196 χιι,

500 5217 627 5291 18);
653 5227 708 5276 et
730 5218 1086 5290 Evangelium
1112 5218 1247 5275 dicit
1275 5219 1369 5276 tibi
1395 5237 1407 5273 :
1437 5218 1637 5291 Diliges
1656 5220 1923 5276 inimicum
1951 5231 2101 5277 tuum

496 5304 717 5379 (Matth.
752 5324 808 5378 v,
841 5310 958 5383 44).

502 5464 511 5479 ι
560 5388 658 5489 11.
706 5392 885 5489 David
901 5394 1030 5489 ergo
1058 5392 1212 5489 quasi
1240 5394 1516 5478 perfecids
1554 5394 1815 5489 propheia
1846 5406 1910 5464 os
1938 5398 2096 5464 stium

494 5486 715 5553 Christo
769 5480 1015 5569 aperuit;
1068 5480 1123 5556 et
1174 5490 1296 5556 ideo
1345 5501 1398 5555 in
1450 5486 1727 5572 parabolis
1777 5488 1989 5573 aperuit
2033 5517 2100 5562 os

570 5654 786 5708 “Rom.
817 5652 949 5709 edit.
981 5654 1122 5721 sola,
1150 5651 1333 5709 David.
1354 5656 1479 5710 dicit
1504 5671 1521 5710 :
1553 5656 1730 5713 Dilata
1753 5697 1769 5723 ,
1809 5666 1918 5714 etc.
1956 5659 2090 5715 Per-

498 5738 681 5796 perani
704 5726 910 5796 ;Ado_cet
930 5726 1087 5780 enim
1101 5727 1297 5794 series,
1323 5726 1468 5782 hunc
1496 5742 1711 5784 versum
1740 5744 1851 5784 non
1874 5730 2083 5796 Davidi,

494 5793 589 5846 sed
616 5794 835 5848 Christo
863 5795 1179 5850 convenire.

570 5861 597 5900 ι)
631 5863 820 5920 Plures
859 5878 1015 5933 mss.,
1043 5879 1138 5933 pro
1164 5863 1432 5932 aliectibus
1449 5868 1658 5925 aninne.
1697 5870 1805 5926 Alii
1840 5884 1903 5927 ac
1926 5869 2082 5940 edit.,

2218 4777 2327 4831 que
2366 4762 2537 4833 ipsius
2577 4771 2793 4817 utamur
2820 4759 3166 4826 testimonio,
3198 4746 3288 4830 qui
3323 4759 3403 4815 ait
3428 4759 3486 4813 in
3527 4756 3827 4831 superiori-

2216 4856 2321 4913 bus
2345 4872 2361 4912 :
2392 4854 2560 4912 Paulo
2592 4857 2764 4910 minus
2789 4854 2939 4929 effusi
2967 4863 3086 4908 sunt
3106 4869 3316 4928 gressus
3350 4836 3489 4920 mei;
3517 4854 3649 4924 quia
3670 4850 3827 4906 πριιιτί

2215 4952 2270 5004 in
2293 4950 2646 5023 peccatoribus
2675 4966 2851 5021 pacem
2872 4948 3047 5021 (Psal.
3073 4963 3245 5014 Lxxn,
3270 4947 3307 5001 2
3335 4953 3385 5001 et
3412 4943 3494 5017 5).
3523 4945 3716 5001 Animi
3734 4944 3829 5000 ita-

2216 5057 2325 5113 que
2352 5044 2436 5098 sui
2480 5043 2720 5100 ostendit
2758 5041 3100 5099 claudicasse
3120 5040 3439 5113 vestigium,
3472 5038 3609 5113 dum
3642 5051 3827 5110 pacem
3902 5100 3903 5113 χ

2214 5124 2561 5206 peccatorum
2606 5139 2824 5210 1188
2854 5146 3009 5208 putat
3035 5151 3161 5192 esse
3201 5132 3531 5189 mirandam.
3559 5132 3826 5190 Videntur

2209 5227 2433 5299 quidem
2460 5229 2662 5286 habere
2692 5228 3163 5299 tranquillitatem,
3188 5224 3441 5281 videntur
3463 5223 3662 5295 quiete
3686 5222 3823 5278 frui:

2209 5310 2308 5377 sed
2333 5334 2441 5376 non
2469 5331 2553 5377 est
2573 5320 2750 5393 quies,
2784 5322 2873 5377 ubi
2892 5320 3110 5375 animus
3134 5316 3414 5389 inquietus
3428 5324 3531 5372 'est
3563 5336 3577 5369 :
3612 5331 3727 5372 non
3746 5321 3827 5371 est

2210 5408 2577 5485 tranquillitas
2603 5410 2823 5480 mentis,
2848 5406 2947 5468 ‘ubi
2976 5404 3190 5467 animus
3212 5404 3531 5482 eriguntur
3563 5405 3824 5465 obnoxia:

2206 5494 2447 5565 stimulis
2468 5496 2846 5564 conscientiae.
2880 5496 3167 5574 Quomodo
3191 5492 3477 5570 securitas,
3514 5500 3615 5558 ubi
3641 5500 3821 5557 diver-

2198 5678 2301 5731 pro
2322 5662 2879 5744 profectibu§.§{iimw.
2916 5636 3089 5744 “biiugis
3126 5642 3411 5744 Commode
3436 5703 3455 5729 ,
3510 5670 3578 5744 μι
3620 5659 3717 5744 εξξῖ
3742 5672 3823 5744 ες-

2200 5726 2498 5817 queutibus
2536 5734 2888 5817 .inteliigim‘r.
2948 5726 3084 5817 Υἰῖίθ
3133 5736 3297 5817 eilhm
3338 5726 3570 5817 (imbuit)
3621 5726 3822 5817 libirdf

2202 5802 2434 5929 ἐξαισία
2459 5806 2655 5931 intima,
2680 5801 2801 5877 cap.
2829 5806 2896 5873 6,
2933 5803 3003 5859 de
3046 5805 3210 5861 variis
3238 5801 3593 5875 profectibus
3629 5802 3820 5860 anima:

2248 5890 2361 5945 tspu
2391 5890 2456 5931 an
2487 5891 2569 5932 ur.
