3948 6390
449 327 583 385 1447

1765 317 2013 376 SANCTI
2052 316 2373 376 AMBROSII

3607 311 3634 367 1
3645 311 3747 368 448

444 451 506 496 ιιι
531 436 864 495 ornamentis
905 432 1308 506 pretiosissimis
1351 437 1698 503 comparatus
1729 431 1819 498 sit,
1851 439 1906 486 et
1932 441 2043 485 tor-
2079 459 2120 517 Δ
2147 445 2372 500 puerum
2399 428 2562 496 dixit,
2606 434 2793 498 postea
2823 426 2994 482 lilium
3041 426 3384 492 nominavit;
3432 440 3530 482 cur
3557 441 3667 483 non
3694 427 3746 482 in

447 533 645 606 quibus
676 527 1119 599 triumphantium
1154 543 1169 592 ;
1218 525 1335 580 haec
1362 525 1506 580 enim
1555 532 1871 579 ornamenta
1917 534 2044 578 sunt

448 627 797 683 bellatorum.
829 620 982 678 Unde
1011 629 1065 674 ct
1109 618 1468 692 Symmachus
1508 618 1856 696 ἐπιτραχή).ια
1889 615 2042 680 dicit,

452 718 555 775 hoc
575 727 677 782 est,
709 730 828 786 quae
849 722 975 769 sunt
1014 712 1157 768 circa
1177 711 1400 768 collum.
1431 709 1559 766 Sive
1592 725 1722 781 ergo
1766 709 2047 780 generatio

451 811 653 868 Christi
679 825 741 864 ex
767 806 1012 878 Virgine,
1055 806 1171 862 sive
1200 805 1458 861 Ecclesia:
1507 804 1843 874 propagatio,
1868 803 2049 873 specie

452 904 672 977 quidem
700 913 972 974 tamquam
998 917 1159 956 manu
1188 899 1416 955 artiﬁcis
1437 898 1722 970 torquibus
1749 895 2048 962 adornatis,

451 1012 597 1052 verte
629 1003 809 1051 autem
849 992 1066 1049 virtutis
1093 991 1396 1064 insignibus
1422 988 1756 1061 spiritalibus
1809 987 2052 1045 cervices

457 1091 697 1147 ﬁdelium
727 1087 1028 1146 coronavit.

529 1182 616 1238 l9.
649 1179 895 1250 Denique
925 1187 1036 1234 tota
1068 1178 1168 1234 ista
1197 1177 1493 1249 descriptio
1541 1175 1915 1232 membrorum
1947 1175 2053 1230 Ec-

459 1277 644 1334 clesia:
668 1276 829 1346 plena
851 1273 1069 1330 decoris
1095 1280 1150 1328 et
1176 1271 1354 1327 laudis
1383 1280 1486 1326 cst.
1517 1269 1652 1324 Nam
1683 1279 1738 1326 et
1770 1268 2059 1324 umbilicus

460 1371 579 1441 ejus
612 1377 886 1438 tamquam
938 1372 1118 1422 crater
1163 1362 1432 1419 tornatilis
1491 1360 1835 1433 prmdicatur,
1892 1358 2061 1414 mixto

462 1478 569 1518 non
599 1459 862 1516 deﬁciens
888 1456 1063 1530 (Cant.
1114 1473 1208 1520 vn,
1240 1456 1298 1529 ‘2)
1330 1473 1346 1522 ;
1379 1470 1446 1511 eo
1475 1454 1618 1525 quod
1661 1454 1716 1509 in
1761 1452 1911 1508 omni
1948 1452 2062 1507 do-

464 1557 636 1614 ctrina
661 1563 932 1619 tornatus,
963 1551 1301 1624 plenitudine
1330 1549 1681 1622 cognitionis,
1709 1558 1764 1604 et
1793 1555 1920 1618 potu
1953 1563 2062 1602 non

462 1648 680 1707 deﬁciat
704 1647 935 1718 spiritali
969 1655 1067 1712 ;ct
1118 1653 1310 1700 venter
1339 1643 1458 1712 ejus
1497 1658 1604 1697 non
1644 1641 1822 1696 solum
1863 1654 2064 1696 acervo

464 1742 654 1810 tritici,
688 1741 740 1797 id
772 1750 877 1806 est,
919 1741 1056 1796 cibis
1085 1737 1400 1795 fortioribus
1431 1737 1670 1793 caelestis
1697 1735 1942 1809 mysterii
1971 1749 2064 1789 sa-

464 1837 705 1910 ginetur,
729 1849 918 1890 verum
940 1833 1102 1890 etiam
1129 1840 1406 1903 tamquam
1427 1831 1554 1886 liliis
1577 1828 1925 1901 quibusdam,
1950 1842 2067 1884 mo-

466 1933 662 1988 ralium
688 1928 958 1985 suavitate
989 1929 1287 1999 repleatur.

543 2023 758 2097 1190
779 2022 871 2077 20.
896 2020 1052 2078 Unde
1080 2029 1134 2075 et
1163 2019 1278 2089 ipsa
1308 2026 1583 2090 tamquam
1604 2017 1747 2073 bene
1771 2016 1966 2072 merita
1998 2030 2076 2071 re-

469 2118 596 2190 gina
627 2116 827 2173 Christi
851 2115 1118 2186 sanguine
1142 2122 1458 2178 coronatur,
1482 2111 1623 2165 sicut
1649 2109 1911 2178 scriptum
1945 2117 2031 2163 est
2061 2125 2073 2157 :

471 2211 542 2268 Et
562 2219 777 2266 ornatus
796 2207 981 2281 capitis
996 2207 1069 2261 tui
1087 2206 1217 2260 sicut
1229 2220 1461 2277 purpura
1476 2201 1584 2276 (Ib.
1602 2199 1916 2273 5).Sanguis
1929 2197 2077 2253 Chri-

469 2306 538 2361 sti
553 2317 792 2377 purpura
803 2311 907 2367 est,
921 2301 1012 2372 qui
1027 2299 1195 2355 inﬁcit
1210 2306 1518 2353 sanctorum
1533 2295 1764 2359 animas,
1783 2309 1889 2348 non
1903 2291 2076 2348 solum

472 2399 660 2456 colore
683 2394 1059 2468 rcsplendens,
1077 2393 1173 2449 sed
1196 2392 1360 2448 etiam
1379 2397 1664 2462 potestate;
1686 2387 1810 2458 quia
1823 2401 1979 2457 reges
1995 2384 2077 2439 fa.

472 2495 566 2562 cit,
583 2503 636 2551 et
660 2491 916 2550 meliores
939 2503 1120 2560 reges,
1136 2486 1335 2558 quibus
1357 2499 1584 2556 regnum
1607 2481 2075 2537 donetreternum.

544 2589 638 2645 ξι.
672 2585 970 2656 Meritoque
1016 2581 1085 2637 ad
1118 2589 1328 2636 tantum
1383 2577 1645 2634 Ecclesia:
1689 2574 1966 2639 decorem,
1994 2567 2081 2628 cui

473 2681 673 2739 Christi
705 2677 926 2749 sanguis
953 2675 1210 2742 irrutilat,
1245 2669 1482 2743 Spiritus
1523 2677 1745 2725 sanctus
1768 2665 2037 2722 exclamat
2065 2681 2077 2717 :

478 2775 646 2844 Quam
677 2772 872 2843 puchra
897 2780 945 2826 et
959 2769 1130 2825 suavis
1155 2772 1295 2838 facta
1327 2783 1400 2830 es,
1432 2763 1678 2831 Charitas,
1695 2763 1749 2816 in
1769 2759 2082 2816 deliciistuis

477 2869 588 2940 (ib.
624 2866 680 2940 6)
709 2869 725 2921 l
765 2864 1003 2922 Pulchra
1032 2863 1232 2919 decore
1268 2859 1512 2928 virtutis,
1541 2858 1725 2913 suavis
1747 2853 2084 2925 jucunditate

475 2961 689 3033 gratiae,
717 2958 1040 3014 remissione
1058 2955 1335 3020 vitiorum,
1370 2967 1534 3025 quam
1575 2950 1726 3007 nulla
1755 2956 1917 3005 venit
1936 2961 2084 3002 ama-

477 3051 659 3110 ritudo
685 3050 933 3122 peccati:
969 3055 1026 3104 et
1061 3050 1176 3117 ipsa
1203 3047 1313 3115 jam
1357 3044 1616 3111 charitas,
1641 3057 1762 3113 quae
1807 3039 2084 3112 diligendo

479 3146 673 3211 Deum,
705 3140 874 3216 ipsius
896 3151 951 3199 et
976 3155 1174 3197 nomen
1192 3135 1506 3210 acceperit;
1539 3137 1665 3206 quia
1697 3134 1837 3189 Deus
1856 3133 2085 3188 charitas

479 3253 554 3298 est
581 3239 761 3313 (Joan.
783 3252 861 3304 tv,
896 3234 1011 3308 16).

2152 528 2404 594 utroque,
2435 533 2527 577 aut
2580 536 2808 593 puerum
2857 519 3016 587 dixit,
3045 526 3140 574 aut
3185 518 3355 575 lilium
3378 519 3402 575 ?
3429 519 3486 575 Si
3517 520 3745 585 viveret,

2149 630 2282 684 puer
2305 625 2454 680 erat;
2487 613 2612 686 quia
2637 613 2927 685 parricidio
2957 613 3176 685 petebat
3224 622 3455 684 patrem.
3479 612 3596 670 Non
3619 627 3750 684 ergo

2151 711 2369 780 pietatis
2382 725 2576 766 nomen
2594 709 2842 780 accipere
2861 708 3114 777 debebat,
3131 709 3228 765 sed
3241 708 3754 765 inﬁrmitatisteo-

2151 820 2255 876 que
2274 805 2357 859 vir
2381 805 2560 874 justus
2584 805 2725 876 quod
2754 804 3028 876 religionis
3049 803 3166 870 fuit,
3194 806 3362 860 tacuit
3387 821 3403 869 ;
3431 803 3576 875 quod
3605 801 3757 859 infir-

2154 897 2380 962 mitatis,
2405 896 2650 967 aspersit.
2675 896 2776 953 Ubi
2800 911 2930 952 vero
2943 905 3026 951 est
3044 905 3314 963 mortuus,
3337 896 3478 964 apud
3498 895 3644 966 pium
3662 909 3758 965 pa-

2157 999 2292 1047 trem
2311 1006 2556 1062 persona:
2578 991 2782 1046 crimen
2808 989 3026 1058 defecit,
3043 1000 3248 1046 natura:
3261 1005 3458 1045 nomen
3475 987 3755 1044 remansit.

2227 1088 2319 1142 24.
2347 1086 2529 1159 (Vers.
2585 1087 2736 1159 154.)
2770 1087 3065 1158 Sequitur:
3099 1085 3284 1141 Libera
3327 1103 3406 1142 me
3429 1103 3462 1140 a
3499 1086 3761 1142 calumnia

2159 1181 2454 1246 hominum;
2504 1189 2561 1235 ut
2584 1179 2870 1235 custodiam
2897 1180 3147 1235 mandata
3178 1191 3287 1234 tua.
3321 1179 3436 1234 Non
3469 1194 3636 1234 unum
3668 1194 3763 1249 gc-

2162 1289 2262 1328 nus
2283 1282 2369 1329 est
2398 1283 2602 1328 nostric
2631 1272 2981 1338 alllictionis;
3007 1281 3093 1328 est
3120 1281 3174 1327 et
3204 1271 3454 1338 tentatio,
3481 1281 3565 1328 est
3590 1280 3646 1328 et
3673 1285 3764 1326 ca-

2162 1367 2397 1434 lumnia;
2425 1367 2520 1424 sed
2549 1370 2774 1424 tcntatio
2801 1370 2992 1436 levior,
3016 1369 3289 1424 calumnia
3311 1369 3530 1440 gravior
3556 1386 3573 1423 ι
3596 1368 3768 1440 siqui-

2163 1461 2286 1515 dem
2310 1462 2540 1516 tentatio
2564 1473 2744 1533 potest
2765 1477 2887 1518 esse
2912 1463 3204 1530 calumnia,
3236 1462 3509 1518 calumnia
3539 1461 3594 1517 in
3620 1477 3684 1518 se
3712 1469 3770 1516 et

2168 1554 2522 1608 tentationem
2574 1553 2758 1610 habet.
2791 1555 2886 1609 Est
2938 1563 2994 1610 et
3037 1554 3270 1609 humana
3321 1555 3572 1618 tentatio,
3602 1568 3767 1624 quam

2165 1645 2310 1701 ferre
2342 1662 2630 1716 possumus
2657 1664 2672 1715 ;
2703 1647 2972 1703 calumnia
3004 1658 3183 1703 autem
3207 1646 3386 1719 gravis
3415 1654 3520 1702 est.
3555 1645 3619 1701 Et
3646 1645 3771 1702 ideo

2169 1739 2455 1807 Dominus,
2479 1757 2599 1810 quae
2626 1749 2753 1797 sunt
2801 1741 3049 1811 graviora
3096 1741 3361 1812 suscepit,
3392 1749 3446 1796 et
3483 1740 3775 1796 calumniis

2171 1833 2442 1903 appetitus
2463 1833 2740 1889 silentium
2792 1834 2986 1890 detulit
3011 1834 3339 1904 triumphale
3365 1832 3584 1906 (Matth.
3621 1849 3774 1899 χιιι,

2100 1921 2150 1982 Β
2176 1925 2289 1998 65).
2320 1926 2602 1982 Calumnia
2633 1936 2812 1982 autem
2836 1943 2902 1982 eo
2927 1928 3146 1997 gravior
3167 1936 3274 1994 est,
3303 1928 3428 1998 quia
3456 1941 3564 1982 non
3597 1929 3776 1982 solum

2179 2020 2312 2076 falsa
2337 2023 2650 2091 componit;
2681 2037 2867 2078 verum
2894 2021 3056 2076 etiam
3084 2036 3205 2091 qua:
3237 2020 3323 2092 pie
3346 2029 3497 2091 gesta
3521 2030 3648 2075 sunt
3677 2018 3777 2075 de-

2179 2114 2386 2170 colorat
2414 2131 2430 2181 ;
2470 2123 2529 2170 ut
2577 2113 2779 2184 Joseph
2833 2131 2938 2169 non
2972 2114 3143 2171 solum
3171 2127 3191 2153 ο
3222 2114 3473 2170 adulterii
3504 2113 3780 2170 oblatione

2184 2215 2418 2263 tentatus
2441 2217 2544 2274 cst,
2569 2218 2625 2263 et
2645 2205 2670 2244 ἀ
2704 2208 3053 2264 invitamento
3079 2207 3267 2263 herilis
3303 2208 3571 2265 illecebrae
3595 2205 3780 2279 (Gem,

2181 2317 2386 2367 nux,
2447 2301 2514 2356 10
2566 2312 2614 2356 et
2664 2300 2815 2373 seq.)
2869 2321 2882 2357 :
2929 2318 3113 2358 verum
3171 2301 3333 2357 etiam
3397 2309 3634 2357 tentatus
3692 2315 3788 2356 ca-

2181 2396 2449 2463 lumniis.
2504 2397 2856 2466 composito,
2918 2397 3063 2468 quod
3119 2397 3238 2468 ipse
3299 2396 3624 2452 adulterium
3680 2393 3788 2450 do-

2184 2491 2350 2548 minae
2421 2508 2534 2548 suae
2597 2491 2801 2548 inferre
2865 2493 3177 2560 voluisset,
3247 2491 3790 2564 comprehensusque

2181 2589 2403 2644 exuerit
2451 2595 2705 2654 vestem;
2751 2597 2774 2625 ε
2803 2603 2872 2644 ne
2921 2588 3130 2644 fraudis
3167 2586 3446 2653 indicium,
3499 2595 3665 2657 atque
3708 2586 3793 2640 in-

2183 2686 2334 2754 signe
2388 2683 2635 2740 criminis
2698 2693 3024 2749 teneretur;
3093 2699 3215 2739 cum
3273 2685 3456 2755 utique
3525 2683 3790 2739 amictum

2185 2774 2308 2831 ideo
2337 2774 2545 2847 fugiens
2589 2775 2894 2847 reliquerit,
2927 2777 3135 2850 1191
3160 2785 3219 2832 ιιι
3248 2776 3474 2847 laqueos
3504 2776 3610 2831 vim
3643 2774 3790 2831 infe-

2186 2868 2375 2934 rentis,
2401 2878 2455 2924 et
2500 2883 2671 2924 nexus
2708 2867 3046 2925 illecebrosze
3099 2868 3234 2924 artis
3279 2867 3559 2924 evaderet.
3595 2864 3614 2904 ί
3667 2865 3792 2937 Ipse

2185 2961 2355 3016 David
2383 2970 2655 3028 senserat,
2684 2962 2828 3033 quod
2863 2962 3110 3018 timebat.
3140 2961 3349 3030 Quibus
3373 2961 3519 3017 enim
3547 2960 3684 3017 Saul
3709 2974 3796 3016 re-

2183 3055 2266 3126 gis
2286 3054 2574 3110 calumniis
2592 3055 2858 3110 laboravit
2887 3056 2900 3110 l
2937 3065 2961 3102 ις
2994 3053 3309 3110 Pcrterritis
3343 3053 3618 3118 omnibus,
3645 3052 3798 3108 Allo-

2186 3148 2334 3220 pliyli
2363 3147 2626 3218 impetum
2650 3148 2800 3215 lusit,
2827 3157 2882 3204 et
2910 3147 3175 3220 singulari
3203 3147 3502 3203 certamine
3520 3160 3795 3202 summam

2187 3243 2335 3309 belli,
2360 3251 2418 3299 et
2444 3243 2610 3298 totius
2633 3243 2809 3314 praelii
2839 3242 3050 3314 pondus
3071 3243 3310 3313 excepit,
3345 3241 3546 3298 virtute
3574 3255 3674 3296 sua
3700 3254 3794 3297 so-

551 3303 644 3388 Ωὲ.
671 3303 853 3386 Recte
873 3303 1004 3399 ergo
1033 3324 1200 3381 David
1228 3324 1604 3396 petitgressus
1635 3335 1765 3377 suos
1801 3320 1962 3391 dirigi
1995 3335 2079 3376 se-

2190 3335 2274 3390 lus
2310 3349 2600 3390 commune
2627 3334 2832 3389 crimen
2861 3333 3142 3400 refellens,
3174 3342 3228 3389 et
3275 3335 3440 3389 totius
3465 3341 3798 3402 retorquens

479 3426 719 3484 cundum
771 3424 1000 3481 verbum
1031 3421 1170 3486 Dei;
1203 3429 1263 3476 ut
1315 3420 1449 3475 ﬁant
1497 3429 1553 3474 et
1604 3417 1706 3487 ipsi
1747 3415 1998 3488 speciosi,
2031 3422 2086 3469 et

485 3535 591 3574 nou
634 3517 947 3574 dominetur
976 3515 1027 3572 ei
1078 3513 1373 3585 iniquitas;
1406 3523 1431 3549 ἰ
1469 3526 1630 3583 quam
1655 3511 1781 3581 jure
1810 3509 2085 3580 prmeavit.

485 3610 706 3669 Sciebat
733 3609 879 3666 enim
921 3617 977 3664 et
1017 3606 1291 3662 Abraham
1339 3618 1563 3676 gressus
1613 3617 1742 3658 suos
1791 3599 2086 3657 secundum

486 3709 756 3774 praecepta
790 3699 1006 3756 Domini
1037 3697 1386 3770 dirigentem,
1439 3705 1494 3752 et
1545 3696 1788 3767 appetito
1829 3693 2090 3765 speciosa:

485 3797 671 3854 uxoris
701 3795 908 3868 pudore
949 3801 1236 3858 tentatum,
1267 3790 1363 3847 sed
1393 3806 1502 3846 non
1550 3789 1833 3846 confusum
1860 3803 1875 3853 ;
1900 3786 1927 3825 δ
1956 3795 2011 3842 et
2034 3787 2085 3841 in

487 3891 635 3950 unici
663 3887 1036 3948 immolatione
1063 3885 1160 3942 filii
1189 3884 1482 3956 postulata,
1513 3881 1702 3954 patriae
1744 3880 1942 3937 mentis
1969 3879 2086 3950 pic-

487 3996 597 4045 tate
640 3986 922 4051 luctatum,
955 3983 1054 4040 sed
1083 3989 1404 4039 coronatum
1436 3996 1452 4046 ;
1493 3993 1556 4035 se
1585 3991 1800 4048 quoque
1821 3976 1874 4030 in
1907 3975 2090 4029 furore

488 4083 644 4149 Saul,
676 4081 888 4136 incestu
929 4079 1182 4145 Ammon,
1205 4073 1511 4132 Abessalon
1551 4071 1864 4144 parricidio,
1895 4069 2090 4140 iniqui-

492 4174 619 4230 tatis
643 4173 906 4242 improbze
927 4171 1188 4226 feralibus
1214 4167 1606 4224 tentationibus
1631 4166 1954 4238 appetitum,
1987 4164 2091 4218 hoc

491 4267 612 4322 solo
635 4265 894 4328 evasisse,
927 4263 1069 4333 quod
1088 4261 1331 4331 dirigens
1373 4275 1591 4330 gressus
1633 4274 1761 4315 suos
1793 4257 2090 4314 secundum

493 4357 750 4430 pietatem
776 4354 1014 4420 Domini,
1038 4368 1067 4406 a
1099 4361 1328 4424 paterno
1358 4366 1466 4406 non
1494 4351 1722 4406 recessit
1745 4351 1939 4406 affectu
1965 4366 1981 4415 ;
2007 4349 2093 4404 in-

492 4459 576 4508 tra
621 4465 681 4507 se
709 4462 936 4522 gemens
981 4445 1190 4502 crimen
1241 4445 1453 4510 incesti,
1494 4459 1526 4498 a
1556 4458 1616 4499 se
1670 4444 1919 4514 relegans
1973 4441 2094 4498 odia

494 4541 801 4615 parricidae.
836 4537 1010 4595 Filius
1041 4554 1183 4593 meus
1211 4536 1519 4604 Abessalon,
1543 4535 1683 4605 filius
1705 4552 1868 4602 meus,
1896 4534 2092 4602 inquit,

2190 3427 2245 3482 in
2268 3426 2481 3483 hostem
2510 3427 2684 3498 plebis
2729 3427 3114 3498 opprobrium;
3149 3435 3205 3482 et
3227 3434 3408 3482 tamen
3439 3426 3565 3496 quia
3590 3426 3797 3496 juven-

2189 3520 2327 3575 culm
2355 3519 2609 3575 dixerunt
2639 3538 2652 3574 :
2683 3520 2816 3576 Saul
2839 3521 3171 3592 triumphavit
3193 3519 3246 3574 in
3267 3519 3516 3585 millibus,
3539 3502 3715 3573 David
3745 3518 3799 3574 in

2192 3613 2366 3668 decem
2410 3610 2634 3666 millibus
2687 3609 2734 3684 (l
2760 3609 2890 3682 Reg.
2938 3627 3087 3675 xvm,
3123 3609 3201 3682 7),
3245 3610 3417 3682 gloria
3455 3609 3509 3664 in
3533 3607 3800 3666 invidiam

2193 3718 2371 3770 versa,
2397 3701 2520 3758 odio
2547 3703 2713 3772 coepit
2754 3703 2955 3774 urgeri.
2983 3702 3051 3758 Et
3093 3711 3153 3757 ut
3180 3702 3251 3758 de
3293 3701 3695 3774 posterioribus
3721 3701 3802 3756 lo-

2194 3811 2466 3866 quamur:
2500 3794 2746 3852 Susanna
2777 3794 2918 3850 bene
2964 3793 3070 3850 sibi
3104 3794 3322 3849 conscia
3350 3802 3471 3850 erat
3505 3811 3521 3860 ;
3566 3801 3626 3850 et
3655 3792 3800 3864 apud

2198 3887 2445 3944 homines
2471 3887 2576 3943 sibi
2601 3889 2794 3944 adesse
2833 3901 2942 3943 non
2971 3895 3206 3958 poterat.
3240 3887 3357 3942 Duo
3381 3886 3686 3959 presbyteri
3713 3901 3802 3943 sc-

2199 3998 2295 4038 nes
2316 3981 2511 4038 falsum
2564 3980 2940 4039 testimonium
2962 3979 3299 4049 deferebant,
3328 3994 3590 4035 numerus
3613 3995 3802 4037 sacer-

2198 4074 2380 4130 dotum
2409 4084 2571 4146 atque
2601 4082 2853 4131 senectus
2876 4088 3065 4130 vocem
3093 4073 3660 4144 auferebantpuellac;
3685 4073 3805 4129 sola

2200 4166 2533 4222 conscientia
2562 4175 2682 4222 erat
2698 4167 2841 4236 apud
2886 4166 3054 4222 Deum
3108 4164 3298 4221 libera.
3328 4164 3574 4236 Denique
3621 4165 3804 4220 homio

2198 4275 2326 4314 num
2346 4259 2593 4315 damnata
2613 4259 2841 4330 judicio,
2866 4269 2999 4315 nutu
3021 4268 3107 4315 est
3143 4259 3395 4317 absoluta
3419 4258 3607 4316 divino
3636 4258 3801 4332 (Dan.

2200 4365 2318 4414 xm,
2350 4349 2421 4406 54
2451 4361 2500 4405 et
2523 4351 2677 4423 seq.).

2270 4441 2362 4497 25.
2398 4441 2524 4499 Ideo
2552 4444 2630 4498 ait
2654 4443 2925 4515 Propheta
2959 4461 2973 4498 :
3011 4443 3194 4500 Libera
3231 4462 3310 4501 me
3333 4463 3369 4501 a
3397 4447 3662 4502 calumma
3705 4446 3806 4502 ho-

2201 4537 2396 4593 minam
2421 4555 2443 4605 ;
2472 4547 2529 4593 ut
2560 4541 2849 4596 custodiam
2875 4543 3121 4598 mandata
3161 4553 3290 4601 tua:
3319 4546 3410 4615 qui
3440 4548 3588 4602 enim
3619 4548 3809 4618 oppri-

495 4635 800 4703 Abessalon,
828 4633 940 4705 quis
961 4629 1102 4686 dabit
1123 4631 1252 4685 mihi
1273 4639 1487 4685 mortem
1519 4646 1611 4699 pro
1635 4639 1682 4684 te
1699 4628 1766 4701 (ll
1793 4628 1922 4700 Reg.
1941 4645 2094 4697 xviii,
2122 4655 2176 4716 Β
2203 4633 2368 4688 mitur
2396 4633 2686 4698 calumnia,
2721 4650 2830 4691 non
2861 4635 3019 4694 facile
3040 4645 3219 4707 potest
3253 4639 3531 4697 custodire
3549 4640 3808 4697 mandata

493 4728 611 4799 33),
670 4740 877 4784 memor
925 4736 1133 4781 naturae
1187 4721 1382 4794 pietas,
1413 4722 1638 4778 olfensm
1686 4722 1997 4789 immemor,
2028 4723 2097 4778 de
2199 4726 2404 4782 divina.
2448 4725 2707 4784 Tristitia:
2735 4743 2961 4786 necesse
3009 4739 3093 4786 est
3121 4731 3441 4803 plerumque
3485 4743 3582 4789 aut
3623 4734 3809 4790 timori

495 4838 604 4895 quo
623 4831 750 4878 ante
771 4819 1059 4894 quresivit:
1091 4817 1235 4873 Puer
1264 4833 1328 4872 ne
1354 4817 1474 4872 vivit
1501 4815 1608 4888 (Ib.
1642 4814 1738 4887 29)
1766 4816 1790 4870 ἳ

567 4914 662 4972 25.
686 4913 757 4970 Et
790 4913 1024 4969 fortasse
1050 4909 1404 4982 quaerendum
1428 4909 1521 4976 sit,
1555 4924 1658 4980 qua
1708 4909 1919 4966 ratione
1971 4919 2098 4966 ante

571 5059 600 5088 ι
624 5046 746 5104 Vet.
766 5044 897 5103 edit.
917 5059 1040 5101 cum
1067 5042 1253 5115 paucis
1279 5055 1594 5115 mss.,quam
1618 5045 1745 5114 jure
1764 5051 1997 5114 precatus
2023 5053 2099 5098 est

571 5119 601 5158 ιι
625 5119 701 5174 lla
732 5132 888 5181 mss.;
912 5115 1043 5172 edit.
1075 5114 1232 5180 vero,
1275 5123 1323 5168 et
1352 5115 1405 5167 in
1449 5114 1586 5167 unici
1613 5115 1962 5169 immolatione
1977 5115 2098 5184 ﬁlii,

502 5191 730 5264 postiam
745 5189 925 5264 patria:
950 5186 1135 5241 mentis
1163 5187 1370 5264 pietate,
1399 5185 1670 5264 lactatum.

575 5275 595 5302 ο
632 5255 755 5315 ναι.
783 5260 918 5317 edit.
947 5273 1072 5314 cum
1125 5255 1307 5327 paucis
1346 5271 1477 5311 mss.
1515 5255 1764 5311 adulterii
1809 5256 2102 5330 objectione

504 5342 730 5390 tentatus
759 5339 852 5386 est.
1585 5379 1592 5388 ,

574 5403 601 5442 ά
632 5403 774 5460 Edit.
807 5409 1010 5465 ant.,et
1041 5400 1283 5455 invitatus
1309 5398 1377 5452 ad
1402 5399 1594 5453 crimen
1623 5399 1802 5454 herilis
1825 5399 2097 5454 illecebrae.

503 5475 690 5541 Rom,
717 5473 868 5528 herili
894 5472 1150 5526 illecebra.
1193 5469 1322 5525 Mss.
1353 5469 1623 5536 nonnulli,
1662 5481 1708 5524 et
1761 5472 2096 5524 incitamento

505 5546 720 5619 puerilis
742 5543 1013 5619 illecebrae.
1048 5541 1156 5619 Alii
1205 5541 1623 5619 frequentes,_ut
1664 5541 2096 5619 in__textt_t_.Qund

505 5611 685 5672 autem
732 5617 876 5681 voci,
903 5614 1208 5686 composito,
1231 5613 1286 5666 in
1306 5611 1644 5686 :quibusilam
1671 5611 1803 5686 edit.
1828 5612 2097 5686 adjectum

505 5698 611 5753 est,
663 5687 852 5756 elogio,
890 5682 1026 5756 (hoc
1059 5683 1257 5756 [rustra
1306 5682 1428 5748 fuit,
1482 5683 1902 5756 subintelligitur
1953 5685 2098 5738 enim

510 5753 796 5817 mendacio,
816 5755 900 5810 vel
930 5755 1164 5816 crimine,
1197 5753 1250 5808 id
1280 5763 1384 5818 est,
1411 5753 1778 5808 accusatione.

584 5839 606 5868 υ
629 5828 773 5885 Edit.
804 5827 1000 5897 ,ιὶυιηη
1055 5841 1118 5880 ne
1134 5826 1242 5896 ipse
1297 5834 1352 5878 ut
1383 5825 1596 5899 fraudis.
1631 5824 1900 5896 indicium,
1957 5836 2108 5897 atque

2198 4819 2378 4888 cedat,
2405 4827 2462 4875 et
2513 4819 2784 4890 altligatur
2811 4822 2896 4878 vel
2945 4833 3093 4879 metu
3131 4824 3444 4892 calumnias,
3475 4826 3562 4882 vel
3590 4827 3808 4884 dolore.

2270 4912 2364 4968 26.
2396 4910 2582 4982 (Vers.
2600 4913 2750 4985 l55.)
2773 4913 3029 4986 Sequitur
3056 4917 3318 4988 septimus
3339 4933 3532 4976 versus
3565 4909 3824 4974 :Vultum’

2202 5045 2403 5126 insigne
2455 5046 2685 5126 criminis
2729 5057 2983 5105 teneretur
3025 5068 3044 5117 ;
3111 5054 3457 5126 umidumque
3493 5057 3643 5125 ideo,
3690 5066 3810 5114 etc.

2202 5116 2312 5197 150s-
2331 5133 2463 5174 vero
2492 5119 2544 5173 in
2565 5118 2942 5197 lectionemss.
2966 5116 3031 5177 ac
3053 5131 3160 5179 vet.
3189 5116 3482 5197 edit.jriihil
3506 5116 3808 5184 mutamus.

2205 5188 2312 5269 Sed
2341 5198 2400 5242 ut
2453 5190 2800 5269 perspicuus.
2824 5192 2897 5269 sit
2939 5207 3153 5258 sensus,
3178 5188 3415 5269 postfne
3434 5199 3639 5266 fraudis
3663 5200 3814 5254 indi-

2203 5261 2371 5342 cium,
2386 5261 2750 5342 subintellige,
2781 5262 2835 5316 in
2856 5268 2977 5342 ipso
2995 5261 3379 5342 comprehenso,
3407 5261 3455 5342 et
3475 5286 3579 5324 non
3606 5272 3809 5342 elapso.

2284 5329 2302 5368 ί
2332 5329 2493 5408 ἣρω.
2518 5329 2687 5408 edit,
2705 5329 3265 5408 pseDavidseriserat
3291 5329 3429 5408 quod
3450 5329 3811 5397 ttmebatSaul

2206 5411 2254 5457 et
2282 5402 2466 5471 quibus
2504 5403 2780 5484 calumniis
2824 5406 3115 5484 laborabat.
3145 5407 3254 5484 sed
3282 5402 3393 5484 _'qui
3436 5411 3510 5465 ita
3537 5414 3808 5484 correxit,

2200 5487 2418 5528 sensum
2443 5475 2678 5540 auctoris
2706 5475 2932 5532 minime
2958 5477 3248 5534 intellexit.
3281 5475 3360 5536 T'u
3391 5496 3524 5536 vero
3548 5475 3807 5539 eumdem

2203 5543 2563 5623 interpretare
2604 5544 2671 5599 ad
2697 5562 2820 5601 eum
2856 5549 3089 5623 (modum
3123 5568 3137 5602 :
3172 5549 3298 5623 Ipse
3343 5549 3517 5623 David
3560 5567 3811 5623 expertus

2203 5624 2312 5738 erqt
2338 5615 2642 5740 calumnias,
2670 5633 2798 5688 quas
2828 5620 3035 5676 timebat
3055 5619 3179 5675 dum
3198 5615 3389 5678 diceret
3406 5638 3428 5678 :
3448 5615 3636 5680 Libera
3659 5641 3743 5680 me
3774 5644 3811 5680 α

2203 5701 2264 5738 ca
2289 5702 2485 5740 umma.
2513 5702 2544 5740 e
2571 5703 2621 5740 c.

2203 5701 2485 5754 catumma,
2513 5701 2621 5742 etc.

2280 5759 2306 5798 8
2333 5756 2459 5840 biss.
2484 5773 2597 5840 non
2618 5760 3077 5840 pau_ci,prreteritis
3088 5764 3338 5822 erunibus.
3364 5766 3531 5840 Bene,
3559 5769 3603 5827 si
3617 5777 3813 5828 mente

2205 5829 2479 5901 suppleas,
2504 5829 2624 5886 aliis
2643 5829 2940 5889 calumniis.
