3948 6374
197 388 301 445 I559
1229 382 1292 439 IN
1334 381 1662 440 PSALMUM
1704 377 1916 437 CXVIII
1956 375 2348 452 EXI’OSITIO.
3312 379 3452 438 I450

190 499 560 558 tuttmilltmtina
586 516 741 572 super
771 514 972 555 servum
999 508 1143 553 tuum
1165 516 1182 565 ;
1205 511 1252 554 et
1279 500 1402 554 doce
1425 516 1502 552 me
1515 499 1748 571 jttstitias
1777 504 1826 561 Α
1854 493 2079 557 videre;
2114 503 2172 546 ut
2217 491 2620 546 illuminarctttr
2645 493 2696 546 in
2752 490 2938 558 corde,
2989 491 3129 548 sicut
3178 491 3453 547 illumina—

191 608 295 652 tuas.
342 593 617 650 Illuminat
647 594 906 648 Dominus
973 603 1192 647 sanctos
1222 608 1371 657 suos,
1422 601 1474 646 et
1526 593 1668 645 lucet
1698 591 1750 644 itt
1856 587 2050 642 bantur
2082 585 2244 641 etiam
2276 586 2351 640 illi
2391 588 2480 656 qui
2511 585 2768 640 dicebam
2798 604 2811 640 :
2846 585 3031 641 Nonne
3084 603 3171 640 cor
3223 599 3457 642 nostrum

192 690 325 747 corde
347 689 641 760 justorum.
671 687 856 758 Itaque
896 701 1018 742 cum
1067 687 1366 756 sapientem
1413 686 1635 747 videris,
1663 700 1756 740 co-
1857 678 2070 732 ardebat
2095 679 2149 732 in
2170 678 2412 733 nobis....
2440 694 2554 732 cum
2571 680 2795 748 aperiret
2816 679 2961 733 nobis
2979 679 3280 750 Scripturas
3305 679 3458 750 (Luc.

189 798 356 856 gnosce
381 782 508 854 quia
527 781 809 838 descendit
839 795 1003 850 super
1033 796 1155 836 eum
1205 779 1302 835 Dei
1334 780 1526 851 gloria,
1556 780 1755 835 illumi-
1859 787 2008 836 XXIV.
2041 771 2132 842 '52)
2157 772 2179 824 Ὺ
2201 771 2357 840 Quod
2406 772 2452 826 si
2501 772 2624 842 quis
2675 772 2743 826 ad
2795 773 2965 827 Deum
3009 773 3220 828 Patrem
3253 773 3458 829 dictmn

194 878 314 934 navit
340 876 461 947 ejus
508 884 746 930 mentem
785 874 1025 929 scientiae
1075 872 1760 944 fulgore,cognitionisque
1861 867 1975 922 vult
1998 867 2192 935 videri,
2234 875 2415 936 potest
2459 867 2631 939 accipi
2662 868 2844 922 vultus
2890 867 3085 935 Patris,
3119 869 3330 936 Filius;
3371 869 3461 940 qui

193 969 380 1024 divinae.
412 965 749 1022 llluminavit
775 975 954 1020 autem
983 965 1147 1020 etiam
1176 964 1537 1032 corporaliter
1568 964 1758 1020 faciem
1862 959 2009 1015 enim
2035 959 2183 1015 videt
2205 958 2424 1023 Filium,
2469 959 2614 1016 videt
2644 970 2698 1015 et
2726 960 2963 1016 Patrem.

193 1061 362 1133 Moysi,
400 1069 457 1116 et
488 1059 865 1130 transfigurata
893 1067 980 1113 est
1003 1058 1172 1130 gloria
1224 1057 1404 1113 vultus
1430 1059 1568 1129 ejus,
1599 1074 1758 1129 quam
1933 1051 2025 1106 29.
2067 1051 2340 1108 Illuminat
2380 1061 2560 1108 tamen
2606 1053 2788 1108 vultus
2836 1054 2930 1109 Dei
2975 1056 3272 1111 secundum
3321 1056 3466 1126 quod

192 1155 412 1210 videntes
439 1151 612 1208 Iudaei
642 1150 1089 1220 trepidaverunt;
1121 1159 1174 1205 et
1197 1149 1319 1205 ideo
1364 1149 1566 1206 factum
1598 1159 1683 1206 est
1708 1158 1765 1204 ut
1864 1146 2006 1200 oculi
2045 1145 2165 1214 ejus
2208 1161 2374 1217 super
2413 1147 2592 1217 justos
2630 1147 2920 1202 habentur.
2954 1149 3108 1217 Quod
3153 1165 3274 1204 cum
3308 1151 3469 1219 spiri-

189 1245 376 1318 Moyses
406 1244 656 1300 velamen
674 1242 978 1313 imponeret
997 1256 1160 1311 super
1183 1241 1376 1296 faciem
1401 1257 1550 1296 suam
1577 1258 1591 1305 ;
1621 1255 1688 1296 ne
1711 1241 1764 1295 in
1868 1240 2048 1294 taliter
2072 1240 2142 1294 sit
2175 1240 2548 1310 probandum;
2599 1251 2776 1296 tamen
2817 1241 2941 1311 quia
2983 1241 3172 1295 incidit
3205 1241 3476 1297 illumina-

189 1354 290 1395 eim
311 1335 590 1391 filiilsrael
615 1333 984 1400 intenderent,
1007 1347 1062 1390 ct
1088 1333 1540 1401 perturbarentur
1563 1333 1764 1404 (Exod.
1868 1332 2032 1387 tionis
2058 1332 2240 1387 vultus
2269 1332 2440 1405 Moysi
2487 1333 2735 1398 historia,
2769 1348 2836 1387 ne
2875 1335 2996 1403 quis
3030 1350 3138 1388 non
3171 1343 3319 1403 putet
3354 1349 3475 1389 cor-

189 1445 349 1494 xxxtv,
380 1427 451 1482 ‘29
497 1436 546 1481 et
571 1429 725 1497 seq.).
768 1426 940 1483 Simul
993 1425 1372 1481 declarabatur
1422 1425 1762 1496 mysterium,
1869 1425 2133 1495 poraliter
2181 1425 2234 1479 id
2282 1425 2398 1480 fieri
2441 1425 2703 1494 potuisse,
2745 1436 3057 1496 cognoscat.
3113 1425 3326 1482 Etenim
3376 1443 3476 1482 usu

189 1521 313 1591 quod
339 1519 469 1574 illud
500 1518 748 1573 velamen
777 1517 918 1586 quod
949 1518 1000 1570 itt
1054 1516 1189 1571 facie
1216 1517 1384 1586 Moysi
1415 1517 1770 1587 corporaliter
1874 1518 2004 1572 solis
2039 1517 2224 1572 multis
2269 1518 2430 1572 etiam
2480 1518 2693 1588 pallore
2737 1518 3001 1573 confectis
3044 1519 3208 1573 totius
3233 1521 3482 1588 corporis

193 1611 496 1683 ponebatur,
541 1609 595 1664 in
637 1610 894 1666 cordibus
919 1608 1229 1664 Iudaeorum
1282 1608 1509 1680 mystice
1540 1623 1768 1680 ponere-
1873 1608 2043 1678 figura
2094 1618 2358 1675 mutatur,
2394 1621 2448 1663 et
2493 1608 2631 1680 ignis
2676 1625 2879 1678 vapore
2927 1609 3208 1665 calefactis
3270 1611 3482 1680 species

193 1714 300 1771 tur;
330 1721 396 1760 eo
416 1703 559 1772 quod
577 1718 759 1759 veram
789 1703 1262 1773 Legisclaritatem
1296 1701 1482 1758 videre
1505 1718 1610 1757 non
1649 1717 1773 1772 pos-
1872 1703 2055 1757 vultus
2084 1703 2362 1757 rutilantis
2391 1702 2721 1758 ostenditur.
2760 1703 2982 1758 Oriente
3010 1703 3121 1770 die,
3151 1703 3348 1758 rubent
3381 1712 3486 1758 ter-

190 1809 316 1852 sent.
349 1796 543 1851 Vultus
597 1796 741 1852 enim
793 1795 965 1866 Moysi
1024 1794 1199 1865 fulgor
1251 1803 1334 1849 est
1372 1794 1569 1865 Legis;
1601 1793 1775 1865 fulgor
1876 1809 1950 1850 rte
1976 1809 2173 1850 croceo
2199 1795 2388 1850 colore
2415 1795 2672 1866 perfusaz,
2703 1794 2731 1832 δ
2772 1796 3060 1865 imaginem
3108 1796 3176 1852 de
3219 1796 3488 1853 beneﬁcio

189 1899 352 1945 autem
374 1888 536 1960 Legis
563 1902 672 1943 non
705 1887 757 1942 itt
786 1887 1105 1954 littera,sed
1149 1886 1202 1942 itt
1249 1888 1522 1942 intellectu
1552 1896 1636 1942 est
1659 1887 1769 1957 spi-
1803 1902 1850 1961 Β
1877 1898 2157 1951 mutuatae,
2217 1904 2558 1960 gemmarum
2607 1902 2823 1959 quoque
2885 1889 3106 1944 monilia
3145 1888 3491 1944 coruscantia

192 1984 338 2038 ritali.
369 1982 554 2054 Itaque
582 1982 839 2054 quamdiu
894 1982 1104 2037 vixerat
1127 1981 1360 2054 Moyses,
1389 1992 1444 2038 et
1467 1982 1779 2053 alloqueba-
1883 1980 2270 2036 transfundunt
2317 1980 2590 2044 ﬁnitimis,
2645 1981 2788 2051 quod
2851 1982 2964 2051 ipsa
3016 1981 3376 2045 radiaverint;
3430 1990 3486 2036 et

191 2085 264 2131 tur
287 2074 597 2131 Iudaeorum
619 2065 622 2067 Α
646 2075 921 2146 populum,
953 2074 1199 2130 velamen
1250 2075 1486 2130 habebat
1533 2075 1586 2129 itt
1643 2074 1780 2130 facie
1879 2072 2099 2147 miraris
2129 2075 2173 2127 si
2207 2073 2408 2142 Moysis
2435 2073 2616 2127 vultus
2644 2072 2845 2126 divinae
2873 2072 3104 2127 infectus
3133 2074 3206 2127 sit
3236 2073 3489 2127 claritate

193 2183 274 2222 sua
303 2185 316 2233 ;
343 2177 561 2223 mortuo
591 2177 770 2222 autem
789 2167 1002 2239 Moyse,
1024 2166 1184 2222 Iesus
1213 2166 1362 2222 Nave
1385 2167 1495 2238 jam
1527 2182 1634 2222 non
1686 2182 1782 2237 per
1882 2165 2224 2234 praisetttite?
2265 2163 2479 2218 Miraris
2510 2165 2554 2219 si
2589 2162 2888 2235 refulgente
2917 2163 3011 2218 Dei
3043 2164 3214 2233 gratia
3243 2163 3374 2232 jUsti
3405 2179 3499 2218 va-

193 2263 452 2324 vclamen,
485 2259 580 2316 sed
611 2259 751 2316 facie
779 2260 1042 2327 revelata,
1075 2271 1128 2316 et
1168 2260 1517 2332 presbyteros
1542 2260 1784 2330 alloque-
1884 2268 2108 2329 poretur
2150 2258 2465 2329 ingenium?
2492 2257 2609 2312 Non
2645 2257 2914 2313 dubitavit
2955 2258 3245 2330 propheta,
3277 2258 3370 2329 qui
3401 2272 3495 2328 po-

190 2352 337 2408 batur
365 2362 420 2408 et
447 2352 808 2422 populum,et
837 2367 998 2408 nemo
1027 2350 1333 2423 trepidabat
1358 2349 1542 2423 (Iosue
1583 2353 1779 2419 1,10):
1886 2355 2062 2424 poscit
2087 2353 2383 2409 illuminari
2427 2355 2610 2424 prius;
2655 2360 2712 2407 ut
2755 2353 2999 2422 juStitias
3040 2353 3258 2408 Domini
3311 2362 3493 2422 posset

193 2460 304 2501 cum
333 2447 521 2516 utique
545 2454 599 2500 et
628 2445 727 2515 ipsi
756 2444 951 2500 dixerit
1009 2445 1172 2511 Deus,
1203 2445 1345 2516 quod
1394 2460 1515 2501 cum
1571 2447 1688 2517 ipso
1710 2446 1783 2501 ita
1886 2445 2186 2502 addiscere.

190 2549 330 2596 esset
372 2541 611 2604 futurus,
640 2549 699 2593 ut
726 2537 825 2594 fuit
876 2554 995 2594 cum
1028 2539 1237 2611 Moyse,
1270 2548 1324 2594 et
1364 2555 1488 2595 eum
1530 2539 1785 2595 similiter
1958 2541 2049 2596 30.
2083 2539 2263 2610 (Vers.
2291 2538 2443 2611 136.)
2470 2538 2731 2609 Sequitur
2759 2554 2952 2593 versus
2979 2547 3207 2593 octavus
3236 2557 3248 2589 :
3299 2536 3498 2593 Decur-

192 2633 552 2699 illuminaret,
598 2643 875 2702 gestorum
925 2631 1144 2702 utique,
1207 2647 1313 2686 non
1369 2631 1550 2687 vultus
1613 2631 1786 2703 gloria
1889 2650 1977 2689 sus
2001 2651 2254 2706 aquarum
2284 2632 2656 2688 descenderunt
2688 2632 2825 2685 oculi
2868 2634 2999 2697 mei;
3043 2632 3162 2698 quia
3195 2647 3295 2684 non
3325 2640 3498 2685 custo-

192 2724 371 2797 (Ibid.,
402 2725 499 2798 5):
529 2724 633 2779 hoc
664 2724 999 2795 significante
1019 2724 1224 2795 Spiritu
1249 2734 1462 2792 sancto,
1486 2725 1629 2796 quod
1657 2741 1786 2781 ven-
1890 2727 1994 2780 divi
2048 2729 2210 2795 legem
2255 2733 2415 2779 tuam.
2479 2722 2773 2779 Granditer
2819 2721 3072 2778 afi‘ccutm
3120 2724 3496 2794 paenitentiam

194 2827 337 2873 tutus
366 2826 514 2872 esset
543 2832 706 2872 verus
739 2817 919 2882 Iesus,
941 2817 1008 2872 ad
1037 2833 1196 2888 quem
1220 2818 1266 2872 si
1296 2817 1418 2888 quis
1442 2829 1790 2874 convertere—
1890 2816 2129 2890 gerentis
2154 2815 2447 2886 expressit,
2498 2815 2691 2870 dicens
2733 2813 2874 2884 quod
2921 2829 3182 2884 aquarum
3233 2814 3499 2869 decursus

192 2919 290 2975 tur,
323 2918 378 2964 et
419 2925 543 2964 eum
601 2908 766 2966 vellet
815 2909 1024 2975 audire,
1067 2908 1135 2965 de
1183 2909 1347 2966 corde
1398 2925 1499 2965 suo
1537 2911 1786 2965 velamen
1895 2910 2041 2967 oculi
2071 2910 2154 2964 sui
2189 2908 2574 2964 descenderint
2605 2925 2617 2961 :
2648 2910 2765 2963 sive
2802 2908 2926 2977 quia
2959 2923 3057 2980 per
3097 2923 3194 2962 eos
3225 2916 3504 2978 tamquam

192 3005 468 3072 auferret,
525 3013 581 3060 et
634 3004 873 3059 revelata
921 3002 1058 3060 facie
1107 3019 1295 3060 verum
1350 3003 1688 3060 Salvatorem
1711 3003 1790 3058 vi-
1898 3011 2116 3058 meatus
2179 3001 2500 3055 undantium
2560 3000 2914 3065 fluentorum,
2971 3000 3041 3054 ita
3093 3001 3507 3056 exubetantium

191 3098 358 3154 deret.
1895 3094 2257 3167 Iacrytnarutn
2285 3108 2346 3148 se
2377 3092 2596 3163 quidam
2628 3091 2821 3147 ductus
2851 3091 3127 3158 effuderit,
3159 3102 3212 3146 et
3244 3092 3405 3147 fletus
3434 3094 3509 3146 ir-

259 3191 348 3244 27.
372 3189 518 3258 Ergo
548 3187 690 3243 Deus
719 3188 1067 3259 omnipotens
1095 3188 1283 3255 Pater,
1324 3189 1491 3259 quiin
1516 3187 1685 3260 Moysi
1715 3188 1794 3243 fa-
1897 3185 2036 3256 rigui
2063 3185 2384 3240 continuum
2429 3184 2698 3255 quoddam
2741 3195 2793 3239 et
2832 3184 2961 3255 juge
3000 3184 3321 3255 proIImium
3349 3203 3361 3238 :
3392 3186 3509 3241 sive

194 3284 273 3339 cie
301 3284 598 3339 excaecavit
636 3281 896 3352 populum
926 3280 1259 3349 Iudaeorum,
1303 3297 1411 3336 non
1443 3280 1666 3346 duritia,
1695 3281 1790 3337 sed
1819 3285 1866 3349 C
1896 3278 2042 3348 quod
2086 3279 2186 3349 ipsi
2228 3278 2614 3334 descenderint
2652 3278 2817 3334 oculi.
2870 3278 3044 3334 liabet
3090 3278 3234 3333 enim
3281 3279 3384 3333 huc
3417 3280 3498 3334 vis

197 3378 691 3448 praescientiamec
718 3373 1057 3440 malitia,sed
1081 3375 1336 3445 aequitate
1361 3383 1524 3444 atque
1547 3373 1789 3443 justitia;
1893 3372 2092 3429 summi
2119 3371 2346 3437 doloris,
2381 3381 2438 3427 ut
2474 3387 2597 3426 cum
2631 3371 2883 3443 lacrymis
2917 3372 3059 3426 oculi
3099 3372 3502 3443 quodammodo

197 3470 292 3539 ipsi
313 3469 459 3526 enim
481 3468 588 3524 sibi
617 3467 871 3524 velamen
915 3476 1240 3539 posuerunt,
1270 3468 1363 3538 qui
1407 3467 1606 3538 Legem
1639 3466 1798 3522 intel-
1896 3464 1998 3534 ipsi
2029 3463 2318 3519 videantur
2345 3463 2707 3528 descendere;
2756 3480 2822 3517 eo
2851 3464 2994 3534 quod
3035 3472 3180 3518 tanta
3213 3467 3293 3520 vis
3323 3465 3501 3537 Iacry-

209 3540 370 3632 ligere
398 3560 698 3616 noluerunt
730 3575 744 3612 :
777 3559 885 3613 Lea:
913 3559 1057 3615 enim
1089 3560 1340 3631 spiritalis
1371 3569 1468 3626 est,
1497 3559 1638 3614 sicut
1661 3558 1800 3613 dixit
1897 3571 2108 3612 marum
2146 3557 2236 3620 sit,
2270 3565 2329 3610 ut
2357 3565 2611 3624 putentur
2640 3556 2782 3611 oculi
2812 3555 2867 3610 in
2910 3557 3072 3612 ﬂetus
3103 3557 3325 3624 resolvi,
3355 3569 3410 3615 et
3450 3560 3503 3614 itt

201 3651 456 3708 Hebraeus
505 3651 690 3724 (llam.
736 3666 831 3717 vu,
871 3649 950 3724 4).
986 3652 1034 3706 Is
1088 3651 1275 3721 utique
1320 3652 1620 3708 secundum
1666 3651 1798 3706 illud
1900 3650 2172 3722 lacrytnas
2195 3648 2422 3704 effundi.
2767 3640 2775 3646 ’

202 3743 338 3813 quod
369 3743 459 3798 dat
486 3742 784 3809 unicuique
833 3751 1102 3809 nostrum,
1157 3743 1211 3796 in
1270 3759 1377 3813 qtto
1422 3759 1529 3798 non
1560 3743 1801 3798 tribuen-
1973 3745 2065 3802 51.
2096 3745 2252 3801 Oculi
2279 3744 2535 3815 ergoipsi
2567 3755 2840 3816 tamquam
2890 3745 2942 3799 in
2985 3745 3253 3801 decursus
3279 3745 3508 3802 descen-

205 3837 292 3901 tis,
321 3845 347 3874 ³
369 3836 463 3892 sed
491 3851 599 3890 non
630 3834 908 3902 diligentis
929 3845 1012 3890 est
1037 3836 1222 3905 culpa;
1257 3837 1380 3902 iste,
1417 3837 1660 3906 inquam,
1692 3836 1802 3890 Do—
1905 3837 2106 3893 derunt
2153 3853 2439 3908 aquarum,
2487 3853 2596 3908 quo
2630 3839 2797 3891 verbo
2837 3836 3072 3907 impetus
3101 3837 3503 3906 deplorantium

205 3927 378 3986 minus
409 3927 624 4001 1192
677 3925 1008 3982 illuminavit
1063 3941 1159 3982 cor
1207 3928 1393 3998 populi
1438 3928 1719 3982 nationum
1748 3929 1800 3982 in
1905 3929 2204 3984 vehemens
2274 3931 2584 3998 expressius
2635 3927 2965 3991 declaratur,
3019 3928 3318 3982 secundum
3374 3929 3506 3983 illud

206 4016 339 4074 facie
361 4017 560 4075 Christi
588 4019 742 4086 Iesu,
771 4033 869 4089 per
901 4017 1023 4088 ejus
1050 4017 1381 4084 adventum;
1414 4019 1557 4088 quod
1583 4017 1805 4073 eviden-
1907 4020 2052 4091 quod
2093 4021 2146 4075 in
2179 4019 2418 4074 Canticis
2447 4020 2706 4088 scriptum
2755 4030 2839 4073 est
2881 4036 2894 4073 :
2931 4018 3074 4074 Fons
3095 4018 3380 4084 hortorum,
3425 4037 3520 4091 pu-

210 4118 290 4164 ter
326 4110 640 4181 Apustolico
682 4108 992 4164 declaratur
1037 4109 1309 4178 exemplo,
1357 4111 1501 4164 sicut
1545 4110 1805 4180 scriptum
1910 4122 2018 4167 teus
2041 4127 2190 4182 aqua:
2218 4113 2362 4178 vitice,
2402 4122 2449 4166 et
2480 4113 2704 4183 impetus
2721 4113 3030 4167 descendens
3057 4130 3089 4166 a
3118 4112 3318 4168 Libano
3339 4113 3517 4185 (Cant.

219 4199 473 4256 habemus
503 4219 519 4257 :
553 4200 814 4269 Quoniam
854 4199 998 4254 Deus
1025 4202 1111 4270 qui
1142 4202 1274 4256 dixit
1304 4203 1366 4256 de
1396 4203 1614 4256 tenebris
1637 4202 1808 4258 lumen
1910 4220 1993 4273 tv,
2036 4202 2152 4275 15).
2191 4215 2212 4243 ο
2249 4204 2359 4260 Hos
2382 4203 2618 4274 impetus
2646 4204 2892 4260 Ecclesia
2919 4204 3143 4260 deduxit
3196 4222 3224 4260 a
3270 4205 3474 4264 Libano
3504 4226 3516 4262 :

212 4293 1810 4360 splendescere,itluxitincordibusnostrisadilluminationem
1913 4299 2018 4354 hoc
2069 4299 2275 4368 impetu
2324 4299 2608 4354 diluuntur
2660 4308 2880 4367 peccata
2935 4320 2948 4352 ;
2993 4298 3098 4356 hoc
3148 4301 3350 4370 impetu
3402 4302 3523 4371 puri

217 4385 430 4440 scientia:
452 4387 706 4440 claritatis
732 4385 830 4440 Dei
851 4387 906 4440 in
925 4386 1062 4456 faeie
1089 4387 1280 4442 Christi
1295 4387 1478 4461 Jesu(I
1495 4387 1614 4444 Cor.
1634 4406 1706 4456 tv,
1728 4388 1806 4464 6).
1923 4392 2136 4465 1193
2185 4392 2374 4458 fontis,
2423 4403 2480 4450 et
2525 4393 2758 4462 Spiritus
2805 4393 2978 4448 sancti
3019 4392 3195 4448 afﬂuit
3240 4409 3270 4448 a
3315 4395 3521 4450 Libano

291 4476 538 4536 28.1deo
568 4492 702 4549 ergo
753 4479 885 4534 dicit
941 4479 1105 4534 David
1149 4479 1216 4535 ad
1246 4480 1532 4536 Dominum
1579 4482 1810 4538 Iesum:
1916 4483 2152 4555 Sponsa,
2201 4495 2257 4540 et
2309 4500 2339 4540 a
2379 4485 2645 4556 principio
2686 4485 2811 4540 fidei
2859 4486 3104 4540 transivit
3153 4487 3436 4554 saeculum,
3469 4498 3527 4544 et

231 4565 436 4623 Vultum
463 4580 608 4626 tuum
653 4571 896 4625 illumina
939 4588 1097 4640 super
1141 4561 1550 4628 seruum’tuum.
1597 4575 1814 4632 Faciem
1922 4576 2368 4648 pertransivitad
2397 4592 2642 4648 regnum.
2675 4576 2812 4631 Aliis
2854 4575 2974 4631 fons
3012 4585 3114 4641 est,
3161 4576 3282 4632 aliis
3328 4588 3523 4646 puteus

222 4656 417 4716 Christi
439 4661 619 4717 videre
647 4662 1003 4732 cupiebat;ut
1030 4678 1184 4718 mens
1213 4664 1332 4735 ejus
1358 4664 1654 4722 illuminari
1686 4683 1811 4736 pos—
1836 4675 1890 4736 ])
1915 4685 2014 4741 pro
2029 4678 2188 4739 captu
2210 4677 2394 4723 nostro
2409 4669 2579 4739 gratia
2602 4669 2861 4737 spiritalis
2886 4686 2899 4722 :
2925 4669 3044 4725 aliis
3073 4671 3262 4724 hortus
3279 4671 3518 4740 clausus,

224 4764 332 4810 set.
363 4757 426 4812 Et
445 4758 743 4814 secundum
771 4759 1204 4815 Iucarnationem
1231 4769 1413 4830 potest
1432 4762 1628 4831 accipi.
1657 4762 1813 4817 Multi
1916 4761 2041 4817 fons
2066 4762 2310 4831 signatus
2341 4778 2356 4815 :
2397 4762 2516 4815 aliis
2547 4760 2838 4825 hortorum
2867 4761 3009 4829 fons,
3045 4765 3135 4833 qui
3178 4763 3232 4818 in
3261 4763 3524 4821 Ecclesia:

228 4847 362 4901 enim
388 4851 643 4920 prophetia
669 4860 718 4905 et
737 4852 872 4922 justi
925 4850 1097 4906 videre
1121 4852 1392 4907 uoluerunt
1422 4851 1573 4924 (Luc.
1608 4871 1664 4920 x,
1692 4855 1812 4928 24),
1919 4853 2047 4910 dote
2073 4863 2390 4909 numeratur
2413 4873 2427 4906 ;
2451 4853 2574 4908 aliis
2603 4852 2835 4921 impetus
2863 4853 3201 4910 descendens
3225 4871 3254 4910 a
3292 4855 3523 4926 Libano,

149 4943 156 4950 ’
234 4947 292 4993 ιιι
331 4944 437 5012 ipse
468 4946 726 5002 Dominus
781 4945 1095 5001 declaravit.
1129 4945 1286 5014 Quod
1333 4957 1515 5002 autem
1561 4960 1816 5020 negatum
1925 4957 1983 5003 et
2009 4962 2239 5016 magnus
2267 4945 2504 5016 impetus
2539 4945 2633 5015 qui
2665 4961 2955 5017 numquam
2986 4947 3190 5002 deficit.
3237 4947 3352 5002 Non
3379 4949 3525 5004 enim

234 5028 398 5104 Moysi
423 5036 592 5092 fuerat
623 5035 824 5108 (Exod.
854 5051 1055 5101 sunt,
1104 5035 1224 5104 20),
1269 5051 1378 5093 non
1423 5039 1700 5109 quaerebat
1725 5057 1740 5097 :
1764 5049 1823 5094 ut
1925 5037 2186 5095 deficiunt
2211 5038 2279 5094 de
2310 5046 2461 5108 petra
2489 5037 2678 5103 ubera,
2704 5053 2879 5108 neque
2915 5038 3004 5093 nix
3035 5054 3065 5092 a
3095 5038 3317 5105 Libano,
3354 5055 3530 5110 neque

238 5129 582 5195 corporaliter
615 5129 709 5184 Dei
738 5131 944 5185 vultum
968 5128 1502 5200 videretincorporei
1529 5149 1543 5199 ;
1569 5134 1614 5188 si
1642 5145 1824 5191 tamen
1929 5147 2068 5203 aqua
2116 5147 2236 5203 quae
2291 5129 2461 5185 fertur
2500 5129 2680 5184 valido
2723 5140 2887 5184 vento
2917 5129 3142 5201 virginis
3185 5130 3527 5186 Hierusalem

242 5218 543 5294 etMoyses.
570 5235 680 5281 tam
713 5225 931 5294 sapiens
961 5223 1284 5280 eteruditus
1309 5224 1412 5280 hoc
1442 5229 1828 5296 potueritsim—
1934 5225 2153 5297 (Ierem.
2203 5240 2354 5292 xvut,
2411 5223 2522 5296 14).
2592 5223 2882 5281 Descendit
2941 5224 3175 5293 impetus
3216 5240 3244 5277 a
3298 5225 3528 5289 Libano,

244 5305 446 5375 pliciter
461 5313 647 5383 magis,
663 5327 826 5382 quam
855 5312 1182 5384 inmysterio
1203 5314 1827 5384 postulare;humanum
1933 5320 2150 5391 quando
2191 5319 2440 5376 collectis
2471 5319 2524 5373 in
2565 5335 2730 5374 unum
2761 5317 3022 5389 apostolis
3055 5326 3110 5374 et
3133 5318 3384 5388 plurimis
3409 5335 3534 5375 cre-

245 5404 414 5457 lamen
441 5413 522 5459 est
545 5403 824 5460 desideria
845 5419 1008 5474 supra
1033 5419 1134 5460 nos
1161 5405 1475 5461 extendere.
1498 5406 1610 5464 Nec
1638 5410 1830 5465 imme-
1936 5410 2212 5477 dentibus,
2241 5412 2414 5466 factus
2448 5422 2534 5467 est
2559 5411 2738 5466 subito
2766 5410 2833 5465 de
2858 5411 2999 5465 coelo
3035 5423 3226 5475 sonus,
3259 5420 3532 5480 tamquam

248 5489 348 5548 rito
393 5496 574 5552 faciem
615 5499 736 5567 ejus
774 5496 1117 5552 advenientis
1162 5513 1229 5554 ex
1285 5498 1504 5571 Virgine
1556 5503 1834 5572 quaerebat
1935 5505 1991 5560 vi
2033 5519 2227 5577 magna
2261 5503 2497 5575 Spiritus
2542 5503 2797 5571 ferretur,
2831 5513 2885 5557 et
2935 5501 3131 5572 repleti
3175 5512 3302 5558 sunt
3347 5518 3539 5560 omnes

317 5651 486 5731 th-t.
535 5655 670 5710 edit.
694 5669 864 5731 _cum_
883 5660 1034 5723 parte
1081 5667 1258 5731 mss”
1306 5655 1396 5709 sed
1430 5654 1713 5731 diligentis
1762 5666 1835 5711 est
1945 5658 2136 5731 Melius
2161 5657 2254 5731 alii
2285 5699 2306 5731 ,_
2337 5655 2497 5731 ed_it.,
2541 5655 2604 5731 de
2630 5655 2873 5731 liene/icio
2895 5673 2914 5721 ;
2955 5670 3076 5710 nam
3117 5656 3537 5731 subintelligen-

249 5719 433 5800 culpa;
461 5724 799 5781 commodius
827 5719 987 5780 Rom.
1018 5740 1142 5781 cum
1169 5719 1313 5793 aliis,
1353 5724 1442 5781 sed
1487 5719 1590 5782 ηὸη
1619 5728 1840 5800 diligen-
1948 5729 2098 5794 dum,
2124 5719 2335 5782 orientis
2358 5719 2598 5800 diei,'ve|
2631 5719 2780 5800 lucis.

251 5792 456 5869 tiszetc.
593 5867 620 5869 ἡ
839 5866 848 5869 _
979 5867 985 5869 _
1173 5867 1192 5869 _
1249 5868 1252 5869 ν
1717 5792 1739 5800 ⁷
2025 5812 2047 5839 ε
2075 5792 2272 5869 Scripti
2301 5799 2425 5856 cod.
2455 5792 2662 5869 Septem
2694 5797 2832 5853 :Hic
2886 5800 3111 5869 impetus
3143 5800 3431 5860 Ecclesium
3453 5805 3544 5863 de-

323 5861 352 5902 δ
383 5866 502 5923 Mss.
555 5867 802 5939 aliquot,
831 5866 1109 5938 imaginem
1165 5867 1257 5923 Dei
1313 5867 1848 5938 bene/icioututuatte.
1963 5861 2268 5941 duxit,eic.

2177 5979 2190 5986 ‘
2926 5964 2966 6027 9

695 5964 972 6025 PATROL.
1033 5962 1172 6022 XV.
