3948 6364
13 143 26 296 i

478 371 498 422 l
523 366 608 423 451
1825 363 2070 421 SANCTI
2109 363 2429 422 AMBROSII
3630 368 3754 424 Hb“)

475 481 679 552 Spiritu
723 489 914 535 sancto
941 479 1286 534 diversitates
1315 477 1554 532 donante
1597 477 1899 548 linguarum
1929 479 2065 552 (Act.
2096 484 2151 545 Α
2175 490 2314 536 stum
2357 479 2479 534 ﬁlia:
2500 519 2515 546 ,
2547 479 2630 533 vel
2670 475 2944 532 interitum
2985 475 3216 531 ﬁliorum
3244 490 3258 528 :
3293 473 3387 532 sed
3421 473 3509 532 hic
3535 491 3636 532 non
3665 478 3756 536 Itoc

481 593 540 640 ll,
596 575 734 647 l-5).
765 575 944 629 Bonus
975 574 1232 643 impetus,
1282 572 1372 642 qui
1405 572 1605 628 laedere
1650 573 1880 640 nesciat,
1933 575 2078 629 norit

477 668 730 738 implere.

547 760 635 815 52.
681 758 739 814 Si
784 756 905 827 quis
941 757 1105 827 igitur
1143 756 1285 812 hunc
1332 757 1588 824 impetum
1638 758 2076 827 supervenientis

474 871 504 908 e
531 854 672 909 coelo
700 850 888 922 gratite
910 850 1025 905 vult
1051 853 1273 916 mereri,
1299 849 1598 906 descendat
1622 851 1782 905 etiam
1810 850 1924 920 ipse
1947 865 2076 904 ocu-

475 946 538 1000 lis
570 946 620 998 in
651 943 912 998 decursus
941 955 1223 1012 aquarum.
1256 942 1359 1008 Qui
1385 943 1528 998 hunc
1560 945 1790 1013 primum
1815 944 2072 1013 impetum

473 1035 693 1100 fuderit,
720 1035 871 1088 illum
901 1035 1223 1090 merebitur.
1254 1035 1546 1092 Descendit
1571 1036 1744 1091 oculis
1765 1037 1880 1090 suis
1903 1037 1953 1091 in
1977 1036 2076 1090 hos

471 1128 665 1183 ductus
694 1142 953 1197 aquarum
979 1168 992 1192 ,
1025 1142 1147 1196 quae
1178 1127 1432 1197 lacrymis
1475 1129 1716 1198 irrigavit
1746 1129 1799 1183 in
1828 1128 2074 1199 Evange-

470 1222 544 1276 lio
588 1219 800 1273 Domini
853 1219 1019 1288 pedes
1062 1218 1213 1290 (Luc.
1256 1235 1349 1285 vn,
1388 1220 1482 1291 58)
1519 1239 1532 1275 :
1574 1233 1630 1276 et
1659 1221 1781 1276 ideo
1811 1221 1935 1276 ﬁdei
1963 1237 2074 1277 suae

474 1313 652 1380 pretio
695 1313 827 1367 emit
877 1314 1073 1367 animm
1105 1327 1216 1367 sua:
1259 1322 1310 1368 et
1361 1313 1608 1384 corporis
1638 1314 1924 1368 sanitatem
1962 1314 2072 1383 jam

473 1423 578 1459 non
631 1409 912 1478 sanguinis
957 1407 1163 1478 proﬂua
1192 1451 1206 1476 ,
1251 1410 1345 1464 sed
1395 1410 1583 1480 gratiae
1628 1411 1885 1480 spiritalis
1916 1408 2070 1480 (Luc.

466 1516 560 1556 VIII
577 1539 591 1565 ,
622 1499 738 1572 44).

539 1593 628 1648 55.
672 1593 961 1649 Descendit
997 1610 1128 1665 ergo
1159 1596 1326 1651 David
1358 1597 1653 1666 pnopheta;
1695 1598 1817 1653 ideo
1847 1598 1914 1652 de
1939 1611 2072 1668 pee-

466 1695 586 1739 cato
613 1686 841 1756 gratiam
871 1687 1078 1742 retulit.
1117 1689 1412 1744 Descendit
1453 1691 1509 1745 in
1541 1705 1807 1760 aquarum
1837 1690 2032 1746 ductus
2053 1733 2066 1756 ,

471 1780 575 1835 hoc
611 1791 714 1848 est,
751 1781 980 1850 replevit
1009 1797 1136 1848 eos,
1168 1792 1222 1836 et
1260 1782 1666 1839 decurrentium
1693 1798 1953 1851 aquarum
1986 1784 2068 1839 la-

2179 571 2397 626 ﬂevisse
2443 584 2501 624 se
2543 569 2704 636 dicit,
2737 567 2832 624 sed
2859 569 2982 636 quia
3012 584 3119 622 non
3147 566 3438 622 custodivit
3463 566 3630 638 legem
3661 571 3755 625 Do-

2179 665 2332 718 mini.
2367 663 2412 717 A
2441 671 2628 718 sancto
2655 661 2772 717 viro
2802 663 2920 732 plus
2950 661 3125 732 culpa,
3154 677 3312 732 quam
3338 674 3576 717 :erumna
3602 662 3755 721 deﬁe-

2180 764 2285 810 tur.
2323 755 2501 810 Flevit
2533 756 2714 824 itaque
2757 755 2972 822 quando
3003 753 3054 809 ei
3083 753 3294 809 Nathan
3325 753 3393 809 de
3421 753 3562 809 Uria:
3603 765 3758 812 morte

2179 847 2600 918 indignationem
2632 846 2844 900 Domini
2873 847 3141 901 nuntiavit
3178 863 3188 898 :
3221 856 3279 902 et
3308 856 3586 915 peccatum
3616 863 3755 904 suum

2177 943 2246 999 de
2296 943 2742 1014 prmvaricatione
2789 941 2923 1011 legis
2977 941 3219 1012 agnovit.
3274 940 3516 1009 Denique
3562 938 3667 996 lilio
3710 943 3757 997 in

2177 1036 2495 1106 aegritudine
2521 1035 2814 1090 constituto
2833 1074 2846 1098 ,
2875 1048 3048 1103 neque
3075 1033 3255 1087 cibum
3289 1034 3562 1104 sumpsit,
3595 1046 3756 1104 neque

2177 1130 2385 1200 regium
2423 1130 2676 1183 thronum
2723 1135 2816 1180 aut
2854 1125 3029 1181 cubile
3071 1124 3428 1180 conscendit:
3460 1124 3555 1180 sed
3578 1132 3761 1181 stratus

2177 1225 2232 1278 in
2278 1231 2441 1288 terra,
2467 1221 2652 1292 jejuna
2683 1235 2777 1275 ora
2812 1219 3067 1291 lacrymis
3098 1217 3369 1282 diluebat,
3404 1233 3512 1274 non
3545 1227 3647 1272 tam
3676 1219 3762 1274 ﬁlii

2179 1330 2430 1383 mortem,
2464 1333 2623 1388 quam
2657 1318 2863 1387 peccati
2891 1317 2974 1370 sui
3017 1329 3235 1387 poenam
3265 1316 3319 1369 in
3351 1315 3442 1369 illo
3473 1315 3648 1370 levare
3677 1316 3765 1372 de-

2177 1411 2424 1466 siderans
2462 1409 2530 1482 (ll
2563 1409 2690 1480 Reg.
2720 1423 2816 1473 xu,
2860 1408 2926 1462 16
2950 1417 2999 1462 et
3025 1406 3178 1480 seq.).
3211 1407 3406 1473 Flevit,
3437 1409 3650 1478 quando
3674 1423 3764 1465 nu-

2177 1513 2386 1558 merato
2412 1503 2630 1573 populo,
2660 1511 2888 1570 repente
2917 1502 3080 1556 corde
3103 1502 3382 1570 perculsus
3402 1510 3504 1557 est.
3535 1502 3765 1571 Denique

2178 1595 2416 1663 Peccavi,
2440 1596 2634 1665 inquit,
2667 1596 2913 1668 graviter,
2945 1595 3151 1665 peccavi
3189 1595 3342 1649 stulte
3371 1593 3438 1664 (ll
3471 1595 3598 1665 Reg.
3627 1609 3759 1663 xxtv,

2177 1686 2288 1761 10).
2324 1687 2497 1744 Flevit
2527 1688 2690 1758 igitur
2716 1688 2922 1758 primo,
2953 1687 3079 1756 quia
3107 1687 3284 1742 elatus
3311 1685 3461 1757 regia
3487 1697 3761 1757 potestate,

2172 1779 2466 1850 quaerendo
2510 1795 2793 1835 numerum
2834 1779 3031 1850 plebis,
3080 1793 3392 1835 mensuram
3421 1794 3670 1849 egressus
3693 1789 3769 1835 est

469 1873 674 1943 crymis
702 1875 812 1927 suis
853 1873 1055 1927 ﬂuenta
1089 1875 1389 1929 cumulavit
1413 1893 1426 1929 :
1460 1883 1554 1930 aut
1578 1879 1765 1932 inanes
1793 1885 1849 1931 et
1878 1891 2076 1933 vacuos
2108 1877 2155 1936 B
2181 1872 2506 1928 conditionis
2539 1872 2787 1928 humanae
2819 1891 2831 1926 :
2879 1873 3084 1928 Deinde
3113 1875 3237 1944 quia
3263 1883 3286 1911 θ
3317 1874 3402 1927 sui
3431 1873 3634 1928 errovis
3658 1887 3770 1943 prc-

467 1964 663 2018 ductus
692 1966 825 2020 solis
867 1965 1104 2036 replevit
1133 1966 1350 2023 ﬂetibus
1391 1987 1403 2021 :
1438 1979 1534 2024 aut
1577 1970 1720 2040 quod
1748 1971 2074 2028 elocutionis

466 2057 691 2111 moralis
737 2059 959 2127 quidam
997 2074 1192 2114 sensus
1218 2061 1491 2129 ostendit,
1518 2063 1801 2119 descendit
1827 2065 1881 2118 in
1908 2079 2074 2134 aqua-

466 2163 586 2203 rum
637 2148 873 2216 ductus,
932 2153 1183 2206 transivit
1229 2169 1344 2208 eos.
1406 2156 1471 2208 Et
1513 2167 1801 2226 possemus
1848 2157 2068 2214 dicere:

465 2240 828 2297 Transcendit
851 2258 971 2309 eos,
1015 2255 1070 2300 et
1097 2253 1492 2316 supergressus
1519 2260 1642 2304 est:
1675 2250 1769 2305 sed
1811 2250 2073 2305 minuitur

465 2335 548 2389 vis
595 2335 829 2405 eloquii,
873 2350 978 2406 quo
1011 2340 1093 2392 vis
1125 2337 1300 2406 major
1325 2339 1619 2394 alﬁuentim
1661 2339 2069 2405 descendentis,

465 2441 626 2496 quam
665 2427 1012 2482 ascendentis
1038 2428 1380 2498 exprimitur.
1420 2430 1553 2484 Vide
1575 2471 1590 2496 ,
1630 2446 1764 2501 rogo
1787 2467 1803 2498 ,
1835 2431 1964 2502 quid
2004 2432 2072 2487 de

465 2538 563 2577 usu
593 2522 757 2577 verba
787 2521 1045 2588 habeant,
1079 2532 1137 2576 ut
1162 2524 1422 2593 impetum
1447 2535 1608 2579 suum
1631 2539 1811 2580 sermo
1833 2524 2074 2597 Prophe-

459 2614 598 2670 ticus
635 2629 740 2668 non
770 2615 1011 2679 amittat;
1049 2614 1176 2669 licet
1207 2630 1338 2669 usus
1368 2617 1484 2686 ipse
1523 2617 1858 2685 scriptorum
1881 2619 2067 2673 sensui

463 2706 670 2761 servire
712 2707 922 2776 majore
965 2705 1164 2761 decore
1203 2708 1573 2762 consueverit.
1616 2707 1840 2764 Diverse
1881 2709 1985 2764 hoc
2017 2719 2073 2764 et

465 2813 612 2868 smpe
652 2798 997 2868 signiﬁcavit.
1031 2806 1084 2852 et
1124 2799 1519 2869 prepemodum
1565 2801 1897 2855 incrementa
1928 2815 2073 2856 sem-

465 2905 560 2957 per
590 2891 905 2957 assumpsit.
935 2889 1081 2943 Dixit
1101 2890 1247 2943 enim
1281 2892 1456 2960 primo
1483 2908 1497 2944 :
1530 2891 1738 2946 Lauabo
1778 2909 1868 2961 per
1893 2893 2071 2962 singu-

464 2985 542 3035 las
591 2991 762 3035 noctes
812 2981 1000 3034 lectum
1055 2998 1223 3034 meum
1275 2997 1293 3035 :
1335 2984 1581 3053 lacrymis
1633 2994 1853 3038 stratum
1904 3001 2070 3038 meum

462 3073 642 3144 rigabo
681 3072 859 3143 (Psal.
908 3088 996 3139 vt,
1039 3074 1119 3143 'i).
1173 3075 1323 3128 Dixit
1367 3076 1566 3131 iterum
1617 3093 1631 3130 :
1666 3077 1900 3132 Fuerunt
1941 3079 2070 3131 milii

464 3166 710 3235 lacryma:
761 3181 889 3219 mea
932 3181 1087 3234 panes
1118 3165 1291 3237 (Psal.
1328 3183 1445 3232 xu,
1471 3167 1548 3240 4).
1581 3169 1726 3223 Dixit
1767 3170 1930 3225 etiam
1958 3187 1970 3223 :
1998 3168 2068 3223 Et

2179 1967 2253 2022 tio
2289 1965 2668 2022 vindicabatur
2695 1967 2748 2020 in
2781 1966 3019 2036 plebem.
3048 1965 3154 2023 Sed
3183 1981 3211 2020 a
3247 1967 3474 2021 Domino
3507 1965 3626 2020 btec
3655 1979 3769 2035 pro-

2176 2059 2347 2128 posita
2395 2074 2553 2130 poena
2601 2058 2777 2114 fuerat
2799 2099 2815 2126 ,
2857 2074 2966 2114 non.
3002 2074 3030 2112 a
3063 2058 3211 2129 Rege
3238 2068 3321 2114 est
3358 2058 3646 2128 postulata.
3675 2056 3772 2111 Do-

2174 2152 2309 2206 mini
2350 2161 2528 2206 tamen
2553 2166 2613 2206 se
2641 2151 3035 2206 eommittendo
3061 2151 3473 2215 misericordiae,
3495 2149 3770 2205 electionis

2172 2259 2395 2299 causam
2442 2243 2734 2313 probavit:
2778 2245 2938 2298 simul
2977 2244 3101 2314 quia
3144 2252 3370 2315 propter
3395 2257 3522 2299 eum
3553 2242 3774 2314 populus

2177 2338 2489 2402 laborabat,
2531 2337 2649 2408 ipse
2701 2351 2760 2393 se
2800 2337 3082 2394 oﬂ‘erendo
3128 2352 3227 2409 pro
3254 2337 3489 2410 "populo,
3526 2336 3772 2394 elationis

2173 2431 2333 2486 solvit
2358 2431 2609 2502 injuriam
2632 2473 2646 2496 ,
2677 2431 2894 2501 pietatis
2917 2431 3170 2501 probavit
3201 2429 3470 2487 allectum.

2490 2557 2718 2622 SERMO
2761 2559 3063 2621 DECIMUS
3102 2564 3443 2623 OCTAVUS.

2849 2663 2907 2713 ἲ.
2953 2660 3111 2715 Sede.

2246 2798 2298 2851 1.
2332 2795 2584 2865 Sequitur
2607 2795 2747 2850 Sade
2765 2794 2944 2849 littera
2972 2794 3185 2849 decima
3212 2803 3425 2859 octava,
3449 2809 3577 2865 quae
3596 2795 3779 2850 Latina

2176 2887 2628 2959 interpretatione
2659 2887 2857 2942 dicitur
2887 2887 3191 2942 consolatio.
3225 2887 3357 2942 Post
3394 2903 3550 2943 more
3572 2899 3782 2943 torren-

2175 2985 2308 3038 tium
2353 2984 2623 3053 lacrymas
2663 2983 3018 3052 proﬂuentes,
3055 2991 3108 3036 et
3134 2993 3328 3050 graves
3366 2979 3529 3036 ﬂetus
3560 2981 3780 3045 doloris,

2174 3076 2463 3145 oportebat
2502 3076 2930 3131 consolationem
2961 3074 3136 3146 sequi.
3169 3074 3300 3128 Nam
3334 3082 3387 3128 et
3413 3074 3504 3143 qui
3545 3075 3600 3129 in
3629 3074 3782 3128 dolo-

2173 3167 2328 3222 ribus
2377 3177 2538 3231 sunt,
2589 3167 2966 3221 consolatione
3004 3167 3247 3237 indigent
3279 3183 3292 3218 :
3327 3169 3384 3221 et
3410 3166 3505 3236 qui
3533 3166 3782 3238 gravibus

465 3269 643 3325 potum
687 3273 851 3312 meum
889 3273 1004 3311 cum
1041 3259 1172 3326 ﬂetu
1215 3259 1489 3314 miscebam
1520 3259 1694 3328 (Psal.
1724 3277 1796 3328 cr,
1830 3261 1941 3331 10).
1966 3262 2066 3317 Hic
2086 3264 2139 3326 'G
2171 3261 2427 3314 aerumnis
2449 3275 2639 3330 plenas
2660 3260 3076 3315 cmumissornm
3105 3262 3319 3314 luerunt
3334 3259 3785 3327 criminum,spe-
3851 3276 3861 3288 ·

464 3350 671 3404 addidit
698 3351 888 3405 dicens
915 3349 1226 3406 :-Decursus
1253 3367 1510 3421 aquarum
1535 3354 1906 3408 descenderunt
1933 3356 2072 3410 oculi

464 3443 582 3496 mei.
1559 3433 1570 3445 ’

536 3535 626 3591 54.
677 3534 790 3590 Hoc
831 3545 1050 3591 secutus
1089 3537 1146 3591 in
1189 3537 1422 3592 Threnis
1441 3539 1787 3606 Hieremias,
1815 3541 2068 3596 affectum

463 3628 670 3682 doloris
721 3629 1028 3696 expressit,
1073 3630 1180 3682 vim
1225 3631 1367 3684 oculi
1391 3631 1771 3688 descendentis
1797 3635 2064 3702 imitatus;

463 3720 545 3776 sic
569 3718 717 3776 enim
753 3720 921 3775 habes
950 3739 962 3773 :
995 3719 1308 3792 Defecerunt
1335 3725 1388 3776 in
1421 3725 1679 3795 lacrymas
1727 3727 1866 3780 oculi
1918 3729 2015 3781 inci
2047 3744 2064 3782 :

464 3822 486 3847 δ’
509 3812 870 3866 conturbatum
899 3822 969 3866 est
997 3829 1087 3866 cor
1112 3830 1280 3867 meum
1311 3814 1530 3888 (Thr-en.
1549 3832 1609 3880 ﬂ,
1646 3816 2062 3888 ll).Tamquam

459 3906 800 3962 descendunt
819 3909 984 3974 oculi,
1011 3909 1101 3977 qui
1127 3907 1391 3964 deﬁciunt
1415 3911 1466 3963 in
1493 3912 1779 3981 lacrymas.
1805 3912 1876 3965 Et
1893 3911 2023 3966 alibi
2048 3931 2060 3966 :

463 4002 657 4056 Oculus
684 4018 825 4056 meus
864 4003 1135 4070 obsorptus
1178 4014 1250 4056 est
1280 4002 1498 4075 (Th-rea.
1534 4019 1624 4068 In,
1658 4003 1772 4076 49).
1804 4005 1910 4061 Sed
1942 4006 2063 4073 plus

460 4103 545 4149 est
573 4107 741 4162 aquas
771 4093 1027 4162 lacrymis
1055 4095 1311 4157 vincere,
1352 4105 1513 4165 quam
1552 4097 1742 4151 oculos
1785 4097 2062 4153 absorberi

457 4182 694 4238 ﬂetibus».
744 4184 811 4238 Et
851 4185 977 4240 alibi
1020 4185 1160 4241 idem
1198 4188 1502 4244 Hieremias
1541 4207 1552 4242 :
1606 4190 1932 4246 Exclamavit
1975 4209 2063 4245 cor

460 4292 639 4331 eorum
662 4276 730 4328 ad
760 4273 1078 4331 Dominum:
1107 4281 1243 4333 muri
1269 4282 1395 4348 ﬁlia:
1424 4282 1552 4336 Sion
1580 4283 1837 4338 deducant
1867 4297 2064 4341 torren-

459 4378 565 4433 tes,
605 4370 772 4436 ﬂuant
813 4369 1067 4439 laatymas
1104 4372 1191 4424 die
1237 4390 1297 4426 ac
1339 4385 1502 4428 nocte.
1538 4373 1668 4429 Noli
1707 4377 1833 4431 dare
1857 4379 1947 4432 tibi
1978 4389 2061 4432 re-

459 4463 651 4531 quiem,
709 4477 810 4515 non
857 4463 1001 4515 sileat
1043 4463 1244 4534 pupilla
1291 4467 1428 4518 oculi
1471 4467 1542 4518 tui
1583 4465 1800 4538 (Tltren.
1847 4484 1906 4533 it,
1946 4470 2057 4542 18).

456 4553 609 4606 Oculi
657 4553 820 4624 igitur
867 4554 956 4623 qui
1003 4563 1276 4611 torrentes
1317 4556 1593 4613 deducunt
1631 4560 1881 4631 lacrymis
1922 4563 2059 4628 suis,

2177 3360 2297 3406 rant
2319 3351 2708 3420 indulgentiam
2729 3369 2741 3404 :
2767 3362 2822 3406 et
2841 3350 2934 3421 qui
2963 3350 3182 3406 ﬂetibus
3201 3361 3258 3405 et
3279 3351 3541 3422 laerymis
3561 3350 3782 3420 propria

2171 3443 2368 3497 delicta
2399 3443 2672 3510 laverunt,
2694 3444 2938 3513 requiem
2963 3450 3365 3512 promrentor.

2243 3536 2296 3590 2.
2334 3536 2460 3590 Haec
2484 3537 2662 3590 omnia
2693 3537 2746 3590 in
2776 3536 3076 3605 Scripturis
3105 3536 3308 3592 divin-is
3325 3537 3418 3606 qui
3443 3537 3670 3607 qumrit,
3699 3537 3782 3590 in-

2174 3629 2340 3682 venit.
2379 3627 2514 3681 Nam
2544 3629 2785 3697 primum
2813 3628 2949 3682 illud
2982 3637 3040 3682 ut
3065 3630 3120 3682 in
3143 3629 3331 3684 dolore
3356 3630 3574 3699 positos
3592 3641 3790 3684 conso-

2177 3721 2378 3786 lemur,
2425 3720 2587 3775 docet
2637 3721 2728 3775 illa
2775 3737 2895 3790 qua:
2937 3722 2992 3775 in
3035 3722 3174 3777 libro
3205 3721 3496 3778 Hieremia:
3523 3723 3787 3778 lﬂebiliter

2166 3815 2367 3869 clamat
2409 3815 2472 3868 ad
2513 3814 2758 3884 captivos
2806 3825 2859 3869 et
2888 3816 3106 3870 exsules
3128 3816 3443 3872 humerum
3479 3835 3492 3869 :
3531 3816 3640 3878 ire,
3665 3831 3787 3886 pro-

2170 3905 2479 3974 ﬁciscimini,
2508 3906 2607 3974 ﬁlii
2623 3923 2640 3970 ;
2669 3921 2760 3978 ego
2793 3907 2924 3959 enim
2957 3907 3208 3960 derelicta
3244 3921 3359 3961 sum
3382 3896 3620 3962 «ὕεια-ια.
3650 3905 3786 3959 Exui

2167 4016 2248 4053 me
2275 4002 2460 4053 stolam
2492 4002 2633 4068 pacis
2662 4015 2681 4051 :
2709 4000 2857 4052 indui
2887 4010 3060 4054 autem
3081 3994 3265 4054 stolam
3289 4001 3614 4068 precationis
3637 4011 3785 4064 metu,

2170 4104 2217 4146 et
2253 4093 2489 4147 clamabo
2533 4094 2601 4146 ad
2633 4091 2906 4147 Excels’um
2937 4095 2989 4146 in
3022 4094 3199 4148 diebus
3227 4094 3375 4148 uicis.
3416 4093 3615 4148 Animo
3637 4103 3789 4161 isquo

2167 4196 2348 4250 estote,
2384 4186 2500 4252 ﬁlii,
2531 4186 2750 4237 clamate
2793 4188 2863 4238 ad
2901 4183 3218 4251 Dominum;
3247 4193 3302 4239 ev
3325 4185 3563 4239 extrahet
3591 4201 3687 4239 vos
3719 4184 3782 4237 de

2167 4293 2320 4330 manu
2363 4277 2655 4346 principum.
2681 4278 3030 4332 inimicorum.
3065 4277 3179 4349 Ego
3202 4279 3344 4332 enim
3368 4279 3578 4346 speravi
3607 4279 3668 4330 in
3697 4275 3787 4329 illa

2168 4381 2357 4424 (etei-no
2377 4372 2594 4424 salutent
2613 4381 2830 4425 vestram
2854 4371 3068 4443 (Barac.
3093 4377 3167 4436 ‘tv,
3195 4364 3262 4426 i9
3287 4381 3335 4424 et
3356 4367 3509 4443 seq.)
3537 4367 3791 4425 Credet:-

2170 4463 2315 4517 tibus
2339 4461 2507 4530 igitur
2529 4463 2585 4516 in
2617 4461 2924 4528 Dominum,
2953 4473 3041 4516 est
3074 4464 3124 4516 in
3159 4462 3365 4517 Domini
3397 4461 3788 4518 misericordia

2167 4554 2486 4609 consodalio.
2541 4555 2635 4607 Est
2655 4555 2824 4608 etiam
2870 4553 3014 4608 aliud
3060 4553 3451 4608 consolationis
3489 4565 3689 4623 Igenus
3725 4552 3790 4607 iis

459 4646 558 4714 ipsi
589 4644 784 4699 ductus
820 4661 1082 4715 aquarum
1111 4647 1477 4715 descendunt,
1513 4650 1616 4706 huc
1638 4661 1748 4717 est,
1776 4654 2058 4708 comula“-
2090 4648 2259 4718 ani
2306 4663 2497 4716 graves
2545 4647 2804 4702 Solverint
2847 4661 3062 4718 poenas,
3092 4655 3149 4701 u't
3195 4647 3362 4701 habes
3406 4647 3687 4717 scriptum
3733 4647 3790 4700 in

458 4747 582 4802 tur;
635 4745 694 4791 ut
748 4736 948 4791 iaciant
989 4754 1083 4792 eos
1127 4741 1240 4796 suis
1285 4752 1549 4811 augentes
1599 4743 1816 4800 ﬂetibus
1849 4745 2060 4814 impetu

457 4831 735 4887 cxundare
767 4833 1111 4886 torrent-ium.

523 4925 614 4978 55.
671 4924 809 4979 Sunt
855 4931 1036 4979 tamen
1085 4927 1305 4982 codices
1351 4931 1442 4996 qui
1491 4929 1772 4987 habeant:
1812 4933 2061 4999 ’διεξόδοις

455 5014 660 5070 ὑδάτων
695 5017 1039 5070 κατεϐίϐασαν
1071 5018 1115 5071 οἱ
1162 5020 1405 5092 ὀφθαλμοί
1433 5043 1550 5095 μου,
1587 5024 1689 5077 hoc
1717 5035 1823 5088 est,
1857 5024 2060 5082 Ductus

454 5123 708 5178 aquarum
760 5107 1060 5162 direxcrtmt
1114 5111 1250 5163 oculi
1297 5115 1414 5166 mei.
1458 5115 1563 5169 Sed
1614 5127 1716 5185 ego
1765 5118 1816 5170 in
1862 5117 2057 5173 Grmco

457 5199 674 5272 1194
712 5201 899 5255 Codice
949 5217 1069 5255 meo
1113 5201 1143 5240 δ
1186 5208 1628 5280 κατέϐησανιιεςί,
1657 5211 1763 5264 hoc
1794 5220 1907 5278 est,
1959 5212 2056 5267 de-

453 5297 760 5348 scenderunt
791 5311 809 5346 :
841 5295 892 5347 in
925 5310 1030 5364 quo
1055 5305 1232 5365 potest
1255 5299 1391 5364 ﬁeri,
1423 5309 1479 5354 ut
1509 5301 1560 5355 in
1585 5303 1905 5358 utramlibet
1935 5320 2058 5373 par—

447 5393 555 5440 tem
599 5384 825 5440 duarum
873 5386 1182 5460 adjectione
1228 5399 1320 5443 aut
1357 5391 1719 5450 diminutione
1750 5396 2050 5452 litterarum

449 5479 682 5549 scriptor
711 5481 994 5535 erraverit.

519 5571 609 5626 56.
638 5571 704 5625 Et
741 5571 929 5627 habuit
957 5574 1172 5643 quidem
1205 5577 1369 5632 multa
1398 5594 1514 5650 quae
1543 5581 1696 5638 ﬂeret
1721 5626 1733 5652 ,
1772 5585 1852 5640 vel
1905 5586 2050 5640 ince-

513 5720 536 5746 τι
559 5699 762 5789 Decem
787 5724 944 5772 mss.,
978 5712 1113 5789 oculi
1141 5713 1236 5789 mei
1275 5717 1640 5786 caligaverun't.
1678 5722 1803 5789 Alii,
1839 5732 1899 5776 et
1921 5737 2039 5776 om-

440 5794 534 5833 ne.-
566 5779 697 5832 edit.
719 5795 842 5833 cum
875 5783 1047 5835 sueris
1075 5782 1223 5845 coda,
1252 5779 1604 5845 conturbatum
1628 5802 1706 5845 est
1727 5779 1817 5846 cor
1847 5806 2035 5845 memn.

509 5849 532 5886 ι)
564 5850 703 5902 Ειίὶῑ.
750 5850 966 5913 Aldina,
1009 5859 1062 5903 et
1092 5852 1490 5920 (lon‘iplutensis
1524 5863 1726 5917 habent
1757 5862 2039 5919 κατέδυσαν

864 6335 1124 6342 ____i
1148 6341 1690 6354 _____‘______

2169 4742 2344 4797 Esaia:
2361 4742 2498 4796 libro
2518 4759 2528 4794 :
2553 4741 2928 4809 Consolamini,
2943 4741 3284 4795 consolancini
3307 4740 3789 4810 populummeum,

2165 4835 2288 4888 dicit
2320 4834 2572 4889 Dominus
2598 4852 2616 4889 :
2651 4834 2962 4890 Sacerdotes
2993 4833 3262 4902 loquimini
3302 4834 3356 4886 in
3373 4845 3471 4886 cor
3514 4832 3792 4886 Hierusa-

2165 4928 2298 4992 lem,
2323 4929 2670 4982 consolamini
2698 4941 2844 4992 eam;
2870 4926 3116 4997 quoniam
3137 4925 3340 4997 repleta
3368 4936 3444 4980 est
3470 4925 3789 4979 humilialio

2159 5021 2275 5089 ejus
2295 5060 2308 5081 ,
2357 5021 2583 5073 solutum
2615 5031 2696 5074 est
2725 5028 2988 5090 peccatum
3015 5021 3130 5089 ejus
3159 5035 3176 5072 :
3205 5018 3450 5084 quoniam
3478 5019 3699 5086 accepit
3729 5017 3793 5070 de

2154 5132 2320 5169 manu
2365 5116 2573 5169 Domini
2617 5116 2845 5182 duplicia
2882 5121 3094 5184 peccata
3133 5129 3226 5166 sua
3259 5109 3430 5181 (Esai.
3467 5127 3531 5177 Χ,
3569 5113 3594 5166 1
3629 5122 3680 5165 ct
3706 5109 3789 5180 2).

2167 5211 2392 5266 Etiamsi
2427 5211 2556 5266 ﬁdes
2591 5211 2820 5278 deerat,
2856 5223 3018 5279 poena
3043 5207 3402 5262 satisiece‘rat.
3431 5204 3796 5261 Releva'ntur

2151 5306 2430 5360 solutione
2464 5319 2765 5375 pmnarnm,
2796 5303 2883 5374 qui
2908 5300 3262 5357 absolvuntur
3287 5301 3794 5356 commendatione

2153 5401 2496 5454 meritorum.
2519 5396 2757 5452 Tertium
2791 5406 2895 5463 est,
2920 5408 3041 5450 cum
3071 5393 3324 5464 lac'rymis
3349 5393 3573 5447 crimen
3605 5394 3794 5448 ablui-

2150 5503 2244 5548 tur
2265 5509 2280 5550 :
2301 5501 2363 5547 ut
2386 5500 2469 5547 est
2488 5490 2623 5546 illud
2655 5509 2667 5544 :
2699 5487 2962 5545 Discedite
2985 5507 3016 5542 a
3037 5503 3138 5548 me,
3168 5501 3342 5540 omnes
3362 5485 3451 5555 qui
3473 5486 3794 5554 aperamini

2156 5586 2508 5655 iniquitatem;
2552 5583 2796 5654 quoniam
2841 5580 3104 5636 exaudivit
3140 5577 3395 5654 Dominus
3429 5579 3675 5651 1195
3705 5596 3794 5634 cov-

2145 5733 2315 5777 se‘nsu
2342 5739 2456 5777 non
2477 5723 2716 5776 ‘mu‘l‘tu-m
2739 5721 2975 5775 diverso.

2229 5806 2248 5831 ο
2279 5795 2409 5848 Mss.
2459 5810 2562 5847 non
2602 5792 2788 5862 pauci,
2821 5794 2899 5845 sui
2925 5790 3111 5862 erroris
3145 5787 3364 5862 pretium
3397 5786 3794 5844 vindicabatur

2149 5863 2203 5918 in
2227 5865 2428 5934 plebem
2460 5879 2477 5917 :
2499 5858 2626 5933 qua:
2654 5863 2792 5918 forte
2818 5867 3067 5935 germana
3098 5858 3392 5914 lcctioest.
