3948 6360
269 287 403 347 ιιεδ

1352 285 1420 343 IN
1456 244 1788 343 rssLuuu
1827 280 2033 345 cxvnt
2074 286 2458 346 exeosmo.

3439 296 3579 354 1454

259 422 373 461 cem
394 406 549 475 ﬂetus
580 405 709 460 mei.
740 401 896 472 Quod
921 405 1082 461 etiam
1103 402 1212 459 boc
1232 403 1370 469 loco,
1405 412 1461 459 et
1489 402 1765 476 plerisque
1791 403 1873 459 lo-
1900 411 1956 472 Α
1979 405 2117 460 cium
2145 415 2309 461 tuum.
2344 403 2609 461 Mandasti
2622 404 2883 481 justitiam
2915 408 3210 465 testimonia
3229 417 3338 476 tua,
3372 421 3420 466 et
3448 414 3580 467 ueri—

262 500 352 556 cis
379 496 434 554 in
463 497 616 553 libro
638 498 977 553 Psalmorum
1010 496 1167 554 facile
1195 497 1482 568 reperitur.

338 592 395 645 '5.
428 588 756 645 Consolatio
785 589 949 660 igitur
979 589 1151 660 prima
1180 589 1373 645 ordine
1402 588 1506 662 (De
1536 588 1726 645 Ptenit.
1751 590 1874 644 dist.

265 685 321 751 3,
368 698 485 754 cap.
525 680 713 736 Prima
744 682 1072 753 consolatio),
1105 682 1360 753 quoniam
1402 697 1509 738 non
1546 681 1882 738 obliviscitur

269 774 426 831 Deus
474 773 662 830 facere
690 774 1119 831 misericordiam
1141 817 1157 843 ,
1186 790 1361 847 neque
1384 775 1438 830 in
1467 784 1729 831 aeternum
1762 788 1887 846 pro—

260 867 429 938 jicit,
490 882 629 939 quos
686 868 956 937 putaverit
1005 867 1359 924 coercendos.
1408 866 1699 935 Secunda,
1739 865 1884 937 quod

267 960 516 1039 decursis
545 959 849 1032 suppliciis,
885 975 1005 1030 quae
1032 969 1259 1031 propter
1290 968 1507 1029 peccata
1539 968 1720 1015 nostra
1753 958 1887 1014 tole-

270 1053 445 1108 ravim
455 1066 538 1120 us,
559 1053 627 1106 ad
656 1052 871 1108 veniam
899 1052 1254 1124 pertinemus.
1274 1051 1430 1108 Unde
1453 1051 1700 1108 nonnulli
1723 1060 1749 1089 ει
1770 1050 1889 1121 phi—

271 1145 495 1218 losophi
526 1143 942 1216 diSputaverunt
962 1145 1060 1200 Obl'
1070 1159 1156 1202 sse
1178 1144 1444 1216 improbis
1466 1144 1887 1210 absolutionem,

267 1241 538 1312 prodesse
567 1248 796 1296 mortem
828 1256 844 1294 :
876 1240 1023 1311 quod
1054 1239 1107 1294 in
1143 1239 1232 1293 illa
1261 1240 1330 1294 sit
1353 1238 1685 1294 incentivum
1717 1236 1891 1292 delin-

269 1335 499 1409 quendi,
527 1336 586 1390 in
620 1343 795 1391 morte
831 1340 1013 1390 autem
1070 1332 1194 1389 linis
1242 1332 1464 1399 delicti;
1507 1332 1649 1401 quod
1682 1346 1892 1387 assum—

268 1440 426 1505 ptum
462 1445 588 1486 esse
622 1430 692 1485 de
736 1429 938 1485 nostris
964 1429 1052 1484 cui
1080 1426 1324 1497 dubium,
1350 1442 1472 1484 cum
1500 1426 1554 1482 in
1582 1425 1893 1483 Proverbiis

266 1522 587 1581 Salomonis
634 1524 701 1578 sit
735 1539 750 1577 :
796 1521 896 1590 Qui
948 1520 1117 1592 parcit
1148 1521 1353 1588 baculo,
1379 1521 1487 1575 odit
1533 1520 1704 1590 ﬁlium
1742 1536 1894 1574 suum

272 1615 466 1689 (Prov.
496 1630 616 1683 xm,
645 1613 766 1685 25);
795 1614 1015 1686 castigat
1043 1621 1216 1667 autem
1260 1609 1517 1667 Dominus
1544 1627 1694 1681 quem
1723 1610 1896 1682 diligit

272 1709 465 1779 (Prov.
499 1725 556 1765 ιιι
584 1753 598 1777 ,
634 1707 747 1779 12);
791 1706 857 1763 Et
883 1705 1026 1762 infra
1060 1722 1073 1759 :
1107 1700 1411 1777 Flagellum
1442 1718 1604 1775 equo,
1631 1712 1682 1757 et
1712 1704 1896 1758 stimu-

1980 510 2139 555 tatem
2160 508 2302 555 tuam
2328 501 2502 555 nimis.
2538 499 2682 559 Vere
2701 502 2879 573 justus
2907 503 3013 573 vir,
3035 503 3128 576 qui
3158 505 3411 578 laerymis
3440 520 3579 574 pro-

1982 594 2158 651 ﬂuens
2181 637 2198 663 ,
2252 594 2530 651 involutus
2580 598 2837 653 aerumnis
2858 642 2873 666 ,
2908 599 3062 670 gravi
3090 599 3357 670 supplicio
3386 599 3584 656 delicta

1984 689 2325 760 persolvens,
2358 705 2464 746 non
2496 690 2661 748 taedio
2697 691 2951 758 vincitur,
2979 708 3088 749 non
3116 703 3264 749 metu
3292 693 3581 765 frangitur,

1986 796 2094 838 non
2146 781 2334 838 labore
2381 781 2649 849 lassatur,
2689 799 2796 839 non
2839 784 3103 856 ingratus,
3136 793 3229 840 aut
3274 786 3447 842 triStis
3477 796 3580 842 est.

1987 872 2318 946 Plerumque
2356 875 2503 930 enim
2547 876 2738 947 vulgus
2783 876 3063 932 hominum
3107 892 3203 933 sua
3253 876 3449 933 delicta
3475 892 3587 934 non

1989 978 2250 1038 reputans
2271 1011 2286 1036 ,
2317 968 2519 1036 injuste
2554 986 2614 1026 se
2658 978 2810 1039 putat
2848 970 3086 1027 tolerare
3115 988 3235 1043 qua:
3264 974 3466 1042 patitur
3494 991 3508 1028 :
3541 982 3597 1027 at

1990 1075 2124 1117 vero
2144 1061 2228 1116 vir
2248 1059 2423 1133 justus
2446 1062 2535 1133 qui
2557 1077 2618 1119 se
2643 1064 2817 1135 ipsum
2846 1065 3028 1121 statim
3053 1064 3108 1120 in
3136 1067 3364 1122 exordio
3385 1081 3593 1123 sermo-

1994 1152 2077 1206 nis
2098 1163 2338 1221 accusat,
2359 1152 2628 1225 justitiam
2658 1154 2872 1211 Domini
2902 1158 3182 1227 praedicat,
3207 1157 3353 1229 quod
3385 1160 3594 1215 meritis

1993 1244 2106 1300 suis
2137 1245 2296 1316 digna
2318 1248 2572 1317 patiatur.
2604 1248 2849 1305 Dicendo
2872 1260 3052 1306 autem
3077 1250 3280 1321 justum
3312 1253 3504 1319 Deum,
3529 1250 3598 1309 de

1996 1351 2089 1392 sua
2130 1338 2350 1409 quidem
2398 1339 2665 1410 injustitia
2706 1352 2832 1398 ante
2867 1342 3081 1416 1196
3109 1345 3424 1415 pronuntiat
3456 1362 3470 1401 :
3502 1344 3599 1400 sed

1997 1430 2065 1485 de
2104 1430 2311 1501 justitia
2350 1431 2565 1488 Domini
2611 1443 2795 1505 sperat
2843 1445 2898 1491 et
2937 1437 3172 1492 veniam.
3217 1432 3407 1495 Justus
3453 1439 3600 1495 enim

1998 1539 2108 1579 non
2152 1538 2371 1596 semper
2406 1527 2692 1597 irascitur,
2732 1529 2875 1585 sicut
2912 1530 3056 1587 enim
3108 1530 3253 1587 ultor
3285 1533 3477 1603 culpas,
3530 1534 3602 1589 ita

2000 1616 2316 1674 moderator
2362 1629 2446 1675 est
2473 1635 2651 1691 ptume
2683 1622 2865 1678 :sicut
2891 1622 3092 1680 vindex
3124 1634 3499 1696 peccatorum,
3532 1626 3606 1681 ita

1999 1718 2381 1766 remuneratur
2423 1722 2507 1767 est
2551 1713 2833 1781 virtutum,
2885 1716 3328 1788 Optimorumque
3376 1716 3604 1775 merito-

272 1805 358 1859 lus
405 1804 556 1859 asino
598 1804 817 1872 imperat
849 1817 867 1855 :
920 1801 1066 1873 virga
1111 1809 1281 1855 autem
1329 1800 1529 1855 nationi
1576 1798 1892 1871 imprudenti
1922 1812 1970 1871 Β
1993 1815 2137 1856 rum.
2165 1801 2268 1869 Qui
2306 1804 2424 1858 vult
2450 1803 2580 1860 dare
2609 1805 2913 1875 prauuium,
2944 1805 3109 1862 debet
3138 1818 3391 1880 spectare
3418 1821 3599 1867 certa-

277 1895 469 1968 (Prov.
502 1910 654 1961 xxvi,
685 1893 766 1966 5);
788 1908 950 1967 poena
980 1893 1127 1950 enim
1155 1893 1407 1965 corrigit,
1439 1901 1494 1948 et
1528 1892 1782 1949 emendat
1804 1907 1892 1948 er-

273 2002 515 2048 rantem.
538 1988 597 2048 Si
622 1989 744 2045 talis
771 1998 856 2045 est
878 1987 968 2059 qui
990 1986 1267 2044 emendari
1295 2003 1401 2043 non
1426 1995 1618 2057 queat,
1653 1986 1894 2042 aufertur

282 2101 315 2142 e
347 2086 568 2148 medio,
597 2099 666 2140 ne
694 2083 943 2157 graviora
971 2082 1304 2149 committat;
1339 2088 1585 2137 mortuus
1613 2079 1758 2137 enim
1780 2079 1893 2151 jam

284 2176 467 2233 nescit
505 2190 711 2231 errare.
758 2174 993 2245 Ideoque
1022 2174 1381 2230 Ecclesiastes
1417 2172 1492 2228 ait
1523 2188 1540 2227 :
1584 2169 1653 2226 Et
1686 2170 1895 2231 laudavi

281 2290 382 2346 ego
422 2281 659 2326 mortuos
701 2269 865 2341 magis
904 2284 1059 2339 quam
1095 2266 1318 2323 viventes
1348 2284 1365 2321 :
1402 2275 1449 2321 et
1487 2266 1712 2339 Optimus
1739 2282 1899 2337 supra

282 2366 380 2421 hos
404 2365 495 2437 qui
522 2364 754 2420 nondum
782 2370 934 2417 natus
961 2370 1058 2428 est,
1091 2360 1179 2431 qui
1212 2376 1315 2414 non
1334 2359 1461 2414 vidit
1482 2358 1579 2412 hoc
1611 2374 1739 2431 Opus
1769 2357 1897 2412 mali

281 2459 459 2529 (Eccl.
493 2474 574 2527 tv,
610 2458 647 2512 Ξ
686 2467 733 2513 et
769 2457 852 2528 ὅ).
889 2456 1136 2512 Mortuus
1176 2453 1465 2525 prarl'ertur
1491 2453 1731 2521 viventi;
1769 2452 1897 2525 quia

280 2567 518 2624 peccare
543 2548 764 2607 desivit.
789 2547 1004 2605 Mortuo
1030 2545 1319 2620 prwl‘ertur
1344 2546 1434 2619 qui
1457 2553 1615 2602 natus
1639 2560 1746 2601 non
1779 2552 1892 2613 est,

166 2704 181 2715 ο
282 2647 413 2715 quia
443 2658 675 2715 peccare
701 2640 962 2697 nescivit.

356 2738 414 2793 4.
458 2735 619 2790 Nunc
665 2732 911 2790 dicamus
947 2733 1111 2788 etiam
1154 2731 1223 2787 de
1254 2732 1352 2799 iis,
1384 2732 1473 2803 qui
1509 2745 1698 2802 poenas
1729 2727 1897 2785 scele-

282 2844 407 2885 rum
453 2829 740 2883 solverunt
777 2841 1022 2882 suorum.
1064 2823 1260 2880 Nonne
1306 2825 1396 2879 isti
1442 2825 1683 2880 tulerunt
1727 2823 1900 2893 culpae

281 2920 552 2994 pretium,
586 2928 641 2976 et
662 2919 774 2991 jam
810 2934 915 2975 non
940 2916 1153 2989 integra
1186 2916 1270 2972 his
1298 2931 1458 2988 ptena
1484 2915 1752 2972 debetur?
1778 2914 1898 2970 Cia.

283 3024 401 3070 mat
453 3030 551 3086 per
600 3012 811 3068 Esaiam
879 3012 1142 3066 Dominus
1192 3028 1204 3064 :
1244 3008 1599 3065 Consolamini
1650 3008 1902 3080 papulum

285 3123 482 3161 meum.
522 3148 535 3159 .
574 3149 588 3162 .
624 3149 636 3160 .
685 3107 806 3177 quia
858 3106 1047 3176 recepit
1088 3108 1151 3159 de
1194 3120 1351 3159 manu
1411 3102 1622 3157 Domini
1672 3102 1904 3172 duplicia

1998 1908 2152 1959 men;
2207 1894 2328 1965 quia
2377 1908 2539 1951 nemo
2586 1895 2708 1952 sine
2757 1899 3060 1955 certamine
3100 1908 3417 1955 coronatur.
3464 1902 3608 1960 Sinit

1997 2000 2128 2058 ergo
2169 2002 2268 2044 nos
2307 2003 2455 2060 sarpe
2500 1989 2731 2058 tentari,
2771 1989 2963 2048 volens
2997 1990 3144 2062 juste
3188 1994 3411 2063 praemia
3463 1994 3597 2050 dare

1998 2078 2225 2135 luctanti
2260 2080 2470 2152 utique,
2499 2097 2608 2137 non
2647 2080 2964 2139 dormienti.
2989 2081 3106 2140 Non
3129 2083 3288 2142 decet
3314 2085 3601 2144 redimitos

1999 2172 2225 2231 ﬂoribus
2250 2189 2479 2243 corona,
2516 2176 2612 2232 sed
2636 2176 3046 2246 pulverulentos
3077 2195 3088 2230 :
3124 2191 3225 2234 nec
3254 2179 3447 2236 molles
3469 2179 3607 2235 deli-

1999 2265 2122 2335 ciis,
2155 2267 2251 2323 sed
2283 2268 2450 2324 duros
2482 2268 2670 2326 labore
2696 2270 2943 2326 exercitii
2972 2279 3132 2327 ornat
3159 2273 3408 2329 victoria.

2071 2359 2125 2415 6.
2160 2358 2345 2416 Justus
2395 2376 2526 2433 ergo
2568 2361 2621 2417 in
2658 2361 2904 2419 adversis
2929 2364 3044 2419 suis
3068 2364 3334 2434 justitiam
3368 2365 3468 2422 Dei
3491 2364 3614 2421 lau-

2002 2454 2116 2510 dat.
2147 2452 2256 2511 Sed
2286 2468 2394 2511 non
2429 2455 2533 2511 hoc
2558 2456 2727 2512 sentit
2757 2457 2973 2513 amissis
3003 2458 3205 2513 teneris
3245 2471 3445 2527 parens
3481 2456 3617 2515 libe-

2001 2546 2109 2611 ris,
2157 2556 2260 2604 non
2310 2547 2600 2603 immaturo
2632 2556 2810 2619 nupta:
2850 2549 3105 2605 viduatus
3147 2550 3448 2616 consortio,
3500 2564 3610 2606 non

2002 2654 2146 2709 agger
2186 2638 2241 2694 in
2269 2639 2484 2705 dolore,
2515 2655 2624 2695 non
2655 2638 2949 2712 naufragus
2969 2641 3024 2696 in
3054 2639 3320 2711 periculo,
3349 2655 3457 2697 non
3488 2656 3617 2697 reus

2004 2729 2061 2784 in
2087 2728 2319 2800 judicio,
2363 2744 2473 2786 non
2514 2730 2762 2800 captivus
2792 2732 2844 2785 in
2873 2731 3091 2803 laqueo.
3120 2729 3403 2787 Clamabat
3431 2740 3616 2788 tamen

2009 2821 2331 2887 Hieremias,
2361 2837 2485 2878 cum
2512 2823 2708 2878 futura:
2737 2826 3068 2879 annuntians
3095 2825 3312 2895 populis
3330 2824 3617 2895 captivita-

2007 2913 2080 2968 tis
2126 2928 2426 2970 aerumnam
2454 2956 2468 2980 ,
2504 2915 2558 2969 in
2608 2915 2702 2970 luti
2725 2915 3038 2986 voraginem
3071 2917 3215 2986 turpi
3248 2917 3527 2973 necandus
3556 2917 3622 2972 il-

2007 3007 2151 3064 luvie
2174 3017 2515 3081 mergeretur
2544 3026 2557 3063 :
2586 3007 2771 3065 Justus
2805 3026 2877 3077 es,
2902 3008 3126 3065 Domine
3155 3008 3366 3083 (Jerem.
3399 3027 3493 3078 sn,
3526 3010 3580 3081 i)
3604 3028 3620 3067 :

2005 3100 2287 3159 Clamabat
2321 3104 2516 3159 iterum
2544 3119 2668 3159 cum
2701 3103 2860 3159 victa}
2897 3102 3071 3174 plebis
3102 3102 3430 3159 miserandis
3449 3103 3623 3160 servi-

286 3215 509 3274 peccata
538 3202 715 3275 (Esai.
748 3220 852 3269 xc,
889 3204 915 3257 1
946 3214 992 3258 et
1022 3202 1138 3272 55).
1168 3201 1367 3258 Discite
1395 3200 1537 3256 unde
1556 3200 1583 3238 δ
1614 3200 1766 3256 Plato
1789 3200 1908 3256 haec
1935 3206 1980 3269 ρ,
2012 3194 2103 3252 liis
2123 3204 2432 3267 angeretur.
2460 3196 2646 3252 Justus
2673 3206 2749 3252 est
2780 3195 3063 3264 Dominus;
3093 3208 3116 3236 ο
3141 3198 3261 3268 quia
3286 3212 3344 3251 os
3373 3199 3487 3270 ejus
3510 3198 3624 3251 irri-

284 3299 617 3369 sumpserit.
666 3297 1007 3354 Eruditionis
1043 3296 1214 3369 gratia
1257 3296 1308 3350 in
1362 3294 1655 3368 Egyptum
1695 3294 1907 3366 prolec-

289 3404 383 3447 tus
405 3433 420 3456 ,
454 3399 513 3445 ut
555 3388 760 3462 Moysis
796 3400 952 3460 gesta
974 3430 987 3454 ,
1017 3387 1176 3459 Legis
1222 3387 1443 3442 oracula
1466 3427 1483 3454 ,
1517 3385 1905 3457 prepbelarum

288 3484 441 3539 dicta
467 3490 870 3554 cognosceret,
895 3479 1099 3536 audivit
1127 3480 1563 3536 consolationem
1590 3479 1794 3552 populi,
1817 3478 1909 3551 qui

290 3591 462 3647 supra
508 3573 725 3644 peccati
770 3571 994 3628 modum
1034 3573 1321 3629 videbatur
1361 3571 1529 3628 fuisse
1559 3573 1778 3642 punitus
1811 3589 1823 3625 :
1856 3581 1915 3626 et

288 3667 445 3722 hunc
478 3666 662 3722 locum
710 3663 943 3736 quadam
985 3663 1308 3735 adopertum
1360 3663 1487 3718 dote
1518 3663 1808 3719 verborum
1854 3661 1911 3714 in

290 3760 587 3832 Dialogum
621 3758 923 3827 transtulit,
953 3773 1113 3829 quem
1137 3756 1358 3828 scripsit
1383 3756 1452 3812 de
1484 3756 1713 3812 Virtute.
1738 3756 1909 3822 Quem

282 3856 477 3913 locum
527 3864 710 3910 tamen
762 3852 1026 3908 Dominus
1066 3852 1120 3907 in
1162 3850 1458 3922 Evangelio
1508 3850 1717 3921 plenius
1762 3864 1913 3904 com-

287 3947 619 4022 prehendit,
651 3957 707 4001 et
733 3944 973 4016 apertius
995 3944 1317 4012 declaravit,
1346 3941 1534 3998 dicens
1558 3957 1653 4012 per
1680 3941 1913 3996 Abrabte

289 4055 598 4116 personam
644 4037 713 4094 ad
761 4038 915 4093 illum
953 4036 1178 4092 divitem
1223 4035 1409 4091 saeculi
1441 4033 1601 4104 hujus
1626 4050 1639 4085 :
1668 4030 1806 4098 Fili,
1830 4049 1913 4087 re-

288 4134 521 4191 cordare
548 4132 674 4204 quia
700 4129 938 4201 recepisti
971 4130 1105 4185 bona
1144 4129 1197 4183 in
1226 4129 1327 4183 vita
1359 4136 1447 4182 tua
1466 4169 1481 4194 ,
1510 4135 1558 4181 et
1588 4124 1819 4180 Lazarus
1847 4127 1916 4180 si-

296 4226 499 4283 militer
528 4222 674 4278 mala
704 4239 722 4277 :
751 4238 887 4276 nunc
907 4231 1077 4276 autem
1101 4220 1185 4276 hic
1212 4220 1614 4275 consolationem
1646 4219 1794 4272 habet
1820 4260 1833 4284 ,
1860 4228 1916 4272 tu

295 4336 426 4376 vero
453 4316 710 4372 cruciaris
730 4330 748 4369 :
767 4324 812 4369 et
840 4314 893 4368 in
925 4315 1005 4369 his
1031 4312 1267 4368 omnibus
1294 4313 1429 4368 inter
1452 4327 1546 4365 nos
1576 4321 1621 4365 et
1645 4327 1730 4365 vos
1761 4311 1917 4364 chaos

298 4425 556 4481 magnum
600 4407 868 4477 ﬁrmatum
909 4414 1017 4470 est;
1044 4414 1101 4459 ut
1130 4405 1166 4458 ii
1195 4404 1295 4474 ‘qui
1335 4404 1510 4458 uolunt
1544 4402 1665 4457 hinc
1699 4403 1919 4457 transire

298 4504 379 4559 ad
417 4519 530 4568 vos,
573 4516 677 4556 non
707 4500 929 4569 possint,
954 4515 1116 4568 neque
1140 4497 1262 4553 inde
1289 4498 1389 4551 huc
1411 4506 1727 4551 transmeare
1759 4494 1914 4566 (Luc.

2010 3289 2156 3344 tavit.
2187 3330 2200 3343 .
2229 3328 2242 3342 .
2276 3329 2288 3343 .
2336 3290 2382 3343 Α
2422 3288 2552 3362 foris
2591 3291 2703 3343 sine
2750 3290 2875 3360 [iliis
2918 3292 3061 3360 fecit,
3111 3298 3158 3344 et
3197 3289 3260 3344 ab
3295 3290 3429 3345 intus
3481 3305 3620 3345 mors

2015 3380 2233 3451 (Thren.
2262 3398 2303 3451 ι,
2336 3382 2402 3439 18
2433 3393 2480 3438 et
2507 3382 2621 3454 20).
2653 3381 2974 3439 Clamabant
3004 3382 3217 3440 Hebraei
3254 3396 3374 3441 cum
3398 3393 3622 3456 propter

2009 3476 2269 3534 virtutem
2300 3475 2627 3543 devotionis,
2660 3484 2719 3534 et
2745 3477 2869 3533 ﬁdei
2901 3479 3134 3549 gratiam
3158 3477 3395 3535 fornacis
3422 3479 3621 3536 arden-

2014 3568 2083 3624 tis
2111 3568 2448 3625 ambirentur
2473 3568 2776 3626 incendiis:
2804 3568 2991 3626 Justus
3032 3586 3083 3626 es
3102 3613 3118 3639 ,
3144 3569 3390 3641 Domine,
3420 3573 3473 3627 in
3509 3590 3621 3628 om-

2014 3660 2164 3717 nibus
2188 3678 2303 3733 qute
2327 3663 2496 3733 fecisti
2530 3659 2694 3731 (Dan.
2727 3678 2808 3729 ιιι,
2837 3663 2962 3733 27);
2987 3670 3042 3719 et
3070 3664 3193 3720 ideo
3221 3673 3540 3721 meruerunt
3564 3674 3624 3720 ut

2015 3751 2169 3806 illaesi
2205 3751 2456 3822 ignibus,
2486 3752 2700 3809 Domini
2729 3752 2971 3824 justitias
3012 3754 3394 3825 prtedicarent.
3428 3756 3619 3813 Daniel

2014 3860 2231 3917 quoque
2258 3846 2516 3917 propheta
2561 3846 2803 3904 secundo
2840 3848 2893 3902 in
2924 3848 3104 3903 lacum
3136 3850 3335 3905 missus
3360 3851 3579 3906 leonum
3599 3892 3616 3919 ,

2015 3946 2071 3991 et
2098 3937 2417 3992 immanium
2445 3940 2676 3994 ferarum
2710 3936 2917 3994 saevitia
2944 3949 3106 4010 atque
3137 3941 3365 3998 horrore
3386 3944 3622 4000 circum-

2016 4030 2199 4097 datus,
2224 4039 2368 4085 recta
2401 4030 2579 4085 omnia
2619 4031 2671 4086 in
2703 4041 2996 4102 conspectu
3029 4048 3151 4090 esse
3172 4033 3386 4090 Domini
3420 4036 3622 4107 imper-

2016 4124 2209 4179 territo
2230 4116 2469 4179 clamore
2488 4124 2727 4195 jactabat
2757 4124 2917 4198 (Dan.
2953 4141 3029 4196 vt,
3052 4124 3167 4199 22).
3192 4127 3359 4185 Jonas
3379 4131 3620 4190 inclusus

2019 4224 2175 4270 utero
2198 4215 2427 4283 bestiali,
2454 4214 2743 4273 anbelantli
2766 4218 2989 4288 spiritus
3008 4220 3095 4275 vix
3119 4219 3326 4278 habens
3350 4239 3620 4281 commea-

2020 4319 2133 4363 tum
2166 4309 2379 4379 :justus
2401 4309 2728 4380 injustorum
2757 4321 2904 4366 sorte
2925 4311 3233 4381 damnatus,
3257 4314 3529 4371 clamabat
3554 4316 3623 4373 de

2021 4410 2209 4459 ventre
2245 4403 2349 4458 ceti
2392 4403 2444 4457 in
2479 4404 2612 4458 mari
2647 4421 2659 4457 :
2695 4403 2823 4468 Cum
2859 4420 2978 4459 voce
3009 4406 3179 4459 laudis
3208 4415 3257 4461 et
3285 4411 3624 4480 confessionis

2022 4498 2258 4568 supplico
2289 4497 2378 4551 tibi
2428 4496 2599 4569 (Iona:
2627 4512 2682 4563 ιι,
2713 4496 2821 4569 10).
2846 4496 3013 4553 David
3036 4513 3158 4554 cum
3188 4499 3397 4570 fugeret
3424 4516 3453 4557 a
3486 4503 3624 4561 facie

300 4610 425 4658 ιη,
448 4594 523 4650 25
549 4602 597 4647 et
624 4591 743 4664 26).
766 4592 875 4647 Sed
898 4591 1008 4661 jam
1038 4588 1322 4646 audiamus
1350 4587 1676 4661 quidjustus
1701 4588 1754 4643 in
1785 4603 1917 4645 cono
1942 4590 1998 4650 D
2023 4589 2321 4643 Abessalon
2376 4587 2789 4668 parricidalibus
2833 4589 3002 4643 armis
3031 4600 3085 4645 et
3128 4592 3288 4646 terris
3319 4593 3533 4662 pulsus,
3567 4605 3623 4651 et

302 4685 545 4743 solando
572 4700 633 4741 se
658 4684 938 4755 loquatur.

386 4780 443 4835 5.
474 4777 658 4849 (Vere.
694 4777 844 4849 157.)
882 4776 1069 4833 Justus
1095 4792 1169 4845 es,
1202 4776 1441 4845 Domine,
1474 4784 1524 4832 et
1555 4784 1749 4831 rectum
1767 4776 1920 4849 judi—

388 4950 419 4978 ἰ
456 4940 571 4996 Hae
620 4940 688 4992 de
724 4951 786 4993 re
831 4939 946 4993 luse
992 4934 1232 5005 disputat
1280 4936 1431 4990 Plato
1462 4936 1517 4990 in
1563 4936 1785 5006 Gorgia,
1824 4934 1913 4988 ubi

307 5026 490 5083 agens
516 5019 709 5083 contra
738 5009 932 5064 Polum
967 5009 1108 5062 inter
1130 5010 1235 5061 alia
1263 5007 1491 5083 scribit:
1520 5011 1728 5083 seipse
1766 5008 1921 5061 ἀπαλ-

308 5077 450 5157 λᾷἲηξ
470 5156 475 5157 ,
493 5103 550 5157 7‘
591 5082 960 5157 δφάἳηέθύτοῖὲ
998 5084 1088 5135 τοῦ
1118 5084 1276 5157 inter?
1303 5080 1363 5135 τὸ
1388 5077 1528 5157 dium!
1553 5077 1745 5157 ᾆιδόνκι
1777 5118 1790 5132 .
1820 5117 1833 5131 .
1857 5116 1874 5157 ς
1904 5116 1916 5129 .

306 5148 405 5212 τὸ’
422 5153 478 5211 δέ
590 5148 914 5225 aspectum,
941 5152 1131 5223 ἐμμανῆ
1155 5156 1261 5225 τιςςῶΔ
1288 5155 1465 5205 κακοῦ.
1496 5148 1576 5204 Ad
1605 5166 1726 5220 quae
1758 5148 1921 5203 verba

490 5219 632 5281 ﬁsse
662 5219 1014 5278 Ambrosium
1038 5219 1299 5275 credibile
1326 5230 1430 5274 est.

398 5290 436 5333 εί
454 5296 533 5351 De
555 5298 658 5351 hac
681 5293 928 5347 Plutonis
952 5290 1285 5358 proiectione
1316 5292 1367 5344 in
1392 5290 1707 5362 Egyptum,
1732 5299 1931 5362 praeter

282 5367 555 5437 -Biugen.
578 5364 879 5428 Laertium,
900 5363 1000 5437 lib.
1024 5376 1102 5426 ut,
1118 5362 1421 5437 loquuntur
1443 5360 1691 5437 Justinus
1703 5360 1931 5437 ‘Parten.

310 5436 400 5493 ad
418 5432 613 5507 nentes:
626 5432 1052 5507 ilieron.,_epist.
1066 5432 1133 5485 ad
1148 5432 1615 5507 Patilin.;August.
1629 5472 1645 5498 ,
1662 5432 1935 5507 lib.vt_ttde

306 5503 628 5571 θὶἑὶιλκί,
653 5517 710 5560 et
728 5504 1057 5561 alii.Strabo
1074 5512 1253 5558 autem
1278 5504 1377 5558 lib.
1403 5519 1518 5558 xvtt
1538 5503 1789 5558 eumdem
1812 5503 1935 5556 istic

322 5579 493 5633 annis
533 5578 603 5633 15
645 5592 769 5632 cum
808 5574 1479 5646 Egyptiissacerdotibus
1506 5583 1781 5646 versatum
1812 5586 1935 5646 esse

318 5657 631 5705 movent.
679 5647 739 5701 ld
785 5644 930 5701 vero
958 5644 1105 5712 quod
1147 5647 1216 5700 ab
1254 5646 1449 5699 eodem
1505 5644 1828 5715 philosopho
1879 5644 1931 5698 in

326 5719 481 5777 Dial.
512 5719 584 5777 de
618 5717 820 5772 virtute
849 5716 1171 5771 translatum
1196 5728 1323 5771 esse
1352 5717 1429 5770 ait
1458 5714 1795 5779 ambrosius,
1825 5729 1933 5769 non

328 5790 448 5846 alio
487 5788 832 5847 commodius
872 5786 1073 5844 releras
1095 5826 1111 5852 ,
1141 5801 1301 5855 quam
1337 5787 1404 5842 ad
1452 5787 1546 5842 illa
1582 5785 1746 5842 verba
1783 5780 1937 5841 τοῖσι

2032 4695 2200 4750 regno
2229 4692 2511 4750 egressus;
2537 4693 2657 4733 cum
2683 4693 2780 4749 pro
2803 4679 2966 4735 totius
2995 4681 3177 4751 populi
3200 4696 3259 4738 se
3279 4681 3500 4740 olferret
3527 4700 3624 4740 ex-

2025 4774 2193 4842 cidio,
2233 4773 2488 4829 dicebat:
2536 4771 2720 4827 Justus
2752 4790 2839 4840 es,
2894 4773 3142 4841 Domine,
3172 4785 3219 4830 et
3256 4786 3450 4832 rectum
3486 4778 3633 4845 iudi-

2024 4927 2229 5011 yo'zp_&v
2271 4932 2550 5011 φερςεφὸνα
2587 4934 2771 5011 nouae
2810 4933 3029 5011 παλαεοῡ
3072 4934 3524 5011 ττέγθῇεοςιδέξεται,
3550 4942 3629 5011 si;

2131 5002 2344 5084 ὕπερίξειῖ
2363 5002 2519 5084 silice,
2542 5006 2721 5084 utiku
2751 5004 2908 5084 ἐνάτῳ
2938 5003 3040 5084 ἔτει
3065 5004 3261 5061 ἀνδιδοῖ
3274 5005 3457 5081 ψυχὰν
3471 5009 3623 5065 πάλιν

2031 5079 2096 5160 ἐκ.
2130 5076 2241 5132 τᾶν’
2262 5076 2502 5160 βξσελῆες
2531 5078 2716 5160 arietini
2736 5114 2748 5138 ,
2779 5078 2862 5158 noti
2884 5076 3060 5160 adius:
3098 5076 3542 5160 κροειιτνὸιὶξσοφίᾳ
3571 5102 3628 5135 τε

2076 5140 2273 5223 lytra-soi
2302 5145 2480 5223 ἄνδρες
2509 5140 2775 5223 «dicarat,
2797 5150 2852 5223 in
2879 5148 3074 5217 quibus
3096 5140 3275 5204 v'crbis
3302 5140 3633 5221 ὰῦαμιὶήὸεως

2082 5217 2374 5273 Ιξιιοιιὶθιιιιε
2393 5217 2650 5272 ἰέιίετιιιιι
2683 5217 3111 5275 fundamentum.

2113 5302 2135 5327 ο
2165 5288 2241 5344 Ita
2288 5302 2454 5353 mss.;
2502 5289 2633 5343 edit.
2685 5302 2815 5343 vero
2856 5289 3022 5342 multa
3074 5289 3158 5342 hic
3196 5290 3544 5345 inseruerunt
3580 5292 3637 5349 in

2040 5374 2163 5415 eum
2206 5360 2426 5414 modum
2459 5376 2473 5414 :
2517 5359 2660 5431 Quia
2694 5375 2751 5412 os
2788 5362 2901 5431 ejus
2946 5359 3015 5411 ad
3056 5360 3377 5415 iracundiam
3408 5365 3634 5419 irritavi.

2040 5432 2108 5485 Et
2136 5430 2226 5485 sub
2257 5431 2362 5483 alia
2388 5431 2560 5502 littera
2590 5427 2717 5483 :Ita
2755 5427 2883 5499 {oris
2911 5431 3020 5486 sine
3045 5431 3171 5500 ﬁliis
3199 5435 3341 5502 fecit,
3378 5443 3435 5489 ut
3458 5434 3521 5489 ab
3554 5438 3638 5489 in-

2026 5512 2116 5556 tus
2150 5519 2285 5556 mors
2314 5516 2332 5554 :
2381 5499 2495 5554 Hoc
2524 5508 2629 5565 est,
2664 5502 2799 5572 sicut
2834 5502 2887 5554 in
2924 5499 3171 5572 paradiso
3200 5499 3320 5572 fecit
3350 5519 3370 5559 :
3406 5506 3479 5559 ita
3509 5509 3638 5560 etin

2039 5573 2198 5647 hujus
2235 5572 2435 5647 saeculi
2456 5586 2740 5647 ter-anniaut
2766 5570 3000 5628 deuenit.
3035 5570 3244 5647 Invidia
3269 5577 3406 5630 enim
3444 5576 3640 5632 diaboli

2039 5642 2179 5697 mors
2227 5642 2459 5697 introivit
2484 5644 2558 5696 in
2579 5642 2751 5698 orbem
2777 5652 3054 5699 terrarum.
3081 5644 3267 5700 Justus
3296 5664 3368 5716 es,
3399 5647 3641 5704 Domine.

2042 5712 2368 5770 Clamabunt.
2396 5722 2504 5770 etc.

2086 5715 2368 5779 lamabant,
2396 5722 2504 5770 etc.
