  <div class='ocr_page' id='page_1' title='image "/cluster/home/n/w/nwhite01/storage/ocr_20150623/15/uva.x000826533/143.png"; bbox 0 0 3948 6378; ppageno 0'>
   <div class='ocr_carea' id='block_1_1' title="bbox 472 311 612 367">
    <p class='ocr_par' dir='ltr' id='par_1_1' title="bbox 472 311 612 367">
     <span class='ocr_line' id='line_1_1' title="bbox 472 311 612 367; baseline 0.007 -1"><span class='ocrx_word' id='word_1_1' title='bbox 472 311 612 367; x_wconf 66' lang='grc'><strong>1455</strong></span> 
     </span>
    </p>
   </div>
   <div class='ocr_carea' id='block_1_2' title="bbox 1788 318 2390 384">
    <p class='ocr_par' dir='ltr' id='par_1_2' title="bbox 1788 318 2390 384">
     <span class='ocr_line' id='line_1_2' title="bbox 1788 318 2390 384; baseline 0.007 -7"><span class='ocrx_word' id='word_1_2' title='bbox 1788 318 2031 379; x_wconf 73' lang='lat' dir='ltr'><strong>SANCTI</strong></span> <span class='ocrx_word' id='word_1_3' title='bbox 2068 319 2390 384; x_wconf 73' lang='lat' dir='ltr'><strong>AMBROSII</strong></span> 
     </span>
    </p>
   </div>
   <div class='ocr_carea' id='block_1_3' title="bbox 3617 338 3737 399">
    <p class='ocr_par' dir='ltr' id='par_1_3' title="bbox 3617 338 3737 399">
     <span class='ocr_line' id='line_1_3' title="bbox 3617 338 3737 399; baseline 0.008 -1"><span class='ocrx_word' id='word_1_4' title='bbox 3617 344 3637 398; x_wconf 88' lang='grc'><strong>1</strong></span> <span class='ocrx_word' id='word_1_5' title='bbox 3648 338 3737 399; x_wconf 67' lang='grc'><strong>456</strong></span> 
     </span>
    </p>
   </div>
   <div class='ocr_carea' id='block_1_4' title="bbox 468 430 3736 515">
    <p class='ocr_par' dir='ltr' id='par_1_4' title="bbox 468 430 3736 515">
     <span class='ocr_line' id='line_1_4' title="bbox 468 430 3736 515; baseline 0.009 -34"><span class='ocrx_word' id='word_1_6' title='bbox 468 430 608 484; x_wconf 84' lang='lat' dir='ltr'><strong>cium</strong></span> <span class='ocrx_word' id='word_1_7' title='bbox 661 436 829 484; x_wconf 88' lang='lat' dir='ltr'><strong>tuum.</strong></span> <span class='ocrx_word' id='word_1_8' title='bbox 891 431 1037 486; x_wconf 85' lang='lat' dir='ltr'><strong>Grex</strong></span> <span class='ocrx_word' id='word_1_9' title='bbox 1090 430 1353 486; x_wconf 83' lang='lat' dir='ltr'><strong>innocens</strong></span> <span class='ocrx_word' id='word_1_10' title='bbox 1410 431 1510 486; x_wconf 87' lang='lat' dir='ltr'><strong>iste</strong></span> <span class='ocrx_word' id='word_1_11' title='bbox 1560 431 1689 503; x_wconf 90' lang='lat' dir='ltr'><strong>quid</strong></span> <span class='ocrx_word' id='word_1_12' title='bbox 1738 432 1903 489; x_wconf 86' lang='lat' dir='ltr'><strong>fecit?</strong></span> <span class='ocrx_word' id='word_1_13' title='bbox 1949 435 2063 506; x_wconf 86' lang='lat' dir='ltr'><strong>Ego</strong></span> <span class='ocrx_word' id='word_1_14' title='bbox 2090 441 2145 500; x_wconf 79' lang='grc' dir='ltr'><strong>Α</strong></span> <span class='ocrx_word' id='word_1_15' title='bbox 2239 439 2291 495; x_wconf 90' lang='lat'><strong>9.</strong></span> <span class='ocrx_word' id='word_1_16' title='bbox 2337 441 2519 513; x_wconf 84' lang='lat' dir='ltr'><strong>(Vers.</strong></span> <span class='ocrx_word' id='word_1_17' title='bbox 2554 441 2705 515; x_wconf 80' lang='grc'><strong>158.)</strong></span> <span class='ocrx_word' id='word_1_18' title='bbox 2745 442 3011 499; x_wconf 80' lang='lat' dir='ltr'><strong>Mandasti</strong></span> <span class='ocrx_word' id='word_1_19' title='bbox 3039 446 3303 515; x_wconf 76' lang='lat' dir='ltr'><strong>justitiam</strong></span> <span class='ocrx_word' id='word_1_20' title='bbox 3341 448 3620 508; x_wconf 87' lang='lat' dir='ltr'><strong>testimonia</strong></span> <span class='ocrx_word' id='word_1_21' title='bbox 3661 467 3736 512; x_wconf 88' lang='lat' dir='ltr'><strong>tua</strong></span> 
     </span>
    </p>
   </div>
   <div class='ocr_carea' id='block_1_5' title="bbox 466 521 2069 595">
    <p class='ocr_par' dir='ltr' id='par_1_5' title="bbox 466 521 2069 595">
     <span class='ocr_line' id='line_1_5' title="bbox 466 521 2069 595; baseline 0.004 -19"><span class='ocrx_word' id='word_1_22' title='bbox 466 530 654 592; x_wconf 67' lang='lat' dir='ltr'><strong>[Mt-tur</strong></span> <span class='ocrx_word' id='word_1_23' title='bbox 684 521 784 577; x_wconf 90' lang='lat' dir='ltr'><strong>feci</strong></span> <span class='ocrx_word' id='word_1_24' title='bbox 816 523 1131 592; x_wconf 79' lang='lat' dir='ltr'><strong>malignum,</strong></span> <span class='ocrx_word' id='word_1_25' title='bbox 1162 522 1304 591; x_wconf 89' lang='lat' dir='ltr'><strong>apud</strong></span> <span class='ocrx_word' id='word_1_26' title='bbox 1333 522 1536 591; x_wconf 74' lang='lat' dir='ltr'><strong>justum</strong></span> <span class='ocrx_word' id='word_1_27' title='bbox 1578 524 1767 592; x_wconf 82' lang='lat' dir='ltr'><strong>Deum,</strong></span> <span class='ocrx_word' id='word_1_28' title='bbox 1797 538 1955 595; x_wconf 67' lang='lat' dir='ltr'><strong>poena</strong></span> <span class='ocrx_word' id='word_1_29' title='bbox 2001 526 2069 582; x_wconf 90' lang='lat' dir='ltr'><strong>de</strong></span> 
     </span>
    </p>
   </div>
   <div class='ocr_carea' id='block_1_6' title="bbox 467 614 2066 686">
    <p class='ocr_par' dir='ltr' id='par_1_6' title="bbox 467 614 2066 686">
     <span class='ocr_line' id='line_1_6' title="bbox 467 614 2066 686; baseline 0.003 -18"><span class='ocrx_word' id='word_1_30' title='bbox 467 617 644 683; x_wconf 65' lang='lat' dir='ltr'><strong>culpae</strong></span> <span class='ocrx_word' id='word_1_31' title='bbox 702 623 923 669; x_wconf 86' lang='lat' dir='ltr'><strong>auctore</strong></span> <span class='ocrx_word' id='word_1_32' title='bbox 987 622 1250 669; x_wconf 75' lang='lat' dir='ltr'><strong>sumatur.</strong></span> <span class='ocrx_word' id='word_1_33' title='bbox 1308 614 1428 683; x_wconf 89' lang='lat' dir='ltr'><strong>lpse</strong></span> <span class='ocrx_word' id='word_1_34' title='bbox 1486 625 1641 686; x_wconf 86' lang='lat' dir='ltr'><strong>pater</strong></span> <span class='ocrx_word' id='word_1_35' title='bbox 1713 616 1834 673; x_wconf 84' lang='lat' dir='ltr'><strong>fidei</strong></span> <span class='ocrx_word' id='word_1_36' title='bbox 1891 618 2066 675; x_wconf 83' lang='lat' dir='ltr'><strong>Abra-</strong></span> 
     </span>
    </p>
   </div>
   <div class='ocr_carea' id='block_1_7' title="bbox 466 704 2067 772">
    <p class='ocr_par' dir='ltr' id='par_1_7' title="bbox 466 704 2067 772">
     <span class='ocr_line' id='line_1_7' title="bbox 466 704 2067 772; baseline 0.006 -13"><span class='ocrx_word' id='word_1_37' title='bbox 466 704 635 772; x_wconf 83' lang='lat' dir='ltr'><strong>ham,</strong></span> <span class='ocrx_word' id='word_1_38' title='bbox 687 720 809 762; x_wconf 90' lang='lat' dir='ltr'><strong>cum</strong></span> <span class='ocrx_word' id='word_1_39' title='bbox 859 705 925 759; x_wconf 91' lang='lat' dir='ltr'><strong>ad</strong></span> <span class='ocrx_word' id='word_1_40' title='bbox 979 706 1368 761; x_wconf 90' lang='lat' dir='ltr'><strong>immolandmn</strong></span> <span class='ocrx_word' id='word_1_41' title='bbox 1422 709 1616 764; x_wconf 86' lang='lat' dir='ltr'><strong>unicus</strong></span> <span class='ocrx_word' id='word_1_42' title='bbox 1668 724 1698 764; x_wconf 91' lang='lat' dir='ltr'><strong>a</strong></span> <span class='ocrx_word' id='word_1_43' title='bbox 1743 726 1875 766; x_wconf 91' lang='lat' dir='ltr'><strong>sene</strong></span> <span class='ocrx_word' id='word_1_44' title='bbox 1927 712 2067 769; x_wconf 81' lang='lat' dir='ltr'><strong>illius</strong></span> 
     </span>
    </p>
   </div>
   <div class='ocr_carea' id='block_1_8' title="bbox 465 799 2068 870">
    <p class='ocr_par' dir='ltr' id='par_1_8' title="bbox 465 799 2068 870">
     <span class='ocr_line' id='line_1_8' title="bbox 465 799 2068 870; baseline 0.006 -18"><span class='ocrx_word' id='word_1_45' title='bbox 465 807 800 869; x_wconf 72' lang='lat' dir='ltr'><strong>posceretur,</strong></span> <span class='ocrx_word' id='word_1_46' title='bbox 833 808 1072 868; x_wconf 78' lang='lat' dir='ltr'><strong>paternm</strong></span> <span class='ocrx_word' id='word_1_47' title='bbox 1100 799 1318 870; x_wconf 90' lang='lat' dir='ltr'><strong>pietatis</strong></span> <span class='ocrx_word' id='word_1_48' title='bbox 1353 799 1607 857; x_wconf 76' lang='lat' dir='ltr'><strong>affectum</strong></span> <span class='ocrx_word' id='word_1_49' title='bbox 1636 801 1834 859; x_wconf 71' lang='lat' dir='ltr'><strong>divinae</strong></span> <span class='ocrx_word' id='word_1_50' title='bbox 1855 807 2068 861; x_wconf 86' lang='lat' dir='ltr'><strong>confes-</strong></span> 
     </span>
    </p>
   </div>
   <div class='ocr_carea' id='block_1_9' title="bbox 460 889 2068 965">
    <p class='ocr_par' dir='ltr' id='par_1_9' title="bbox 460 889 2068 965">
     <span class='ocr_line' id='line_1_9' title="bbox 460 889 2068 965; baseline 0.006 -21"><span class='ocrx_word' id='word_1_51' title='bbox 460 889 615 945; x_wconf 87' lang='lat' dir='ltr'><strong>sione</strong></span> <span class='ocrx_word' id='word_1_52' title='bbox 653 889 880 960; x_wconf 72' lang='lat' dir='ltr'><strong>justitim</strong></span> <span class='ocrx_word' id='word_1_53' title='bbox 930 893 1302 960; x_wconf 89' lang='lat' dir='ltr'><strong>temperabat,</strong></span> <span class='ocrx_word' id='word_1_54' title='bbox 1344 892 1575 951; x_wconf 89' lang='lat' dir='ltr'><strong>dicens:</strong></span> <span class='ocrx_word' id='word_1_55' title='bbox 1607 894 1794 951; x_wconf 84' lang='lat' dir='ltr'><strong>Justus</strong></span> <span class='ocrx_word' id='word_1_56' title='bbox 1839 913 1927 965; x_wconf 88' lang='lat' dir='ltr'><strong>es,</strong></span> <span class='ocrx_word' id='word_1_57' title='bbox 1960 896 2068 953; x_wconf 88' lang='lat' dir='ltr'><strong>Do-</strong></span> 
     </span>
    </p>
   </div>
   <div class='ocr_carea' id='block_1_10' title="bbox 461 982 2062 1059">
    <p class='ocr_par' dir='ltr' id='par_1_10' title="bbox 461 982 2062 1059">
     <span class='ocr_line' id='line_1_10' title="bbox 461 982 2062 1059; baseline 0.005 -22"><span class='ocrx_word' id='word_1_58' title='bbox 461 983 634 1050; x_wconf 87' lang='lat' dir='ltr'><strong>mine;</strong></span> <span class='ocrx_word' id='word_1_59' title='bbox 666 998 772 1036; x_wconf 85' lang='lat' dir='ltr'><strong>non</strong></span> <span class='ocrx_word' id='word_1_60' title='bbox 802 982 945 1037; x_wconf 91' lang='lat' dir='ltr'><strong>enim</strong></span> <span class='ocrx_word' id='word_1_61' title='bbox 976 984 1155 1053; x_wconf 85' lang='lat' dir='ltr'><strong>poscis</strong></span> <span class='ocrx_word' id='word_1_62' title='bbox 1185 984 1442 1050; x_wconf 87' lang='lat' dir='ltr'><strong>alienum,</strong></span> <span class='ocrx_word' id='word_1_63' title='bbox 1472 986 1571 1042; x_wconf 92' lang='lat' dir='ltr'><strong>sed</strong></span> <span class='ocrx_word' id='word_1_64' title='bbox 1605 998 1753 1043; x_wconf 90' lang='lat' dir='ltr'><strong>tuum</strong></span> <span class='ocrx_word' id='word_1_65' title='bbox 1779 990 2022 1059; x_wconf 80' lang='lat' dir='ltr'><strong>reposcis</strong></span> <span class='ocrx_word' id='word_1_66' title='bbox 2048 1008 2062 1045; x_wconf 91' lang='lat'><strong>:</strong></span> 
     </span>
    </p>
   </div>
   <div class='ocr_carea' id='block_1_11' title="bbox 456 1075 2062 1152">
    <p class='ocr_par' dir='ltr' id='par_1_11' title="bbox 456 1075 2062 1152">
     <span class='ocr_line' id='line_1_11' title="bbox 456 1075 2062 1152; baseline 0.006 -21"><span class='ocrx_word' id='word_1_67' title='bbox 456 1075 633 1149; x_wconf 89' lang='lat' dir='ltr'><strong>ipsum</strong></span> <span class='ocrx_word' id='word_1_68' title='bbox 668 1077 762 1132; x_wconf 91' lang='lat' dir='ltr'><strong>tibi</strong></span> <span class='ocrx_word' id='word_1_69' title='bbox 792 1078 1045 1143; x_wconf 88' lang='lat' dir='ltr'><strong>restituo,</strong></span> <span class='ocrx_word' id='word_1_70' title='bbox 1069 1096 1230 1150; x_wconf 90' lang='lat' dir='ltr'><strong>quem</strong></span> <span class='ocrx_word' id='word_1_71' title='bbox 1253 1080 1473 1137; x_wconf 89' lang='lat' dir='ltr'><strong>dedisti.</strong></span> <span class='ocrx_word' id='word_1_72' title='bbox 1500 1081 1652 1137; x_wconf 85' lang='lat' dir='ltr'><strong>Hunc</strong></span> <span class='ocrx_word' id='word_1_73' title='bbox 1680 1083 1919 1139; x_wconf 81' lang='lat' dir='ltr'><strong>imitatus</strong></span> <span class='ocrx_word' id='word_1_74' title='bbox 1937 1083 2062 1152; x_wconf 80' lang='lat' dir='ltr'><strong>Job,</strong></span> 
     </span>
    </p>
   </div>
   <div class='ocr_carea' id='block_1_12' title="bbox 455 1171 2066 1246">
    <p class='ocr_par' dir='ltr' id='par_1_12' title="bbox 455 1171 2066 1246">
     <span class='ocr_line' id='line_1_12' title="bbox 455 1171 2066 1246; baseline 0.005 -20"><span class='ocrx_word' id='word_1_75' title='bbox 455 1171 742 1227; x_wconf 78' lang='lat' dir='ltr'><strong>exstinctis</strong></span> <span class='ocrx_word' id='word_1_76' title='bbox 766 1172 971 1237; x_wconf 85' lang='lat' dir='ltr'><strong>liberis,</strong></span> <span class='ocrx_word' id='word_1_77' title='bbox 990 1173 1425 1245; x_wconf 82' lang='lat' dir='ltr'><strong>patritnuuioque</strong></span> <span class='ocrx_word' id='word_1_78' title='bbox 1440 1176 1673 1232; x_wconf 85' lang='lat' dir='ltr'><strong>nudatus</strong></span> <span class='ocrx_word' id='word_1_79' title='bbox 1685 1178 1907 1246; x_wconf 82' lang='lat' dir='ltr'><strong>amisso,</strong></span> <span class='ocrx_word' id='word_1_80' title='bbox 1928 1180 2066 1234; x_wconf 77' lang='lat' dir='ltr'><strong>auti-</strong></span> 
     </span>
    </p>
   </div>
   <div class='ocr_carea' id='block_1_13' title="bbox 455 1266 2059 1341">
    <p class='ocr_par' dir='ltr' id='par_1_13' title="bbox 455 1266 2059 1341">
     <span class='ocr_line' id='line_1_13' title="bbox 455 1266 2059 1341; baseline 0.004 -19"><span class='ocrx_word' id='word_1_81' title='bbox 455 1276 599 1322; x_wconf 87' lang='lat' dir='ltr'><strong>ctum</strong></span> <span class='ocrx_word' id='word_1_82' title='bbox 616 1266 699 1320; x_wconf 89' lang='lat' dir='ltr'><strong>sui</strong></span> <span class='ocrx_word' id='word_1_83' title='bbox 721 1266 969 1341; x_wconf 87' lang='lat' dir='ltr'><strong>corporis</strong></span> <span class='ocrx_word' id='word_1_84' title='bbox 986 1268 1241 1323; x_wconf 87' lang='lat' dir='ltr'><strong>scindens</strong></span> <span class='ocrx_word' id='word_1_85' title='bbox 1253 1271 1347 1323; x_wconf 89' lang='lat' dir='ltr'><strong>ait:</strong></span> <span class='ocrx_word' id='word_1_86' title='bbox 1362 1267 1547 1333; x_wconf 76' lang='lat' dir='ltr'><strong>Nudus</strong></span> <span class='ocrx_word' id='word_1_87' title='bbox 1564 1281 1714 1325; x_wconf 83' lang='lat' dir='ltr'><strong>natus</strong></span> <span class='ocrx_word' id='word_1_88' title='bbox 1729 1271 2059 1340; x_wconf 87' lang='lat' dir='ltr'><strong>sum,nudus,</strong></span> 
     </span>
    </p>
   </div>
   <div class='ocr_carea' id='block_1_14' title="bbox 455 1358 2057 1431">
    <p class='ocr_par' dir='ltr' id='par_1_14' title="bbox 455 1358 2057 1431">
     <span class='ocr_line' id='line_1_14' title="bbox 455 1358 2057 1431; baseline 0.005 -17"><span class='ocrx_word' id='word_1_89' title='bbox 455 1361 654 1431; x_wconf 84' lang='lat' dir='ltr'><strong>inquit,</strong></span> <span class='ocrx_word' id='word_1_90' title='bbox 671 1368 717 1414; x_wconf 87' lang='lat' dir='ltr'><strong>et</strong></span> <span class='ocrx_word' id='word_1_91' title='bbox 740 1360 956 1415; x_wconf 89' lang='lat' dir='ltr'><strong>moriar.</strong></span> <span class='ocrx_word' id='word_1_92' title='bbox 985 1358 1240 1416; x_wconf 87' lang='lat' dir='ltr'><strong>Dominus</strong></span> <span class='ocrx_word' id='word_1_93' title='bbox 1260 1362 1423 1428; x_wconf 81' lang='lat' dir='ltr'><strong>dedit,</strong></span> <span class='ocrx_word' id='word_1_94' title='bbox 1441 1361 1693 1420; x_wconf 76' lang='lat' dir='ltr'><strong>Dominus</strong></span> <span class='ocrx_word' id='word_1_95' title='bbox 1714 1366 1954 1421; x_wconf 87' lang='lat' dir='ltr'><strong>abstulit.</strong></span> <span class='ocrx_word' id='word_1_96' title='bbox 1972 1410 1987 1423; x_wconf 91' lang='lat'><strong>.</strong></span> <span class='ocrx_word' id='word_1_97' title='bbox 2004 1406 2020 1423; x_wconf 93' lang='lat'><strong>.</strong></span> <span class='ocrx_word' id='word_1_98' title='bbox 2043 1406 2057 1423; x_wconf 93' lang='lat'><strong>.</strong></span> 
     </span>
    </p>
   </div>
   <div class='ocr_carea' id='block_1_15' title="bbox 454 1450 1906 1531">
    <p class='ocr_par' dir='ltr' id='par_1_15' title="bbox 454 1450 1906 1531">
     <span class='ocr_line' id='line_1_15' title="bbox 454 1450 1906 1531; baseline 0.003 -24"><span class='ocrx_word' id='word_1_99' title='bbox 454 1452 537 1508; x_wconf 87' lang='lat' dir='ltr'><strong>Sit</strong></span> <span class='ocrx_word' id='word_1_100' title='bbox 567 1468 749 1507; x_wconf 85' lang='lat' dir='ltr'><strong>nomen</strong></span> <span class='ocrx_word' id='word_1_101' title='bbox 783 1450 1001 1531; x_wconf 36' lang='lat' dir='ltr'><strong>Domini.</strong></span> <span class='ocrx_word' id='word_1_102' title='bbox 1019 1452 1337 1510; x_wconf 82' lang='lat' dir='ltr'><strong>benedictum</strong></span> <span class='ocrx_word' id='word_1_103' title='bbox 1359 1454 1502 1530; x_wconf 80' lang='lat' dir='ltr'><strong>(Job.</strong></span> <span class='ocrx_word' id='word_1_104' title='bbox 1542 1458 1678 1519; x_wconf 72' lang='lat' dir='ltr'><strong>1.2l</strong></span> <span class='ocrx_word' id='word_1_105' title='bbox 1714 1470 1758 1513; x_wconf 89' lang='lat' dir='ltr'><strong>et</strong></span> <span class='ocrx_word' id='word_1_106' title='bbox 1786 1459 1906 1531; x_wconf 71' lang='grc'><strong>22).</strong></span> 
     </span>
    </p>
   </div>
   <div class='ocr_carea' id='block_1_16' title="bbox 529 1542 2061 1618">
    <p class='ocr_par' dir='ltr' id='par_1_16' title="bbox 529 1542 2061 1618">
     <span class='ocr_line' id='line_1_16' title="bbox 529 1542 2061 1618; baseline 0.007 -20"><span class='ocrx_word' id='word_1_107' title='bbox 529 1544 582 1599; x_wconf 92' lang='grc'><strong>7.</strong></span> <span class='ocrx_word' id='word_1_108' title='bbox 612 1542 818 1600; x_wconf 85' lang='lat' dir='ltr'><strong>Omnes</strong></span> <span class='ocrx_word' id='word_1_109' title='bbox 847 1560 980 1616; x_wconf 89' lang='lat' dir='ltr'><strong>ergo</strong></span> <span class='ocrx_word' id='word_1_110' title='bbox 1003 1545 1212 1615; x_wconf 90' lang='lat' dir='ltr'><strong>justum</strong></span> <span class='ocrx_word' id='word_1_111' title='bbox 1254 1547 1541 1603; x_wconf 81' lang='lat' dir='ltr'><strong>Dominum</strong></span> <span class='ocrx_word' id='word_1_112' title='bbox 1577 1548 1937 1618; x_wconf 59' lang='lat' dir='ltr'><strong>praedii-emus</strong></span> <span class='ocrx_word' id='word_1_113' title='bbox 1968 1568 1980 1604; x_wconf 91' lang='lat'><strong>:</strong></span> <span class='ocrx_word' id='word_1_114' title='bbox 2006 1559 2061 1608; x_wconf 91' lang='lat' dir='ltr'><strong>et</strong></span> 
     </span>
    </p>
   </div>
   <div class='ocr_carea' id='block_1_17' title="bbox 449 1638 2055 1711">
    <p class='ocr_par' dir='ltr' id='par_1_17' title="bbox 449 1638 2055 1711">
     <span class='ocr_line' id='line_1_17' title="bbox 449 1638 2055 1711; baseline 0.007 -22"><span class='ocrx_word' id='word_1_115' title='bbox 449 1639 538 1709; x_wconf 89' lang='lat' dir='ltr'><strong>qui</strong></span> <span class='ocrx_word' id='word_1_116' title='bbox 577 1638 900 1694; x_wconf 88' lang='lat' dir='ltr'><strong>moribunda</strong></span> <span class='ocrx_word' id='word_1_117' title='bbox 945 1641 1204 1709; x_wconf 89' lang='lat' dir='ltr'><strong>sepulcro</strong></span> <span class='ocrx_word' id='word_1_118' title='bbox 1245 1656 1341 1695; x_wconf 90' lang='lat' dir='ltr'><strong>sua</strong></span> <span class='ocrx_word' id='word_1_119' title='bbox 1369 1641 1612 1697; x_wconf 89' lang='lat' dir='ltr'><strong>membra</strong></span> <span class='ocrx_word' id='word_1_120' title='bbox 1661 1644 1961 1711; x_wconf 78' lang='lat' dir='ltr'><strong>componit,</strong></span> <span class='ocrx_word' id='word_1_121' title='bbox 2005 1656 2055 1700; x_wconf 90' lang='lat' dir='ltr'><strong>et</strong></span> 
     </span>
    </p>
   </div>
   <div class='ocr_carea' id='block_1_18' title="bbox 453 1722 2060 1803">
    <p class='ocr_par' dir='ltr' id='par_1_18' title="bbox 453 1722 2060 1803">
     <span class='ocr_line' id='line_1_18' title="bbox 453 1722 2060 1803; baseline 0.002 -17"><span class='ocrx_word' id='word_1_122' title='bbox 453 1732 542 1803; x_wconf 86' lang='lat' dir='ltr'><strong>qui</strong></span> <span class='ocrx_word' id='word_1_123' title='bbox 573 1730 775 1786; x_wconf 86' lang='lat' dir='ltr'><strong>damno</strong></span> <span class='ocrx_word' id='word_1_124' title='bbox 799 1730 1011 1798; x_wconf 89' lang='lat' dir='ltr'><strong>feritur,</strong></span> <span class='ocrx_word' id='word_1_125' title='bbox 1040 1740 1133 1787; x_wconf 86' lang='lat' dir='ltr'><strong>aut</strong></span> <span class='ocrx_word' id='word_1_126' title='bbox 1160 1731 1350 1789; x_wconf 91' lang='lat' dir='ltr'><strong>funere</strong></span> <span class='ocrx_word' id='word_1_127' title='bbox 1382 1731 1638 1800; x_wconf 81' lang='lat' dir='ltr'><strong>filiorum,</strong></span> <span class='ocrx_word' id='word_1_128' title='bbox 1663 1734 1806 1790; x_wconf 85' lang='lat' dir='ltr'><strong>dicat</strong></span> <span class='ocrx_word' id='word_1_129' title='bbox 1834 1752 1849 1791; x_wconf 90' lang='lat'>:</span> <span class='ocrx_word' id='word_1_130' title='bbox 1878 1722 2060 1790; x_wconf 79' lang='lat' dir='ltr'><strong>Justus</strong></span> 
     </span>
    </p>
   </div>
   <div class='ocr_carea' id='block_1_19' title="bbox 2172 533 3735 612">
    <p class='ocr_par' dir='ltr' id='par_1_19' title="bbox 2172 533 3735 612">
     <span class='ocr_line' id='line_1_19' title="bbox 2172 533 3735 612; baseline 0.012 -28"><span class='ocrx_word' id='word_1_131' title='bbox 2172 542 2217 585; x_wconf 87' lang='lat' dir='ltr'><strong>et</strong></span> <span class='ocrx_word' id='word_1_132' title='bbox 2244 533 2506 587; x_wconf 82' lang='lat' dir='ltr'><strong>veritatem</strong></span> <span class='ocrx_word' id='word_1_133' title='bbox 2550 545 2692 588; x_wconf 89' lang='lat' dir='ltr'><strong>tuam</strong></span> <span class='ocrx_word' id='word_1_134' title='bbox 2719 536 2892 590; x_wconf 86' lang='lat' dir='ltr'><strong>nimis.</strong></span> <span class='ocrx_word' id='word_1_135' title='bbox 2917 536 3108 593; x_wconf 89' lang='lat' dir='ltr'><strong>Utrum</strong></span> <span class='ocrx_word' id='word_1_136' title='bbox 3164 539 3327 596; x_wconf 92' lang='lat' dir='ltr'><strong>nimis</strong></span> <span class='ocrx_word' id='word_1_137' title='bbox 3384 541 3653 612; x_wconf 84' lang='lat' dir='ltr'><strong>mandasti,</strong></span> <span class='ocrx_word' id='word_1_138' title='bbox 3678 563 3735 604; x_wconf 89' lang='lat' dir='ltr'><strong>an</strong></span> 
     </span>
    </p>
   </div>
   <div class='ocr_carea' id='block_1_20' title="bbox 2173 623 3735 707">
    <p class='ocr_par' dir='ltr' id='par_1_20' title="bbox 2173 623 3735 707">
     <span class='ocr_line' id='line_1_20' title="bbox 2173 623 3735 707; baseline 0.011 -30"><span class='ocrx_word' id='word_1_139' title='bbox 2173 623 2393 679; x_wconf 87' lang='lat' dir='ltr'><strong>nimiam</strong></span> <span class='ocrx_word' id='word_1_140' title='bbox 2418 626 2747 683; x_wconf 85' lang='lat' dir='ltr'><strong>veritatem?</strong></span> <span class='ocrx_word' id='word_1_141' title='bbox 2773 628 2880 685; x_wconf 84' lang='lat' dir='ltr'><strong>Sed</strong></span> <span class='ocrx_word' id='word_1_142' title='bbox 2903 639 2958 685; x_wconf 90' lang='lat' dir='ltr'><strong>et</strong></span> <span class='ocrx_word' id='word_1_143' title='bbox 2977 628 3140 685; x_wconf 86' lang='lat' dir='ltr'><strong>nimia</strong></span> <span class='ocrx_word' id='word_1_144' title='bbox 3161 631 3361 688; x_wconf 88' lang='lat' dir='ltr'><strong>veritas</strong></span> <span class='ocrx_word' id='word_1_145' title='bbox 3387 633 3542 704; x_wconf 84' lang='lat' dir='ltr'><strong>plena</strong></span> <span class='ocrx_word' id='word_1_146' title='bbox 3565 636 3735 707; x_wconf 81' lang='lat' dir='ltr'><strong>laudis,</strong></span> 
     </span>
    </p>
   </div>
   <div class='ocr_carea' id='block_1_21' title="bbox 2169 714 3737 794">
    <p class='ocr_par' dir='ltr' id='par_1_21' title="bbox 2169 714 3737 794">
     <span class='ocr_line' id='line_1_21' title="bbox 2169 714 3737 794; baseline 0.011 -26"><span class='ocrx_word' id='word_1_147' title='bbox 2169 724 2225 769; x_wconf 88' lang='lat' dir='ltr'><strong>et</strong></span> <span class='ocrx_word' id='word_1_148' title='bbox 2252 714 2476 770; x_wconf 89' lang='lat' dir='ltr'><strong>nimium</strong></span> <span class='ocrx_word' id='word_1_149' title='bbox 2529 717 2788 775; x_wconf 85' lang='lat' dir='ltr'><strong>mandare</strong></span> <span class='ocrx_word' id='word_1_150' title='bbox 2812 720 3169 791; x_wconf 62' lang='lat' dir='ltr'><strong>providentiae</strong></span> <span class='ocrx_word' id='word_1_151' title='bbox 3191 733 3353 794; x_wconf 89' lang='lat' dir='ltr'><strong>atque</strong></span> <span class='ocrx_word' id='word_1_152' title='bbox 3388 725 3606 783; x_wconf 80' lang='lat' dir='ltr'><strong>cautelae</strong></span> <span class='ocrx_word' id='word_1_153' title='bbox 3646 739 3737 785; x_wconf 86' lang='lat' dir='ltr'><strong>est.</strong></span> 
     </span>
    </p>
   </div>
   <div class='ocr_carea' id='block_1_22' title="bbox 2169 807 3736 892">
    <p class='ocr_par' dir='ltr' id='par_1_22' title="bbox 2169 807 3736 892">
     <span class='ocr_line' id='line_1_22' title="bbox 2169 807 3736 892; baseline 0.01 -31"><span class='ocrx_word' id='word_1_154' title='bbox 2169 807 2385 864; x_wconf 86' lang='lat' dir='ltr'><strong>Etenim</strong></span> <span class='ocrx_word' id='word_1_155' title='bbox 2423 809 2663 867; x_wconf 83' lang='lat' dir='ltr'><strong>infirmos</strong></span> <span class='ocrx_word' id='word_1_156' title='bbox 2709 821 2962 881; x_wconf 84' lang='lat' dir='ltr'><strong>noverat;</strong></span> <span class='ocrx_word' id='word_1_157' title='bbox 2993 812 3117 870; x_wconf 90' lang='lat' dir='ltr'><strong>ideo</strong></span> <span class='ocrx_word' id='word_1_158' title='bbox 3172 815 3374 886; x_wconf 72' lang='lat' dir='ltr'><strong>smpius</strong></span> <span class='ocrx_word' id='word_1_159' title='bbox 3418 816 3736 892; x_wconf 84' lang='lat' dir='ltr'><strong>admonebat,</strong></span> 
     </span>
    </p>
   </div>
   <div class='ocr_carea' id='block_1_23' title="bbox 2170 902 2849 961">
    <p class='ocr_par' dir='ltr' id='par_1_23' title="bbox 2170 902 2849 961">
     <span class='ocr_line' id='line_1_23' title="bbox 2170 902 2849 961; baseline 0.006 -6"><span class='ocrx_word' id='word_1_160' title='bbox 2170 910 2229 955; x_wconf 90' lang='lat' dir='ltr'><strong>ut</strong></span> <span class='ocrx_word' id='word_1_161' title='bbox 2254 915 2359 956; x_wconf 92' lang='lat' dir='ltr'><strong>non</strong></span> <span class='ocrx_word' id='word_1_162' title='bbox 2383 902 2849 961; x_wconf 87' lang='lat' dir='ltr'><strong>obliviscerentur.</strong></span> 
     </span>
    </p>
   </div>
   <div class='ocr_carea' id='block_1_24' title="bbox 2227 992 3742 1075">
    <p class='ocr_par' dir='ltr' id='par_1_24' title="bbox 2227 992 3742 1075">
     <span class='ocr_line' id='line_1_24' title="bbox 2227 992 3742 1075; baseline 0.008 -27"><span class='ocrx_word' id='word_1_163' title='bbox 2227 992 2315 1049; x_wconf 82' lang='lat' dir='ltr'><strong>l0.</strong></span> <span class='ocrx_word' id='word_1_164' title='bbox 2346 992 2524 1064; x_wconf 85' lang='lat' dir='ltr'><strong>(Vers.</strong></span> <span class='ocrx_word' id='word_1_165' title='bbox 2558 994 2707 1069; x_wconf 80' lang='lat' dir='ltr'><strong>l59.)</strong></span> <span class='ocrx_word' id='word_1_166' title='bbox 2744 997 2999 1070; x_wconf 85' lang='lat' dir='ltr'><strong>Sequitur</strong></span> <span class='ocrx_word' id='word_1_167' title='bbox 3020 1013 3213 1056; x_wconf 89' lang='lat' dir='ltr'><strong>versus</strong></span> <span class='ocrx_word' id='word_1_168' title='bbox 3253 1000 3446 1057; x_wconf 89' lang='lat' dir='ltr'><strong>tertius</strong></span> <span class='ocrx_word' id='word_1_169' title='bbox 3478 1019 3492 1056; x_wconf 92' lang='lat'><strong>:</strong></span> <span class='ocrx_word' id='word_1_170' title='bbox 3519 1000 3546 1041; x_wconf 71' lang='grc' dir='ltr'>δ</span> <span class='ocrx_word' id='word_1_171' title='bbox 3566 1002 3742 1075; x_wconf 77' lang='lat' dir='ltr'><strong>Exqui-</strong></span> 
     </span>
    </p>
   </div>
   <div class='ocr_carea' id='block_1_25' title="bbox 2166 1086 3744 1164">
    <p class='ocr_par' dir='ltr' id='par_1_25' title="bbox 2166 1086 3744 1164">
     <span class='ocr_line' id='line_1_25' title="bbox 2166 1086 3744 1164; baseline 0.008 -24"><span class='ocrx_word' id='word_1_172' title='bbox 2166 1086 2283 1141; x_wconf 81' lang='lat' dir='ltr'><strong>siuit</strong></span> <span class='ocrx_word' id='word_1_173' title='bbox 2308 1104 2388 1142; x_wconf 89' lang='lat' dir='ltr'><strong>me</strong></span> <span class='ocrx_word' id='word_1_174' title='bbox 2409 1089 2550 1145; x_wconf 76' lang='lat' dir='ltr'><strong>zelus</strong></span> <span class='ocrx_word' id='word_1_175' title='bbox 2575 1089 2758 1145; x_wconf 88' lang='lat' dir='ltr'><strong>domus</strong></span> <span class='ocrx_word' id='word_1_176' title='bbox 2775 1100 2915 1159; x_wconf 79' lang='lat' dir='ltr'><strong>tute;</strong></span> <span class='ocrx_word' id='word_1_177' title='bbox 2943 1093 3188 1164; x_wconf 84' lang='lat' dir='ltr'><strong>quoniam</strong></span> <span class='ocrx_word' id='word_1_178' title='bbox 3233 1093 3379 1149; x_wconf 83' lang='lat' dir='ltr'><strong>obliti</strong></span> <span class='ocrx_word' id='word_1_179' title='bbox 3428 1105 3543 1150; x_wconf 88' lang='lat' dir='ltr'><strong>sunt</strong></span> <span class='ocrx_word' id='word_1_180' title='bbox 3586 1098 3744 1153; x_wconf 82' lang='lat' dir='ltr'><strong>uerbo-</strong></span> 
     </span>
    </p>
   </div>
   <div class='ocr_carea' id='block_1_26' title="bbox 2166 1181 3744 1257">
    <p class='ocr_par' dir='ltr' id='par_1_26' title="bbox 2166 1181 3744 1257">
     <span class='ocr_line' id='line_1_26' title="bbox 2166 1181 3744 1257; baseline 0.012 -29"><span class='ocrx_word' id='word_1_181' title='bbox 2166 1191 2282 1232; x_wconf 84' lang='lat' dir='ltr'><strong>rum</strong></span> <span class='ocrx_word' id='word_1_182' title='bbox 2333 1187 2536 1234; x_wconf 89' lang='lat' dir='ltr'><strong>tuorum</strong></span> <span class='ocrx_word' id='word_1_183' title='bbox 2587 1181 2781 1237; x_wconf 81' lang='lat' dir='ltr'><strong>inimici</strong></span> <span class='ocrx_word' id='word_1_184' title='bbox 2827 1184 2944 1239; x_wconf 89' lang='lat' dir='ltr'><strong>mei.</strong></span> <span class='ocrx_word' id='word_1_185' title='bbox 2977 1184 3074 1240; x_wconf 87' lang='lat' dir='ltr'><strong>Est</strong></span> <span class='ocrx_word' id='word_1_186' title='bbox 3101 1186 3249 1241; x_wconf 91' lang='lat' dir='ltr'><strong>zelus</strong></span> <span class='ocrx_word' id='word_1_187' title='bbox 3270 1186 3338 1241; x_wconf 91' lang='lat' dir='ltr'><strong>ad</strong></span> <span class='ocrx_word' id='word_1_188' title='bbox 3367 1189 3550 1257; x_wconf 85' lang='lat' dir='ltr'><strong>vitam,</strong></span> <span class='ocrx_word' id='word_1_189' title='bbox 3594 1198 3744 1247; x_wconf 86' lang='lat' dir='ltr'><strong>etest</strong></span> 
     </span>
    </p>
   </div>
   <div class='ocr_carea' id='block_1_27' title="bbox 2166 1272 3744 1353">
    <p class='ocr_par' dir='ltr' id='par_1_27' title="bbox 2166 1272 3744 1353">
     <span class='ocr_line' id='line_1_27' title="bbox 2166 1272 3744 1353; baseline 0.01 -28"><span class='ocrx_word' id='word_1_190' title='bbox 2166 1272 2315 1327; x_wconf 86' lang='lat' dir='ltr'><strong>zelus</strong></span> <span class='ocrx_word' id='word_1_191' title='bbox 2355 1272 2425 1328; x_wconf 87' lang='lat' dir='ltr'><strong>ad</strong></span> <span class='ocrx_word' id='word_1_192' title='bbox 2478 1283 2729 1331; x_wconf 87' lang='lat' dir='ltr'><strong>mortem.</strong></span> <span class='ocrx_word' id='word_1_193' title='bbox 2770 1276 2854 1332; x_wconf 84' lang='lat' dir='ltr'><strong>Ad</strong></span> <span class='ocrx_word' id='word_1_194' title='bbox 2892 1278 3056 1334; x_wconf 90' lang='lat' dir='ltr'><strong>vitam</strong></span> <span class='ocrx_word' id='word_1_195' title='bbox 3099 1279 3250 1335; x_wconf 88' lang='lat' dir='ltr'><strong>zelus</strong></span> <span class='ocrx_word' id='word_1_196' title='bbox 3289 1289 3374 1337; x_wconf 91' lang='lat' dir='ltr'><strong>est</strong></span> <span class='ocrx_word' id='word_1_197' title='bbox 3410 1281 3585 1337; x_wconf 90' lang='lat' dir='ltr'><strong>divina</strong></span> <span class='ocrx_word' id='word_1_198' title='bbox 3621 1298 3744 1353; x_wconf 67' lang='lat' dir='ltr'><strong>prte-</strong></span> 
     </span>
    </p>
   </div>
   <div class='ocr_carea' id='block_1_28' title="bbox 2167 1363 3745 1434">
    <p class='ocr_par' dir='ltr' id='par_1_28' title="bbox 2167 1363 3745 1434">
     <span class='ocr_line' id='line_1_28' title="bbox 2167 1363 3745 1434; baseline 0.009 -24"><span class='ocrx_word' id='word_1_199' title='bbox 2167 1367 2323 1427; x_wconf 88' lang='lat' dir='ltr'><strong>cepta</strong></span> <span class='ocrx_word' id='word_1_200' title='bbox 2354 1370 2597 1426; x_wconf 89' lang='lat' dir='ltr'><strong>servare,</strong></span> <span class='ocrx_word' id='word_1_201' title='bbox 2626 1368 2682 1416; x_wconf 90' lang='lat' dir='ltr'><strong>et</strong></span> <span class='ocrx_word' id='word_1_202' title='bbox 2710 1376 2898 1418; x_wconf 88' lang='lat' dir='ltr'><strong>amore</strong></span> <span class='ocrx_word' id='word_1_203' title='bbox 2929 1363 3142 1418; x_wconf 91' lang='lat' dir='ltr'><strong>Domini</strong></span> <span class='ocrx_word' id='word_1_204' title='bbox 3166 1363 3284 1434; x_wconf 86' lang='lat' dir='ltr'><strong>ejus</strong></span> <span class='ocrx_word' id='word_1_205' title='bbox 3309 1364 3583 1422; x_wconf 89' lang='lat' dir='ltr'><strong>custodire</strong></span> <span class='ocrx_word' id='word_1_206' title='bbox 3607 1383 3745 1424; x_wconf 90' lang='lat' dir='ltr'><strong>man-</strong></span> 
     </span>
    </p>
   </div>
   <div class='ocr_carea' id='block_1_29' title="bbox 2122 1448 3741 1528">
    <p class='ocr_par' dir='ltr' id='par_1_29' title="bbox 2122 1448 3741 1528">
     <span class='ocr_line' id='line_1_29' title="bbox 2122 1448 3741 1528; baseline 0.006 -23"><span class='ocrx_word' id='word_1_207' title='bbox 2122 1500 2127 1505; x_wconf 45' lang='lat'><strong>.</strong></span> <span class='ocrx_word' id='word_1_208' title='bbox 2165 1448 2313 1516; x_wconf 88' lang='lat' dir='ltr'><strong>data,</strong></span> <span class='ocrx_word' id='word_1_209' title='bbox 2342 1462 2399 1506; x_wconf 91' lang='lat' dir='ltr'><strong>ut</strong></span> <span class='ocrx_word' id='word_1_210' title='bbox 2442 1452 2568 1508; x_wconf 78' lang='lat' dir='ltr'><strong>fecit</strong></span> <span class='ocrx_word' id='word_1_211' title='bbox 2587 1453 2845 1523; x_wconf 81' lang='lat' dir='ltr'><strong>Phinees,</strong></span> <span class='ocrx_word' id='word_1_212' title='bbox 2897 1454 2965 1510; x_wconf 90' lang='lat' dir='ltr'><strong>de</strong></span> <span class='ocrx_word' id='word_1_213' title='bbox 2989 1470 3095 1527; x_wconf 90' lang='lat' dir='ltr'><strong>quo</strong></span> <span class='ocrx_word' id='word_1_214' title='bbox 3134 1455 3364 1527; x_wconf 78' lang='lat' dir='ltr'><strong>legimus</strong></span> <span class='ocrx_word' id='word_1_215' title='bbox 3393 1456 3446 1511; x_wconf 91' lang='lat' dir='ltr'><strong>in</strong></span> <span class='ocrx_word' id='word_1_216' title='bbox 3492 1455 3741 1528; x_wconf 86' lang='lat' dir='ltr'><strong>Numeris,</strong></span> 
     </span>
    </p>
   </div>
   <div class='ocr_carea' id='block_1_30' title="bbox 2163 1540 3749 1618">
    <p class='ocr_par' dir='ltr' id='par_1_30' title="bbox 2163 1540 3749 1618">
     <span class='ocr_line' id='line_1_30' title="bbox 2163 1540 3749 1618; baseline 0.006 -23"><span class='ocrx_word' id='word_1_217' title='bbox 2163 1540 2378 1597; x_wconf 90' lang='lat' dir='ltr'><strong>dicente</strong></span> <span class='ocrx_word' id='word_1_218' title='bbox 2432 1543 2662 1600; x_wconf 91' lang='lat' dir='ltr'><strong>Domino</strong></span> <span class='ocrx_word' id='word_1_219' title='bbox 2714 1545 2782 1600; x_wconf 88' lang='lat' dir='ltr'><strong>ad</strong></span> <span class='ocrx_word' id='word_1_220' title='bbox 2808 1545 3030 1618; x_wconf 83' lang='lat' dir='ltr'><strong>Moysen</strong></span> <span class='ocrx_word' id='word_1_221' title='bbox 3064 1564 3075 1601; x_wconf 95' lang='lat'>:</span> <span class='ocrx_word' id='word_1_222' title='bbox 3106 1544 3331 1602; x_wconf 85' lang='lat' dir='ltr'><strong>Phinees</strong></span> <span class='ocrx_word' id='word_1_223' title='bbox 3375 1546 3518 1617; x_wconf 89' lang='lat' dir='ltr'><strong>ﬁlius</strong></span> <span class='ocrx_word' id='word_1_224' title='bbox 3544 1545 3749 1604; x_wconf 72' lang='lat' dir='ltr'><strong>Eleazar</strong></span> 
     </span>
    </p>
   </div>
   <div class='ocr_carea' id='block_1_31' title="bbox 2163 1631 3746 1709">
    <p class='ocr_par' dir='ltr' id='par_1_31' title="bbox 2163 1631 3746 1709">
     <span class='ocr_line' id='line_1_31' title="bbox 2163 1631 3746 1709; baseline 0.008 -25"><span class='ocrx_word' id='word_1_225' title='bbox 2163 1631 2261 1699; x_wconf 80' lang='lat' dir='ltr'><strong>ﬁlii</strong></span> <span class='ocrx_word' id='word_1_226' title='bbox 2291 1632 2467 1688; x_wconf 80' lang='lat' dir='ltr'><strong>Aaron</strong></span> <span class='ocrx_word' id='word_1_227' title='bbox 2493 1634 2773 1691; x_wconf 85' lang='lat' dir='ltr'><strong>sacerdotis</strong></span> <span class='ocrx_word' id='word_1_228' title='bbox 2800 1636 2995 1692; x_wconf 86' lang='lat' dir='ltr'><strong>sedavit</strong></span> <span class='ocrx_word' id='word_1_229' title='bbox 3015 1638 3247 1707; x_wconf 80' lang='lat' dir='ltr'><strong>furorem</strong></span> <span class='ocrx_word' id='word_1_230' title='bbox 3274 1654 3445 1693; x_wconf 88' lang='lat' dir='ltr'><strong>meum</strong></span> <span class='ocrx_word' id='word_1_231' title='bbox 3473 1656 3505 1693; x_wconf 87' lang='grc' dir='ltr'><strong>ιι</strong></span> <span class='ocrx_word' id='word_1_232' title='bbox 3525 1639 3643 1709; x_wconf 89' lang='lat' dir='ltr'><strong>ﬁliis</strong></span> <span class='ocrx_word' id='word_1_233' title='bbox 3670 1639 3746 1696; x_wconf 85' lang='lat' dir='ltr'><strong>Is-</strong></span> 
     </span>
    </p>
   </div>
   <div class='ocr_carea' id='block_1_32' title="bbox 2161 1724 3750 1798">
    <p class='ocr_par' dir='ltr' id='par_1_32' title="bbox 2161 1724 3750 1798">
     <span class='ocr_line' id='line_1_32' title="bbox 2161 1724 3750 1798; baseline 0.008 -21"><span class='ocrx_word' id='word_1_234' title='bbox 2161 1724 2290 1791; x_wconf 87' lang='lat' dir='ltr'><strong>rael,</strong></span> <span class='ocrx_word' id='word_1_235' title='bbox 2320 1724 2375 1779; x_wconf 87' lang='lat' dir='ltr'><strong>in</strong></span> <span class='ocrx_word' id='word_1_236' title='bbox 2404 1742 2462 1781; x_wconf 91' lang='lat' dir='ltr'><strong>eo</strong></span> <span class='ocrx_word' id='word_1_237' title='bbox 2481 1726 2620 1798; x_wconf 85' lang='lat' dir='ltr'><strong>quod</strong></span> <span class='ocrx_word' id='word_1_238' title='bbox 2648 1729 2918 1784; x_wconf 66' lang='lat' dir='ltr'><strong>aemulatus</strong></span> <span class='ocrx_word' id='word_1_239' title='bbox 2938 1739 3012 1784; x_wconf 87' lang='lat' dir='ltr'><strong>est</strong></span> <span class='ocrx_word' id='word_1_240' title='bbox 3042 1729 3208 1784; x_wconf 74' lang='lat' dir='ltr'><strong>zelum</strong></span> <span class='ocrx_word' id='word_1_241' title='bbox 3246 1746 3416 1785; x_wconf 88' lang='lat' dir='ltr'><strong>meum</strong></span> <span class='ocrx_word' id='word_1_242' title='bbox 3453 1731 3507 1785; x_wconf 91' lang='lat' dir='ltr'><strong>in</strong></span> <span class='ocrx_word' id='word_1_243' title='bbox 3537 1732 3639 1788; x_wconf 88' lang='lat' dir='ltr'><strong>illis</strong></span> <span class='ocrx_word' id='word_1_244' title='bbox 3664 1750 3683 1788; x_wconf 89' lang='lat'><strong><em>:</em></strong></span> <span class='ocrx_word' id='word_1_245' title='bbox 3703 1742 3750 1790; x_wconf 88' lang='lat' dir='ltr'><strong>et</strong></span> 
     </span>
    </p>
   </div>
   <div class='ocr_carea' id='block_1_33' title="bbox 450 1818 2035 1891">
    <p class='ocr_par' dir='ltr' id='par_1_33' title="bbox 450 1822 2033 1891">
     <span class='ocr_line' id='line_1_33' title="bbox 450 1822 2033 1891; baseline 0.001 -14"><span class='ocrx_word' id='word_1_246' title='bbox 450 1841 534 1890; x_wconf 90' lang='lat' dir='ltr'><strong>es,</strong></span> <span class='ocrx_word' id='word_1_247' title='bbox 569 1822 803 1879; x_wconf 86' lang='lat' dir='ltr'><strong>Domine.</strong></span> <span class='ocrx_word' id='word_1_248' title='bbox 851 1824 989 1891; x_wconf 79' lang='lat' dir='ltr'><strong>Quid</strong></span> <span class='ocrx_word' id='word_1_249' title='bbox 1018 1825 1163 1880; x_wconf 86' lang='lat' dir='ltr'><strong>enim</strong></span> <span class='ocrx_word' id='word_1_250' title='bbox 1199 1835 1446 1880; x_wconf 87' lang='lat' dir='ltr'><strong>nostrum</strong></span> <span class='ocrx_word' id='word_1_251' title='bbox 1485 1826 2033 1882; x_wconf 84' lang='lat' dir='ltr'><strong>amittimus?Clama</strong></span> 
     </span>
    </p>
   </div>
   <div class='ocr_carea' id='block_1_34' title="bbox 2158 1818 3744 1891">
    <p class='ocr_par' dir='ltr' id='par_1_34' title="bbox 2165 1818 3744 1890">
     <span class='ocr_line' id='line_1_34' title="bbox 2165 1818 3744 1890; baseline 0.009 -24"><span class='ocrx_word' id='word_1_252' title='bbox 2165 1830 2267 1867; x_wconf 89' lang='lat' dir='ltr'><strong>non</strong></span> <span class='ocrx_word' id='word_1_253' title='bbox 2287 1819 2636 1873; x_wconf 83' lang='lat' dir='ltr'><strong>consummavi</strong></span> <span class='ocrx_word' id='word_1_254' title='bbox 2664 1819 2800 1881; x_wconf 85' lang='lat' dir='ltr'><strong>ﬁlios</strong></span> <span class='ocrx_word' id='word_1_255' title='bbox 2826 1818 3002 1875; x_wconf 88' lang='lat' dir='ltr'><strong>Israel</strong></span> <span class='ocrx_word' id='word_1_256' title='bbox 3023 1820 3077 1875; x_wconf 85' lang='lat' dir='ltr'><strong>in</strong></span> <span class='ocrx_word' id='word_1_257' title='bbox 3097 1821 3207 1877; x_wconf 78' lang='lat' dir='ltr'><strong>zelo</strong></span> <span class='ocrx_word' id='word_1_258' title='bbox 3258 1838 3392 1890; x_wconf 89' lang='lat' dir='ltr'><strong>meo,</strong></span> <span class='ocrx_word' id='word_1_259' title='bbox 3449 1824 3580 1878; x_wconf 86' lang='lat' dir='ltr'><strong>sicut</strong></span> <span class='ocrx_word' id='word_1_260' title='bbox 3626 1824 3744 1881; x_wconf 68' lang='lat' dir='ltr'><strong>dixi.</strong></span> 
     </span>
    </p>
   </div>
   <div class='ocr_carea' id='block_1_35' title="bbox 451 1916 2057 1993">
    <p class='ocr_par' dir='ltr' id='par_1_35' title="bbox 451 1916 2057 1993">
     <span class='ocr_line' id='line_1_35' title="bbox 451 1916 2057 1993; baseline 0.002 -21"><span class='ocrx_word' id='word_1_261' title='bbox 451 1919 748 1986; x_wconf 76' lang='lat' dir='ltr'><strong>Apostolus</strong></span> <span class='ocrx_word' id='word_1_262' title='bbox 769 1934 783 1970; x_wconf 90' lang='lat'><strong>:</strong></span> <span class='ocrx_word' id='word_1_263' title='bbox 802 1917 940 1984; x_wconf 82' lang='lat' dir='ltr'><strong>Quid</strong></span> <span class='ocrx_word' id='word_1_264' title='bbox 959 1916 1116 1973; x_wconf 84' lang='lat' dir='ltr'><strong>habes</strong></span> <span class='ocrx_word' id='word_1_265' title='bbox 1138 1918 1279 1988; x_wconf 87' lang='lat' dir='ltr'><strong>quod</strong></span> <span class='ocrx_word' id='word_1_266' title='bbox 1292 1935 1393 1973; x_wconf 85' lang='lat' dir='ltr'><strong>non</strong></span> <span class='ocrx_word' id='word_1_267' title='bbox 1408 1919 1652 1990; x_wconf 82' lang='lat' dir='ltr'><strong>accepisti</strong></span> <span class='ocrx_word' id='word_1_268' title='bbox 1668 1919 1706 1991; x_wconf 94' lang='grc' dir='ltr'>(Ι</span> <span class='ocrx_word' id='word_1_269' title='bbox 1733 1919 1855 1974; x_wconf 67' lang='lat' dir='ltr'><strong>(lor.</strong></span> <span class='ocrx_word' id='word_1_270' title='bbox 1882 1936 1957 1979; x_wconf 83' lang='lat' dir='ltr'><strong>IV.</strong></span> <span class='ocrx_word' id='word_1_271' title='bbox 1973 1921 2057 1993; x_wconf 85' lang='lat'><strong>7)?</strong></span> 
     </span>
    </p>
   </div>
   <div class='ocr_carea' id='block_1_36' title="bbox 450 2008 2058 2081">
    <p class='ocr_par' dir='ltr' id='par_1_36' title="bbox 450 2008 2058 2081">
     <span class='ocr_line' id='line_1_36' title="bbox 450 2008 2058 2081; baseline 0.002 -18"><span class='ocrx_word' id='word_1_272' title='bbox 450 2008 604 2078; x_wconf 80' lang='lat' dir='ltr'><strong>Quod</strong></span> <span class='ocrx_word' id='word_1_273' title='bbox 637 2009 900 2064; x_wconf 84' lang='lat' dir='ltr'><strong>habemus</strong></span> <span class='ocrx_word' id='word_1_274' title='bbox 929 2024 1096 2081; x_wconf 88' lang='lat' dir='ltr'><strong>ergo,</strong></span> <span class='ocrx_word' id='word_1_275' title='bbox 1128 2012 1437 2081; x_wconf 87' lang='lat' dir='ltr'><strong>accepimus</strong></span> <span class='ocrx_word' id='word_1_276' title='bbox 1469 2028 1485 2066; x_wconf 91' lang='lat'><strong>:</strong></span> <span class='ocrx_word' id='word_1_277' title='bbox 1518 2012 1660 2080; x_wconf 86' lang='lat' dir='ltr'><strong>quod</strong></span> <span class='ocrx_word' id='word_1_278' title='bbox 1704 2012 1869 2081; x_wconf 82' lang='lat' dir='ltr'><strong>igitur</strong></span> <span class='ocrx_word' id='word_1_279' title='bbox 1898 2017 2058 2068; x_wconf 83' lang='lat' dir='ltr'><strong>amit-</strong></span> 
     </span>
    </p>
   </div>
   <div class='ocr_carea' id='block_1_37' title="bbox 450 2103 2058 2179">
    <p class='ocr_par' dir='ltr' id='par_1_37' title="bbox 450 2103 2058 2179">
     <span class='ocr_line' id='line_1_37' title="bbox 450 2103 2058 2179; baseline 0.003 -22"><span class='ocrx_word' id='word_1_280' title='bbox 450 2105 639 2168; x_wconf 87' lang='lat' dir='ltr'><strong>timus,</strong></span> <span class='ocrx_word' id='word_1_281' title='bbox 684 2104 985 2169; x_wconf 86' lang='lat' dir='ltr'><strong>reddimus,</strong></span> <span class='ocrx_word' id='word_1_282' title='bbox 1016 2119 1121 2158; x_wconf 92' lang='lat' dir='ltr'><strong>non</strong></span> <span class='ocrx_word' id='word_1_283' title='bbox 1155 2104 1475 2160; x_wconf 85' lang='lat' dir='ltr'><strong>amittimus.</strong></span> <span class='ocrx_word' id='word_1_284' title='bbox 1498 2103 1685 2161; x_wconf 84' lang='lat' dir='ltr'><strong>Justus</strong></span> <span class='ocrx_word' id='word_1_285' title='bbox 1718 2106 1926 2179; x_wconf 77' lang='lat'><strong>1197</strong></span> <span class='ocrx_word' id='word_1_286' title='bbox 1954 2108 2058 2162; x_wconf 88' lang='lat' dir='ltr'><strong>Do-</strong></span> 
     </span>
    </p>
   </div>
   <div class='ocr_carea' id='block_1_38' title="bbox 449 2197 2057 2269">
    <p class='ocr_par' dir='ltr' id='par_1_38' title="bbox 449 2197 2057 2269">
     <span class='ocr_line' id='line_1_38' title="bbox 449 2197 2057 2269; baseline 0 -16"><span class='ocrx_word' id='word_1_287' title='bbox 449 2200 632 2253; x_wconf 86' lang='lat' dir='ltr'><strong>minus</strong></span> <span class='ocrx_word' id='word_1_288' title='bbox 681 2198 733 2251; x_wconf 89' lang='lat' dir='ltr'><strong>in</strong></span> <span class='ocrx_word' id='word_1_289' title='bbox 782 2197 1072 2268; x_wconf 84' lang='lat' dir='ltr'><strong>periculis,</strong></span> <span class='ocrx_word' id='word_1_290' title='bbox 1100 2197 1283 2268; x_wconf 87' lang='lat' dir='ltr'><strong>justus</strong></span> <span class='ocrx_word' id='word_1_291' title='bbox 1330 2199 1382 2252; x_wconf 90' lang='lat' dir='ltr'><strong>iu</strong></span> <span class='ocrx_word' id='word_1_292' title='bbox 1412 2197 1646 2261; x_wconf 85' lang='lat' dir='ltr'><strong>damnis,</strong></span> <span class='ocrx_word' id='word_1_293' title='bbox 1676 2198 1854 2269; x_wconf 88' lang='lat' dir='ltr'><strong>justus</strong></span> <span class='ocrx_word' id='word_1_294' title='bbox 1893 2203 1945 2254; x_wconf 87' lang='lat' dir='ltr'><strong>in</strong></span> <span class='ocrx_word' id='word_1_295' title='bbox 1975 2200 2057 2255; x_wconf 80' lang='lat' dir='ltr'><strong>ul-</strong></span> 
     </span>
    </p>
   </div>
   <div class='ocr_carea' id='block_1_39' title="bbox 446 2288 2053 2362">
    <p class='ocr_par' dir='ltr' id='par_1_39' title="bbox 446 2288 2053 2362">
     <span class='ocr_line' id='line_1_39' title="bbox 446 2288 2053 2362; baseline 0.002 -19"><span class='ocrx_word' id='word_1_296' title='bbox 446 2290 684 2346; x_wconf 87' lang='lat' dir='ltr'><strong>tionibus</strong></span> <span class='ocrx_word' id='word_1_297' title='bbox 710 2297 813 2353; x_wconf 79' lang='lat' dir='ltr'><strong>est,</strong></span> <span class='ocrx_word' id='word_1_298' title='bbox 839 2305 946 2344; x_wconf 91' lang='lat' dir='ltr'><strong>non</strong></span> <span class='ocrx_word' id='word_1_299' title='bbox 971 2288 1146 2344; x_wconf 88' lang='lat' dir='ltr'><strong>solum</strong></span> <span class='ocrx_word' id='word_1_300' title='bbox 1171 2290 1296 2360; x_wconf 83' lang='lat' dir='ltr'><strong>quia</strong></span> <span class='ocrx_word' id='word_1_301' title='bbox 1326 2293 1698 2361; x_wconf 76' lang='lat' dir='ltr'><strong>unusquisque</strong></span> <span class='ocrx_word' id='word_1_302' title='bbox 1717 2291 1859 2361; x_wconf 87' lang='lat' dir='ltr'><strong>juste</strong></span> <span class='ocrx_word' id='word_1_303' title='bbox 1880 2291 2053 2362; x_wconf 79' lang='lat' dir='ltr'><strong>culpae</strong></span> 
     </span>
    </p>
   </div>
   <div class='ocr_carea' id='block_1_40' title="bbox 449 2381 2054 2454">
    <p class='ocr_par' dir='ltr' id='par_1_40' title="bbox 449 2381 2054 2454">
     <span class='ocr_line' id='line_1_40' title="bbox 449 2381 2054 2454; baseline 0.002 -18"><span class='ocrx_word' id='word_1_304' title='bbox 449 2396 564 2437; x_wconf 83' lang='lat' dir='ltr'><strong>suae</strong></span> <span class='ocrx_word' id='word_1_305' title='bbox 604 2382 837 2452; x_wconf 86' lang='lat' dir='ltr'><strong>pretium</strong></span> <span class='ocrx_word' id='word_1_306' title='bbox 874 2381 970 2435; x_wconf 90' lang='lat' dir='ltr'><strong>luit</strong></span> <span class='ocrx_word' id='word_1_307' title='bbox 996 2397 1011 2446; x_wconf 88' lang='lat'><strong>;</strong></span> <span class='ocrx_word' id='word_1_308' title='bbox 1036 2383 1390 2437; x_wconf 83' lang='lat' dir='ltr'><strong>verutnetiam</strong></span> <span class='ocrx_word' id='word_1_309' title='bbox 1419 2383 1541 2453; x_wconf 86' lang='lat' dir='ltr'><strong>quia</strong></span> <span class='ocrx_word' id='word_1_310' title='bbox 1569 2382 1696 2436; x_wconf 89' lang='lat' dir='ltr'><strong>dum</strong></span> <span class='ocrx_word' id='word_1_311' title='bbox 1730 2398 1869 2438; x_wconf 87' lang='lat' dir='ltr'><strong>unus</strong></span> <span class='ocrx_word' id='word_1_312' title='bbox 1896 2384 2054 2454; x_wconf 85' lang='lat' dir='ltr'><strong>puni-</strong></span> 
     </span>
    </p>
   </div>
   <div class='ocr_carea' id='block_1_41' title="bbox 444 2472 2055 2546">
    <p class='ocr_par' dir='ltr' id='par_1_41' title="bbox 444 2472 2055 2546">
     <span class='ocr_line' id='line_1_41' title="bbox 444 2472 2055 2546; baseline 0.002 -19"><span class='ocrx_word' id='word_1_313' title='bbox 444 2482 552 2536; x_wconf 88' lang='lat' dir='ltr'><strong>tur,</strong></span> <span class='ocrx_word' id='word_1_314' title='bbox 589 2473 807 2541; x_wconf 89' lang='lat' dir='ltr'><strong>plurimi</strong></span> <span class='ocrx_word' id='word_1_315' title='bbox 837 2475 1206 2543; x_wconf 90' lang='lat' dir='ltr'><strong>corriguntur.</strong></span> <span class='ocrx_word' id='word_1_316' title='bbox 1241 2472 1478 2528; x_wconf 84' lang='lat' dir='ltr'><strong>Ananias</strong></span> <span class='ocrx_word' id='word_1_317' title='bbox 1506 2475 1557 2528; x_wconf 92' lang='lat' dir='ltr'><strong>in</strong></span> <span class='ocrx_word' id='word_1_318' title='bbox 1585 2473 1811 2529; x_wconf 86' lang='lat' dir='ltr'><strong>Actibus</strong></span> <span class='ocrx_word' id='word_1_319' title='bbox 1837 2483 2055 2546; x_wconf 81' lang='lat' dir='ltr'><strong>aposto-</strong></span> 
     </span>
    </p>
   </div>
   <div class='ocr_carea' id='block_1_42' title="bbox 441 2566 2053 2639">
    <p class='ocr_par' dir='ltr' id='par_1_42' title="bbox 441 2566 2053 2639">
     <span class='ocr_line' id='line_1_42' title="bbox 441 2566 2053 2639; baseline 0.003 -18"><span class='ocrx_word' id='word_1_320' title='bbox 441 2566 618 2622; x_wconf 87' lang='lat' dir='ltr'><strong>lorum</strong></span> <span class='ocrx_word' id='word_1_321' title='bbox 671 2566 902 2622; x_wconf 89' lang='lat' dir='ltr'><strong>fraudati</strong></span> <span class='ocrx_word' id='word_1_322' title='bbox 952 2567 1109 2637; x_wconf 79' lang='lat' dir='ltr'><strong>pretii</strong></span> <span class='ocrx_word' id='word_1_323' title='bbox 1152 2567 1296 2637; x_wconf 89' lang='lat' dir='ltr'><strong>quod</strong></span> <span class='ocrx_word' id='word_1_324' title='bbox 1345 2567 1415 2623; x_wconf 90' lang='lat' dir='ltr'><strong>de</strong></span> <span class='ocrx_word' id='word_1_325' title='bbox 1462 2568 1577 2639; x_wconf 82' lang='lat' dir='ltr'><strong>agri</strong></span> <span class='ocrx_word' id='word_1_326' title='bbox 1625 2569 1708 2623; x_wconf 89' lang='lat' dir='ltr'><strong>sui</strong></span> <span class='ocrx_word' id='word_1_327' title='bbox 1738 2568 2053 2626; x_wconf 70' lang='lat' dir='ltr'><strong>venditione</strong></span> 
     </span>
    </p>
   </div>
   <div class='ocr_carea' id='block_1_43' title="bbox 441 2658 2050 2734">
    <p class='ocr_par' dir='ltr' id='par_1_43' title="bbox 441 2658 2050 2734">
     <span class='ocr_line' id='line_1_43' title="bbox 441 2658 2050 2734; baseline 0.001 -19"><span class='ocrx_word' id='word_1_328' title='bbox 441 2668 795 2731; x_wconf 77' lang='lat' dir='ltr'><strong>perceperat,</strong></span> <span class='ocrx_word' id='word_1_329' title='bbox 844 2659 1051 2715; x_wconf 87' lang='lat' dir='ltr'><strong>crimen</strong></span> <span class='ocrx_word' id='word_1_330' title='bbox 1092 2659 1312 2715; x_wconf 81' lang='lat' dir='ltr'><strong>admisit</strong></span> <span class='ocrx_word' id='word_1_331' title='bbox 1354 2660 1494 2728; x_wconf 78' lang='lat' dir='ltr'><strong>(Art.</strong></span> <span class='ocrx_word' id='word_1_332' title='bbox 1524 2675 1589 2723; x_wconf 75' lang='grc' dir='ltr'><strong>ν,</strong></span> <span class='ocrx_word' id='word_1_333' title='bbox 1624 2661 1649 2715; x_wconf 90' lang='grc'><strong>1</strong></span> <span class='ocrx_word' id='word_1_334' title='bbox 1683 2670 1728 2715; x_wconf 91' lang='lat' dir='ltr'><strong>et</strong></span> <span class='ocrx_word' id='word_1_335' title='bbox 1757 2658 1887 2734; x_wconf 88' lang='lat' dir='ltr'><strong>seq.)</strong></span> <span class='ocrx_word' id='word_1_336' title='bbox 1918 2678 1931 2714; x_wconf 90' lang='lat'><strong>:</strong></span> <span class='ocrx_word' id='word_1_337' title='bbox 1961 2662 2050 2728; x_wconf 89' lang='lat' dir='ltr'><strong>qui</strong></span> 
     </span>
    </p>
   </div>
   <div class='ocr_carea' id='block_1_44' title="bbox 436 2752 2049 2825">
    <p class='ocr_par' dir='ltr' id='par_1_44' title="bbox 436 2752 2049 2825">
     <span class='ocr_line' id='line_1_44' title="bbox 436 2752 2049 2825; baseline 0.002 -17"><span class='ocrx_word' id='word_1_338' title='bbox 436 2764 688 2825; x_wconf 87' lang='lat' dir='ltr'><strong>potuerat</strong></span> <span class='ocrx_word' id='word_1_339' title='bbox 717 2753 849 2810; x_wconf 86' lang='lat' dir='ltr'><strong>nihil</strong></span> <span class='ocrx_word' id='word_1_340' title='bbox 882 2752 1105 2820; x_wconf 83' lang='lat' dir='ltr'><strong>ol&#39;l&#39;erre,</strong></span> <span class='ocrx_word' id='word_1_341' title='bbox 1138 2763 1193 2807; x_wconf 84' lang='lat' dir='ltr'><strong>et</strong></span> <span class='ocrx_word' id='word_1_342' title='bbox 1229 2754 1435 2809; x_wconf 80' lang='lat' dir='ltr'><strong>crimen</strong></span> <span class='ocrx_word' id='word_1_343' title='bbox 1464 2753 1721 2809; x_wconf 85' lang='lat' dir='ltr'><strong>evadere.</strong></span> <span class='ocrx_word' id='word_1_344' title='bbox 1751 2754 1946 2811; x_wconf 78' lang='lat' dir='ltr'><strong>Verum</strong></span> <span class='ocrx_word' id='word_1_345' title='bbox 1980 2771 2049 2812; x_wconf 90' lang='lat' dir='ltr'><strong>ue</strong></span> 
     </span>
    </p>
   </div>
   <div class='ocr_carea' id='block_1_45' title="bbox 436 2846 2053 2918">
    <p class='ocr_par' dir='ltr' id='par_1_45' title="bbox 436 2846 2053 2918">
     <span class='ocr_line' id='line_1_45' title="bbox 436 2846 2053 2918; baseline 0.006 -21"><span class='ocrx_word' id='word_1_346' title='bbox 436 2851 564 2915; x_wconf 78' lang='lat' dir='ltr'><strong>quis</strong></span> <span class='ocrx_word' id='word_1_347' title='bbox 607 2846 832 2916; x_wconf 88' lang='lat' dir='ltr'><strong>impune</strong></span> <span class='ocrx_word' id='word_1_348' title='bbox 876 2848 1407 2904; x_wconf 87' lang='lat' dir='ltr'><strong>circumscribendos</strong></span> <span class='ocrx_word' id='word_1_349' title='bbox 1453 2849 1732 2918; x_wconf 86' lang='lat' dir='ltr'><strong>apostolos</strong></span> <span class='ocrx_word' id='word_1_350' title='bbox 1757 2851 2053 2906; x_wconf 84' lang='lat' dir='ltr'><strong>arbitrare—</strong></span> 
     </span>
    </p>
   </div>
   <div class='ocr_carea' id='block_1_46' title="bbox 439 2940 2047 3004">
    <p class='ocr_par' dir='ltr' id='par_1_46' title="bbox 439 2940 2047 3004">
     <span class='ocr_line' id='line_1_46' title="bbox 439 2940 2047 3004; baseline 0.003 -10"><span class='ocrx_word' id='word_1_351' title='bbox 439 2950 547 3004; x_wconf 90' lang='lat' dir='ltr'><strong>tur,</strong></span> <span class='ocrx_word' id='word_1_352' title='bbox 576 2949 673 2994; x_wconf 89' lang='lat' dir='ltr'><strong>aut</strong></span> <span class='ocrx_word' id='word_1_353' title='bbox 695 2940 1087 2995; x_wconf 74' lang='lat' dir='ltr'><strong>misericordia:</strong></span> <span class='ocrx_word' id='word_1_354' title='bbox 1118 2956 1230 2995; x_wconf 72' lang='lat' dir='ltr'><strong>suae</strong></span> <span class='ocrx_word' id='word_1_355' title='bbox 1259 2957 1457 2997; x_wconf 90' lang='lat' dir='ltr'><strong>munus</strong></span> <span class='ocrx_word' id='word_1_356' title='bbox 1489 2942 1678 2998; x_wconf 81' lang='lat' dir='ltr'><strong>fraude</strong></span> <span class='ocrx_word' id='word_1_357' title='bbox 1702 2947 2047 3000; x_wconf 87' lang='lat' dir='ltr'><strong>contamina-</strong></span> 
     </span>
    </p>
   </div>
   <div class='ocr_carea' id='block_1_47' title="bbox 444 3031 2045 3104">
    <p class='ocr_par' dir='ltr' id='par_1_47' title="bbox 444 3031 2045 3104">
     <span class='ocr_line' id='line_1_47' title="bbox 444 3031 2045 3104; baseline 0.004 -17"><span class='ocrx_word' id='word_1_358' title='bbox 444 3042 528 3087; x_wconf 88' lang='lat' dir='ltr'><strong>ret</strong></span> <span class='ocrx_word' id='word_1_359' title='bbox 575 3031 819 3104; x_wconf 76' lang='lat' dir='ltr'><strong>perlidim</strong></span> <span class='ocrx_word' id='word_1_360' title='bbox 841 3072 855 3097; x_wconf 90' lang='lat'><strong>,</strong></span> <span class='ocrx_word' id='word_1_361' title='bbox 886 3042 912 3071; x_wconf 72' lang='grc' dir='ltr'><strong><em>α</em></strong></span> <span class='ocrx_word' id='word_1_362' title='bbox 936 3034 1095 3086; x_wconf 89' lang='lat' dir='ltr'><strong>morti</strong></span> <span class='ocrx_word' id='word_1_363' title='bbox 1127 3033 1378 3090; x_wconf 87' lang='lat' dir='ltr'><strong>addictus</strong></span> <span class='ocrx_word' id='word_1_364' title='bbox 1406 3042 1644 3101; x_wconf 56' lang='lat' dir='ltr'><strong>ueterum,</strong></span> <span class='ocrx_word' id='word_1_365' title='bbox 1672 3038 1954 3093; x_wconf 87' lang='lat' dir='ltr'><strong>universos</strong></span> <span class='ocrx_word' id='word_1_366' title='bbox 1978 3037 2045 3094; x_wconf 86' lang='lat' dir='ltr'><strong>ad</strong></span> 
     </span>
    </p>
   </div>
   <div class='ocr_carea' id='block_1_48' title="bbox 438 3123 2044 3196">
    <p class='ocr_par' dir='ltr' id='par_1_48' title="bbox 438 3123 2044 3196">
     <span class='ocr_line' id='line_1_48' title="bbox 438 3123 2044 3196; baseline 0.004 -17"><span class='ocrx_word' id='word_1_367' title='bbox 438 3124 564 3181; x_wconf 88' lang='lat' dir='ltr'><strong>tidei</strong></span> <span class='ocrx_word' id='word_1_368' title='bbox 607 3123 845 3180; x_wconf 76' lang='lat' dir='ltr'><strong>Studium</strong></span> <span class='ocrx_word' id='word_1_369' title='bbox 889 3124 1040 3196; x_wconf 88' lang='lat' dir='ltr'><strong>justo</strong></span> <span class='ocrx_word' id='word_1_370' title='bbox 1070 3134 1281 3181; x_wconf 89' lang='lat' dir='ltr'><strong>terrore</strong></span> <span class='ocrx_word' id='word_1_371' title='bbox 1318 3127 1649 3195; x_wconf 87' lang='lat' dir='ltr'><strong>composuit.</strong></span> <span class='ocrx_word' id='word_1_372' title='bbox 1681 3128 1894 3184; x_wconf 89' lang='lat' dir='ltr'><strong>Pharao</strong></span> <span class='ocrx_word' id='word_1_373' title='bbox 1918 3145 2044 3185; x_wconf 92' lang='lat' dir='ltr'><strong>cum</strong></span> 
     </span>
    </p>
   </div>
   <div class='ocr_carea' id='block_1_49' title="bbox 2118 1901 3751 1983">
    <p class='ocr_par' dir='ltr' id='par_1_49' title="bbox 2118 1901 3751 1983">
     <span class='ocr_line' id='line_1_49' title="bbox 2118 1901 3751 1983; baseline 0.007 -25"><span class='ocrx_word' id='word_1_374' title='bbox 2118 1968 2121 1971; x_wconf 96' lang='lat'><em>_</em></span> <span class='ocrx_word' id='word_1_375' title='bbox 2166 1901 2302 1959; x_wconf 82' lang='lat' dir='ltr'><strong>Ecce</strong></span> <span class='ocrx_word' id='word_1_376' title='bbox 2318 1922 2414 1977; x_wconf 84' lang='lat' dir='ltr'><strong>ego</strong></span> <span class='ocrx_word' id='word_1_377' title='bbox 2435 1907 2502 1961; x_wconf 89' lang='lat' dir='ltr'><strong>do</strong></span> <span class='ocrx_word' id='word_1_378' title='bbox 2530 1909 2575 1963; x_wconf 86' lang='lat' dir='ltr'><strong>ei</strong></span> <span class='ocrx_word' id='word_1_379' title='bbox 2622 1918 2979 1965; x_wconf 79' lang='lat' dir='ltr'><strong>testamentum</strong></span> <span class='ocrx_word' id='word_1_380' title='bbox 3004 1912 3149 1983; x_wconf 80' lang='lat' dir='ltr'><strong>pacis</strong></span> <span class='ocrx_word' id='word_1_381' title='bbox 3168 1952 3183 1976; x_wconf 92' lang='lat'><strong>,</strong></span> <span class='ocrx_word' id='word_1_382' title='bbox 3208 1921 3258 1967; x_wconf 89' lang='lat' dir='ltr'><strong>et</strong></span> <span class='ocrx_word' id='word_1_383' title='bbox 3283 1912 3381 1966; x_wconf 89' lang='lat' dir='ltr'><strong>erit</strong></span> <span class='ocrx_word' id='word_1_384' title='bbox 3407 1913 3490 1967; x_wconf 84' lang='lat' dir='ltr'><strong>illi</strong></span> <span class='ocrx_word' id='word_1_385' title='bbox 3510 1923 3557 1969; x_wconf 89' lang='lat' dir='ltr'><strong>et</strong></span> <span class='ocrx_word' id='word_1_386' title='bbox 3580 1915 3751 1970; x_wconf 78' lang='lat' dir='ltr'><strong>semini</strong></span> 
     </span>
    </p>
   </div>
   <div class='ocr_carea' id='block_1_50' title="bbox 2173 1997 3748 2077">
    <p class='ocr_par' dir='ltr' id='par_1_50' title="bbox 2173 1997 3748 2077">
     <span class='ocr_line' id='line_1_50' title="bbox 2173 1997 3748 2077; baseline 0.006 -28"><span class='ocrx_word' id='word_1_387' title='bbox 2173 1997 2283 2060; x_wconf 87' lang='lat' dir='ltr'><strong>eius</strong></span> <span class='ocrx_word' id='word_1_388' title='bbox 2312 2007 2427 2068; x_wconf 86' lang='lat' dir='ltr'><strong>post</strong></span> <span class='ocrx_word' id='word_1_389' title='bbox 2447 2015 2563 2055; x_wconf 85' lang='lat' dir='ltr'><strong>eum</strong></span> <span class='ocrx_word' id='word_1_390' title='bbox 2591 2008 2945 2056; x_wconf 82' lang='lat' dir='ltr'><strong>testamentum</strong></span> <span class='ocrx_word' id='word_1_391' title='bbox 2992 2002 3270 2057; x_wconf 69' lang='lat' dir='ltr'><strong>sacerdotii</strong></span> <span class='ocrx_word' id='word_1_392' title='bbox 3317 2012 3591 2072; x_wconf 76' lang='lat' dir='ltr'><strong>(eternum,</strong></span> <span class='ocrx_word' id='word_1_393' title='bbox 3637 2021 3748 2077; x_wconf 83' lang='lat' dir='ltr'><strong>pro-</strong></span> 
     </span>
    </p>
   </div>
   <div class='ocr_carea' id='block_1_51' title="bbox 2162 2095 3752 2166">
    <p class='ocr_par' dir='ltr' id='par_1_51' title="bbox 2162 2095 3752 2166">
     <span class='ocr_line' id='line_1_51' title="bbox 2162 2095 3752 2166; baseline 0.005 -20"><span class='ocrx_word' id='word_1_394' title='bbox 2162 2102 2274 2162; x_wconf 86' lang='lat' dir='ltr'><strong>pter</strong></span> <span class='ocrx_word' id='word_1_395' title='bbox 2293 2095 2431 2164; x_wconf 87' lang='lat' dir='ltr'><strong>quod</strong></span> <span class='ocrx_word' id='word_1_396' title='bbox 2456 2096 2728 2151; x_wconf 72' lang='lat' dir='ltr'><strong>tumulatus</strong></span> <span class='ocrx_word' id='word_1_397' title='bbox 2757 2105 2833 2151; x_wconf 87' lang='lat' dir='ltr'><strong>est</strong></span> <span class='ocrx_word' id='word_1_398' title='bbox 2858 2096 3026 2152; x_wconf 85' lang='lat' dir='ltr'><strong>Deum</strong></span> <span class='ocrx_word' id='word_1_399' title='bbox 3055 2108 3077 2137; x_wconf 74' lang='grc' dir='ltr'>ε</span> <span class='ocrx_word' id='word_1_400' title='bbox 3108 2114 3283 2166; x_wconf 88' lang='lat' dir='ltr'><strong>suum,</strong></span> <span class='ocrx_word' id='word_1_401' title='bbox 3312 2108 3358 2153; x_wconf 92' lang='lat' dir='ltr'><strong>et</strong></span> <span class='ocrx_word' id='word_1_402' title='bbox 3387 2116 3493 2153; x_wconf 88' lang='lat' dir='ltr'><strong>non</strong></span> <span class='ocrx_word' id='word_1_403' title='bbox 3536 2100 3752 2155; x_wconf 68' lang='lat' dir='ltr'><strong>exoravit</strong></span> 
     </span>
    </p>
   </div>
   <div class='ocr_carea' id='block_1_52' title="bbox 2162 2185 3752 2265">
    <p class='ocr_par' dir='ltr' id='par_1_52' title="bbox 2162 2185 3752 2265">
     <span class='ocr_line' id='line_1_52' title="bbox 2162 2185 3752 2265; baseline 0.008 -27"><span class='ocrx_word' id='word_1_404' title='bbox 2162 2200 2257 2254; x_wconf 88' lang='lat' dir='ltr'><strong>pro</strong></span> <span class='ocrx_word' id='word_1_405' title='bbox 2295 2185 2421 2255; x_wconf 88' lang='lat' dir='ltr'><strong>ﬁliis</strong></span> <span class='ocrx_word' id='word_1_406' title='bbox 2460 2186 2631 2243; x_wconf 83' lang='lat' dir='ltr'><strong>Israel</strong></span> <span class='ocrx_word' id='word_1_407' title='bbox 2662 2186 2850 2260; x_wconf 85' lang='lat' dir='ltr'><strong>(Nam.</strong></span> <span class='ocrx_word' id='word_1_408' title='bbox 2896 2206 3024 2257; x_wconf 87' lang='lat' dir='ltr'><strong>xxv,</strong></span> <span class='ocrx_word' id='word_1_409' title='bbox 3056 2191 3113 2246; x_wconf 87' lang='grc'><strong>11</strong></span> <span class='ocrx_word' id='word_1_410' title='bbox 3160 2201 3208 2246; x_wconf 84' lang='lat' dir='ltr'><strong>et</strong></span> <span class='ocrx_word' id='word_1_411' title='bbox 3235 2192 3390 2263; x_wconf 87' lang='lat' dir='ltr'><strong>seq.).</strong></span> <span class='ocrx_word' id='word_1_412' title='bbox 3434 2192 3589 2249; x_wconf 66' lang='lat' dir='ltr'><strong>Caesa</strong></span> <span class='ocrx_word' id='word_1_413' title='bbox 3613 2193 3752 2265; x_wconf 84' lang='lat' dir='ltr'><strong>jace-</strong></span> 
     </span>
    </p>
   </div>
   <div class='ocr_carea' id='block_1_53' title="bbox 2158 2279 3754 2358">
    <p class='ocr_par' dir='ltr' id='par_1_53' title="bbox 2158 2279 3754 2358">
     <span class='ocr_line' id='line_1_53' title="bbox 2158 2279 3754 2358; baseline 0.006 -23"><span class='ocrx_word' id='word_1_414' title='bbox 2158 2279 2287 2336; x_wconf 87' lang='lat' dir='ltr'><strong>bant</strong></span> <span class='ocrx_word' id='word_1_415' title='bbox 2312 2281 2503 2352; x_wconf 81' lang='lat' dir='ltr'><strong>viginti</strong></span> <span class='ocrx_word' id='word_1_416' title='bbox 2525 2290 2755 2352; x_wconf 87' lang='lat' dir='ltr'><strong>quatuor</strong></span> <span class='ocrx_word' id='word_1_417' title='bbox 2777 2283 2943 2339; x_wconf 90' lang='lat' dir='ltr'><strong>millia</strong></span> <span class='ocrx_word' id='word_1_418' title='bbox 2966 2284 3286 2356; x_wconf 85' lang='lat' dir='ltr'><strong>populorum</strong></span> <span class='ocrx_word' id='word_1_419' title='bbox 3317 2302 3332 2341; x_wconf 90' lang='lat'><strong>:</strong></span> <span class='ocrx_word' id='word_1_420' title='bbox 3364 2286 3621 2342; x_wconf 82' lang='lat' dir='ltr'><strong>tendebat</strong></span> <span class='ocrx_word' id='word_1_421' title='bbox 3647 2301 3754 2358; x_wconf 66' lang='lat' dir='ltr'><strong>po:-</strong></span> 
     </span>
    </p>
   </div>
   <div class='ocr_carea' id='block_1_54' title="bbox 2157 2374 3753 2449">
    <p class='ocr_par' dir='ltr' id='par_1_54' title="bbox 2157 2374 3753 2449">
     <span class='ocr_line' id='line_1_54' title="bbox 2157 2374 3753 2449; baseline 0.004 -20"><span class='ocrx_word' id='word_1_422' title='bbox 2157 2389 2224 2429; x_wconf 92' lang='lat' dir='ltr'><strong>na</strong></span> <span class='ocrx_word' id='word_1_423' title='bbox 2250 2374 2303 2429; x_wconf 92' lang='lat' dir='ltr'><strong>in</strong></span> <span class='ocrx_word' id='word_1_424' title='bbox 2325 2389 2536 2442; x_wconf 88' lang='lat' dir='ltr'><strong>omnes,</strong></span> <span class='ocrx_word' id='word_1_425' title='bbox 2569 2391 2669 2431; x_wconf 86' lang='lat' dir='ltr'><strong>nec</strong></span> <span class='ocrx_word' id='word_1_426' title='bbox 2698 2376 2841 2431; x_wconf 88' lang='lat' dir='ltr'><strong>ullus</strong></span> <span class='ocrx_word' id='word_1_427' title='bbox 2881 2376 3003 2432; x_wconf 91' lang='lat' dir='ltr'><strong>linis</strong></span> <span class='ocrx_word' id='word_1_428' title='bbox 3030 2378 3205 2433; x_wconf 80' lang='lat' dir='ltr'><strong>exitii.</strong></span> <span class='ocrx_word' id='word_1_429' title='bbox 3261 2379 3508 2449; x_wconf 80' lang='lat' dir='ltr'><strong>Arripuit</strong></span> <span class='ocrx_word' id='word_1_430' title='bbox 3533 2380 3753 2435; x_wconf 82' lang='lat' dir='ltr'><strong>siroma-</strong></span> 
     </span>
    </p>
   </div>
   <div class='ocr_carea' id='block_1_55' title="bbox 2156 2467 3756 2537">
    <p class='ocr_par' dir='ltr' id='par_1_55' title="bbox 2156 2467 3756 2537">
     <span class='ocr_line' id='line_1_55' title="bbox 2156 2467 3756 2537; baseline 0.005 -15"><span class='ocrx_word' id='word_1_431' title='bbox 2156 2478 2275 2523; x_wconf 84' lang='lat' dir='ltr'><strong>sten</strong></span> <span class='ocrx_word' id='word_1_432' title='bbox 2322 2467 2735 2537; x_wconf 86' lang='lat' dir='ltr'><strong>Phinees,duos</strong></span> <span class='ocrx_word' id='word_1_433' title='bbox 2761 2471 2960 2527; x_wconf 91' lang='lat' dir='ltr'><strong>occidit</strong></span> <span class='ocrx_word' id='word_1_434' title='bbox 2982 2471 3270 2528; x_wconf 87' lang='lat' dir='ltr'><strong>interdicta</strong></span> <span class='ocrx_word' id='word_1_435' title='bbox 3316 2473 3421 2530; x_wconf 82' lang='lat' dir='ltr'><strong>sibi</strong></span> <span class='ocrx_word' id='word_1_436' title='bbox 3468 2484 3756 2532; x_wconf 89' lang='lat' dir='ltr'><strong>consuetu-</strong></span> 
     </span>
    </p>
   </div>
   <div class='ocr_carea' id='block_1_56' title="bbox 2156 2560 3757 2640">
    <p class='ocr_par' dir='ltr' id='par_1_56' title="bbox 2156 2560 3757 2640">
     <span class='ocr_line' id='line_1_56' title="bbox 2156 2560 3757 2640; baseline 0.004 -24"><span class='ocrx_word' id='word_1_437' title='bbox 2156 2560 2284 2618; x_wconf 89' lang='lat' dir='ltr'><strong>dine</strong></span> <span class='ocrx_word' id='word_1_438' title='bbox 2310 2562 2608 2632; x_wconf 90' lang='lat' dir='ltr'><strong>copulatos,</strong></span> <span class='ocrx_word' id='word_1_439' title='bbox 2643 2563 2876 2620; x_wconf 89' lang='lat' dir='ltr'><strong>redemit</strong></span> <span class='ocrx_word' id='word_1_440' title='bbox 2909 2580 3120 2633; x_wconf 89' lang='lat' dir='ltr'><strong>omnes,</strong></span> <span class='ocrx_word' id='word_1_441' title='bbox 3183 2565 3615 2640; x_wconf 80' lang='lat' dir='ltr'><strong>indignationem</strong></span> <span class='ocrx_word' id='word_1_442' title='bbox 3655 2569 3757 2623; x_wconf 92' lang='lat' dir='ltr'><strong>Do-</strong></span> 
     </span>
    </p>
   </div>
   <div class='ocr_carea' id='block_1_57' title="bbox 2155 2655 3759 2734">
    <p class='ocr_par' dir='ltr' id='par_1_57' title="bbox 2155 2655 3759 2734">
     <span class='ocr_line' id='line_1_57' title="bbox 2155 2655 3759 2734; baseline 0.006 -24"><span class='ocrx_word' id='word_1_443' title='bbox 2155 2655 2288 2711; x_wconf 90' lang='lat' dir='ltr'><strong>mini</strong></span> <span class='ocrx_word' id='word_1_444' title='bbox 2314 2655 2599 2724; x_wconf 79' lang='lat' dir='ltr'><strong>mitigavit,</strong></span> <span class='ocrx_word' id='word_1_445' title='bbox 2623 2655 2774 2712; x_wconf 89' lang='lat' dir='ltr'><strong>dedit</strong></span> <span class='ocrx_word' id='word_1_446' title='bbox 2795 2657 3074 2717; x_wconf 87' lang='lat' dir='ltr'><strong>victoriam</strong></span> <span class='ocrx_word' id='word_1_447' title='bbox 3097 2658 3293 2730; x_wconf 88' lang='lat' dir='ltr'><strong>quibus</strong></span> <span class='ocrx_word' id='word_1_448' title='bbox 3331 2662 3574 2734; x_wconf 78' lang='lat' dir='ltr'><strong>negabat</strong></span> <span class='ocrx_word' id='word_1_449' title='bbox 3620 2662 3759 2720; x_wconf 87' lang='lat' dir='ltr'><strong>salu-</strong></span> 
     </span>
    </p>
   </div>
   <div class='ocr_carea' id='block_1_58' title="bbox 2157 2734 3407 2823">
    <p class='ocr_par' dir='ltr' id='par_1_58' title="bbox 2157 2734 3407 2823">
     <span class='ocr_line' id='line_1_58' title="bbox 2157 2734 3407 2823; baseline 0.006 -20"><span class='ocrx_word' id='word_1_450' title='bbox 2157 2734 2286 2804; x_wconf 88' lang='lat' dir='ltr'><strong>tem.</strong></span> <span class='ocrx_word' id='word_1_451' title='bbox 2314 2749 2485 2819; x_wconf 88' lang='lat' dir='ltr'><strong>Quam</strong></span> <span class='ocrx_word' id='word_1_452' title='bbox 2523 2750 2777 2807; x_wconf 89' lang='lat' dir='ltr'><strong>salutaris</strong></span> <span class='ocrx_word' id='word_1_453' title='bbox 2798 2760 2884 2807; x_wconf 88' lang='lat' dir='ltr'><strong>cst</strong></span> <span class='ocrx_word' id='word_1_454' title='bbox 2909 2751 3071 2823; x_wconf 83' lang='lat' dir='ltr'><strong>igitur</strong></span> <span class='ocrx_word' id='word_1_455' title='bbox 3097 2753 3195 2811; x_wconf 91' lang='lat' dir='ltr'><strong>Dei</strong></span> <span class='ocrx_word' id='word_1_456' title='bbox 3225 2754 3407 2811; x_wconf 82' lang='lat' dir='ltr'><strong>zelus!</strong></span> 
     </span>
    </p>
   </div>
   <div class='ocr_carea' id='block_1_59' title="bbox 2232 2842 3761 2916">
    <p class='ocr_par' dir='ltr' id='par_1_59' title="bbox 2232 2842 3761 2916">
     <span class='ocr_line' id='line_1_59' title="bbox 2232 2842 3761 2916; baseline -0.004 -11"><span class='ocrx_word' id='word_1_457' title='bbox 2232 2842 2560 2915; x_wconf 77' lang='grc'><strong>119811.</strong></span> <span class='ocrx_word' id='word_1_458' title='bbox 2599 2843 2719 2900; x_wconf 83' lang='grc' dir='ltr'><strong>Νοη</strong></span> <span class='ocrx_word' id='word_1_459' title='bbox 2750 2844 2912 2900; x_wconf 90' lang='lat' dir='ltr'><strong>unius</strong></span> <span class='ocrx_word' id='word_1_460' title='bbox 2943 2844 3203 2916; x_wconf 85' lang='lat' dir='ltr'><strong>temporis</strong></span> <span class='ocrx_word' id='word_1_461' title='bbox 3225 2845 3353 2903; x_wconf 92' lang='lat' dir='ltr'><strong>illud</strong></span> <span class='ocrx_word' id='word_1_462' title='bbox 3387 2849 3590 2905; x_wconf 88' lang='lat' dir='ltr'><strong>vitium</strong></span> <span class='ocrx_word' id='word_1_463' title='bbox 3631 2848 3761 2907; x_wconf 78' lang='lat' dir='ltr'><strong>luit;</strong></span> 
     </span>
    </p>
   </div>
   <div class='ocr_carea' id='block_1_60' title="bbox 2153 2936 3756 3012">
    <p class='ocr_par' dir='ltr' id='par_1_60' title="bbox 2153 2936 3756 3012">
     <span class='ocr_line' id='line_1_60' title="bbox 2153 2936 3756 3012; baseline 0.005 -22"><span class='ocrx_word' id='word_1_464' title='bbox 2153 2943 2208 2990; x_wconf 89' lang='lat' dir='ltr'><strong>et</strong></span> <span class='ocrx_word' id='word_1_465' title='bbox 2238 2951 2381 2991; x_wconf 92' lang='lat' dir='ltr'><strong>nunc</strong></span> <span class='ocrx_word' id='word_1_466' title='bbox 2405 2936 2707 2992; x_wconf 83' lang='lat' dir='ltr'><strong>Madianitis</strong></span> <span class='ocrx_word' id='word_1_467' title='bbox 2740 2937 3000 2994; x_wconf 89' lang='lat' dir='ltr'><strong>miscetur</strong></span> <span class='ocrx_word' id='word_1_468' title='bbox 3025 2937 3236 2995; x_wconf 68' lang='lat' dir='ltr'><strong>Judteo.</strong></span> <span class='ocrx_word' id='word_1_469' title='bbox 3287 2941 3606 2999; x_wconf 87' lang='lat' dir='ltr'><strong>Madianitis</strong></span> <span class='ocrx_word' id='word_1_470' title='bbox 3654 2953 3756 3012; x_wconf 88' lang='lat' dir='ltr'><strong>est,</strong></span> 
     </span>
    </p>
   </div>
   <div class='ocr_carea' id='block_1_61' title="bbox 2152 3030 3760 3108">
    <p class='ocr_par' dir='ltr' id='par_1_61' title="bbox 2152 3030 3760 3108">
     <span class='ocr_line' id='line_1_61' title="bbox 2152 3030 3760 3108; baseline 0.006 -25"><span class='ocrx_word' id='word_1_471' title='bbox 2152 3044 2272 3100; x_wconf 78' lang='lat' dir='ltr'><strong>quae</strong></span> <span class='ocrx_word' id='word_1_472' title='bbox 2331 3030 2478 3086; x_wconf 82' lang='lat' dir='ltr'><strong>nullo</strong></span> <span class='ocrx_word' id='word_1_473' title='bbox 2512 3039 2596 3086; x_wconf 91' lang='lat' dir='ltr'><strong>est</strong></span> <span class='ocrx_word' id='word_1_474' title='bbox 2633 3030 2816 3086; x_wconf 82' lang='lat' dir='ltr'><strong>uxoris</strong></span> <span class='ocrx_word' id='word_1_475' title='bbox 2853 3031 3112 3103; x_wconf 66' lang='lat' dir='ltr'><strong>legitimas</strong></span> <span class='ocrx_word' id='word_1_476' title='bbox 3166 3033 3421 3104; x_wconf 89' lang='lat' dir='ltr'><strong>copulata</strong></span> <span class='ocrx_word' id='word_1_477' title='bbox 3481 3036 3760 3108; x_wconf 87' lang='lat' dir='ltr'><strong>conjugio,</strong></span> 
     </span>
    </p>
   </div>
   <div class='ocr_carea' id='block_1_62' title="bbox 2151 3122 3762 3194">
    <p class='ocr_par' dir='ltr' id='par_1_62' title="bbox 2151 3122 3762 3194">
     <span class='ocr_line' id='line_1_62' title="bbox 2151 3122 3762 3194; baseline 0.004 -15"><span class='ocrx_word' id='word_1_478' title='bbox 2151 3123 2305 3179; x_wconf 90' lang='lat' dir='ltr'><strong>nullo</strong></span> <span class='ocrx_word' id='word_1_479' title='bbox 2338 3122 2463 3178; x_wconf 87' lang='lat' dir='ltr'><strong>tidei</strong></span> <span class='ocrx_word' id='word_1_480' title='bbox 2487 3122 2679 3194; x_wconf 84' lang='lat' dir='ltr'><strong>juncta</strong></span> <span class='ocrx_word' id='word_1_481' title='bbox 2702 3125 3002 3180; x_wconf 91' lang='lat' dir='ltr'><strong>consortio.</strong></span> <span class='ocrx_word' id='word_1_482' title='bbox 3053 3125 3361 3183; x_wconf 86' lang='lat' dir='ltr'><strong>Madianitis</strong></span> <span class='ocrx_word' id='word_1_483' title='bbox 3407 3138 3499 3184; x_wconf 89' lang='lat' dir='ltr'><strong>est</strong></span> <span class='ocrx_word' id='word_1_484' title='bbox 3545 3129 3762 3186; x_wconf 64' lang='lat' dir='ltr'><strong>haereti-</strong></span> 
     </span>
    </p>
   </div>
   <div class='ocr_carea' id='block_1_63' title="bbox 435 3215 3764 3289">
    <p class='ocr_par' dir='ltr' id='par_1_63' title="bbox 435 3215 3764 3289">
     <span class='ocr_line' id='line_1_63' title="bbox 435 3215 3764 3289; baseline 0.002 -21"><span class='ocrx_word' id='word_1_485' title='bbox 435 3218 637 3289; x_wconf 83' lang='lat' dir='ltr'><strong>populo</strong></span> <span class='ocrx_word' id='word_1_486' title='bbox 668 3233 767 3272; x_wconf 88' lang='lat' dir='ltr'><strong>suo</strong></span> <span class='ocrx_word' id='word_1_487' title='bbox 802 3216 1057 3272; x_wconf 84' lang='lat' dir='ltr'><strong>fluetibus</strong></span> <span class='ocrx_word' id='word_1_488' title='bbox 1087 3233 1322 3283; x_wconf 72' lang='lat' dir='ltr'><strong>mersus,</strong></span> <span class='ocrx_word' id='word_1_489' title='bbox 1356 3219 1645 3274; x_wconf 66' lang='lat' dir='ltr'><strong>mundana:</strong></span> <span class='ocrx_word' id='word_1_490' title='bbox 1672 3223 2042 3278; x_wconf 86' lang='lat' dir='ltr'><strong>conversatio—</strong></span> <span class='ocrx_word' id='word_1_491' title='bbox 2068 3218 2114 3281; x_wconf 89' lang='lat' dir='ltr'>C</span> <span class='ocrx_word' id='word_1_492' title='bbox 2147 3232 2335 3272; x_wconf 89' lang='lat' dir='ltr'><strong>corum</strong></span> <span class='ocrx_word' id='word_1_493' title='bbox 2363 3215 2610 3285; x_wconf 84' lang='lat' dir='ltr'><strong>perfidia,</strong></span> <span class='ocrx_word' id='word_1_494' title='bbox 2634 3231 2756 3271; x_wconf 91' lang='lat' dir='ltr'><strong>cum</strong></span> <span class='ocrx_word' id='word_1_495' title='bbox 2786 3216 3043 3288; x_wconf 89' lang='lat' dir='ltr'><strong>populum</strong></span> <span class='ocrx_word' id='word_1_496' title='bbox 3068 3217 3164 3273; x_wconf 87' lang='lat' dir='ltr'><strong>Dei</strong></span> <span class='ocrx_word' id='word_1_497' title='bbox 3191 3227 3384 3275; x_wconf 86' lang='lat' dir='ltr'><strong>tentat.</strong></span> <span class='ocrx_word' id='word_1_498' title='bbox 3412 3218 3602 3289; x_wconf 82' lang='lat' dir='ltr'><strong>Quam</strong></span> <span class='ocrx_word' id='word_1_499' title='bbox 3626 3220 3764 3278; x_wconf 87' lang='lat' dir='ltr'><strong>mul-</strong></span> 
     </span>
    </p>
   </div>
   <div class='ocr_carea' id='block_1_64' title="bbox 432 3311 2042 3386">
    <p class='ocr_par' dir='ltr' id='par_1_64' title="bbox 432 3311 2042 3386">
     <span class='ocr_line' id='line_1_64' title="bbox 432 3311 2042 3386; baseline 0.003 -19"><span class='ocrx_word' id='word_1_500' title='bbox 432 3311 516 3368; x_wconf 88' lang='lat' dir='ltr'><strong>nis</strong></span> <span class='ocrx_word' id='word_1_501' title='bbox 538 3312 846 3381; x_wconf 87' lang='lat' dir='ltr'><strong>exemplum</strong></span> <span class='ocrx_word' id='word_1_502' title='bbox 875 3319 994 3377; x_wconf 87' lang='lat' dir='ltr'><strong>est;</strong></span> <span class='ocrx_word' id='word_1_503' title='bbox 1020 3327 1087 3368; x_wconf 92' lang='lat' dir='ltr'><strong>ne</strong></span> <span class='ocrx_word' id='word_1_504' title='bbox 1112 3311 1232 3381; x_wconf 88' lang='lat' dir='ltr'><strong>quis</strong></span> <span class='ocrx_word' id='word_1_505' title='bbox 1256 3311 1352 3367; x_wconf 90' lang='lat' dir='ltr'><strong>Dei</strong></span> <span class='ocrx_word' id='word_1_506' title='bbox 1383 3313 1638 3382; x_wconf 80' lang='lat' dir='ltr'><strong>populum</strong></span> <span class='ocrx_word' id='word_1_507' title='bbox 1664 3327 2042 3386; x_wconf 82' lang='lat' dir='ltr'><strong>persequatur.</strong></span> 
     </span>
    </p>
   </div>
   <div class='ocr_carea' id='block_1_65' title="bbox 434 3404 2046 3475">
    <p class='ocr_par' dir='ltr' id='par_1_65' title="bbox 434 3404 2046 3475">
     <span class='ocr_line' id='line_1_65' title="bbox 434 3404 2046 3475; baseline 0.002 -14"><span class='ocrx_word' id='word_1_508' title='bbox 434 3404 676 3473; x_wconf 86' lang='lat' dir='ltr'><strong>Denique</strong></span> <span class='ocrx_word' id='word_1_509' title='bbox 719 3405 893 3475; x_wconf 85' lang='lat' dir='ltr'><strong>putuit</strong></span> <span class='ocrx_word' id='word_1_510' title='bbox 929 3420 1055 3460; x_wconf 89' lang='lat' dir='ltr'><strong>eum</strong></span> <span class='ocrx_word' id='word_1_511' title='bbox 1100 3405 1242 3459; x_wconf 85' lang='lat' dir='ltr'><strong>Deus</strong></span> <span class='ocrx_word' id='word_1_512' title='bbox 1272 3404 1538 3460; x_wconf 80' lang='lat' dir='ltr'><strong>voluntati</strong></span> <span class='ocrx_word' id='word_1_513' title='bbox 1564 3420 1676 3461; x_wconf 64' lang='lat' dir='ltr'><strong>suae</strong></span> <span class='ocrx_word' id='word_1_514' title='bbox 1705 3404 1879 3462; x_wconf 88' lang='lat' dir='ltr'><strong>facere</strong></span> <span class='ocrx_word' id='word_1_515' title='bbox 1915 3410 2046 3465; x_wconf 87' lang='lat' dir='ltr'><strong>obe-</strong></span> 
     </span>
    </p>
   </div>
   <div class='ocr_carea' id='block_1_66' title="bbox 431 3497 2037 3567">
    <p class='ocr_par' dir='ltr' id='par_1_66' title="bbox 431 3497 2037 3567">
     <span class='ocr_line' id='line_1_66' title="bbox 431 3497 2037 3567; baseline 0.001 -13"><span class='ocrx_word' id='word_1_516' title='bbox 431 3498 670 3554; x_wconf 87' lang='lat' dir='ltr'><strong>dientem</strong></span> <span class='ocrx_word' id='word_1_517' title='bbox 713 3515 728 3552; x_wconf 87' lang='lat'><strong>:</strong></span> <span class='ocrx_word' id='word_1_518' title='bbox 781 3497 878 3552; x_wconf 87' lang='lat' dir='ltr'><strong>sed</strong></span> <span class='ocrx_word' id='word_1_519' title='bbox 924 3497 1044 3567; x_wconf 88' lang='lat' dir='ltr'><strong>ejus</strong></span> <span class='ocrx_word' id='word_1_520' title='bbox 1093 3511 1251 3566; x_wconf 64' lang='lat' dir='ltr'><strong>pana</strong></span> <span class='ocrx_word' id='word_1_521' title='bbox 1298 3513 1485 3553; x_wconf 85' lang='lat' dir='ltr'><strong>omnes</strong></span> <span class='ocrx_word' id='word_1_522' title='bbox 1527 3498 1697 3553; x_wconf 88' lang='lat' dir='ltr'><strong>voluit</strong></span> <span class='ocrx_word' id='word_1_523' title='bbox 1735 3500 2037 3559; x_wconf 89' lang='lat' dir='ltr'><strong>emendari.</strong></span> 
     </span>
    </p>
   </div>
   <div class='ocr_carea' id='block_1_67' title="bbox 424 3588 2040 3661">
    <p class='ocr_par' dir='ltr' id='par_1_67' title="bbox 424 3588 2040 3661">
     <span class='ocr_line' id='line_1_67' title="bbox 424 3588 2040 3661; baseline 0.001 -15"><span class='ocrx_word' id='word_1_524' title='bbox 424 3590 662 3657; x_wconf 84' lang='lat' dir='ltr'><strong>Ideoque</strong></span> <span class='ocrx_word' id='word_1_525' title='bbox 703 3588 834 3643; x_wconf 87' lang='lat' dir='ltr'><strong>dicit</strong></span> <span class='ocrx_word' id='word_1_526' title='bbox 880 3588 948 3643; x_wconf 89' lang='lat' dir='ltr'><strong>ad</strong></span> <span class='ocrx_word' id='word_1_527' title='bbox 972 3603 1095 3644; x_wconf 88' lang='lat' dir='ltr'><strong>eum</strong></span> <span class='ocrx_word' id='word_1_528' title='bbox 1125 3589 1384 3645; x_wconf 82' lang='lat' dir='ltr'><strong>Dominus</strong></span> <span class='ocrx_word' id='word_1_529' title='bbox 1418 3605 1431 3643; x_wconf 89' lang='lat'><strong>:</strong></span> <span class='ocrx_word' id='word_1_530' title='bbox 1473 3588 1610 3657; x_wconf 80' lang='lat' dir='ltr'><strong>Quia</strong></span> <span class='ocrx_word' id='word_1_531' title='bbox 1642 3590 1712 3645; x_wconf 90' lang='lat' dir='ltr'><strong>ad</strong></span> <span class='ocrx_word' id='word_1_532' title='bbox 1740 3592 1836 3646; x_wconf 82' lang='lat' dir='ltr'><strong>hoc</strong></span> <span class='ocrx_word' id='word_1_533' title='bbox 1866 3593 2040 3661; x_wconf 88' lang='lat' dir='ltr'><strong>ipsum</strong></span> 
     </span>
    </p>
   </div>
   <div class='ocr_carea' id='block_1_68' title="bbox 426 3670 2038 3740">
    <p class='ocr_par' dir='ltr' id='par_1_68' title="bbox 426 3670 2038 3740">
     <span class='ocr_line' id='line_1_68' title="bbox 426 3670 2038 3740; baseline 0.002 -4"><span class='ocrx_word' id='word_1_534' title='bbox 426 3690 475 3736; x_wconf 88' lang='lat' dir='ltr'><strong>te</strong></span> <span class='ocrx_word' id='word_1_535' title='bbox 502 3680 747 3735; x_wconf 84' lang='lat' dir='ltr'><strong>suscitan</strong></span> <span class='ocrx_word' id='word_1_536' title='bbox 778 3695 796 3733; x_wconf 92' lang='lat'><strong><em>:</em></strong></span> <span class='ocrx_word' id='word_1_537' title='bbox 824 3689 879 3733; x_wconf 88' lang='lat' dir='ltr'><strong>ut</strong></span> <span class='ocrx_word' id='word_1_538' title='bbox 907 3670 1174 3734; x_wconf 81' lang='lat' dir='ltr'><strong>ostendam</strong></span> <span class='ocrx_word' id='word_1_539' title='bbox 1208 3680 1263 3734; x_wconf 90' lang='lat' dir='ltr'><strong>in</strong></span> <span class='ocrx_word' id='word_1_540' title='bbox 1289 3690 1338 3734; x_wconf 89' lang='lat' dir='ltr'><strong>te</strong></span> <span class='ocrx_word' id='word_1_541' title='bbox 1362 3680 1597 3736; x_wconf 87' lang='lat' dir='ltr'><strong>virtutem</strong></span> <span class='ocrx_word' id='word_1_542' title='bbox 1628 3699 1793 3737; x_wconf 85' lang='lat' dir='ltr'><strong>meum</strong></span> <span class='ocrx_word' id='word_1_543' title='bbox 1826 3700 1845 3738; x_wconf 89' lang='lat'><strong><em>:</em></strong></span> <span class='ocrx_word' id='word_1_544' title='bbox 1875 3696 1921 3739; x_wconf 89' lang='lat' dir='ltr'><strong>et</strong></span> <span class='ocrx_word' id='word_1_545' title='bbox 1941 3703 2038 3740; x_wconf 67' lang='lat' dir='ltr'><strong>ano</strong></span> 
     </span>
    </p>
   </div>
   <div class='ocr_carea' id='block_1_69' title="bbox 427 3773 2035 3849">
    <p class='ocr_par' dir='ltr' id='par_1_69' title="bbox 427 3773 2035 3849">
     <span class='ocr_line' id='line_1_69' title="bbox 427 3773 2035 3849; baseline 0.004 -21"><span class='ocrx_word' id='word_1_546' title='bbox 427 3774 689 3828; x_wconf 80' lang='lat' dir='ltr'><strong>nuntietur</strong></span> <span class='ocrx_word' id='word_1_547' title='bbox 731 3788 914 3827; x_wconf 88' lang='lat' dir='ltr'><strong>nomen</strong></span> <span class='ocrx_word' id='word_1_548' title='bbox 959 3788 1128 3827; x_wconf 91' lang='lat' dir='ltr'><strong>meum</strong></span> <span class='ocrx_word' id='word_1_549' title='bbox 1179 3773 1233 3828; x_wconf 88' lang='lat' dir='ltr'><strong>in</strong></span> <span class='ocrx_word' id='word_1_550' title='bbox 1277 3774 1515 3829; x_wconf 83' lang='lat' dir='ltr'><strong>universa</strong></span> <span class='ocrx_word' id='word_1_551' title='bbox 1563 3782 1699 3830; x_wconf 88' lang='lat' dir='ltr'><strong>terra</strong></span> <span class='ocrx_word' id='word_1_552' title='bbox 1730 3775 1926 3849; x_wconf 75' lang='lat' dir='ltr'><strong>(Exod.</strong></span> <span class='ocrx_word' id='word_1_553' title='bbox 1960 3795 2035 3848; x_wconf 82' lang='lat' dir='ltr'><strong>ix,</strong></span> 
     </span>
    </p>
   </div>
   <div class='ocr_carea' id='block_1_70' title="bbox 427 3864 2037 3937">
    <p class='ocr_par' dir='ltr' id='par_1_70' title="bbox 427 3864 2037 3937">
     <span class='ocr_line' id='line_1_70' title="bbox 427 3864 2037 3937; baseline 0.003 -16"><span class='ocrx_word' id='word_1_554' title='bbox 427 3865 543 3937; x_wconf 82' lang='grc'><strong>16).</strong></span> <span class='ocrx_word' id='word_1_555' title='bbox 573 3864 688 3920; x_wconf 84' lang='lat' dir='ltr'><strong>Non</strong></span> <span class='ocrx_word' id='word_1_556' title='bbox 713 3864 903 3936; x_wconf 88' lang='lat' dir='ltr'><strong>utique</strong></span> <span class='ocrx_word' id='word_1_557' title='bbox 926 3864 1190 3921; x_wconf 89' lang='lat' dir='ltr'><strong>Dominus</strong></span> <span class='ocrx_word' id='word_1_558' title='bbox 1213 3881 1326 3920; x_wconf 76' lang='lat' dir='ltr'><strong>sum</strong></span> <span class='ocrx_word' id='word_1_559' title='bbox 1349 3865 1546 3935; x_wconf 85' lang='lat' dir='ltr'><strong>laudis,</strong></span> <span class='ocrx_word' id='word_1_560' title='bbox 1572 3866 1668 3923; x_wconf 86' lang='lat' dir='ltr'><strong>scd</strong></span> <span class='ocrx_word' id='word_1_561' title='bbox 1692 3878 1895 3925; x_wconf 77' lang='lat' dir='ltr'><strong>nostra:</strong></span> <span class='ocrx_word' id='word_1_562' title='bbox 1915 3885 2037 3926; x_wconf 90' lang='lat' dir='ltr'><strong>cor-</strong></span> 
     </span>
    </p>
   </div>
   <div class='ocr_carea' id='block_1_71' title="bbox 428 3956 1959 4047">
    <p class='ocr_par' dir='ltr' id='par_1_71' title="bbox 428 3956 1959 4047">
     <span class='ocr_line' id='line_1_71' title="bbox 428 3956 1959 4047; baseline 0 -37"><span class='ocrx_word' id='word_1_563' title='bbox 428 3958 687 4013; x_wconf 88' lang='lat' dir='ltr'><strong>rectionis</strong></span> <span class='ocrx_word' id='word_1_564' title='bbox 718 3956 1054 4012; x_wconf 84' lang='lat' dir='ltr'><strong>incrementa</strong></span> <span class='ocrx_word' id='word_1_565' title='bbox 1081 3956 1377 4028; x_wconf 66' lang='lat' dir='ltr'><strong>quaerebat.</strong></span> <span class='ocrx_word' id='word_1_566' title='bbox 1935 4034 1959 4047; x_wconf 33' lang='grc' dir='ltr'>η</span> 
     </span>
    </p>
   </div>
   <div class='ocr_carea' id='block_1_72' title="bbox 494 4049 2033 4122">
    <p class='ocr_par' dir='ltr' id='par_1_72' title="bbox 494 4049 2033 4122">
     <span class='ocr_line' id='line_1_72' title="bbox 494 4049 2033 4122; baseline 0.002 -14"><span class='ocrx_word' id='word_1_567' title='bbox 494 4051 549 4108; x_wconf 89' lang='grc'><strong>8.</strong></span> <span class='ocrx_word' id='word_1_568' title='bbox 589 4050 795 4107; x_wconf 86' lang='lat' dir='ltr'><strong>Omnes</strong></span> <span class='ocrx_word' id='word_1_569' title='bbox 820 4065 951 4122; x_wconf 86' lang='lat' dir='ltr'><strong>ergo</strong></span> <span class='ocrx_word' id='word_1_570' title='bbox 978 4049 1252 4119; x_wconf 87' lang='lat' dir='ltr'><strong>sapientes</strong></span> <span class='ocrx_word' id='word_1_571' title='bbox 1282 4050 1510 4108; x_wconf 88' lang='lat' dir='ltr'><strong>dicunt:</strong></span> <span class='ocrx_word' id='word_1_572' title='bbox 1538 4050 1719 4110; x_wconf 82' lang='lat' dir='ltr'><strong>Justus</strong></span> <span class='ocrx_word' id='word_1_573' title='bbox 1746 4071 1816 4118; x_wconf 90' lang='lat' dir='ltr'><strong>es.</strong></span> <span class='ocrx_word' id='word_1_574' title='bbox 1850 4055 2033 4112; x_wconf 88' lang='lat' dir='ltr'><strong>Domi-</strong></span> 
     </span>
    </p>
   </div>
   <div class='ocr_carea' id='block_1_73' title="bbox 423 4146 2032 4219">
    <p class='ocr_par' dir='ltr' id='par_1_73' title="bbox 423 4146 2032 4219">
     <span class='ocr_line' id='line_1_73' title="bbox 423 4146 2032 4219; baseline 0.004 -18"><span class='ocrx_word' id='word_1_575' title='bbox 423 4164 506 4214; x_wconf 86' lang='lat' dir='ltr'><strong>ne,</strong></span> <span class='ocrx_word' id='word_1_576' title='bbox 530 4156 580 4202; x_wconf 95' lang='lat' dir='ltr'><strong>et</strong></span> <span class='ocrx_word' id='word_1_577' title='bbox 606 4157 795 4201; x_wconf 87' lang='lat' dir='ltr'><strong>rectum</strong></span> <span class='ocrx_word' id='word_1_578' title='bbox 810 4146 1070 4217; x_wconf 86' lang='lat' dir='ltr'><strong>judicium</strong></span> <span class='ocrx_word' id='word_1_579' title='bbox 1114 4158 1296 4210; x_wconf 88' lang='lat' dir='ltr'><strong>tuum;</strong></span> <span class='ocrx_word' id='word_1_580' title='bbox 1344 4163 1519 4219; x_wconf 85' lang='lat' dir='ltr'><strong>neque</strong></span> <span class='ocrx_word' id='word_1_581' title='bbox 1573 4150 1717 4205; x_wconf 91' lang='lat' dir='ltr'><strong>enim</strong></span> <span class='ocrx_word' id='word_1_582' title='bbox 1768 4152 2032 4208; x_wconf 88' lang='lat' dir='ltr'><strong>tradimur</strong></span> 
     </span>
    </p>
   </div>
   <div class='ocr_carea' id='block_1_74' title="bbox 424 4235 2028 4315">
    <p class='ocr_par' dir='ltr' id='par_1_74' title="bbox 424 4235 2028 4315">
     <span class='ocr_line' id='line_1_74' title="bbox 424 4235 2028 4315; baseline 0.006 -23"><span class='ocrx_word' id='word_1_583' title='bbox 424 4236 754 4292; x_wconf 88' lang='lat' dir='ltr'><strong>adversariis</strong></span> <span class='ocrx_word' id='word_1_584' title='bbox 770 4235 1118 4303; x_wconf 88' lang='lat' dir='ltr'><strong>sinejudicio</strong></span> <span class='ocrx_word' id='word_1_585' title='bbox 1143 4236 1333 4304; x_wconf 89' lang='lat' dir='ltr'><strong>ipsius,</strong></span> <span class='ocrx_word' id='word_1_586' title='bbox 1372 4254 1549 4308; x_wconf 91' lang='lat' dir='ltr'><strong>neque</strong></span> <span class='ocrx_word' id='word_1_587' title='bbox 1577 4241 1697 4298; x_wconf 89' lang='lat' dir='ltr'><strong>sine</strong></span> <span class='ocrx_word' id='word_1_588' title='bbox 1726 4242 1895 4314; x_wconf 90' lang='lat' dir='ltr'><strong>ipsius</strong></span> <span class='ocrx_word' id='word_1_589' title='bbox 1939 4244 2028 4315; x_wconf 93' lang='lat' dir='ltr'><strong>ju-</strong></span> 
     </span>
    </p>
   </div>
   <div class='ocr_carea' id='block_1_75' title="bbox 423 4325 2027 4400">
    <p class='ocr_par' dir='ltr' id='par_1_75' title="bbox 423 4325 2027 4400">
     <span class='ocr_line' id='line_1_75' title="bbox 423 4325 2027 4400; baseline 0.006 -17"><span class='ocrx_word' id='word_1_590' title='bbox 423 4327 569 4383; x_wconf 88' lang='lat' dir='ltr'><strong>dicio</strong></span> <span class='ocrx_word' id='word_1_591' title='bbox 617 4325 1075 4383; x_wconf 88' lang='lat' dir='ltr'><strong>intribulationes</strong></span> <span class='ocrx_word' id='word_1_592' title='bbox 1130 4326 1401 4383; x_wconf 89' lang='lat' dir='ltr'><strong>venimus.</strong></span> <span class='ocrx_word' id='word_1_593' title='bbox 1460 4327 1587 4385; x_wconf 81' lang='lat' dir='ltr'><strong>Haec</strong></span> <span class='ocrx_word' id='word_1_594' title='bbox 1639 4330 1909 4400; x_wconf 81' lang='lat' dir='ltr'><strong>iustorum</strong></span> <span class='ocrx_word' id='word_1_595' title='bbox 1940 4345 2027 4392; x_wconf 91' lang='lat' dir='ltr'><strong>est</strong></span> 
     </span>
    </p>
   </div>
   <div class='ocr_carea' id='block_1_76' title="bbox 419 4412 2023 4496">
    <p class='ocr_par' dir='ltr' id='par_1_76' title="bbox 419 4412 2023 4496">
     <span class='ocr_line' id='line_1_76' title="bbox 419 4412 2023 4496; baseline 0.007 -23"><span class='ocrx_word' id='word_1_596' title='bbox 419 4417 721 4474; x_wconf 88' lang='lat' dir='ltr'><strong>consolatio</strong></span> <span class='ocrx_word' id='word_1_597' title='bbox 755 4434 769 4471; x_wconf 85' lang='lat'><strong>:</strong></span> <span class='ocrx_word' id='word_1_598' title='bbox 800 4417 901 4473; x_wconf 88' lang='lat' dir='ltr'><strong>hoc</strong></span> <span class='ocrx_word' id='word_1_599' title='bbox 947 4412 1045 4473; x_wconf 78' lang='lat' dir='ltr'><strong>est&#39;</strong></span> <span class='ocrx_word' id='word_1_600' title='bbox 1080 4418 1291 4473; x_wconf 90' lang='lat' dir='ltr'><strong>Domini</strong></span> <span class='ocrx_word' id='word_1_601' title='bbox 1327 4418 1617 4488; x_wconf 87' lang='lat' dir='ltr'><strong>judicium.</strong></span> <span class='ocrx_word' id='word_1_602' title='bbox 1677 4422 1919 4496; x_wconf 80' lang='lat' dir='ltr'><strong>Denique</strong></span> <span class='ocrx_word' id='word_1_603' title='bbox 1969 4438 2023 4485; x_wconf 89' lang='lat' dir='ltr'><strong>et</strong></span> 
     </span>
    </p>
   </div>
   <div class='ocr_carea' id='block_1_77' title="bbox 421 4507 2023 4584">
    <p class='ocr_par' dir='ltr' id='par_1_77' title="bbox 421 4507 2023 4584">
     <span class='ocr_line' id='line_1_77' title="bbox 421 4507 2023 4584; baseline 0.004 -18"><span class='ocrx_word' id='word_1_604' title='bbox 421 4525 583 4581; x_wconf 87' lang='lat' dir='ltr'><strong>supra</strong></span> <span class='ocrx_word' id='word_1_605' title='bbox 622 4509 831 4565; x_wconf 87' lang='lat' dir='ltr'><strong>habes:</strong></span> <span class='ocrx_word' id='word_1_606' title='bbox 864 4507 1066 4563; x_wconf 76' lang='lat' dir='ltr'><strong>Mentor</strong></span> <span class='ocrx_word' id='word_1_607' title='bbox 1092 4508 1174 4580; x_wconf 80' lang='lat' dir='ltr'><strong>fui</strong></span> <span class='ocrx_word' id='word_1_608' title='bbox 1194 4508 1515 4579; x_wconf 83' lang='lat' dir='ltr'><strong>judiciorum</strong></span> <span class='ocrx_word' id='word_1_609' title='bbox 1563 4521 1789 4579; x_wconf 88' lang='lat' dir='ltr'><strong>tuorum,</strong></span> <span class='ocrx_word' id='word_1_610' title='bbox 1831 4532 1946 4584; x_wconf 73' lang='lat' dir='ltr'><strong>qua:</strong></span> <span class='ocrx_word' id='word_1_611' title='bbox 1989 4536 2023 4572; x_wconf 93' lang='lat' dir='ltr'><strong>a</strong></span> 
     </span>
    </p>
   </div>
   <div class='ocr_carea' id='block_1_78' title="bbox 2149 3307 3764 3385">
    <p class='ocr_par' dir='ltr' id='par_1_78' title="bbox 2149 3307 3764 3385">
     <span class='ocr_line' id='line_1_78' title="bbox 2149 3307 3764 3385; baseline 0.005 -23"><span class='ocrx_word' id='word_1_612' title='bbox 2149 3308 2216 3363; x_wconf 91' lang='lat' dir='ltr'><strong>tis</strong></span> <span class='ocrx_word' id='word_1_613' title='bbox 2246 3307 2461 3379; x_wconf 82' lang='lat' dir='ltr'><strong>populis</strong></span> <span class='ocrx_word' id='word_1_614' title='bbox 2482 3309 2743 3364; x_wconf 86' lang='lat' dir='ltr'><strong>meretrix</strong></span> <span class='ocrx_word' id='word_1_615' title='bbox 2772 3308 2872 3365; x_wconf 89' lang='lat' dir='ltr'><strong>ista</strong></span> <span class='ocrx_word' id='word_1_616' title='bbox 2904 3308 3087 3365; x_wconf 80' lang='lat' dir='ltr'><strong>feralis</strong></span> <span class='ocrx_word' id='word_1_617' title='bbox 3107 3309 3353 3381; x_wconf 88' lang='lat' dir='ltr'><strong>irrepsit,</strong></span> <span class='ocrx_word' id='word_1_618' title='bbox 3385 3328 3518 3385; x_wconf 64' lang='lat' dir='ltr'><strong>quae</strong></span> <span class='ocrx_word' id='word_1_619' title='bbox 3544 3314 3764 3385; x_wconf 89' lang='lat' dir='ltr'><strong>publico</strong></span> 
     </span>
    </p>
   </div>
   <div class='ocr_carea' id='block_1_79' title="bbox 2145 3399 3762 3471">
    <p class='ocr_par' dir='ltr' id='par_1_79' title="bbox 2145 3399 3762 3471">
     <span class='ocr_line' id='line_1_79' title="bbox 2145 3399 3762 3471; baseline 0.004 -16"><span class='ocrx_word' id='word_1_620' title='bbox 2145 3399 2336 3455; x_wconf 89' lang='lat' dir='ltr'><strong>funere</strong></span> <span class='ocrx_word' id='word_1_621' title='bbox 2368 3407 2539 3454; x_wconf 89' lang='lat' dir='ltr'><strong>totum</strong></span> <span class='ocrx_word' id='word_1_622' title='bbox 2574 3399 2831 3471; x_wconf 86' lang='lat' dir='ltr'><strong>populum</strong></span> <span class='ocrx_word' id='word_1_623' title='bbox 2882 3401 3156 3456; x_wconf 90' lang='lat' dir='ltr'><strong>communi</strong></span> <span class='ocrx_word' id='word_1_624' title='bbox 3205 3411 3383 3460; x_wconf 89' lang='lat' dir='ltr'><strong>morte</strong></span> <span class='ocrx_word' id='word_1_625' title='bbox 3427 3404 3762 3462; x_wconf 75' lang='lat' dir='ltr'><strong>tumulavit!</strong></span> 
     </span>
    </p>
   </div>
   <div class='ocr_carea' id='block_1_80' title="bbox 2150 3490 3763 3564">
    <p class='ocr_par' dir='ltr' id='par_1_80' title="bbox 2150 3490 3763 3564">
     <span class='ocr_line' id='line_1_80' title="bbox 2150 3490 3763 3564; baseline 0.004 -18"><span class='ocrx_word' id='word_1_626' title='bbox 2150 3490 2279 3547; x_wconf 80' lang='lat' dir='ltr'><strong>Veni</strong></span> <span class='ocrx_word' id='word_1_627' title='bbox 2310 3499 2366 3546; x_wconf 90' lang='lat' dir='ltr'><strong>et</strong></span> <span class='ocrx_word' id='word_1_628' title='bbox 2392 3506 2555 3560; x_wconf 88' lang='lat' dir='ltr'><strong>nunc,</strong></span> <span class='ocrx_word' id='word_1_629' title='bbox 2586 3491 2842 3558; x_wconf 89' lang='lat' dir='ltr'><strong>Phinees,</strong></span> <span class='ocrx_word' id='word_1_630' title='bbox 2867 3492 3049 3563; x_wconf 88' lang='lat' dir='ltr'><strong>arripe</strong></span> <span class='ocrx_word' id='word_1_631' title='bbox 3077 3492 3315 3564; x_wconf 88' lang='lat' dir='ltr'><strong>gladium</strong></span> <span class='ocrx_word' id='word_1_632' title='bbox 3360 3496 3554 3564; x_wconf 87' lang='lat' dir='ltr'><strong>verbi,</strong></span> <span class='ocrx_word' id='word_1_633' title='bbox 3590 3498 3763 3553; x_wconf 88' lang='lat' dir='ltr'><strong>inter-</strong></span> 
     </span>
    </p>
   </div>
   <div class='ocr_carea' id='block_1_81' title="bbox 2142 3582 3767 3659">
    <p class='ocr_par' dir='ltr' id='par_1_81' title="bbox 2142 3582 3767 3659">
     <span class='ocr_line' id='line_1_81' title="bbox 2142 3582 3767 3659; baseline 0.002 -18"><span class='ocrx_word' id='word_1_634' title='bbox 2142 3584 2242 3641; x_wconf 85' lang='lat' dir='ltr'><strong>fice</strong></span> <span class='ocrx_word' id='word_1_635' title='bbox 2274 3582 2850 3656; x_wconf 80' lang='lat' dir='ltr'><strong>perﬁdiam,jugulato</strong></span> <span class='ocrx_word' id='word_1_636' title='bbox 2881 3582 3176 3653; x_wconf 75' lang='lat' dir='ltr'><strong>hmresim;</strong></span> <span class='ocrx_word' id='word_1_637' title='bbox 3221 3600 3291 3641; x_wconf 89' lang='lat' dir='ltr'><strong>ne</strong></span> <span class='ocrx_word' id='word_1_638' title='bbox 3350 3595 3595 3659; x_wconf 87' lang='lat' dir='ltr'><strong>propter</strong></span> <span class='ocrx_word' id='word_1_639' title='bbox 3644 3604 3767 3645; x_wconf 86' lang='lat' dir='ltr'><strong>eam</strong></span> 
     </span>
    </p>
   </div>
   <div class='ocr_carea' id='block_1_82' title="bbox 2142 3675 3769 3749">
    <p class='ocr_par' dir='ltr' id='par_1_82' title="bbox 2142 3675 3769 3749">
     <span class='ocr_line' id='line_1_82' title="bbox 2142 3675 3769 3749; baseline 0.007 -23"><span class='ocrx_word' id='word_1_640' title='bbox 2142 3677 2372 3749; x_wconf 76' lang='lat' dir='ltr'><strong>populus</strong></span> <span class='ocrx_word' id='word_1_641' title='bbox 2399 3676 2689 3732; x_wconf 91' lang='lat' dir='ltr'><strong>universus</strong></span> <span class='ocrx_word' id='word_1_642' title='bbox 2710 3675 2965 3732; x_wconf 86' lang='lat' dir='ltr'><strong>intereat.</strong></span> <span class='ocrx_word' id='word_1_643' title='bbox 2998 3675 3168 3747; x_wconf 87' lang='lat' dir='ltr'><strong>Urget</strong></span> <span class='ocrx_word' id='word_1_644' title='bbox 3210 3677 3289 3732; x_wconf 88' lang='lat' dir='ltr'><strong>ira</strong></span> <span class='ocrx_word' id='word_1_645' title='bbox 3316 3680 3611 3746; x_wconf 64' lang='lat' dir='ltr'><strong>caelestis,</strong></span> <span class='ocrx_word' id='word_1_646' title='bbox 3646 3696 3769 3749; x_wconf 87' lang='lat' dir='ltr'><strong>pcr-</strong></span> 
     </span>
    </p>
   </div>
   <div class='ocr_carea' id='block_1_83' title="bbox 2139 3760 3769 3846">
    <p class='ocr_par' dir='ltr' id='par_1_83' title="bbox 2139 3760 3769 3846">
     <span class='ocr_line' id='line_1_83' title="bbox 2139 3760 3769 3846; baseline 0.003 -21"><span class='ocrx_word' id='word_1_647' title='bbox 2139 3778 2263 3826; x_wconf 91' lang='lat' dir='ltr'><strong>cute</strong></span> <span class='ocrx_word' id='word_1_648' title='bbox 2319 3769 2490 3838; x_wconf 88' lang='lat' dir='ltr'><strong>ipsam</strong></span> <span class='ocrx_word' id='word_1_649' title='bbox 2528 3768 2743 3824; x_wconf 88' lang='lat' dir='ltr'><strong>vulvam</strong></span> <span class='ocrx_word' id='word_1_650' title='bbox 2819 3760 3112 3839; x_wconf 84' lang='lat' dir='ltr'><strong>impietatis</strong></span> <span class='ocrx_word' id='word_1_651' title='bbox 3145 3811 3162 3837; x_wconf 94' lang='lat'><strong>,</strong></span> <span class='ocrx_word' id='word_1_652' title='bbox 3226 3774 3769 3846; x_wconf 86' lang='lat' dir='ltr'><strong>generatoriumque</strong></span> 
     </span>
    </p>
   </div>
   <div class='ocr_carea' id='block_1_84' title="bbox 2139 3861 3759 3935">
    <p class='ocr_par' dir='ltr' id='par_1_84' title="bbox 2139 3861 3759 3935">
     <span class='ocr_line' id='line_1_84' title="bbox 2139 3861 3759 3935; baseline 0.004 -16"><span class='ocrx_word' id='word_1_653' title='bbox 2139 3861 2424 3935; x_wconf 72' lang='lat' dir='ltr'><strong>perfidire;</strong></span> <span class='ocrx_word' id='word_1_654' title='bbox 2469 3878 2539 3919; x_wconf 90' lang='lat' dir='ltr'><strong>ne</strong></span> <span class='ocrx_word' id='word_1_655' title='bbox 2592 3871 2779 3933; x_wconf 90' lang='lat' dir='ltr'><strong>partus</strong></span> <span class='ocrx_word' id='word_1_656' title='bbox 2822 3861 3087 3920; x_wconf 87' lang='lat' dir='ltr'><strong>formetur</strong></span> <span class='ocrx_word' id='word_1_657' title='bbox 3140 3864 3362 3933; x_wconf 82' lang='lat' dir='ltr'><strong>infelix,</strong></span> <span class='ocrx_word' id='word_1_658' title='bbox 3409 3884 3489 3924; x_wconf 87' lang='lat' dir='ltr'><strong>ne</strong></span> <span class='ocrx_word' id='word_1_659' title='bbox 3553 3867 3759 3925; x_wconf 74' lang='lat' dir='ltr'><strong>adulte~</strong></span> 
     </span>
    </p>
   </div>
   <div class='ocr_carea' id='block_1_85' title="bbox 2136 3956 3768 4031">
    <p class='ocr_par' dir='ltr' id='par_1_85' title="bbox 2136 3956 3768 4031">
     <span class='ocr_line' id='line_1_85' title="bbox 2136 3956 3768 4031; baseline 0.003 -18"><span class='ocrx_word' id='word_1_660' title='bbox 2136 3957 2252 4013; x_wconf 89' lang='lat' dir='ltr'><strong>rina</strong></span> <span class='ocrx_word' id='word_1_661' title='bbox 2280 3958 2567 4028; x_wconf 85' lang='lat' dir='ltr'><strong>conceptio</strong></span> <span class='ocrx_word' id='word_1_662' title='bbox 2592 3956 2861 4015; x_wconf 81' lang='lat' dir='ltr'><strong>dill‘undat</strong></span> <span class='ocrx_word' id='word_1_663' title='bbox 2889 3958 3244 4014; x_wconf 88' lang='lat' dir='ltr'><strong>seminarium</strong></span> <span class='ocrx_word' id='word_1_664' title='bbox 3276 3963 3768 4031; x_wconf 59' lang='lat' dir='ltr'><strong>praevaricationis</strong></span> 
     </span>
    </p>
   </div>
   <div class='ocr_carea' id='block_1_86' title="bbox 2136 4050 3771 4118">
    <p class='ocr_par' dir='ltr' id='par_1_86' title="bbox 2136 4050 3771 4118">
     <span class='ocr_line' id='line_1_86' title="bbox 2136 4050 3771 4118; baseline 0.006 -12"><span class='ocrx_word' id='word_1_665' title='bbox 2136 4060 2191 4107; x_wconf 90' lang='lat' dir='ltr'><strong>et</strong></span> <span class='ocrx_word' id='word_1_666' title='bbox 2242 4050 2590 4118; x_wconf 87' lang='lat' dir='ltr'><strong>sceleris;ut</strong></span> <span class='ocrx_word' id='word_1_667' title='bbox 2651 4051 2912 4107; x_wconf 90' lang='lat' dir='ltr'><strong>Dominus</strong></span> <span class='ocrx_word' id='word_1_668' title='bbox 2971 4060 3147 4108; x_wconf 88' lang='lat' dir='ltr'><strong>tecum</strong></span> <span class='ocrx_word' id='word_1_669' title='bbox 3205 4060 3418 4110; x_wconf 89' lang='lat' dir='ltr'><strong>statuat</strong></span> <span class='ocrx_word' id='word_1_670' title='bbox 3454 4067 3771 4115; x_wconf 84' lang='lat' dir='ltr'><strong>testamen-</strong></span> 
     </span>
    </p>
   </div>
   <div class='ocr_carea' id='block_1_87' title="bbox 2136 4144 3767 4214">
    <p class='ocr_par' dir='ltr' id='par_1_87' title="bbox 2136 4144 3767 4214">
     <span class='ocr_line' id='line_1_87' title="bbox 2136 4144 3767 4214; baseline 0.003 -15"><span class='ocrx_word' id='word_1_671' title='bbox 2136 4153 2247 4200; x_wconf 91' lang='lat' dir='ltr'><strong>tum</strong></span> <span class='ocrx_word' id='word_1_672' title='bbox 2321 4144 2470 4214; x_wconf 88' lang='lat' dir='ltr'><strong>pacis</strong></span> <span class='ocrx_word' id='word_1_673' title='bbox 2504 4184 2518 4211; x_wconf 93' lang='lat'><strong>,</strong></span> <span class='ocrx_word' id='word_1_674' title='bbox 2581 4152 2637 4199; x_wconf 89' lang='lat' dir='ltr'><strong>et</strong></span> <span class='ocrx_word' id='word_1_675' title='bbox 2693 4152 3078 4200; x_wconf 90' lang='lat' dir='ltr'><strong>testamentum</strong></span> <span class='ocrx_word' id='word_1_676' title='bbox 3143 4144 3366 4214; x_wconf 63' lang='lat' dir='ltr'><strong>gratiae,</strong></span> <span class='ocrx_word' id='word_1_677' title='bbox 3445 4157 3767 4204; x_wconf 85' lang='lat' dir='ltr'><strong>testamen-</strong></span> 
     </span>
    </p>
   </div>
   <div class='ocr_carea' id='block_1_88' title="bbox 2135 4235 3770 4305">
    <p class='ocr_par' dir='ltr' id='par_1_88' title="bbox 2135 4235 3770 4305">
     <span class='ocr_line' id='line_1_88' title="bbox 2135 4235 3770 4305; baseline 0.004 -12"><span class='ocrx_word' id='word_1_678' title='bbox 2135 4246 2247 4293; x_wconf 91' lang='lat' dir='ltr'><strong>tum</strong></span> <span class='ocrx_word' id='word_1_679' title='bbox 2285 4235 2705 4305; x_wconf 87' lang='lat' dir='ltr'><strong>promissionum</strong></span> <span class='ocrx_word' id='word_1_680' title='bbox 2748 4237 3074 4294; x_wconf 75' lang='lat' dir='ltr'><strong>ccelestium.</strong></span> <span class='ocrx_word' id='word_1_681' title='bbox 3099 4236 3286 4293; x_wconf 91' lang='lat' dir='ltr'><strong>Zelum</strong></span> <span class='ocrx_word' id='word_1_682' title='bbox 3325 4239 3551 4297; x_wconf 85' lang='lat' dir='ltr'><strong>habere</strong></span> <span class='ocrx_word' id='word_1_683' title='bbox 3593 4242 3770 4299; x_wconf 86' lang='lat' dir='ltr'><strong>debet</strong></span> 
     </span>
    </p>
   </div>
   <div class='ocr_carea' id='block_1_89' title="bbox 2131 4330 3769 4402">
    <p class='ocr_par' dir='ltr' id='par_1_89' title="bbox 2131 4330 3769 4402">
     <span class='ocr_line' id='line_1_89' title="bbox 2131 4330 3769 4402; baseline 0.001 -13"><span class='ocrx_word' id='word_1_684' title='bbox 2131 4330 2426 4397; x_wconf 88' lang='lat' dir='ltr'><strong>sacerdos,</strong></span> <span class='ocrx_word' id='word_1_685' title='bbox 2475 4330 2566 4402; x_wconf 91' lang='lat' dir='ltr'><strong>qui</strong></span> <span class='ocrx_word' id='word_1_686' title='bbox 2613 4330 2984 4401; x_wconf 88' lang='lat' dir='ltr'><strong>incorruptam</strong></span> <span class='ocrx_word' id='word_1_687' title='bbox 3038 4345 3262 4389; x_wconf 85' lang='lat' dir='ltr'><strong>servare</strong></span> <span class='ocrx_word' id='word_1_688' title='bbox 3313 4332 3516 4390; x_wconf 86' lang='lat' dir='ltr'><strong>studet</strong></span> <span class='ocrx_word' id='word_1_689' title='bbox 3566 4334 3769 4392; x_wconf 87' lang='lat' dir='ltr'><strong>Eccle-</strong></span> 
     </span>
    </p>
   </div>
   <div class='ocr_carea' id='block_1_90' title="bbox 2129 4422 3768 4496">
    <p class='ocr_par' dir='ltr' id='par_1_90' title="bbox 2129 4422 3768 4496">
     <span class='ocr_line' id='line_1_90' title="bbox 2129 4422 3768 4496; baseline 0.002 -16"><span class='ocrx_word' id='word_1_690' title='bbox 2129 4425 2223 4480; x_wconf 75' lang='lat' dir='ltr'><strong>sia:</strong></span> <span class='ocrx_word' id='word_1_691' title='bbox 2249 4424 2598 4490; x_wconf 87' lang='lat' dir='ltr'><strong>castitatem;</strong></span> <span class='ocrx_word' id='word_1_692' title='bbox 2631 4431 2688 4478; x_wconf 86' lang='lat' dir='ltr'><strong>et</strong></span> <span class='ocrx_word' id='word_1_693' title='bbox 2708 4422 2837 4479; x_wconf 91' lang='lat' dir='ltr'><strong>ideo</strong></span> <span class='ocrx_word' id='word_1_694' title='bbox 2878 4424 3142 4496; x_wconf 88' lang='lat' dir='ltr'><strong>Princeps</strong></span> <span class='ocrx_word' id='word_1_695' title='bbox 3170 4425 3542 4483; x_wconf 88' lang='lat' dir='ltr'><strong>sacerdotum</strong></span> <span class='ocrx_word' id='word_1_696' title='bbox 3578 4429 3768 4485; x_wconf 86' lang='lat' dir='ltr'><strong>dixit:</strong></span> 
     </span>
    </p>
   </div>
   <div class='ocr_carea' id='block_1_91' title="bbox 2128 4515 3771 4596">
    <p class='ocr_par' dir='ltr' id='par_1_91' title="bbox 2128 4515 3771 4596">
     <span class='ocr_line' id='line_1_91' title="bbox 2128 4515 3771 4596; baseline 0.002 -22"><span class='ocrx_word' id='word_1_697' title='bbox 2128 4518 2283 4574; x_wconf 85' lang='lat' dir='ltr'><strong>Zelus</strong></span> <span class='ocrx_word' id='word_1_698' title='bbox 2316 4518 2498 4573; x_wconf 87' lang='lat' dir='ltr'><strong>domus</strong></span> <span class='ocrx_word' id='word_1_699' title='bbox 2539 4515 2689 4573; x_wconf 72' lang='grc' dir='ltr'>ιιιωά</span> <span class='ocrx_word' id='word_1_700' title='bbox 2718 4517 2978 4575; x_wconf 81' lang='lat' dir='ltr'><strong>devoravit</strong></span> <span class='ocrx_word' id='word_1_701' title='bbox 3029 4535 3110 4574; x_wconf 90' lang='lat' dir='ltr'><strong>me</strong></span> <span class='ocrx_word' id='word_1_702' title='bbox 3161 4517 3344 4592; x_wconf 77' lang='lat' dir='ltr'><strong>(Joan.</strong></span> <span class='ocrx_word' id='word_1_703' title='bbox 3397 4536 3472 4589; x_wconf 85' lang='grc' dir='ltr'>ιι,</span> <span class='ocrx_word' id='word_1_704' title='bbox 3511 4522 3638 4596; x_wconf 81' lang='grc'><strong>17).</strong></span> <span class='ocrx_word' id='word_1_705' title='bbox 3699 4521 3771 4579; x_wconf 84' lang='lat' dir='ltr'><strong>Et</strong></span> 
     </span>
    </p>
   </div>
   <div class='ocr_carea' id='block_1_92' title="bbox 417 4599 3774 4682">
    <p class='ocr_par' dir='ltr' id='par_1_92' title="bbox 417 4599 3774 4682">
     <span class='ocr_line' id='line_1_92' title="bbox 417 4599 3774 4682; baseline 0.006 -28"><span class='ocrx_word' id='word_1_706' title='bbox 417 4599 609 4655; x_wconf 75' lang='lat' dir='ltr'><strong>sa’culo</strong></span> <span class='ocrx_word' id='word_1_707' title='bbox 634 4609 775 4666; x_wconf 86' lang='lat' dir='ltr'><strong>sunt,</strong></span> <span class='ocrx_word' id='word_1_708' title='bbox 807 4610 853 4654; x_wconf 86' lang='lat' dir='ltr'><strong>et</strong></span> <span class='ocrx_word' id='word_1_709' title='bbox 880 4615 962 4654; x_wconf 87' lang='lat' dir='ltr'><strong>me</strong></span> <span class='ocrx_word' id='word_1_710' title='bbox 1003 4599 1302 4655; x_wconf 86' lang='lat' dir='ltr'><strong>consolatus</strong></span> <span class='ocrx_word' id='word_1_711' title='bbox 1348 4618 1462 4655; x_wconf 87' lang='lat' dir='ltr'><strong>sum</strong></span> <span class='ocrx_word' id='word_1_712' title='bbox 1492 4600 1652 4674; x_wconf 89' lang='lat' dir='ltr'><strong>(Sup.</strong></span> <span class='ocrx_word' id='word_1_713' title='bbox 1687 4620 1735 4659; x_wconf 81' lang='grc' dir='ltr'><strong>υ.</strong></span> <span class='ocrx_word' id='word_1_714' title='bbox 1765 4605 1879 4677; x_wconf 73' lang='grc'><strong>52).</strong></span> <span class='ocrx_word' id='word_1_715' title='bbox 1916 4608 2026 4663; x_wconf 84' lang='lat' dir='ltr'><strong>Ad-</strong></span> <span class='ocrx_word' id='word_1_716' title='bbox 2050 4619 2104 4681; x_wconf 75' lang='grc' dir='ltr'>ι)</span> <span class='ocrx_word' id='word_1_717' title='bbox 2130 4610 2365 4666; x_wconf 88' lang='lat' dir='ltr'><strong>Phinees</strong></span> <span class='ocrx_word' id='word_1_718' title='bbox 2392 4609 2650 4666; x_wconf 87' lang='lat' dir='ltr'><strong>sacerdos</strong></span> <span class='ocrx_word' id='word_1_719' title='bbox 2680 4619 2819 4678; x_wconf 87' lang='lat' dir='ltr'><strong>erat,</strong></span> <span class='ocrx_word' id='word_1_720' title='bbox 2851 4619 2907 4667; x_wconf 89' lang='lat' dir='ltr'><strong>et</strong></span> <span class='ocrx_word' id='word_1_721' title='bbox 2938 4625 3107 4682; x_wconf 91' lang='lat' dir='ltr'><strong>nepos</strong></span> <span class='ocrx_word' id='word_1_722' title='bbox 3133 4610 3473 4682; x_wconf 88' lang='lat' dir='ltr'><strong>sacerdotis,</strong></span> <span class='ocrx_word' id='word_1_723' title='bbox 3518 4625 3583 4671; x_wconf 87' lang='lat' dir='ltr'><strong>et</strong></span> <span class='ocrx_word' id='word_1_724' title='bbox 3622 4615 3774 4673; x_wconf 84' lang='lat' dir='ltr'><strong>ﬁlius</strong></span> 
     </span>
    </p>
   </div>
   <div class='ocr_carea' id='block_1_93' title="bbox 416 4691 1966 4765">
    <p class='ocr_par' dir='ltr' id='par_1_93' title="bbox 416 4691 1966 4765">
     <span class='ocr_line' id='line_1_93' title="bbox 416 4691 1966 4765; baseline 0.005 -18"><span class='ocrx_word' id='word_1_725' title='bbox 416 4694 585 4749; x_wconf 87' lang='lat' dir='ltr'><strong>vertis</strong></span> <span class='ocrx_word' id='word_1_726' title='bbox 612 4708 743 4765; x_wconf 83' lang='lat' dir='ltr'><strong>ergo</strong></span> <span class='ocrx_word' id='word_1_727' title='bbox 769 4692 891 4763; x_wconf 91' lang='lat' dir='ltr'><strong>quia</strong></span> <span class='ocrx_word' id='word_1_728' title='bbox 908 4691 1112 4762; x_wconf 86' lang='lat' dir='ltr'><strong>judicia</strong></span> <span class='ocrx_word' id='word_1_729' title='bbox 1146 4692 1361 4748; x_wconf 87' lang='lat' dir='ltr'><strong>Domini</strong></span> <span class='ocrx_word' id='word_1_730' title='bbox 1388 4695 1791 4752; x_wconf 89' lang='lat' dir='ltr'><strong>consolationes</strong></span> <span class='ocrx_word' id='word_1_731' title='bbox 1820 4707 1966 4755; x_wconf 90' lang='lat' dir='ltr'><strong>sunt.</strong></span> 
     </span>
    </p>
   </div>
   <div class='ocr_carea' id='block_1_94' title="bbox 490 4820 2013 4898">
    <p class='ocr_par' dir='ltr' id='par_1_94' title="bbox 490 4820 2013 4898">
     <span class='ocr_line' id='line_1_94' title="bbox 490 4820 2013 4898; baseline 0.009 -25"><span class='ocrx_word' id='word_1_732' title='bbox 490 4831 516 4858; x_wconf 72' lang='grc' dir='ltr'>τι</span> <span class='ocrx_word' id='word_1_733' title='bbox 557 4820 862 4898; x_wconf 68' lang='lat' dir='ltr'><strong>l5di_t._vet.,</strong></span> <span class='ocrx_word' id='word_1_734' title='bbox 895 4821 1048 4874; x_wconf 87' lang='lat' dir='ltr'><strong>morti</strong></span> <span class='ocrx_word' id='word_1_735' title='bbox 1075 4820 1307 4898; x_wconf 72' lang='lat' dir='ltr'><strong>addictos</strong></span> <span class='ocrx_word' id='word_1_736' title='bbox 1327 4832 1530 4898; x_wconf 50' lang='lat' dir='ltr'><strong>fraterna:</strong></span> <span class='ocrx_word' id='word_1_737' title='bbox 1549 4827 1795 4898; x_wconf 81' lang='lat' dir='ltr'><strong>perﬁdos.</strong></span> <span class='ocrx_word' id='word_1_738' title='bbox 1830 4829 2013 4898; x_wconf 62' lang='lat' dir='ltr'><strong>noun,</strong></span> 
     </span>
    </p>
   </div>
   <div class='ocr_carea' id='block_1_95' title="bbox 417 4891 2012 4967">
    <p class='ocr_par' dir='ltr' id='par_1_95' title="bbox 417 4891 2012 4967">
     <span class='ocr_line' id='line_1_95' title="bbox 417 4891 2012 4967; baseline 0.009 -22"><span class='ocrx_word' id='word_1_739' title='bbox 417 4892 569 4967; x_wconf 84' lang='lat' dir='ltr'><strong>morti</strong></span> <span class='ocrx_word' id='word_1_740' title='bbox 594 4891 815 4967; x_wconf 77' lang='lat' dir='ltr'><strong>addictis</strong></span> <span class='ocrx_word' id='word_1_741' title='bbox 841 4902 1047 4967; x_wconf 67' lang='lat' dir='ltr'><strong>aeterm</strong></span> <span class='ocrx_word' id='word_1_742' title='bbox 1073 4893 1303 4967; x_wconf 75' lang='lat' dir='ltr'><strong>perﬁdis.</strong></span> <span class='ocrx_word' id='word_1_743' title='bbox 1328 4893 1523 4967; x_wconf 77' lang='lat' dir='ltr'><strong>Verum</strong></span> <span class='ocrx_word' id='word_1_744' title='bbox 1550 4891 1685 4951; x_wconf 66' lang='lat' dir='ltr'><strong>Satis</strong></span> <span class='ocrx_word' id='word_1_745' title='bbox 1708 4913 1933 4967; x_wconf 84' lang='lat' dir='ltr'><strong>apparet</strong></span> <span class='ocrx_word' id='word_1_746' title='bbox 1962 4891 2012 4959; x_wconf 88' lang='lat' dir='ltr'><strong>id</strong></span> 
     </span>
    </p>
   </div>
   <div class='ocr_carea' id='block_1_96' title="bbox 417 4963 2014 5035">
    <p class='ocr_par' dir='ltr' id='par_1_96' title="bbox 417 4963 2014 5035">
     <span class='ocr_line' id='line_1_96' title="bbox 417 4963 2014 5035; baseline 0.009 -20"><span class='ocrx_word' id='word_1_747' title='bbox 417 4966 487 5016; x_wconf 86' lang='lat' dir='ltr'><strong>ita</strong></span> <span class='ocrx_word' id='word_1_748' title='bbox 516 4963 898 5017; x_wconf 72' lang='lat' dir='ltr'><strong>coincinuatum</strong></span> <span class='ocrx_word' id='word_1_749' title='bbox 915 4964 1081 5035; x_wconf 79' lang='lat' dir='ltr'><strong>fuisse</strong></span> <span class='ocrx_word' id='word_1_750' title='bbox 1101 4963 1169 5015; x_wconf 86' lang='lat' dir='ltr'><strong>ab</strong></span> <span class='ocrx_word' id='word_1_751' title='bbox 1197 4964 1262 5016; x_wconf 88' lang='lat' dir='ltr'><strong>iis</strong></span> <span class='ocrx_word' id='word_1_752' title='bbox 1292 4965 1381 5032; x_wconf 90' lang='lat' dir='ltr'><strong>qui</strong></span> <span class='ocrx_word' id='word_1_753' title='bbox 1414 4974 1536 5035; x_wconf 84' lang='lat' dir='ltr'><strong>post</strong></span> <span class='ocrx_word' id='word_1_754' title='bbox 1563 4963 1757 5023; x_wconf 80' lang='lat' dir='ltr'><strong>nomen</strong></span> <span class='ocrx_word' id='word_1_755' title='bbox 1785 4963 2014 5029; x_wconf 60' lang='lat' dir='ltr'><strong>Ananiae</strong></span> 
     </span>
    </p>
   </div>
   <div class='ocr_carea' id='block_1_97' title="bbox 416 5033 2010 5114">
    <p class='ocr_par' dir='ltr' id='par_1_97' title="bbox 416 5033 2010 5114">
     <span class='ocr_line' id='line_1_97' title="bbox 416 5033 2010 5114; baseline 0.007 -28"><span class='ocrx_word' id='word_1_756' title='bbox 416 5034 700 5114; x_wconf 50' lang='lat' dir='ltr'><strong>gaphiram</strong></span> <span class='ocrx_word' id='word_1_757' title='bbox 716 5033 1286 5114; x_wconf 73' lang='lat' dir='ltr'><strong>quoque,c_ujus_nulla</strong></span> <span class='ocrx_word' id='word_1_758' title='bbox 1316 5039 1369 5088; x_wconf 91' lang='lat' dir='ltr'><strong>iu</strong></span> <span class='ocrx_word' id='word_1_759' title='bbox 1396 5033 1528 5114; x_wconf 79' lang='lat' dir='ltr'><strong>mss.</strong></span> <span class='ocrx_word' id='word_1_760' title='bbox 1556 5042 1760 5114; x_wconf 84' lang='lat' dir='ltr'><strong>mentio</strong></span> <span class='ocrx_word' id='word_1_761' title='bbox 1798 5043 1878 5108; x_wconf 86' lang='lat' dir='ltr'><strong>lit,</strong></span> <span class='ocrx_word' id='word_1_762' title='bbox 1903 5059 2010 5114; x_wconf 90' lang='lat' dir='ltr'><strong>quo</strong></span> 
     </span>
    </p>
   </div>
   <div class='ocr_carea' id='block_1_98' title="bbox 412 5103 2008 5174">
    <p class='ocr_par' dir='ltr' id='par_1_98' title="bbox 412 5103 2008 5174">
     <span class='ocr_line' id='line_1_98' title="bbox 412 5103 2008 5174; baseline 0.006 -15"><span class='ocrx_word' id='word_1_763' title='bbox 412 5106 538 5170; x_wconf 88' lang='lat' dir='ltr'><strong>jure</strong></span> <span class='ocrx_word' id='word_1_764' title='bbox 567 5119 740 5174; x_wconf 86' lang='lat' dir='ltr'><strong>quave</strong></span> <span class='ocrx_word' id='word_1_765' title='bbox 771 5103 965 5173; x_wconf 88' lang='lat' dir='ltr'><strong>injuria</strong></span> <span class='ocrx_word' id='word_1_766' title='bbox 994 5106 1045 5158; x_wconf 85' lang='lat' dir='ltr'><strong>iu</strong></span> <span class='ocrx_word' id='word_1_767' title='bbox 1073 5104 1140 5159; x_wconf 91' lang='lat' dir='ltr'><strong>ed</strong></span> <span class='ocrx_word' id='word_1_768' title='bbox 1166 5113 1205 5158; x_wconf 91' lang='lat' dir='ltr'><strong>t.</strong></span> <span class='ocrx_word' id='word_1_769' title='bbox 1241 5107 1517 5162; x_wconf 82' lang='lat' dir='ltr'><strong>intrudere</strong></span> <span class='ocrx_word' id='word_1_770' title='bbox 1559 5103 1875 5167; x_wconf 61' lang='lat' dir='ltr'><strong>voluerunt.</strong></span> <span class='ocrx_word' id='word_1_771' title='bbox 1898 5103 2008 5171; x_wconf 80' lang='lat' dir='ltr'><strong>Nu’s</strong></span> 
     </span>
    </p>
   </div>
   <div class='ocr_carea' id='block_1_99' title="bbox 416 5175 2003 5254">
    <p class='ocr_par' dir='ltr' id='par_1_99' title="bbox 416 5175 2003 5254">
     <span class='ocr_line' id='line_1_99' title="bbox 416 5175 2003 5254; baseline 0.008 -25"><span class='ocrx_word' id='word_1_772' title='bbox 416 5176 692 5254; x_wconf 55' lang='lat' dir='ltr'><strong>locunres</strong></span> <span class='ocrx_word' id='word_1_773' title='bbox 749 5191 879 5228; x_wconf 89' lang='lat' dir='ltr'><strong>mss.</strong></span> <span class='ocrx_word' id='word_1_774' title='bbox 924 5175 1170 5254; x_wconf 76' lang='lat' dir='ltr'><strong>omnium</strong></span> <span class='ocrx_word' id='word_1_775' title='bbox 1214 5175 1317 5230; x_wconf 88' lang='lat' dir='ltr'><strong>lide</strong></span> <span class='ocrx_word' id='word_1_776' title='bbox 1345 5190 1816 5254; x_wconf 70' lang='lat' dir='ltr'><strong>repra-seutamus.</strong></span> <span class='ocrx_word' id='word_1_777' title='bbox 1850 5184 2003 5254; x_wconf 83' lang='lat' dir='ltr'><strong>Quod</strong></span> 
     </span>
    </p>
   </div>
   <div class='ocr_carea' id='block_1_100' title="bbox 417 5245 2001 5316">
    <p class='ocr_par' dir='ltr' id='par_1_100' title="bbox 417 5245 2001 5316">
     <span class='ocr_line' id='line_1_100' title="bbox 417 5245 2001 5316; baseline 0.009 -19"><span class='ocrx_word' id='word_1_778' title='bbox 417 5262 549 5301; x_wconf 88' lang='lat' dir='ltr'><strong>vero</strong></span> <span class='ocrx_word' id='word_1_779' title='bbox 579 5245 766 5301; x_wconf 79' lang='lat' dir='ltr'><strong>iisdem</strong></span> <span class='ocrx_word' id='word_1_780' title='bbox 815 5246 1133 5316; x_wconf 78' lang='lat' dir='ltr'><strong>coniugibus</strong></span> <span class='ocrx_word' id='word_1_781' title='bbox 1173 5262 1401 5316; x_wconf 85' lang='lat' dir='ltr'><strong>quorum</strong></span> <span class='ocrx_word' id='word_1_782' title='bbox 1450 5248 1520 5301; x_wconf 81' lang='lat' dir='ltr'><strong>ibi</strong></span> <span class='ocrx_word' id='word_1_783' title='bbox 1548 5252 1779 5316; x_wconf 79' lang='lat' dir='ltr'><strong>crimen,</strong></span> <span class='ocrx_word' id='word_1_784' title='bbox 1811 5245 2001 5311; x_wconf 75' lang='grc' dir='ltr'>ιιιῆιὶῢὶ</span> 
     </span>
    </p>
   </div>
   <div class='ocr_carea' id='block_1_101' title="bbox 416 5316 2003 5385">
    <p class='ocr_par' dir='ltr' id='par_1_101' title="bbox 416 5316 2003 5385">
     <span class='ocr_line' id='line_1_101' title="bbox 416 5316 2003 5385; baseline 0.009 -17"><span class='ocrx_word' id='word_1_785' title='bbox 416 5332 546 5371; x_wconf 81' lang='lat' dir='ltr'><strong>vero</strong></span> <span class='ocrx_word' id='word_1_786' title='bbox 574 5316 886 5385; x_wconf 72' lang='lat' dir='ltr'><strong>pinuitentia</strong></span> <span class='ocrx_word' id='word_1_787' title='bbox 910 5318 1237 5381; x_wconf 68' lang='lat' dir='ltr'><strong>declaratur,</strong></span> <span class='ocrx_word' id='word_1_788' title='bbox 1271 5330 1497 5373; x_wconf 85' lang='lat' dir='ltr'><strong>mortem</strong></span> <span class='ocrx_word' id='word_1_789' title='bbox 1519 5328 1777 5378; x_wconf 66' lang='lat' dir='ltr'><strong>aeternam</strong></span> <span class='ocrx_word' id='word_1_790' title='bbox 1835 5328 2003 5384; x_wconf 86' lang='lat' dir='ltr'><strong>fuisse</strong></span> 
     </span>
    </p>
   </div>
   <div class='ocr_carea' id='block_1_102' title="bbox 2123 4703 3768 4783">
    <p class='ocr_par' dir='ltr' id='par_1_102' title="bbox 2123 4703 3768 4783">
     <span class='ocr_line' id='line_1_102' title="bbox 2123 4703 3768 4783; baseline 0.004 -23"><span class='ocrx_word' id='word_1_791' title='bbox 2123 4703 2443 4762; x_wconf 84' lang='lat' dir='ltr'><strong>sacerdotis.</strong></span> <span class='ocrx_word' id='word_1_792' title='bbox 2479 4704 2659 4760; x_wconf 87' lang='lat' dir='ltr'><strong>Bonus</strong></span> <span class='ocrx_word' id='word_1_793' title='bbox 2686 4703 2855 4774; x_wconf 88' lang='lat' dir='ltr'><strong>zelus,</strong></span> <span class='ocrx_word' id='word_1_794' title='bbox 2890 4714 2945 4760; x_wconf 88' lang='lat' dir='ltr'><strong>et</strong></span> <span class='ocrx_word' id='word_1_795' title='bbox 2974 4704 3122 4760; x_wconf 85' lang='lat' dir='ltr'><strong>utilis</strong></span> <span class='ocrx_word' id='word_1_796' title='bbox 3143 4703 3197 4759; x_wconf 90' lang='lat' dir='ltr'><strong>in</strong></span> <span class='ocrx_word' id='word_1_797' title='bbox 3220 4706 3535 4764; x_wconf 89' lang='lat' dir='ltr'><strong>sacerdote</strong></span> <span class='ocrx_word' id='word_1_798' title='bbox 3566 4726 3582 4765; x_wconf 86' lang='lat'><strong>:</strong></span> <span class='ocrx_word' id='word_1_799' title='bbox 3615 4726 3768 4783; x_wconf 68' lang='lat' dir='ltr'><strong>prse-</strong></span> 
     </span>
    </p>
   </div>
   <div class='ocr_carea' id='block_1_103' title="bbox 2121 4840 3772 4912">
    <p class='ocr_par' dir='ltr' id='par_1_103' title="bbox 2121 4840 3772 4912">
     <span class='ocr_line' id='line_1_103' title="bbox 2121 4840 3772 4912; baseline 0.008 -19"><span class='ocrx_word' id='word_1_800' title='bbox 2121 4853 2245 4912; x_wconf 85' lang='lat' dir='ltr'><strong>men</strong></span> <span class='ocrx_word' id='word_1_801' title='bbox 2268 4855 2372 4896; x_wconf 93' lang='lat' dir='ltr'><strong>uon</strong></span> <span class='ocrx_word' id='word_1_802' title='bbox 2400 4840 2578 4896; x_wconf 91' lang='lat' dir='ltr'><strong>solum</strong></span> <span class='ocrx_word' id='word_1_803' title='bbox 2607 4840 2741 4897; x_wconf 88' lang='lat' dir='ltr'><strong>varii</strong></span> <span class='ocrx_word' id='word_1_804' title='bbox 2766 4842 3059 4912; x_wconf 73' lang='lat' dir='ltr'><strong>Scripturze</strong></span> <span class='ocrx_word' id='word_1_805' title='bbox 3090 4852 3286 4909; x_wconf 87' lang='lat' dir='ltr'><strong>textus,</strong></span> <span class='ocrx_word' id='word_1_806' title='bbox 3346 4858 3425 4898; x_wconf 86' lang='lat' dir='ltr'><strong>ac</strong></span> <span class='ocrx_word' id='word_1_807' title='bbox 3456 4848 3772 4906; x_wconf 82' lang='lat' dir='ltr'><strong>versiones</strong></span> 
     </span>
    </p>
   </div>
   <div class='ocr_carea' id='block_1_104' title="bbox 2120 4911 3773 4990">
    <p class='ocr_par' dir='ltr' id='par_1_104' title="bbox 2120 4911 3773 4990">
     <span class='ocr_line' id='line_1_104' title="bbox 2120 4911 3773 4990; baseline 0.007 -26"><span class='ocrx_word' id='word_1_808' title='bbox 2120 4911 2478 4990; x_wconf 70' lang='lat' dir='ltr'><strong>refragantur,</strong></span> <span class='ocrx_word' id='word_1_809' title='bbox 2498 4912 2597 4990; x_wconf 71' lang='lat' dir='ltr'><strong>sed</strong></span> <span class='ocrx_word' id='word_1_810' title='bbox 2625 4913 2790 4990; x_wconf 84' lang='lat' dir='ltr'><strong>etiam</strong></span> <span class='ocrx_word' id='word_1_811' title='bbox 2812 4911 2987 4990; x_wconf 65' lang='grc' dir='ltr'><strong>(ἶςέυεί</strong></span> <span class='ocrx_word' id='word_1_812' title='bbox 3013 4929 3080 4990; x_wconf 64' lang='lat' dir='ltr'><strong>ac</strong></span> <span class='ocrx_word' id='word_1_813' title='bbox 3106 4915 3277 4970; x_wconf 83' lang='lat' dir='ltr'><strong>Latini</strong></span> <span class='ocrx_word' id='word_1_814' title='bbox 3304 4915 3545 4990; x_wconf 78' lang='lat' dir='ltr'><strong>Patres,</strong></span> <span class='ocrx_word' id='word_1_815' title='bbox 3578 4934 3613 4974; x_wconf 86' lang='lat' dir='ltr'><strong>a</strong></span> <span class='ocrx_word' id='word_1_816' title='bbox 3642 4923 3773 4990; x_wconf 88' lang='lat' dir='ltr'><strong>qui-</strong></span> 
     </span>
    </p>
   </div>
   <div class='ocr_carea' id='block_1_105' title="bbox 2115 4979 3772 5047">
    <p class='ocr_par' dir='ltr' id='par_1_105' title="bbox 2115 4979 3772 5047">
     <span class='ocr_line' id='line_1_105' title="bbox 2115 4979 3772 5047; baseline 0.007 -13"><span class='ocrx_word' id='word_1_817' title='bbox 2115 4979 2217 5036; x_wconf 91' lang='lat' dir='ltr'><strong>bus</strong></span> <span class='ocrx_word' id='word_1_818' title='bbox 2237 4979 2436 5047; x_wconf 83' lang='lat' dir='ltr'><strong>citatur</strong></span> <span class='ocrx_word' id='word_1_819' title='bbox 2462 4982 2603 5038; x_wconf 89' lang='lat' dir='ltr'><strong>idem</strong></span> <span class='ocrx_word' id='word_1_820' title='bbox 2651 4986 2974 5039; x_wconf 87' lang='lat' dir='ltr'><strong>versiculus.</strong></span> <span class='ocrx_word' id='word_1_821' title='bbox 3015 4985 3114 5041; x_wconf 87' lang='lat' dir='ltr'><strong>Est</strong></span> <span class='ocrx_word' id='word_1_822' title='bbox 3141 4996 3319 5040; x_wconf 88' lang='lat' dir='ltr'><strong>autem</strong></span> <span class='ocrx_word' id='word_1_823' title='bbox 3359 4979 3772 5047; x_wconf 41' lang='lat' dir='ltr'><strong>satis&#39;ver&#39;isi-</strong></span> 
     </span>
    </p>
   </div>
   <div class='ocr_carea' id='block_1_106' title="bbox 2115 5053 3770 5130">
    <p class='ocr_par' dir='ltr' id='par_1_106' title="bbox 2115 5053 3770 5130">
     <span class='ocr_line' id='line_1_106' title="bbox 2115 5053 3770 5130; baseline 0.008 -24"><span class='ocrx_word' id='word_1_824' title='bbox 2115 5054 2244 5130; x_wconf 77' lang='lat' dir='ltr'><strong>mile</strong></span> <span class='ocrx_word' id='word_1_825' title='bbox 2272 5053 2325 5107; x_wconf 91' lang='lat' dir='ltr'><strong>in</strong></span> <span class='ocrx_word' id='word_1_826' title='bbox 2355 5054 2483 5130; x_wconf 75' lang='lat' dir='ltr'><strong>cod.</strong></span> <span class='ocrx_word' id='word_1_827' title='bbox 2509 5053 2796 5130; x_wconf 77' lang='lat' dir='ltr'><strong>Atnb._p_ro</strong></span> <span class='ocrx_word' id='word_1_828' title='bbox 2824 5057 3017 5123; x_wconf 72' lang='grc' dir='ltr'><strong>ἕξέτηξέ</strong></span> <span class='ocrx_word' id='word_1_829' title='bbox 3046 5078 3108 5129; x_wconf 82' lang='grc' dir='ltr'><strong>με</strong></span> <span class='ocrx_word' id='word_1_830' title='bbox 3133 5057 3159 5112; x_wconf 85' lang='grc' dir='ltr'>ὁ</span> <span class='ocrx_word' id='word_1_831' title='bbox 3181 5058 3350 5122; x_wconf 79' lang='grc' dir='ltr'><strong>ζῆλος.</strong></span> <span class='ocrx_word' id='word_1_832' title='bbox 3386 5069 3548 5130; x_wconf 87' lang='lat' dir='ltr'><strong>ctc.,</strong></span> <span class='ocrx_word' id='word_1_833' title='bbox 3584 5061 3770 5118; x_wconf 88' lang='lat' dir='ltr'><strong>libra-</strong></span> 
     </span>
    </p>
   </div>
   <div class='ocr_carea' id='block_1_107' title="bbox 2111 5124 3402 5201">
    <p class='ocr_par' dir='ltr' id='par_1_107' title="bbox 2111 5124 3402 5201">
     <span class='ocr_line' id='line_1_107' title="bbox 2111 5124 3402 5201; baseline 0.005 -24"><span class='ocrx_word' id='word_1_834' title='bbox 2111 5124 2175 5178; x_wconf 87' lang='lat' dir='ltr'><strong>rii</strong></span> <span class='ocrx_word' id='word_1_835' title='bbox 2202 5126 2352 5201; x_wconf 75' lang='lat' dir='ltr'><strong>lapsu</strong></span> <span class='ocrx_word' id='word_1_836' title='bbox 2381 5126 2641 5201; x_wconf 84' lang='lat' dir='ltr'><strong>scriptum</strong></span> <span class='ocrx_word' id='word_1_837' title='bbox 2667 5124 2834 5182; x_wconf 84' lang='lat' dir='ltr'><strong>fuisse</strong></span> <span class='ocrx_word' id='word_1_838' title='bbox 2874 5124 3139 5201; x_wconf 63' lang='grc' dir='ltr'><strong>ἐξιζήτῖησέ</strong></span> <span class='ocrx_word' id='word_1_839' title='bbox 3163 5136 3402 5201; x_wconf 52' lang='lat' dir='ltr'><strong>uncto.</strong></span> 
     </span>
    </p>
   </div>
   <div class='ocr_carea' id='block_1_108' title="bbox 2187 5196 3766 5276">
    <p class='ocr_par' dir='ltr' id='par_1_108' title="bbox 2187 5196 3766 5276">
     <span class='ocr_line' id='line_1_108' title="bbox 2187 5196 3766 5276; baseline 0.007 -28"><span class='ocrx_word' id='word_1_840' title='bbox 2187 5205 2208 5234; x_wconf 77' lang='grc' dir='ltr'><strong>ο</strong></span> <span class='ocrx_word' id='word_1_841' title='bbox 2252 5196 2410 5249; x_wconf 73' lang='lat' dir='ltr'><strong>llom.</strong></span> <span class='ocrx_word' id='word_1_842' title='bbox 2441 5197 2598 5262; x_wconf 90' lang='lat' dir='ltr'><strong>edit.,</strong></span> <span class='ocrx_word' id='word_1_843' title='bbox 2628 5206 2676 5251; x_wconf 88' lang='lat' dir='ltr'><strong>et</strong></span> <span class='ocrx_word' id='word_1_844' title='bbox 2706 5209 2969 5276; x_wconf 51' lang='lat' dir='ltr'><strong>eaoravttj</strong></span> <span class='ocrx_word' id='word_1_845' title='bbox 2996 5198 3049 5276; x_wconf 82' lang='lat' dir='ltr'><strong>in</strong></span> <span class='ocrx_word' id='word_1_846' title='bbox 3086 5196 3192 5269; x_wconf 77' lang='lat' dir='ltr'><strong>quo</strong></span> <span class='ocrx_word' id='word_1_847' title='bbox 3225 5200 3274 5254; x_wconf 90' lang='lat' dir='ltr'><strong>ei</strong></span> <span class='ocrx_word' id='word_1_848' title='bbox 3301 5208 3517 5276; x_wconf 81' lang='lat' dir='ltr'><strong>textus</strong></span> <span class='ocrx_word' id='word_1_849' title='bbox 3553 5204 3766 5276; x_wconf 71' lang='lat' dir='ltr'><strong>Helm,</strong></span> 
     </span>
    </p>
   </div>
   <div class='ocr_carea' id='block_1_109' title="bbox 2110 5263 3761 5340">
    <p class='ocr_par' dir='ltr' id='par_1_109' title="bbox 2110 5263 3761 5340">
     <span class='ocr_line' id='line_1_109' title="bbox 2110 5263 3761 5340; baseline 0.007 -22"><span class='ocrx_word' id='word_1_850' title='bbox 2110 5263 2235 5340; x_wconf 57' lang='grc' dir='ltr'><strong>ἓν.</strong></span> <span class='ocrx_word' id='word_1_851' title='bbox 2284 5274 2340 5320; x_wconf 90' lang='lat' dir='ltr'><strong>et</strong></span> <span class='ocrx_word' id='word_1_852' title='bbox 2384 5282 2572 5340; x_wconf 86' lang='lat' dir='ltr'><strong>omnes</strong></span> <span class='ocrx_word' id='word_1_853' title='bbox 2603 5268 2879 5323; x_wconf 86' lang='lat' dir='ltr'><strong>versiones</strong></span> <span class='ocrx_word' id='word_1_854' title='bbox 2927 5263 3222 5336; x_wconf 67' lang='lat' dir='ltr'><strong>Scriptum</strong></span> <span class='ocrx_word' id='word_1_855' title='bbox 3271 5263 3761 5340; x_wconf 73' lang='lat' dir='ltr'><strong>patrocinantier</strong></span> 
     </span>
    </p>
   </div>
   <div class='ocr_carea' id='block_1_110' title="bbox 2110 5334 3771 5411">
    <p class='ocr_par' dir='ltr' id='par_1_110' title="bbox 2110 5334 3771 5411">
     <span class='ocr_line' id='line_1_110' title="bbox 2110 5334 3771 5411; baseline 0.01 -22"><span class='ocrx_word' id='word_1_856' title='bbox 2110 5334 2242 5411; x_wconf 77' lang='lat' dir='ltr'><strong>cum</strong></span> <span class='ocrx_word' id='word_1_857' title='bbox 2272 5345 2451 5411; x_wconf 82' lang='lat' dir='ltr'><strong>tamen</strong></span> <span class='ocrx_word' id='word_1_858' title='bbox 2474 5339 2527 5411; x_wconf 90' lang='lat' dir='ltr'><strong>in</strong></span> <span class='ocrx_word' id='word_1_859' title='bbox 2557 5353 2689 5393; x_wconf 89' lang='lat' dir='ltr'><strong>mss.</strong></span> <span class='ocrx_word' id='word_1_860' title='bbox 2716 5350 2769 5411; x_wconf 88' lang='lat' dir='ltr'><strong>et</strong></span> <span class='ocrx_word' id='word_1_861' title='bbox 2796 5349 2912 5394; x_wconf 90' lang='lat' dir='ltr'><strong>ant.</strong></span> <span class='ocrx_word' id='word_1_862' title='bbox 2933 5334 3065 5395; x_wconf 78' lang='lat' dir='ltr'><strong>edit.</strong></span> <span class='ocrx_word' id='word_1_863' title='bbox 3120 5334 3349 5411; x_wconf 70' lang='lat' dir='ltr'><strong>legatur.</strong></span> <span class='ocrx_word' id='word_1_864' title='bbox 3382 5352 3442 5395; x_wconf 79' lang='lat' dir='ltr'><strong>et</strong></span> <span class='ocrx_word' id='word_1_865' title='bbox 3475 5361 3603 5402; x_wconf 81' lang='lat' dir='ltr'><strong>non</strong></span> <span class='ocrx_word' id='word_1_866' title='bbox 3636 5365 3771 5404; x_wconf 71' lang='lat' dir='ltr'><strong>exo-</strong></span> 
     </span>
    </p>
   </div>
   <div class='ocr_carea' id='block_1_111' title="bbox 2112 5407 3764 5486">
    <p class='ocr_par' dir='ltr' id='par_1_111' title="bbox 2112 5407 3764 5486">
     <span class='ocr_line' id='line_1_111' title="bbox 2112 5407 3764 5486; baseline 0.01 -27"><span class='ocrx_word' id='word_1_867' title='bbox 2112 5408 2262 5486; x_wconf 74' lang='lat' dir='ltr'><strong>ravit,</strong></span> <span class='ocrx_word' id='word_1_868' title='bbox 2289 5407 2524 5486; x_wconf 78' lang='lat' dir='ltr'><strong>vcl_ut_i_n</strong></span> <span class='ocrx_word' id='word_1_869' title='bbox 2546 5410 2866 5486; x_wconf 78' lang='lat' dir='ltr'><strong>quibusdam</strong></span> <span class='ocrx_word' id='word_1_870' title='bbox 2890 5425 3046 5486; x_wconf 76' lang='lat' dir='ltr'><strong>mss..</strong></span> <span class='ocrx_word' id='word_1_871' title='bbox 3069 5422 3116 5465; x_wconf 88' lang='lat' dir='ltr'><strong>et</strong></span> <span class='ocrx_word' id='word_1_872' title='bbox 3142 5407 3244 5466; x_wconf 72' lang='lat' dir='ltr'><strong>non</strong></span> <span class='ocrx_word' id='word_1_873' title='bbox 3272 5412 3632 5481; x_wconf 75' lang='lat' dir='ltr'><strong>deprecatus</strong></span> <span class='ocrx_word' id='word_1_874' title='bbox 3662 5429 3764 5486; x_wconf 87' lang='lat' dir='ltr'><strong>est,</strong></span> 
     </span>
    </p>
   </div>
   <div class='ocr_carea' id='block_1_112' title="bbox 2115 5477 3773 5566">
    <p class='ocr_par' dir='ltr' id='par_1_112' title="bbox 2115 5477 3773 5566">
     <span class='ocr_line' id='line_1_112' title="bbox 2115 5477 3773 5566; baseline 0.009 -35"><span class='ocrx_word' id='word_1_875' title='bbox 2115 5477 2248 5566; x_wconf 65' lang='lat' dir='ltr'><strong>satis</strong></span> <span class='ocrx_word' id='word_1_876' title='bbox 2267 5477 2646 5566; x_wconf 31' lang='lat' dir='ltr'><strong>prqbabileﬂ’sit</strong></span> <span class='ocrx_word' id='word_1_877' title='bbox 2672 5496 2770 5550; x_wconf 92' lang='lat' dir='ltr'><strong>pro</strong></span> <span class='ocrx_word' id='word_1_878' title='bbox 2795 5486 2881 5566; x_wconf 69' lang='lat' dir='ltr'><strong>atati</strong></span> <span class='ocrx_word' id='word_1_879' title='bbox 2922 5483 3215 5566; x_wconf 61' lang='grc' dir='ltr'><strong>ξξιλέεοςατο,</strong></span> <span class='ocrx_word' id='word_1_880' title='bbox 3248 5477 3647 5566; x_wconf 54' lang='lat' dir='ltr'><strong>scriptamiin</strong></span> <span class='ocrx_word' id='word_1_881' title='bbox 3668 5477 3773 5566; x_wconf 58' lang='lat' dir='ltr'><strong>eo;</strong></span> 
     </span>
    </p>
   </div>
   <div class='ocr_carea' id='block_1_113' title="bbox 2114 5546 3775 5627">
    <p class='ocr_par' dir='ltr' id='par_1_113' title="bbox 2114 5546 3775 5627">
     <span class='ocr_line' id='line_1_113' title="bbox 2114 5546 3775 5627; baseline 0.011 -25"><span class='ocrx_word' id='word_1_882' title='bbox 2114 5546 2235 5627; x_wconf 70' lang='lat' dir='ltr'><strong>dice</strong></span> <span class='ocrx_word' id='word_1_883' title='bbox 2254 5546 2536 5627; x_wconf 79' lang='lat' dir='ltr'><strong>Ambrosii</strong></span> <span class='ocrx_word' id='word_1_884' title='bbox 2554 5546 2720 5607; x_wconf 75' lang='lat' dir='ltr'><strong>fuisse</strong></span> <span class='ocrx_word' id='word_1_885' title='bbox 2740 5592 2755 5617; x_wconf 90' lang='lat'><strong>,</strong></span> <span class='ocrx_word' id='word_1_886' title='bbox 2776 5556 2864 5609; x_wconf 78' lang='grc' dir='ltr'><strong>καὶ</strong></span> <span class='ocrx_word' id='word_1_887' title='bbox 2884 5546 2986 5627; x_wconf 77' lang='grc' dir='ltr'><strong>οὐχ</strong></span> <span class='ocrx_word' id='word_1_888' title='bbox 3016 5555 3253 5620; x_wconf 62' lang='lat' dir='ltr'><strong>deamo;</strong></span> <span class='ocrx_word' id='word_1_889' title='bbox 3283 5546 3391 5609; x_wconf 80' lang='lat' dir='ltr'><strong>ubi</strong></span> <span class='ocrx_word' id='word_1_890' title='bbox 3426 5546 3643 5618; x_wconf 82' lang='lat' dir='ltr'><strong>facilis</strong></span> <span class='ocrx_word' id='word_1_891' title='bbox 3668 5561 3775 5620; x_wconf 85' lang='lat' dir='ltr'><strong>ad-</strong></span> 
     </span>
    </p>
   </div>
   <div class='ocr_carea' id='block_1_114' title="bbox 2104 5619 2596 5678">
    <p class='ocr_par' dir='ltr' id='par_1_114' title="bbox 2104 5619 2596 5678">
     <span class='ocr_line' id='line_1_114' title="bbox 2104 5619 2596 5678; baseline 0.014 -7"><span class='ocrx_word' id='word_1_892' title='bbox 2104 5619 2321 5674; x_wconf 90' lang='lat' dir='ltr'><strong>modum</strong></span> <span class='ocrx_word' id='word_1_893' title='bbox 2351 5623 2596 5678; x_wconf 85' lang='lat' dir='ltr'><strong>mutatio.</strong></span> 
     </span>
    </p>
   </div>
   <div class='ocr_carea' id='block_1_115' title="bbox 2176 5687 3769 5781">
    <p class='ocr_par' dir='ltr' id='par_1_115' title="bbox 2176 5687 3769 5781">
     <span class='ocr_line' id='line_1_115' title="bbox 2176 5687 3769 5781; baseline 0.019 -41"><span class='ocrx_word' id='word_1_894' title='bbox 2589 5702 2653 5781; x_wconf 46' lang='lat' dir='ltr'><strong>et.</strong></span> <span class='ocrx_word' id='word_1_895' title='bbox 2666 5694 2822 5781; x_wconf 73' lang='lat' dir='ltr'><strong>Colb.</strong></span> <span class='ocrx_word' id='word_1_896' title='bbox 2852 5710 3113 5781; x_wconf 73' lang='lat' dir='ltr'><strong>annorum</strong></span> <span class='ocrx_word' id='word_1_897' title='bbox 3125 5707 3213 5764; x_wconf 87' lang='grc' dir='ltr'>,ιιι</span> <span class='ocrx_word' id='word_1_898' title='bbox 3228 5696 3562 5763; x_wconf 83' lang='lat' dir='ltr'><strong>minimum</strong></span> <span class='ocrx_word' id='word_1_899' title='bbox 3572 5747 3590 5773; x_wconf 84' lang='lat'><strong>,</strong></span> <span class='ocrx_word' id='word_1_900' title='bbox 3625 5708 3769 5781; x_wconf 77' lang='lat'><strong>800’,</strong></span> 
     </span>
    </p>
   </div>
   <div class='ocr_carea' id='block_1_116' title="bbox 2101 5762 3058 5824">
    <p class='ocr_par' dir='ltr' id='par_1_116' title="bbox 2101 5762 3058 5824">
     <span class='ocr_line' id='line_1_116' title="bbox 2101 5762 3058 5824; baseline 0.011 -13"><span class='ocrx_word' id='word_1_901' title='bbox 2101 5762 2363 5817; x_wconf 81' lang='lat' dir='ltr'><strong>coronavit</strong></span> <span class='ocrx_word' id='word_1_902' title='bbox 2388 5778 2489 5820; x_wconf 85' lang='lat' dir='ltr'><strong>me.</strong></span> <span class='ocrx_word' id='word_1_903' title='bbox 2515 5764 2582 5820; x_wconf 81' lang='lat' dir='ltr'><strong>Et</strong></span> <span class='ocrx_word' id='word_1_904' title='bbox 2609 5764 2689 5822; x_wconf 89' lang='lat' dir='ltr'><strong>sic</strong></span> <span class='ocrx_word' id='word_1_905' title='bbox 2713 5767 2874 5822; x_wconf 88' lang='lat' dir='ltr'><strong>etiam</strong></span> <span class='ocrx_word' id='word_1_906' title='bbox 2902 5768 3058 5824; x_wconf 92' lang='lat' dir='ltr'><strong>infra.</strong></span> 
     </span>
    </p>
   </div>
   <div class='ocr_carea' id='block_1_117' title="bbox 417 5387 2007 5467">
    <p class='ocr_par' dir='ltr' id='par_1_117' title="bbox 417 5387 2007 5467">
     <span class='ocr_line' id='line_1_117' title="bbox 417 5387 2007 5467; baseline 0.009 -28"><span class='ocrx_word' id='word_1_907' title='bbox 417 5387 671 5467; x_wconf 70' lang='lat' dir='ltr'><strong>initiatam</strong></span> <span class='ocrx_word' id='word_1_908' title='bbox 695 5387 1259 5467; x_wconf 35' lang='lat' dir='ltr'><strong>asserit-Ambrotius,</strong></span> <span class='ocrx_word' id='word_1_909' title='bbox 1289 5388 1351 5467; x_wconf 57' lang='lat' dir='ltr'><strong>iii</strong></span> <span class='ocrx_word' id='word_1_910' title='bbox 1371 5391 1665 5467; x_wconf 81' lang='lat' dir='ltr'><strong>enquidem</strong></span> <span class='ocrx_word' id='word_1_911' title='bbox 1690 5398 1757 5449; x_wconf 85' lang='lat' dir='ltr'><strong>ab</strong></span> <span class='ocrx_word' id='word_1_912' title='bbox 1773 5394 2007 5467; x_wconf 84' lang='lat' dir='ltr'><strong>Origene</strong></span> 
     </span>
    </p>
   </div>
   <div class='ocr_carea' id='block_1_118' title="bbox 415 5458 2008 5527">
    <p class='ocr_par' dir='ltr' id='par_1_118' title="bbox 415 5458 2008 5527">
     <span class='ocr_line' id='line_1_118' title="bbox 415 5458 2008 5527; baseline 0.009 -17"><span class='ocrx_word' id='word_1_913' title='bbox 415 5459 642 5527; x_wconf 76' lang='lat' dir='ltr'><strong>aliisque</strong></span> <span class='ocrx_word' id='word_1_914' title='bbox 673 5458 946 5513; x_wconf 85' lang='lat' dir='ltr'><strong>nonnullis</strong></span> <span class='ocrx_word' id='word_1_915' title='bbox 1004 5458 1249 5512; x_wconf 84' lang='lat' dir='ltr'><strong>Patribus</strong></span> <span class='ocrx_word' id='word_1_916' title='bbox 1300 5460 1550 5515; x_wconf 88' lang='lat' dir='ltr'><strong>dissentit</strong></span> <span class='ocrx_word' id='word_1_917' title='bbox 1605 5480 1817 5524; x_wconf 73' lang='lat' dir='ltr'><strong>pmuaut</strong></span> <span class='ocrx_word' id='word_1_918' title='bbox 1869 5458 2008 5525; x_wconf 76' lang='lat' dir='ltr'><strong>hanc</strong></span> 
     </span>
    </p>
   </div>
   <div class='ocr_carea' id='block_1_119' title="bbox 414 5528 2002 5597">
    <p class='ocr_par' dir='ltr' id='par_1_119' title="bbox 414 5528 2002 5597">
     <span class='ocr_line' id='line_1_119' title="bbox 414 5528 2002 5597; baseline 0.011 -17"><span class='ocrx_word' id='word_1_919' title='bbox 414 5545 519 5582; x_wconf 87' lang='lat' dir='ltr'><strong>non</strong></span> <span class='ocrx_word' id='word_1_920' title='bbox 555 5528 655 5583; x_wconf 89' lang='lat' dir='ltr'><strong>nisi</strong></span> <span class='ocrx_word' id='word_1_921' title='bbox 689 5529 1040 5594; x_wconf 79' lang='lat' dir='ltr'><strong>temporalem</strong></span> <span class='ocrx_word' id='word_1_922' title='bbox 1081 5529 1353 5585; x_wconf 83' lang='lat' dir='ltr'><strong>exstitisse</strong></span> <span class='ocrx_word' id='word_1_923' title='bbox 1400 5529 1814 5593; x_wconf 73' lang='lat' dir='ltr'><strong>afﬁrmantibus.</strong></span> <span class='ocrx_word' id='word_1_924' title='bbox 1842 5540 2002 5597; x_wconf 79' lang='lat' dir='ltr'><strong>Certe</strong></span> 
     </span>
    </p>
   </div>
   <div class='ocr_carea' id='block_1_120' title="bbox 416 5597 2001 5680">
    <p class='ocr_par' dir='ltr' id='par_1_120' title="bbox 416 5597 2001 5680">
     <span class='ocr_line' id='line_1_120' title="bbox 416 5597 2001 5680; baseline 0.01 -30"><span class='ocrx_word' id='word_1_925' title='bbox 416 5597 743 5680; x_wconf 43' lang='lat' dir='ltr'><strong>Augustinus</strong></span> <span class='ocrx_word' id='word_1_926' title='bbox 765 5607 818 5680; x_wconf 79' lang='lat' dir='ltr'><strong>et</strong></span> <span class='ocrx_word' id='word_1_927' title='bbox 833 5603 1061 5680; x_wconf 56' lang='lat' dir='ltr'><strong>quidam</strong></span> <span class='ocrx_word' id='word_1_928' title='bbox 1083 5600 1174 5655; x_wconf 89' lang='lat' dir='ltr'><strong>alii</strong></span> <span class='ocrx_word' id='word_1_929' title='bbox 1198 5615 1262 5680; x_wconf 72' lang='lat' dir='ltr'><strong>ea</strong></span> <span class='ocrx_word' id='word_1_930' title='bbox 1285 5600 1353 5680; x_wconf 75' lang='lat' dir='ltr'><strong>de</strong></span> <span class='ocrx_word' id='word_1_931' title='bbox 1376 5617 1435 5658; x_wconf 89' lang='lat' dir='ltr'><strong>re</strong></span> <span class='ocrx_word' id='word_1_932' title='bbox 1450 5605 1756 5680; x_wconf 81' lang='lat' dir='ltr'><strong>dubitanter</strong></span> <span class='ocrx_word' id='word_1_933' title='bbox 1773 5608 2001 5680; x_wconf 87' lang='lat' dir='ltr'><strong>loquun-</strong></span> 
     </span>
    </p>
   </div>
   <div class='ocr_carea' id='block_1_121' title="bbox 417 5668 1994 5746">
    <p class='ocr_par' dir='ltr' id='par_1_121' title="bbox 417 5668 1994 5746">
     <span class='ocr_line' id='line_1_121' title="bbox 417 5668 1994 5746; baseline 0.011 -25"><span class='ocrx_word' id='word_1_934' title='bbox 417 5668 519 5746; x_wconf 57' lang='lat' dir='ltr'><strong>tur.</strong></span> <span class='ocrx_word' id='word_1_935' title='bbox 552 5669 710 5746; x_wconf 80' lang='lat' dir='ltr'><strong>Plura</strong></span> <span class='ocrx_word' id='word_1_936' title='bbox 761 5668 942 5725; x_wconf 86' lang='lat' dir='ltr'><strong>videas</strong></span> <span class='ocrx_word' id='word_1_937' title='bbox 965 5672 1091 5746; x_wconf 73' lang='lat' dir='ltr'><strong>licet</strong></span> <span class='ocrx_word' id='word_1_938' title='bbox 1111 5671 1250 5746; x_wconf 80' lang='lat' dir='ltr'><strong>apud</strong></span> <span class='ocrx_word' id='word_1_939' title='bbox 1294 5673 1487 5729; x_wconf 82' lang='lat' dir='ltr'><strong>Baron.</strong></span> <span class='ocrx_word' id='word_1_940' title='bbox 1511 5675 1580 5730; x_wconf 89' lang='lat' dir='ltr'><strong>ad</strong></span> <span class='ocrx_word' id='word_1_941' title='bbox 1609 5693 1698 5732; x_wconf 88' lang='lat' dir='ltr'><strong>au.</strong></span> <span class='ocrx_word' id='word_1_942' title='bbox 1725 5681 1818 5746; x_wconf 71' lang='lat'><strong>34,</strong></span> <span class='ocrx_word' id='word_1_943' title='bbox 1845 5668 1994 5737; x_wconf 80' lang='lat' dir='ltr'><strong>hum.</strong></span> 
     </span>
    </p>
   </div>
   <div class='ocr_carea' id='block_1_122' title="bbox 409 5736 1421 5809">
    <p class='ocr_par' dir='ltr' id='par_1_122' title="bbox 409 5736 1421 5809">
     <span class='ocr_line' id='line_1_122' title="bbox 409 5736 1421 5809; baseline 0.01 -22"><span class='ocrx_word' id='word_1_944' title='bbox 409 5736 615 5809; x_wconf 68' lang='lat' dir='ltr'><strong>269,_ct</strong></span> <span class='ocrx_word' id='word_1_945' title='bbox 637 5739 959 5809; x_wconf 88' lang='lat' dir='ltr'><strong>interpretes</strong></span> <span class='ocrx_word' id='word_1_946' title='bbox 976 5742 1028 5795; x_wconf 91' lang='lat' dir='ltr'><strong>in</strong></span> <span class='ocrx_word' id='word_1_947' title='bbox 1057 5736 1203 5796; x_wconf 82' lang='lat' dir='ltr'><strong>hunc</strong></span> <span class='ocrx_word' id='word_1_948' title='bbox 1221 5741 1421 5797; x_wconf 91' lang='lat' dir='ltr'><strong>locum.</strong></span> 
     </span>
    </p>
   </div>
   <div class='ocr_carea' id='block_1_123' title="bbox 481 5804 1988 5883">
    <p class='ocr_par' dir='ltr' id='par_1_123' title="bbox 481 5804 1988 5883">
     <span class='ocr_line' id='line_1_123' title="bbox 481 5804 1988 5883; baseline 0.011 -23"><span class='ocrx_word' id='word_1_949' title='bbox 481 5804 505 5844; x_wconf 74' lang='grc' dir='ltr'>ι’</span> <span class='ocrx_word' id='word_1_950' title='bbox 547 5806 621 5862; x_wconf 89' lang='lat' dir='ltr'><strong>lta</strong></span> <span class='ocrx_word' id='word_1_951' title='bbox 644 5804 855 5864; x_wconf 59' lang='lat' dir='ltr'><strong>mssfet</strong></span> <span class='ocrx_word' id='word_1_952' title='bbox 876 5810 1006 5865; x_wconf 85' lang='lat' dir='ltr'><strong>edit.</strong></span> <span class='ocrx_word' id='word_1_953' title='bbox 1033 5825 1224 5867; x_wconf 89' lang='lat' dir='ltr'><strong>omnes</strong></span> <span class='ocrx_word' id='word_1_954' title='bbox 1259 5827 1454 5883; x_wconf 87' lang='lat' dir='ltr'><strong>magno</strong></span> <span class='ocrx_word' id='word_1_955' title='bbox 1481 5830 1773 5875; x_wconf 87' lang='lat' dir='ltr'><strong>consensu.</strong></span> <span class='ocrx_word' id='word_1_956' title='bbox 1833 5821 1988 5876; x_wconf 85' lang='lat' dir='ltr'><strong>Atta-</strong></span> 
     </span>
    </p>
   </div>
  </div>
