3948 6392
255 360 391 418 1457

245 573 412 627 unius
437 613 454 639 ,
501 581 597 629 aut
623 574 856 629 duorum
893 574 1241 632 damnatione
1270 575 1485 647 plurimi
1525 578 1847 649 liberentur,

245 679 407 736 quam
434 665 667 721 duorum
708 667 1049 724 absolutione
1081 669 1265 738 plures
1302 670 1697 739 periclitentur.

258 806 259 809 η
322 757 413 813 12.
459 757 777 828 Exquisivit,
801 760 997 831 inquit,
1028 777 1107 816 me
1152 761 1292 815 zelus
1322 762 1505 818 domus
1532 772 1653 818 tute.
1684 761 1847 820 Vides

242 854 369 925 quia
398 852 554 909 zelus
583 853 678 909 Dei
702 855 876 925 gratia
906 863 1015 923 est,
1046 857 1138 927 qui
1167 856 1426 925 exquirit,
1464 857 1554 926 qui
1582 871 1844 926 superve-

241 948 347 1012 nit,
377 947 469 1018 qui
496 961 559 1003 se
579 947 714 1017 justi
747 947 978 1004 infundit
1001 949 1228 1021 pectori.
1255 947 1414 1005 Zelus
1442 949 1539 1006 Dei
1577 950 1684 1006 vita
1736 962 1841 1007 est.

242 1037 490 1110 Denique
522 1040 782 1096 Dominus
802 1041 877 1096 ait
913 1060 927 1097 :
949 1041 1107 1096 Zelus
1128 1042 1310 1098 domus
1333 1052 1436 1098 tute
1451 1043 1712 1098 devoravit
1741 1060 1841 1099 me.

240 1128 399 1186 Sicut
457 1132 608 1187 enim
658 1141 786 1188 ante
830 1133 887 1189 in
934 1132 1107 1188 Adam
1156 1132 1513 1190 devoraverat
1567 1134 1842 1191 hominem

242 1237 392 1278 mors
424 1224 772 1292 praevalens:
825 1225 897 1280 ita
944 1225 1096 1282 zelus
1129 1225 1426 1295 devoravit,
1478 1243 1639 1299 quem
1670 1229 1845 1284 viviti-

238 1317 384 1372 cavit
411 1315 471 1372 in
498 1315 739 1374 Christo.
769 1317 955 1376 Zelum
1008 1318 1197 1376 habuit
1225 1319 1395 1384 Elias,
1426 1328 1483 1376 et
1505 1320 1630 1377 ideo
1655 1330 1843 1391 raptus

237 1410 305 1465 ad
329 1410 532 1467 malum
564 1421 669 1467 est.
702 1411 925 1480 Zelans,
978 1413 1175 1483 inquit,
1214 1414 1377 1469 ιιιαυὶ
1426 1412 1706 1470 Dominum
1748 1413 1843 1483 (Ill

240 1503 372 1577 Reg.
395 1520 515 1571 xu,
535 1503 652 1578 10).
675 1504 861 1562 Zelum
882 1506 1108 1562 habuita
1123 1506 1448 1563 Matbathias
1471 1507 1730 1573 Butanus,
1749 1506 1841 1578 qui

236 1595 505 1651 adversus
546 1596 832 1667 sacrilegia
880 1596 1131 1653 Antiochi
1183 1597 1444 1654 excitavit
1473 1598 1567 1654 Dei
1599 1598 1836 1669 plebem.

237 1690 424 1747 Zelum
454 1691 548 1763 qui
580 1690 800 1760 habent,
829 1706 1021 1748 omnes
1051 1691 1154 1748 sibi
1183 1692 1434 1748 inimicos
1477 1707 1608 1748 suos
1650 1700 1842 1763 putant

236 1784 326 1855 qui
359 1792 491 1838 sunt
520 1784 708 1840 hostes
740 1784 853 1847 Dei.
881 1784 1129 1856 quamvis
1156 1795 1389 1857 patrem,
1429 1784 1651 1853 fratres,
1682 1798 1839 1839 soro-

1328 360 1393 417 lN
1435 358 1767 418 PSALMUM
1805 358 2017 418 CXVIII
2058 361 2444 421 EXPOSITIO.

244 480 407 550 cipue
429 495 498 536 ne
529 480 832 553 negligens,
892 497 956 538 ne
1015 481 1274 539 remissus
1323 483 1413 539 sit.
1460 483 1652 542 Melius
1675 495 1761 543 est
1786 484 1926 545 utA

3415 372 3554 429 1458

2023 484 2111 540 15.
2154 485 2221 542 Ει
2255 486 2383 558 quid
2429 488 2692 543 miremur
2715 487 2760 542 si
2796 487 3136 559 Angeli'eum
3165 488 3404 547 habent?
3433 488 3555 561 lpse

1952 577 2095 634 Deus
2117 578 2277 635 Pater
2300 581 2417 637 ait:
2456 580 2644 637 Zelans
2669 580 2846 636 celabo
2899 580 3221 638 Hierusalem
3243 584 3354 639 zelo
3372 600 3563 657 magno

1950 672 2137 747 (Zach.
2165 691 2276 741 vm,
2302 675 2381 747 ἓ).
2412 675 2548 743 Quia
2575 675 2719 732 Deus
2745 690 2996 746 magnus,
3022 675 3144 732 ideo
3166 684 3223 733 et
3260 677 3412 733 zelus
3438 676 3559 748 ejus

1950 782 2181 839 magnus
2199 779 2283 824 est
2306 786 2320 826 :
2346 777 2401 824 et
2431 785 2527 839 pro
2548 768 2973 840 uniuscujusque
2993 770 3247 837 potentire
3269 770 3557 839 qualitate,

1951 862 2025 917 ita
2052 864 2203 919 zelus
2229 872 2323 918 aut;
2344 864 2657 924 mediocris.
2698 872 2791 918 aut
2815 877 3042 934 magnus
3067 874 3168 919 est.
3204 862 3336 919 Zelo
3380 862 3557 919 vindi-

1950 963 2105 1011 catur
2123 955 2482 1021 Hierusalem,
2509 956 2628 1010 zelo
2656 954 2901 1010 Ecclesia
2930 965 3313 1028 congregatur,
3344 956 3461 1010 zelo
3489 955 3553 1011 fl-

1949 1047 2048 1103 des
2091 1049 2411 1119 acquiritur,
2456 1050 2576 1103 zelo
2618 1047 2877 1118 pudicitia
2906 1049 3239 1120 possidetur.
3283 1049 3554 1106 Dominus

1951 1155 2167 1211 quoque
2181 1138 2339 1196 Iesus
2370 1140 2446 1193 ait
2473 1156 2492 1193 :
2515 1137 2672 1193 Zelus
2689 1138 2871 1194 domus
2895 1151 2999 1195 tua:
3016 1140 3235 1195 comedit
3252 1157 3332 1197 me
3364 1139 3547 1212 (Joan.

1952 1250 2011 1301 tt,
2047 1236 2167 1306 I7);
2202 1235 2490 1304 increpans
2509 1232 2727 1289 Judreos
2757 1233 2901 1304 quod
2925 1235 3145 1288 domum
3188 1234 3454 1290 oratiOnis
3478 1234 3557 1291 fe-

1948 1326 2124 1382 cerint
2175 1326 2491 1396 speluncam
2541 1326 2836 1392 latronum,
2867 1324 3099 1382 fecerint
3124 1335 3179 1381 et
3210 1325 3431 1381 domum
3460 1340 3553 1382 ne-

1949 1416 2280 1490 gotiationis.

2018 1509 2107 1565 16.
2149 1508 2258 1566 Sed
2295 1525 2400 1565 non
2427 1510 2602 1566 solum
2633 1510 2812 1567 locum
2862 1509 3126 1567 Ecclesiae
3174 1509 3355 1568 zelare
3391 1509 3556 1568 debe-

1946 1618 2090 1670 mus,
2123 1604 2218 1659 sed
2247 1604 2385 1659 hanc
2422 1619 2637 1677 quoque
2673 1605 2988 1661 interiorem
3042 1605 3093 1660 in
3120 1605 3279 1661 nobis
3329 1603 3549 1661 donntm

1948 1694 2074 1761 Dei;
2108 1711 2175 1751 ne
2203 1696 2275 1751 sit
2297 1695 2490 1752 domus
2513 1696 2921 1768 negotiationis,
2954 1706 3047 1752 aut
3088 1697 3343 1768 spelunca
3373 1697 3547 1752 latro-

1944 1804 2092 1842 num.
2121 1788 2177 1843 Si
2204 1788 2347 1844 enim
2375 1788 2546 1857 lucra,
2585 1798 2844 1859 quatstus,
2903 1788 3143 1860 pecunia:
3174 1789 3542 1846 emolumenta

236 1891 346 1932 res.
379 1875 724 1932 Deomnibus
746 1875 874 1931 dicit
898 1894 912 1930 :
944 1874 1009 1930 In
1030 1876 1201 1931 hostes
1222 1876 1349 1948 {acti
1374 1886 1492 1931 sunt
1514 1876 1639 1931 mihi
1659 1875 1834 1950 (Psal.
1868 1879 1917 1940 B
1942 1894 2291 1951 aucupentur,
2321 1880 2540 1936 domum
2565 1882 2948 1952 negotiationis
2971 1880 3221 1938 fecimus.
3247 1883 3303 1938 Si
3330 1883 3548 1938 invada-

233 1981 516 2035 cuxvnt,
548 1968 670 2039 22),
715 1970 855 2024 sicut
908 1969 1075 2025 David
1110 1970 1206 2025 ait.
1263 1969 1405 2039 Quid
1437 1970 1647 2026 multa?
1689 1970 1839 2041 Apo-

232 2062 411 2116 stolus
441 2076 660 2132 quoque
693 2060 909 2116 Domini
935 2063 1036 2117 hoc
1067 2061 1372 2118 declaratus
1399 2071 1484 2118 est
1511 2065 1753 2130 nomine,
1780 2074 1837 2118 ut

230 2152 407 2209 Judas
431 2152 652 2209 Zelotes
696 2154 991 2222 diceretur,
1033 2153 1172 2211 sicut
1201 2154 1433 2226 legimus
1463 2156 1515 2211 in
1546 2155 1838 2228 Evangelia

232 2242 395 2315 (Luc.
428 2244 646 2316 νι,15).

310 2336 404 2392 15.
446 2336 582 2393 Zelo
608 2337 734 2394 tidei
763 2338 990 2410 populus
1013 2339 1294 2411 gentilium
1323 2341 1488 2396 vitam
1518 2342 1622 2398 sibi
1646 2343 1837 2414 acqui-

228 2430 366 2487 sivit
384 2439 673 2497 atternaut,
690 2446 850 2503 quam
870 2432 1191 2504 negligentia
1212 2442 1373 2505 atque
1392 2434 1598 2490 desidia
1622 2434 1840 2491 Iudaeo-

227 2538 361 2581 rum
388 2524 623 2597 populus
666 2526 867 2581 amisit.
904 2526 1031 2583 Ideo
1057 2528 1317 2599 scriptum
1362 2536 1488 2584 est:
1537 2527 1695 2584 Zelus
1743 2545 1841 2600 ap.

226 2616 515 2687 prehendit
534 2617 789 2689 populum
812 2617 1128 2673 ineruditum
1151 2616 1323 2688 (Esai.
1350 2634 1503 2688 xxvn,
1536 2619 1625 2692 11)
1652 2635 1668 2687 ;
1704 2636 1839 2692 quo-

228 2712 388 2768 niam
422 2712 657 2784 populus
683 2714 775 2784 qui
804 2722 920 2769 erat
950 2713 1196 2769 eruditus
1218 2713 1271 2769 in
1294 2712 1458 2784 Lege,
1484 2714 1688 2770 nullum
1713 2713 1838 2770 lidei

227 2803 481 2861 habebat
509 2804 784 2861 ardorem.
815 2802 1062 2861 Contulit
1081 2820 1140 2862 se
1167 2806 1314 2862 zelus
1339 2806 1407 2862 ad
1427 2816 1618 2879 gentes
1643 2826 1656 2861 :
1682 2808 1838 2878 cujus

222 2906 390 2955 tanta
419 2906 507 2954 est
529 2898 707 2969 gratia
731 2915 747 2966 ;
776 2907 834 2954 ut
859 2898 1143 2955 electionis
1178 2901 1589 2971 praerogativam
1623 2901 1835 2965 vicerit,

226 3001 295 3047 et
339 2990 670 3047 eruditionis
730 2990 1071 3047 industriam.
1128 2992 1370 3063 Denique
1420 2991 1839 3064 apprehendens

218 3083 504 3157 populum
536 3083 886 3152 ineruditum,
918 3085 1049 3142 fecit
1078 3101 1200 3142 esse
1230 3087 1533 3143 meliorem.
1560 3086 1746 3159 Itaque
1771 3102 1838 3143 ea

218 3180 412 3251 gratia
444 3190 666 3248 operata
692 3189 775 3236 est
804 3180 859 3235 in
886 3180 1090 3252 populo
1119 3180 1397 3237 nationum
1432 3197 1447 3248 ;
1507 3192 1564 3237 ut
1606 3182 1839 3239 haeredi-

1945 1989 2065 2030 mus
2094 1974 2301 2029 alienas
2331 1974 2722 2044 possessiones,
2753 1973 2890 2030 lines
2933 1976 3109 2030 viduae
3137 1976 3223 2032 vel
3250 1976 3549 2040 minorum.

1945 2067 2171 2123 fecimus
2218 2066 2531 2136 speluncam
2572 2066 2866 2121 latronum.
2934 2066 3280 2138 Veniatergo
3308 2066 3543 2124 Verbum

1945 2159 2060 2228 Dei,
2092 2168 2148 2215 et
2176 2158 2244 2214 de
2265 2158 2365 2214 hac
2385 2157 2555 2214 domo
2584 2158 2837 2230 projiciat
2865 2157 3032 2225 fures,
3060 2158 3391 2230 direptores,
3417 2174 3544 2216 cau~

1942 2268 2154 2325 pones;
2183 2262 2246 2308 ut
2267 2252 2524 2308 mundum
2554 2255 2626 2308 sit
2651 2268 2748 2308 cor
2770 2264 2943 2320 tuum,
2997 2264 3185 2324 pectus
3235 2263 3405 2309 tuum.

2018 2348 2106 2402 17.
2149 2346 2255 2402 Sed
2274 2357 2357 2402 est
2379 2345 2532 2403 zelus
2560 2345 2626 2401 ad
2650 2345 2890 2417 culpam,
2923 2353 3008 2400 est
3033 2356 3087 2401 et
3112 2345 3262 2401 zelus
3314 2345 3381 2400 ad
3425 2360 3549 2416 gra-

1943 2440 2096 2498 tiam.
2140 2439 2273 2497 Nam
2315 2450 2371 2495 et
2408 2438 2525 2507 ipse
2576 2436 2741 2491 David
2769 2439 2844 2493 ait
2877 2452 2894 2491 :
2922 2436 3099 2492 Zelavi
3126 2438 3178 2490 in
3201 2436 3553 2507 peccatoribus

1942 2550 2117 2605 pacem
2148 2531 2324 2606 (Psal.
2359 2544 2526 2591 Lxxn.
2553 2528 2633 2601 ‘2).
2660 2528 2729 2584 Et
2773 2529 2824 2584 in
2876 2528 3260 2584 Ecclesiastico
3286 2530 3548 2597 scriptum

1941 2638 2027 2684 est
2059 2646 2072 2682 :
2105 2625 2229 2681 Non
2253 2625 2385 2680 zeles
2423 2624 2692 2678 mulierem
2720 2623 2865 2676 sinus
2891 2624 3000 2690 tui;
3029 2639 3093 2677 ne
3123 2622 3359 2676 ostendat
3398 2636 3552 2691 super

1940 2733 1990 2778 te
2014 2721 2259 2776 malitiam
2302 2718 2552 2772 doctrinae
2598 2731 2813 2778 nequam
2837 2713 3006 2786 (Eccl.
3057 2730 3134 2780 ts,
3166 2713 3243 2784 1).
3271 2712 3334 2767 Et
3360 2712 3553 2768 mulier

1941 2816 2189 2886 zelotypa
2246 2813 2298 2866 in
2346 2810 2628 2866 mulierem
2680 2808 2892 2863 fidelem
2937 2811 3060 2877 jure
3107 2806 3548 2878 reprelienditur.

1942 2906 2434 2974 Advertimuscrgo
2454 2901 2597 2973 quod
2619 2915 2870 2957 mensura
2892 2900 3142 2970 quadam
3173 2910 3228 2953 et
3263 2899 3549 2971 disciplina

1940 3000 2011 3055 sit
2041 2998 2166 3065 zeli,
2191 2998 2330 3051 sicut
2353 2995 2641 3065 disciplina
2667 2992 2900 3048 virtutis.
2938 2990 3004 3046 Et
3045 2991 3168 3046 ideo
3212 2990 3407 3075 beatus
3451 2990 3547 3060 qui

1940 3094 2042 3149 zeli
2093 3092 2305 3147 noverit
2353 3088 2718 3158 disciplinam.
2750 3097 2802 3142 et
2844 3084 3022 3141 oderit
3070 3100 3167 3141 eos
3213 3084 3303 3157 qui
3333 3083 3551 3139 Domini

1940 3184 2167 3257 gratiam
2212 3182 2603 3253 relinquentes,
2643 3179 2872 3234 salutem
2929 3177 3207 3249 propriam
3265 3177 3547 3243 deserant,

218 3283 414 3330 tatem
447 3272 1002 3344 Dominimereretur,
1026 3290 1129 3346 qua
1156 3284 1414 3345 Operatus
1442 3285 1524 3332 est
1553 3276 1837 3346 Dominus,
1868 3266 1915 3330 C
1945 3291 2162 3335 errores
2179 3274 2281 3331 sibi
2303 3273 2510 3329 fraudis
2534 3271 2862 3327 adsciscam.

217 3380 293 3424 ut
318 3368 631 3425 Ecclesiam
650 3370 751 3425 sibi
773 3386 837 3424 ex
860 3369 1169 3427 nationibus
1197 3370 1497 3441 eopularet.
1528 3370 1691 3427 Zelus
1709 3386 1840 3442 ergo

216 3459 593 3518 charitasest.
625 3461 839 3535 1199
860 3462 1100 3533 Denique
1122 3462 1293 3517 valida
1317 3472 1388 3518 est
1406 3463 1540 3518 sicut
1559 3480 1697 3518 mors
1719 3458 1857 3518 alia?

212 3554 365 3610 ritas
386 3568 408 3608 :
420 3553 581 3607 durus
595 3554 728 3609 sicut
743 3554 897 3624 inferi
910 3554 1051 3608 zelus
1068 3553 1243 3625 (Cant.
1265 3569 1383 3622 vui,
1401 3553 1479 3626 6).
1500 3555 1675 3611 Durus
1692 3556 1841 3612 zelus

213 3662 403 3719 quem
428 3646 560 3702 vita:
591 3646 754 3717 hujus
783 3646 928 3702 nulla
958 3648 1125 3702 vincit
1156 3647 1434 3703 illecebra.
1482 3647 1660 3704 Durus
1700 3648 1843 3703 sicut

214 3739 425 3803 inferi,
457 3753 555 3809 per
580 3754 740 3809 quem
768 3746 990 3810 peccato
1019 3740 1314 3804 morimur;
1348 3749 1403 3795 ut
1427 3739 1672 3799 vivamus
1704 3740 1836 3795 Deo.

310 3832 408 3887 14.
448 3830 639 3901 Angeli
661 3846 877 3904 quoque
907 3832 1027 3889 sine
1048 3832 1163 3887 zelo
1195 3832 1328 3887 nihil
1345 3841 1490 3899 sunt,
1514 3840 1571 3889 et
1590 3833 1845 3889 substan-

218 3924 323 3982 tiae
349 3938 476 3979 suae
503 3926 757 3980 amittunt
783 3926 1215 3997 praerogativam,
1250 3926 1352 3981 nisi
1376 3941 1495 3982 eam
1518 3925 1620 3981 zeli
1643 3926 1845 3981 ardore

223 4026 576 4075 sustentem.
620 4017 860 4089 Denique
908 4020 961 4074 in
1002 4018 1329 4091 Apocalypsi
1384 4018 1609 4075 Joannis
1665 4020 1844 4074 Domi-

224 4128 343 4168 nus
376 4111 450 4165 ad
481 4109 744 4183 Angelum
766 4111 1034 4168 Laodicia:
1058 4112 1190 4167 dicit
1215 4128 1234 4166 :
1258 4112 1382 4168 Scio
1402 4128 1561 4182 opera
1591 4124 1679 4167 tua
1707 4127 1726 4166 :
1755 4129 1846 4166 ne-

224 4221 336 4276 que
369 4203 598 4275 [rigidus
624 4221 702 4269 es,
726 4220 885 4275 neque
920 4205 1141 4259 calidus.
1193 4203 1403 4260 Utinam
1439 4205 1663 4277 frigidus
1689 4220 1844 4269 esses,

225 4307 328 4353 aut
362 4296 569 4351 calidus
601 4315 619 4352 :
650 4297 742 4351 sed
786 4298 907 4367 quia
936 4298 1140 4367 tepidus
1168 4314 1242 4364 es,
1275 4298 1516 4369 incipiam
1543 4308 1592 4353 te
1618 4314 1848 4354 evomere

223 4406 306 4446 ea:
329 4405 431 4444 ore
447 4404 585 4455 meo;
623 4389 745 4460 quia
774 4390 904 4444 dicis
932 4404 951 4444 ε
978 4388 1131 4444 Dives
1161 4406 1298 4455 sum,
1341 4401 1392 4445 et
1421 4389 1634 4457 ditatus,
1667 4402 1716 4445 et
1738 4392 1850 4446 nu!-

225 4486 349 4541 lius
370 4499 497 4555 egeo
523 4499 542 4537 .·
563 4494 607 4538 et
633 4485 798 4539 nescis
820 4484 957 4555 quod
978 4494 1030 4537 tu
1047 4500 1098 4539 es
1125 4483 1297 4551 miser,
1331 4494 1379 4539 et
1422 4484 1748 4553 miserabilis,
1802 4494 1851 4540 et

224 4577 545 4643 mendicus,
597 4588 643 4632 et
690 4577 881 4643 nudus,
909 4586 954 4631 et
980 4592 1167 4632 ciecus.
1197 4575 1423 4633 Consule
1450 4577 1560 4645 tibi,
1575 4587 1632 4632 ut
1657 4594 1795 4633 emas
1821 4596 1853 4632 a

2017 3372 2104 3426 I8.
2147 3369 2378 3437 Ideoque
2430 3367 2505 3420 ait
2536 3384 2555 3420 :
2589 3364 2852 3431 Quoniam
2901 3363 3045 3418 obliti
3107 3372 3227 3417 sunt
3278 3361 3548 3416 uerborum

1945 3474 2148 3519 tuorum
2178 3460 2377 3515 inimici
2400 3460 2521 3514 mei.
2552 3456 2655 3526 Qui
2682 3466 2811 3511 sunt
2858 3455 2946 3510 isti
2971 3454 3214 3511 inimici?
3236 3454 3290 3512 Si
3317 3455 3548 3526 populus

1944 3555 2253 3611 Iudaeorum
2280 3594 2295 3619 ,
2324 3549 2596 3622 quomodo
2618 3547 2823 3604 inimici
2849 3559 3004 3603 erant
3032 3549 3134 3603 sub
3172 3548 3294 3619 ejus
3320 3547 3549 3618 imperio

1942 3648 2262 3705 constituti?
2309 3645 2476 3700 David
2520 3645 2666 3699 enim
2718 3642 2937 3698 Indicos
2981 3657 3170 3698 omnes
3209 3655 3378 3712 regno
3425 3656 3550 3712 pro—

1947 3743 2067 3814 prio
2086 3738 2446 3811 gubernabat.
2470 3738 2527 3793 Si
2555 3736 2788 3808 gentiles
2816 3752 2835 3791 :
2857 3734 3129 3807 quomodo
3155 3734 3370 3807 1200
3392 3733 3545 3787 obliti

1947 3834 2238 3890 verborum
2262 3831 2377 3898 Dei,
2411 3829 2503 3900 qtti
2550 3831 2719 3899 legem
2752 3828 2962 3881 Domini
2996 3829 3354 3882 nesciebant?
3376 3825 3548 3880 Nemo

1949 3926 2093 3982 enim
2121 3924 2224 3979 nisi
2256 3922 2307 3977 id
2329 3921 2471 3991 quod
2498 3919 2791 3990 acceperit,
2843 3917 3089 3973 oblivisci
3120 3924 3316 3986 potest.
3352 3916 3432 3970 Illi
3460 3931 3547 3972 er-

1949 4036 2017 4091 go
2046 4018 2248 4075 inimici
2277 4017 2406 4082 mei,
2429 4017 2518 4086 qui
2550 4013 2869 4077 inimicitni,
2900 4010 2990 4081 qui
3032 4010 3317 4065 Dominum
3348 4009 3400 4062 in
3429 4022 3553 4078 pro—

1950 4113 2067 4184 pria
2094 4125 2188 4165 sua
2212 4109 2519 4165 venientem
2542 4121 2647 4161 non
2677 4118 2833 4161 erant
2875 4102 3170 4173 recepturi.
3219 4101 3330 4157 Hos
3354 4114 3549 4173 graves
3649 4116 3652 4120 λ

1951 4204 2157 4271 hostes,
2184 4202 2285 4256 ltos
2311 4200 2559 4256 inimicos
2583 4213 2713 4253 suos
2739 4196 3013 4266 Propheta
3038 4202 3298 4262 testatur;
3336 4210 3443 4248 non
3458 4191 3552 4264 qui

1952 4298 2055 4353 sibi
2105 4305 2311 4359 essent,
2359 4295 2453 4349 sed
2501 4294 2593 4365 qui
2620 4290 2842 4347 Christo
2868 4290 3123 4347 rebelles.
3160 4288 3402 4359 Denique
3422 4285 3552 4343 alibi

1952 4390 2119 4446 dicit:
2150 4387 2218 4443 Et
2241 4404 2394 4457 super
2414 4387 2651 4441 inimicos
2681 4395 2795 4439 tuos
2824 4382 3139 4437 tabescebam
3163 4397 3182 4434 :
3204 4391 3254 4435 et
3272 4383 3417 4453 justo
3434 4379 3553 4433 odio

1955 4487 2163 4542 oderam
2193 4483 2313 4538 illos
2334 4481 2507 4552 (Psal.
2539 4492 2799 4543 cxxxvttt,
2830 4476 2895 4531 21
2925 4486 2972 4530 et
3000 4474 3126 4546 2:2);
3160 4473 3408 4544 graviora
3456 4486 3555 4540 pu-

1958 4589 2077 4633 tans
2093 4592 2242 4632 arma
2272 4572 2511 4644 perfidia:
2556 4585 2698 4632 esse,
2731 4583 2892 4638 quam
2945 4581 3156 4636 pugnte.
3191 4564 3364 4619 Nemo
3407 4562 3554 4618 enini

223 4691 326 4730 me
358 4688 555 4726 aurum
588 4673 708 4743 igne
730 4670 999 4741 probatum
1022 4672 1214 4742 (Apoc.
1265 4687 1346 4737 ut,
1374 4671 1590 4742 15-18).
1625 4672 1722 4727 Hic
1768 4682 1854 4728 est
1878 4657 1934 4719 Ι)
1955 4672 2175 4744 gravior
2205 4667 2379 4723 hostis
2402 4664 2665 4725 omnium,
2698 4678 2856 4733 qttam
2878 4661 2970 4732 qui
3006 4657 3251 4714 omnium
3275 4655 3426 4713 lardit
3455 4671 3556 4710 att-

225 4768 350 4827 Dei
376 4766 556 4832 zelus,
586 4767 675 4822 hic
695 4777 779 4821 est
807 4765 929 4822 fidei
969 4780 1160 4837 vapor,
1192 4764 1607 4836 devotionisque
1647 4766 1848 4833 fervor,

222 4866 337 4938 qui
395 4875 499 4917 nos
552 4861 697 4917 velut
745 4875 967 4915 suavem
991 4859 1172 4915 cibum
1215 4859 1270 4914 in
1296 4857 1517 4915 Christo
1540 4859 1780 4916 remollit
1800 4868 1855 4916 et

222 4960 481 5018 fortnat.
503 4955 711 5024 Quanta
736 4954 950 5011 Domini
978 4954 1175 5025 gratia,
1200 4962 1259 5008 ut
1285 4968 1384 5009 nos
1403 4954 1456 5009 in
1475 4968 1576 5009 suo
1605 4970 1700 5010 ore
1722 4969 1855 5011 con-

217 5051 473 5115 stituat,
502 5057 558 5104 et
576 5045 839 5118 quasdam
884 5046 1199 5102 meritorum
1249 5055 1557 5101 nostrorum
1605 5047 1857 5116 epuletur

218 5145 452 5217 dapes;
477 5158 564 5207 ac,
593 5144 637 5197 si
664 5156 961 5209 meremur,
988 5139 1236 5206 devoret,
1276 5139 1322 5194 si
1346 5139 1516 5195 nostri
1547 5138 1655 5196 cibi
1681 5142 1864 5197 suavi-

221 5238 463 5298 talibus
490 5236 819 5292 delectetur.
849 5235 1044 5291 Beatus
1072 5248 1234 5304 quem
1260 5232 1524 5303 sapientia
1561 5232 1856 5291 devorave—

216 5335 344 5395 rit,
370 5344 539 5400 quem
581 5330 752 5384 virtus
798 5327 1068 5395 hauserit,
1100 5341 1260 5398 quem
1303 5326 1513 5396 justitia
1541 5327 1813 5399 receperit
1844 5346 1856 5383 :

213 5426 419 5495 culpa
446 5422 498 5477 in
523 5437 589 5477 eo
614 5420 818 5478 habere
847 5436 955 5476 non
999 5428 1177 5493 potest
1220 5420 1548 5491 portionem,
1576 5436 1736 5492 quem
1761 5421 1858 5477 ab-

213 5515 537 5581 sorbuerit
577 5516 830 5572 remissio
861 5523 1247 5585 peccatorum;
1277 5513 1370 5569 ubi
1417 5515 1563 5569 enim
1596 5528 1753 5570 error
1782 5514 1863 5569 in.

208 5613 463 5677 veniet,
485 5625 646 5682 quem
669 5609 955 5680 integritas
1000 5608 1339 5663 immaculata
1388 5607 1724 5676 susceperit?

316 5755 357 5787 κ
401 5742 564 5798 Rom.
585 5739 750 5803 edit...
773 5736 1096 5793 Mathathius
1125 5739 1217 5790 bar
1247 5735 1490 5791 Joannis.
1516 5736 1620 5792 Sed
1647 5747 1871 5807 praster-

266 5831 425 5877 ηοω
482 5812 631 5885 quod
680 5810 995 5885 abhorrent
1037 5809 1433 5885 consuetudine
1482 5806 1757 5885 Ambrosii
1801 5806 1872 5863 ab

266 5837 425 5877 na.“
482 5837 625 5885 quos!
680 5837 943 5866 iIUIIUI'ICL
967 5837 995 5862 il
1037 5837 1433 5865 υυιιδιιῦιυυηιυ
1482 5837 1757 5866 ιιιιιυιυθιι
1801 5837 1868 5863 Ill

206 5837 494 5953 fulmen
515 5881 573 5940 ct
598 5882 741 5953 Syro
769 5879 1077 5937 istiusmodi
1104 5880 1323 5935 nomina
1351 5881 1716 5952 eompingere,
1749 5896 1868 5933 ntu-

1960 4771 2194 4819 ctorem.
2226 4759 2352 4814 Ideo
2368 4772 2498 4827 ergo
2518 4757 2636 4811 zelo
2668 4770 2864 4826 magno
2892 4752 3190 4823 acquisitus
3218 4759 3301 4806 est
3328 4751 3557 4821 ponultts

1961 4849 2741 4921 nationum;quoniamasuo
2789 4847 2934 4901 Deus
2983 4843 3185 4915 populo
3236 4841 3555 4913 negabatur.

1960 4951 2072 5007 Nec
2088 4948 2230 5006 enim
2258 4952 2512 5019 poterant
2536 4951 2630 4998 aut
2653 4941 2776 4997 lidei
2802 4939 3174 5004 devotionem,
3203 4945 3295 4991 aut
3313 4935 3562 5006 discipli-

1962 5060 2089 5101 nam
2132 5054 2320 5099 tenere
2371 5038 2607 5103 virtutis,
2646 5036 2736 5106 qui
2784 5031 3103 5090 memoriam
3165 5040 3560 5100 prazceptornm

1966 5139 2271 5196 caelestium
2304 5149 2409 5189 non
2440 5131 2712 5187 tenebant.
2740 5127 2833 5184 Sic
2856 5125 3024 5181 Adam
3054 5123 3123 5179 de
3152 5120 3404 5193 paradiso
3450 5121 3563 5192 eje-

1963 5244 2082 5289 ctus
2110 5270 2127 5297 ,
2155 5229 2234 5285 sic
2256 5226 2487 5300 populus
2513 5223 2823 5281 Iudaeorum
2850 5220 2918 5277 de
2949 5216 3307 5292 prterogativa
3340 5213 3564 5271 electio-

1964 5326 2049 5383 nis
2064 5324 2319 5380 exclusus
2346 5330 2448 5376 est.

2025 5416 2111 5473 l9.
2136 5409 2480 5487 (Vers.I40.)
2495 5409 2779 5480 Sequitur:
2800 5405 3033 5476 Ignitum
3045 5400 3300 5471 eloquium
3318 5407 3464 5453 tuum
3486 5399 3566 5453 ni—

1970 5509 2091 5573 mis,
2109 5517 2154 5561 et
2169 5520 2343 5561 servus
2359 5512 2478 5558 tuus
2501 5501 2685 5557 dilexit
2705 5499 2859 5554 illud.
2877 5496 3057 5568 Ignem
3070 5493 3288 5564 quidem
3302 5490 3568 5546 Dominus

1974 5602 2122 5658 misit
2143 5602 2195 5655 in
2221 5609 2445 5665 terram,
2465 5612 2576 5651 non
2608 5603 2666 5650 ut
2690 5608 2807 5650 eam
2839 5590 3185 5648 sodomitano
3212 5602 3422 5650 rursus,
3456 5585 3589 5642 sic--

1975 5747 2075 5790 nes
2102 5746 2233 5788 mss.
2260 5739 2315 5785 et
2335 5737 2444 5785 vet.
2473 5727 2603 5805 edit.
2638 5725 2993 5805 refragantur.
3050 5723 3235 5795 Itaque
3275 5719 3564 5805 lectionem

1975 5805 2249 5875 antiquam
2297 5801 2665 5875 reposuimus,
2700 5801 2910 5855 tametsi
2951 5805 3128 5853 utrum
3159 5810 3222 5851 ea
3258 5801 3421 5850 etiam
3451 5801 3564 5846 stn'~

1976 5871 2222 5942 cera'sit,
2248 5871 2678 5931 subdubitemns.
