3948 6378
469 370 491 426 1
510 370 611 428 159

1796 368 2050 429 SANCTI
2081 366 2413 430 AMBROSH

3625 374 3753 437 ora

463 500 525 545 ut
551 489 817 561 scriptum
846 501 947 554 est,
1003 488 1218 545 arderet
1248 488 1501 544 incendio
1533 505 1548 542 :
1591 502 1692 544 nec
1722 496 1782 544 ut
1809 500 1929 545 eam
1960 489 2058 543 do-
2084 492 2140 551 Α
2161 488 2362 552 uendit,
2397 488 2481 544 vel
2511 488 2659 559 quod
2688 487 2957 542 illuminat
2986 487 3290 543 audientes.
3321 487 3448 543 ideo
3470 486 3545 540 ait
3578 487 3749 544 Domi~

466 590 607 635 natae
653 592 879 636 munere
906 579 1272 646 fecunditatis,
1317 588 1411 635 aut
1429 593 1530 634 usu
1550 579 1634 634 Vel
1659 576 1796 635 ﬂore
1821 578 2067 635 viridita-

466 676 541 731 tis
556 683 787 731 exueret
814 674 966 747 (Gen.
1001 689 1119 741 xu,
1140 672 1256 746 21).
1284 673 1435 745 Opus
1453 673 1594 728 enim
1624 688 1785 729 suum
1808 674 2066 729 Dominus

396 840 409 845 _
464 768 703 838 probare
735 769 908 838 magis
949 776 1112 838 atque
1163 781 1386 838 augere,
1444 781 1606 837 quam
1661 766 1912 822 minuere
1971 773 2069 820 aut

468 860 729 914 damnare
755 860 1057 915 consuevit.
1088 858 1277 929 Neque
1301 872 1439 913 vero
1459 857 1684 929 dignum
1703 864 1841 923 erat,
1868 864 1926 910 ut
1953 856 2065 916 ele-

468 960 651 1007 menta
673 951 895 1006 innoxia
916 953 1086 1006 nostri
1116 951 1333 1006 luerent
1358 950 1587 1005 sceleris
1609 949 1890 1005 ultionem.
1924 947 2065 1016 Quid

462 1056 655 1102 natura
695 1046 1017 1117 deliquerat,
1072 1046 1121 1100 si
1158 1045 1340 1101 adulta
1379 1044 1489 1114 jam
1540 1042 1759 1099 soboles
1818 1040 2066 1097 erravit?

467 1139 587 1196 Non
610 1148 730 1195 erat
759 1148 950 1209 partus
993 1139 1051 1193 in
1071 1138 1220 1204 vitio,
1248 1138 1293 1192 si
1334 1137 1499 1192 devio
1526 1138 1675 1207 lapsa
1703 1142 1789 1191 est
1815 1149 2003 1190 errore
2038 1143 2066 1172 ιι

468 1232 757 1304 progenies
786 1251 801 1286 :
830 1232 927 1289 sed
953 1247 1084 1287 usus
1111 1233 1165 1286 in
1186 1230 1365 1302 culpa.
1416 1229 1588 1297 Quem
1630 1245 1760 1300 ergo
1802 1229 2072 1286 Dominus

468 1328 650 1399 ignem
685 1327 737 1381 in
783 1340 924 1380 novo
981 1324 1183 1394 sparsit
1226 1323 1608 1379 Testamento?
1659 1324 1765 1391 Qui
1825 1333 2068 1382 secretos

468 1420 730 1475 mentium
753 1417 951 1472 divinae
974 1417 1170 1472 ardore
1192 1416 1519 1487 cognitionis
1540 1415 1907 1473 inﬂammaret
1935 1417 2068 1474 ασθ-

468 1513 715 1582 ctus,qui
731 1522 989 1580 vaporem
1017 1508 1142 1565 ﬁdei
1160 1519 1215 1564 et
1240 1508 1547 1564 devotionis
1564 1507 1833 1573 adoleret,
1855 1511 1943 1579 qui
1975 1525 2068 1566 cu-

466 1605 749 1675 piditatem
793 1601 1010 1657 virtutis
1048 1599 1397 1655 accenderet.
1451 1599 1569 1654 Hoc
1622 1600 1745 1670 igne
1771 1601 2069 1657 calefactus

464 1697 596 1753 dicit
618 1694 918 1751 Hieremias
942 1711 955 1747 :
981 1690 1050 1748 Et
1078 1701 1189 1748 erat
1215 1692 1349 1763 ignis
1403 1692 1789 1765 ﬂammigeratts
1829 1694 1885 1747 in
1934 1695 2067 1748 θεοί·

467 1791 560 1844 (rus
586 1789 711 1843 meis
739 1785 954 1855 (Jerem.
1013 1801 1106 1848 xx,
1136 1782 1215 1855 9).
1248 1784 1361 1839 Hoc
1390 1799 1707 1840 sermonum
1739 1785 1863 1855 igne
1898 1785 2068 1841 cccle-

2166 599 2293 639 nus.
2343 583 2618 639 Scrutatus
2669 599 2785 638 sum
2837 581 3167 637 Hierusalem
3216 581 3286 636 ad
3333 582 3594 635 lucernam
3629 580 3750 650 (So-

2164 676 2321 748 phon.
2356 692 2392 744 1,
2432 675 2544 750 12).
2583 676 2693 733 Sed
2733 676 3006 732 neminem
3036 676 3090 730 in
3139 691 3201 732 ea
3228 675 3312 731 vel
3355 675 3449 745 qui
3489 674 3752 731 mundare-

2164 776 2274 836 tur,
2298 767 2382 823 vel
2403 769 2497 837 qui
2515 767 2929 835 accenderetur,
2954 775 3049 821 aut
3073 766 3501 833 illuminaretur,
3518 766 3712 823 invenit
3733 783 3747 834 ;

2164 860 2292 915 ideo
2316 875 2437 915 eam
2469 860 2525 914 in
2552 860 2795 916 tenebris
2822 859 3134 929 dereliquit.

2236 951 2328 1006 22.
2363 951 2473 1008 Nec
2512 952 2731 1008 mireris
2761 953 2809 1008 si
2855 967 3046 1008 servus
3086 950 3261 1022 diligit
3298 950 3529 1021 ignitum
3557 949 3756 1006 Domini

2166 1047 2461 1117 alloquium
2484 1088 2499 1113 ,
2529 1047 2677 1117 quod
2703 1054 2759 1101 et
2798 1045 3010 1115 Sponsa
3050 1044 3278 1110 dilexit,
3307 1059 3431 1116 qua:
3461 1043 3537 1099 ait
3574 1061 3587 1096 :
3622 1042 3755 1100 Sicut

2166 1144 2407 1198 resticula
2455 1143 2691 1198 coccinea
2728 1141 2866 1196 labia
2905 1150 3033 1207 tua;
3066 1140 3118 1195 in
3165 1154 3334 1195 cocco
3378 1139 3527 1194 enim
3563 1138 3759 1208 species

2169 1236 2329 1307 ignis,
2359 1243 2414 1290 et
2439 1235 2617 1291 crucis
2645 1234 2941 1289 Dominicte
2976 1232 3198 1302 sanguis
3219 1231 3478 1286 irrutilat.
3509 1228 3758 1286 Coccinea

2167 1326 2307 1381 labia
2329 1325 2568 1392 Domini,
2590 1341 2712 1397 quae
2739 1324 3047 1395 passionem
3078 1323 3353 1393 propriam
3378 1322 3753 1392 loquebantur.

2171 1418 2414 1488 Denique
2438 1418 2493 1473 in
2514 1416 2741 1473 Exodod
2767 1432 2991 1473 coccum
3032 1431 3132 1487 pro
3159 1417 3283 1486 igne
3310 1414 3635 1471 collocatum
3661 1422 3759 1470 est.

2170 1509 2284 1566 Non
2314 1510 2458 1565 enim
2486 1525 2554 1565 ex
2578 1522 2745 1566 cocco
2768 1508 3004 1564 mundus
3021 1549 3039 1574 ,
3064 1506 3161 1563 sed
3193 1523 3260 1563 ex
3297 1514 3534 1578 quatuor
3561 1514 3765 1563 constat

2171 1602 2456 1658 clementis
2490 1619 2504 1657 :
2533 1600 2631 1657 sed
2671 1601 2725 1656 in
2764 1615 2933 1656 cocco
2964 1600 3137 1671 ﬁgura
3181 1599 3322 1670 ignis
3348 1612 3614 1668 expressa
3648 1608 3763 1669 est,

2171 1695 2324 1766 cujus
2345 1709 2513 1765 vapor
2533 1693 2637 1750 nisi
2665 1693 2864 1749 cmlum
2886 1732 2905 1760 ,
2928 1699 3093 1761 atque
3117 1705 3327 1757 aerem,
3355 1690 3554 1757 maria,
3582 1697 3765 1746 terras-

2172 1805 2281 1860 que
2320 1798 2669 1859 penetraret,
2694 1788 2878 1842 omnia
2917 1795 3190 1857 tamquam
3223 1783 3421 1841 eﬂtetis
3447 1783 3651 1839 viribus
3675 1783 3768 1839 sol-

468 1884 637 1938 stium
657 1880 899 1952 vaporati
930 1875 1223 1948 Cleopbas,
1256 1885 1314 1932 et
1340 1875 1431 1931 ille
1457 1876 1596 1932 alius
1620 1877 1709 1947 qui
1741 1876 1906 1933 simul
1939 1892 2061 1932 cum
2093 1881 2142 1942 Β
2170 1890 2452 1938 verentur.
2487 1881 2593 1936 Per
2631 1880 2942 1936 resticulam
2970 1878 3133 1949 igitur
3160 1877 3436 1932 vinculum
3468 1874 3771 1947 persuasio-

473 1974 704 2031 Domino
730 1974 798 2028 ab
821 1971 1161 2027 Hierusalem
1206 1980 1377 2040 usque
1406 1969 1461 2025 in
1491 1970 1777 2026 castellum
1823 1970 2074 2027 coniece-

469 2080 592 2126 rant
618 2072 744 2136 iter,
778 2067 1034 2122 dicebant
1067 2080 1083 2119 :
1114 2064 1308 2119 Nonne
1344 2079 1435 2119 cor
1462 2075 1699 2119 nostrum
1751 2065 1938 2119 ardens
1964 2074 2075 2120 erat

467 2164 523 2217 in
550 2161 789 2216 nobis....
816 2175 933 2213 cum
954 2157 1179 2230 aperiret
1206 2157 1355 2213 nobis
1379 2156 1681 2228 Scriptura:
1712 2156 1864 2228 (Luc.
1916 2173 2072 2224 χχιι,

468 2254 608 2322 52)?

536 2346 628 2402 20.
670 2346 816 2416 ignis
860 2358 994 2415 ergo
1042 2343 1153 2412 hic,
1198 2357 1381 2399 sermo
1413 2342 1614 2398 Christi
1656 2352 1761 2398 est.
1787 2343 1857 2398 Et
1897 2342 2072 2399 bonus

468 2441 634 2512 ignis,
662 2439 757 2512 qui
784 2438 1084 2495 calefacere
1107 2439 1273 2504 novit,
1302 2437 1476 2493 nescit
1510 2452 1765 2502 exurere,
1804 2437 1907 2492 nisi
1956 2438 2075 2494 sola

470 2542 718 2604 peccata.
745 2533 858 2587 Hoc
883 2530 1009 2602 igne
1029 2544 1191 2601 super
1234 2530 1436 2585 bonum
1485 2529 1894 2585 fundamentum
1922 2528 1950 2568 ι)
1979 2544 2074 2600 po-

472 2627 633 2682 situm
655 2624 789 2680 illud
828 2622 1192 2693 apostolicum
1225 2636 1416 2676 aurum
1463 2620 1723 2691 probatur
1753 2638 1767 2673 :
1797 2620 1901 2676 hoc
1953 2624 2076 2692 igne

469 2720 601 2775 illud
621 2731 832 2774 merum
863 2730 1091 2786 cperum
1111 2713 1462 2771 examinator
1483 2721 1769 2783 argentum
1790 2730 1803 2766 :
1827 2711 1934 2767 hoc
1951 2712 2075 2783 igne

477 2817 701 2886 pretiosi
740 2812 818 2869 illi
845 2812 1055 2884 lapides
1113 2811 1509 2875 illuminantur,
1564 2809 1749 2866 fenum
1795 2819 1977 2865 autem
2018 2814 2077 2863 et

470 2909 669 2979 stipula
700 2908 1037 2964 consumitur
1062 2904 1106 2979 (Ι
1134 2904 1256 2961 Cor.
1303 2920 1383 2971 ut,
1416 2905 1485 2960 12
1514 2914 1561 2960 el
1587 2904 1699 2977 15).
1732 2904 1954 2961 Mundat
1980 2920 2073 2960 er-

474 3011 544 3068 go
586 2998 676 3054 hic
711 2998 849 3068 ignis
874 2997 1138 3061 animum,
1173 2996 1447 3050 consumit
1493 3011 1763 3055 errorem.
1807 2995 1967 3052 Unde
2016 3006 2076 3052 et

476 3091 737 3147 Dominus
761 3089 872 3143 ait:
900 3085 1022 3139 lam
1044 3100 1131 3139 vos
1158 3086 1338 3139 mundi
1361 3087 1480 3140 estis
1529 3097 1741 3158 propter
1786 3102 2074 3141 sermonem

472 3196 621 3257 quem
649 3182 854 3236 locutus
881 3193 998 3233 sum
1020 3176 1163 3231 vobis
1203 3175 1388 3248 (lacn.
1417 3192 1507 3243 xv,
1539 3177 1617 3249 5).
1650 3177 1748 3232 ilic
1802 3189 1886 3233 est
1934 3180 2074 3250 ignis

2174 1975 2263 2030 nis
2305 1974 2654 2051 agnoscimus
2683 1990 2698 2027 :
2727 1987 2826 2043 per
2855 1985 3078 2027 coccum
3100 2012 3117 2036 ,
3149 1969 3232 2025 vel
3273 1967 3594 2037 cupiditatis
3622 1966 3774 2023 ιιι-αισα

2173 2085 2288 2126 rem
2316 2070 2408 2140 qui
2431 2068 2692 2123 scintillet
2711 2068 2764 2121 in
2789 2065 2984 2121 animis
3007 2063 3366 2125 audientium,
3399 2063 3490 2119 vel
3520 2062 3776 2118 indicium

2174 2161 2467 2233 passionis.
2494 2160 2655 2217 Unde
2683 2168 2738 2216 et
2768 2159 2901 2214 alibi
2928 2159 3003 2214 ait
3029 2158 3243 2229 Sponsa
3278 2174 3293 2211 :
3328 2154 3499 2210 Latia
3527 2158 3640 2228 ejus
3672 2154 3776 2210 lilia

2175 2255 2487 2311 distillantia
2525 2254 2793 2325 myrrham
2821 2253 3028 2323 plenam
3063 2249 3237 2323 (Cant.
3266 2266 3320 2316 v,
3360 2246 3478 2318 i5).
3513 2247 3619 2304 Per
3646 2262 3776 2319 myr-

2173 2343 2330 2400 rham
2359 2344 2505 2399 enim
2550 2342 2821 2412 passionis
2865 2348 3240 2410 unguentum,
3263 2348 3319 2394 et
3358 2336 3777 2395 resurrectionis

2175 2438 2350 2510 gratia
2377 2436 2690 2491 declaratur
2707 2479 2722 2502 ,
2749 2448 2873 2506 qua:
2897 2431 3197 2488 redivivum
3224 2430 3347 2486 vit-.e
3389 2430 3624 2487 odorem
3657 2442 3778 2485 sus-

2173 2530 2353 2587 citatis
2383 2538 2725 2585 mortuorum
2777 2526 3079 2582 visceribus
3105 2522 3358 2581 infundit.
3385 2523 3585 2579 Merito
3619 2522 3778 2592 igitur

2175 2621 2396 2693 alloquii
2423 2620 2544 2692 ejus
2562 2618 2841 2689 accipiens
2860 2617 3208 2685 suavitatem,
3237 2616 3554 2671 exclamans
3577 2614 3781 2685 Sponsa

2177 2723 2446 2771 testatur:
2481 2710 2689 2767 Fauces
2717 2712 2831 2782 ejus
2860 2710 3191 2776 dulcedines,
3222 2718 3273 2766 et
3301 2719 3436 2763 lotus
3471 2707 3785 2763 desiderium

2175 2805 2368 2877 (Ibid,
2398 2803 2511 2876 16).

2243 2899 2337 2953 25.
2377 2896 2558 2968 (Vers.
2592 2893 2747 2967 Mi.)
2771 2892 3032 2964 Sequitur
3063 2906 3250 2949 versus
3275 2892 3506 2963 quintus
3536 2909 3555 2947 :
3579 2889 3788 2945 Iuvenis

2175 3008 2291 3045 sum
2328 3007 2421 3061 ego
2463 2999 2508 3043 et
2552 2987 2822 3058 despectus
2860 3002 2877 3040 :
2915 2986 3317 3058 justiﬁcationes
3360 2993 3479 3040 luas
3522 3002 3632 3039 non
3677 2999 3786 3039 sunt

2176 3082 2386 3136 oblitus.
2416 3079 2598 3135 Multis
2636 3088 2948 3135 sanctorum
2994 3078 3087 3147 qui
3132 3093 3162 3132 a
3205 3078 3375 3148 prima
3410 3076 3788 3134 adolescentia

2175 3174 2458 3230 exercitati
2486 3183 2613 3228 sunt
2636 3172 2787 3227 duris
2819 3170 3097 3227 laboribus
3118 3213 3134 3237 ,
3167 3180 3348 3241 potest
3375 3170 3461 3225 hic
3487 3171 3789 3227 versiculus

470 3277 561 3346 qui
589 3272 743 3327 ardet
773 3281 898 3325 ante
928 3269 1251 3334 Dominum;
1286 3266 1388 3322 nisi
1415 3270 1561 3321 enim
1584 3269 1705 3338 quis
1733 3268 2071 3339 ﬂagrantiam
2098 3265 2145 3328 C
2175 3267 2485 3322 convenire.
2516 3263 2660 3337 ‘Nam
2691 3273 2746 3320 et
2773 3262 2977 3333 Joscplt
3011 3278 3135 3317 cum
3163 3279 3189 3315 a
3220 3262 3487 3335 fratribus
3513 3264 3706 3333 junior
3738 3262 3790 3317 in

471 3362 776 3419 devotionis
803 3360 1184 3431 assumpSerit,
1240 3359 1585 3430 praesentiam
1628 3361 1845 3416 Domini
1871 3364 2070 3420 habere

476 3471 580 3509 non
607 3451 1007 3525 poterit(Levil.
1034 3467 1107 3515 vt,
1129 3450 1242 3521 12).
1271 3449 1682 3507 Accendehunc
1710 3452 1860 3521 prius
1889 3453 2070 3522 ignem

475 3550 525 3603 in
551 3549 823 3604 mentibus
846 3547 984 3610 tuis;
1018 3554 1076 3597 ut
1104 3543 1304 3599 Christi
1331 3542 1427 3597 tibi
1453 3543 1632 3598 lumen
1659 3543 1928 3615 eﬂ'ulgeat.
1958 3544 2073 3601 Hoc

468 3645 594 3709 igne
617 3637 876 3694 urebatur
903 3633 1093 3698 rubus,
1118 3643 1171 3688 ct
1195 3649 1300 3686 non
1332 3630 1871 3705 exurebatur(E:rod.
1902 3634 2070 3706 111,2).

480 3732 599 3790 Urit
625 3731 774 3788 enim
811 3740 993 3784 sermo
1025 3726 1262 3791 divinus,
1314 3734 1371 3778 ut
1398 3725 1633 3795 corrigat
1681 3728 2069 3783 conscientiam

474 3824 779 3897 peccatoris
811 3839 824 3875 :
861 3837 967 3876 non
998 3819 1287 3885 exurit,"ut
1309 3817 1519 3888 perdat.
1560 3819 1583 3848 ο
1618 3817 1714 3874 ilic
1736 3819 1875 3890 ignis
1906 3819 2073 3876 hebe-

472 3929 611 3982 tare,
630 3916 717 3972 bic
745 3916 885 3988 ignis
902 3914 1247 3984 exstinguere
1272 3911 1634 3967 materialium
1660 3927 1806 3967 saeva
1826 3912 2073 3969 ﬂamma-

466 4028 588 4071 rum
634 4010 920 4069 consuevit
960 4007 1232 4064 incendia.
1288 4005 1533 4077 Denique
1563 4005 1776 4062 Hebraei
1811 4006 1914 4064 hoc
1948 4008 2072 4079 igne

466 4108 737 4174 succensi,
767 4104 1004 4159 fornacis
1028 4101 1270 4157 ardentis
1299 4116 1555 4170 vaporem
1585 4116 1686 4157 nec
1711 4101 1928 4169 timere,
1970 4118 2070 4160 nec

466 4199 670 4255 sentire
710 4199 1004 4264 potuerunt
1032 4189 1197 4262 (Dan.
1241 4202 1319 4257 tu,
1353 4190 1472 4261 50).
1527 4193 1737 4264 1201
1765 4192 1956 4250 Merito
1985 4213 2070 4252 ριι.

462 4300 536 4361 go
574 4287 752 4342 bonus
801 4294 991 4339 servus
1042 4280 1219 4352 diligit
1263 4280 1491 4352 ignitum
1521 4282 1734 4337 Domini
1767 4287 2066 4359 eloquium,

464 4390 575 4451 quo
604 4374 847 4431 induitur
870 4370 1128 4437 charitas,
1149 4384 1271 4441 qua:
1291 4369 1535 4426 excludit
1577 4372 1847 4430 timorem.

533 4468 627 4524 21.
650 4465 883 4523 Pulchre
909 4472 1090 4519 autem
1121 4461 1355 4528 addidit,
1373 4462 1556 4530 nimis,-
1581 4464 1709 4534 quia
1735 4468 1916 4524 omnis
1944 4472 2068 4542 qui-

462 4562 585 4619 dem
612 4559 803 4615 doctor
831 4554 1138 4611 inﬂammat
1166 4552 1436 4609 audientis
1456 4554 1709 4611 aﬂectum
1741 4559 1873 4614 :scd
1902 4576 2066 4632 supra

2172 3358 2462 3430 IEgyptum
2490 3356 2838 3421 venderetur,
2858 3354 3046 3427 junior
3075 3363 3216 3421 erat,
3249 3367 3301 3411 et
3342 3355 3673 3424 despectus,
3702 3354 3790 3423 qui

2172 3453 2239 3507 ad
2286 3451 2562 3507 servitutis
2602 3449 2858 3521 iniuriam
2891 3448 3228 3504 vendebatur
3270 3456 3375 3503 :et
3418 3458 3621 3517 postea
3671 3463 3793 3502 cum

2173 3546 2469 3616 productus
2488 3559 2519 3599 e
2535 3557 2776 3609 carcere,
2803 3542 3126 3612 praepositus
3149 3539 3405 3612 AEgypto,
3431 3541 3662 3612 populis
3689 3542 3793 3594 tru-

2176 3650 2355 3697 meuta
2385 3639 2685 3707 divideret,
2713 3636 3167 3715 fratribusvicem
3201 3636 3412 3707 injuriae
3451 3651 3571 3692 non
3618 3634 3794 3693 refcr-

2176 3747 2279 3802 ret,
2310 3735 2405 3791 sed
2437 3733 2620 3801 refuso
2648 3732 2822 3804 pretio
2849 3732 3109 3787 alimenta
3139 3732 3388 3798 donaret,
3419 3730 3671 3786 senilem
3705 3743 3795 3798 pa-

2176 3832 2272 3887 tris
2292 3847 2320 3884 a
2352 3828 2491 3886 fattte
2519 3838 2680 3899 atque
2692 3826 2902 3898 jejunio
2923 3825 3489 3893 vindicarctastatem,
3516 3837 3797 3891 curruque

2173 3923 2497 3990 summisso,
2538 3921 2769 3989 obvius,
2809 3929 2865 3975 et
2904 3918 3292 3974 famulantibus
3333 3918 3561 3974 caeteris
3599 3916 3797 3984 ampla:

2175 4017 2457 4088 potestatis
2486 4014 2787 4083 insignibus
2807 4054 2823 4079 ,
2851 4011 3136 4078 adoraret,
3154 4012 3280 4081 jure
3303 4009 3533 4067 dicebat
3559 4028 3574 4064 :
3603 4007 3797 4064 Iunior

2172 4125 2265 4181 ego
2312 4126 2456 4175 sum,
2493 4116 2541 4162 et
2582 4107 2850 4177 despectus
2882 4120 2901 4159 :
2920 4104 3325 4176 justiﬁcationes
3365 4112 3491 4157 tuas
3532 4118 3645 4156 non
3686 4115 3797 4154 sum

2174 4203 2383 4258 oblitus.

2243 4294 2336 4349 24.
2365 4291 2487 4364 Ipse
2520 4291 2691 4348 David
2732 4304 2947 4362 quoque
2971 4288 3158 4360 junior
3199 4285 3466 4342 fratribus
3488 4328 3508 4352 ,
3539 4302 3677 4342 cum
3706 4299 3799 4357 pa-

2172 4385 2270 4440 tris
2294 4399 2426 4441 oves
2452 4391 2707 4454 pasceret
2735 4392 3008 4454 tamquam
3039 4380 3129 4435 vili
3158 4380 3445 4450 ablegatus
3469 4377 3760 4451 obsequio
3782 4416 3799 4443 ,

2172 4494 2279 4532 non
2308 4476 2524 4557 oblatus
2561 4484 2645 4533 est
2674 4476 2976 4544 sacerdoti,
3001 4474 3157 4547 quasi
3196 4473 3451 4544 indignus
3482 4475 3589 4545 qui
3626 4488 3798 4543 unge-

2170 4580 2321 4627 retur
2350 4570 2403 4625 in
2427 4583 2649 4641 regnum
2680 4585 2693 4622 :
2722 4567 2818 4624 sed
2838 4583 2867 4623 a
2897 4567 3179 4624 sacerdote
3203 4566 3496 4636 quaesitus,
3529 4575 3593 4623 et
3619 4581 3803 4622 accer-

463 4664 654 4710 omnes
700 4660 784 4706 est
818 4662 1003 4705 sermo
1035 4646 1160 4711 Dei,
1192 4644 1487 4703 divisiones
1526 4656 1740 4704 artuum
1781 4663 1836 4707 et
1875 4654 2063 4713 intima

2178 4662 2306 4718 situs
2334 4676 2364 4716 a
2396 4661 2633 4732 pascuis,
2665 4660 3076 4732 praerogativam
3108 4659 3269 4729 regia:
3307 4660 3608 4714 unctionis
3642 4674 3804 4713 acce-

462 4754 757 4818 penetrans
783 4740 1164 4797 medullarum.
1197 4737 1508 4810 Tripliciter
1535 4755 1665 4812 ergo
1690 4741 1938 4802 describe
1967 4747 2063 4804 tibi

463 4838 693 4910 ignitum
721 4834 996 4906 eloquium
1021 4832 1142 4900 Dei,
1159 4832 1241 4887 vel
1269 4832 1409 4904 quod
1436 4834 1680 4904 mundat,
1700 4837 1784 4893 vel
1802 4840 1945 4910 quod
1968 4855 2062 4897 ac-

532 5047 560 5077 α
590 5038 721 5094 post
734 5050 922 5111 vocem
945 5035 1233 5111 progenies,
1253 5034 1676 5111 subiungebatur
1699 5037 1755 5093 in
1774 5039 1934 5111 edit.,
1957 5060 2062 5100 non

458 5121 529 5168 est
553 5110 635 5164 hic
664 5118 871 5183 natura.
889 5105 1054 5175 Quod
1091 5108 1146 5161 in
1174 5105 1425 5162 omnibus
1452 5109 1675 5164 omnino
1693 5105 2059 5183 scriptis'cod.

460 5180 916 5254 praetermittitur.

472 5240 477 5279 έ
528 5251 556 5291 1)
600 5240 743 5306 mil,
774 5260 983 5324 omnes,
1044 5246 1231 5318 posito.
1278 5245 1471 5324 Melius
1500 5264 1655 5318 mss.,
1705 5253 1950 5324 positum,
2003 5265 2060 5314 ut

462 5324 727 5380 referatur
751 5320 818 5374 ad
850 5334 1063 5393 vocem,
1094 5322 1406 5393 aurumalit
1436 5320 1714 5393 continuo
1743 5334 1887 5393 post,
1925 5320 2059 5389 cune-

457 5406 561 5471 ctus
588 5394 720 5450 edit.
745 5405 867 5447 cum
894 5390 1106 5471 duobus
1129 5406 1285 5471 mss.,
1312 5390 1444 5445 illud
1471 5407 1675 5471 morum
1716 5390 1795 5451 uel
1822 5390 2053 5470 operum.

456 5465 587 5520 Mss.
627 5478 757 5535 vero
794 5461 999 5535 caeteri,
1043 5468 1102 5513 ut
1154 5461 1205 5514 iu
1256 5470 1436 5528 textu;
1472 5466 1655 5532 paucis
1695 5461 1938 5535 exceptis
1960 5471 2053 5527 ubi

461 5536 629 5605 legas,
660 5532 796 5587 illud
818 5532 1072 5605 {bonorum
1102 5538 1347 5605 cperunt,
1379 5539 1485 5588 etc.

530 5615 552 5681 ἐ
600 5604 878 5681 νει.ειιὶι.
926 5612 981 5656 et
1034 5603 1368 5681 recentiores
1408 5606 1706 5681 ttottntdlm,
1762 5606 1867 5662 Hic
1919 5611 2054 5681 ignis

456 5676 686 5730 habitare
728 5673 988 5726 Christum
1036 5687 1147 5744 per_
1181 5671 1337 5744 ﬁderit
1393 5678 1538 5744 facit.
1581 5676 1738 5730 Rom.
1763 5693 1884 5733 cum
1918 5671 2049 5737 mss.

452 5744 1014 5817 munibusnobiscum
1047 5742 1201 5811 legit.
1248 5742 1513 5817 Etgc‘erte
1564 5747 1709 5817 prter
1751 5748 1915 5805 lectio
1943 5768 2050 5808 non

458 5813 675 5893 aliunde
708 5813 1056 5893 inductatest,
1087 5826 1245 5880 quam
1298 5814 1367 5867 ab
1423 5813 1603 5893 aliquo
1631 5819 1720 5893 qui
1752 5823 2049 5893 nesciebat,

461 5882 716 5963 hebetare,
748 5882 889 5941 idem
922 5883 1007 5943 hic
1060 5895 1181 5943 esse
1216 5897 1279 5938 ac
1310 5882 1600 5947 retundere
1632 5882 1716 5948 vel
1745 5890 2013 5957 minuere.

2171 4755 2268 4825 pit.
2296 4752 2489 4809 Postea
2528 4767 2743 4824 quoque
2780 4766 3100 4823 progressus
3139 4750 3205 4806 ad
3237 4750 3439 4806 bellant
3469 4791 3486 4814 ,
3517 4766 3658 4807 cum
3692 4748 3805 4807 Go-

2166 4847 2267 4903 lias
2324 4857 2494 4903 totum
2546 4846 2805 4917 populum
2847 4845 3159 4902 Judteorum
3199 4843 3451 4914 corporis
3502 4844 3598 4899 sui
3655 4844 3806 4900 mole

2238 5050 2411 5105 dMss.
2443 5049 2672 5121 aliquot,
2695 5064 2878 5121 caecus
2894 5064 2989 5121 pro
3017 5048 3136 5121 igne
3159 5047 3377 5121 collatus
3400 5057 3521 5121 est,
3549 5059 3654 5106 aut
3679 5068 3805 5106 cac-

2168 5138 2376 5179 cum....
2407 5120 2657 5176 collatum
2691 5130 2785 5175 est.
2830 5119 3065 5190 Reliqui,
3109 5133 3171 5174 ac
3213 5119 3341 5174 edit.
3385 5129 3451 5171 ut
3510 5120 3572 5175 in
3626 5131 3805 5177 textu.

2170 5191 2395 5248 Videtur
2420 5204 2600 5247 autem
2633 5190 2823 5262 Ambr.
2850 5192 3124 5262 respicere
3145 5190 3209 5244 ad
3227 5190 3403 5262 locutu
3434 5189 3538 5246 Fl.
3569 5192 3810 5262 Josepbi

2165 5276 2197 5334 e
2226 5263 2317 5319 lib.
2351 5279 2409 5318 ttt
2441 5262 2614 5334 Antiq.
2657 5261 2869 5317 Judaic.
2900 5259 3018 5334 cap.
3052 5261 3087 5316 8
3112 5303 3127 5327 ,
3152 5262 3239 5315 ubi
3283 5259 3555 5334 colorum
3599 5259 3810 5334 quibus

2165 5333 2524 5390 Tnbernaculi
2562 5332 2680 5389 vela
2719 5333 3129 5395 intexebantur,
3163 5332 3386 5403 mystica
3443 5332 3810 5400 signiﬁcatio

2162 5405 2234 5459 ita
2263 5406 2674 5481 exponiturera'z
2702 5426 2758 5481 rs
2785 5406 2890 5481 ’γὰρ
2909 5406 3076 5481 sum
3100 5407 3155 5458 ἐκ
3179 5404 3457 5481 τεσοξᾷρων
3496 5407 3811 5481 ὑφανθέντα

2159 5481 2250 5554 ῖήν
2270 5472 2370 5533 τῶν
2396 5480 2673 5554 στοιχείων
2694 5472 3021 5554 φύέιίδήλᾳξ.
3041 5476 3071 5533 ἦ
3090 5477 3262 5554 fre-1&8
3284 5472 3509 5554 ﬁdaque
3548 5472 3672 5539 ’τήν
3713 5487 3807 5554 γῆν

2156 5545 2711 5620 ᾀποσημώνειῖἕοικεξ
2744 5545 2833 5620 Ξδιά
2869 5547 2926 5603 τὸ
2954 5549 3005 5612 ἐξ
3044 5545 3204 5606 αὐτῆς·
3231 5545 3507 5620 anteidea
3546 5550 3617 5607 τὸ
3647 5545 3807 5609 liuor.

2157 5619 2190 5675 ἦ
2214 5640 2270 5674 τε
2297 5618 2654 5697 ξέορφύραΔτ-ῥη
2679 5618 2961 5697 Quidue-au.
2994 5624 3066 5688 τῷ
3084 5618 3416 5697 πέροιγίχραέ
3451 5629 3577 5697 τῆς
3596 5621 3808 5694 κόχλον

2157 5696 2231 5769 τῷ
2265 5686 2587 5769 αἷίίὰέ-ιίτὸχ
2604 5690 2657 5746 δέ
2684 5691 2811 5769 ἁέρᾳ
2838 5686 3076 5761 βούλετὰι
3110 5686 3343 5769 (iniuria-l6
3374 5686 3807 5757 ﬁnemve“..va

2159 5756 2364 5837 ὁ,φρῖνὶξ
2390 5758 2435 5817 δ’
2458 5756 2517 5837 ἓξν
2541 5759 2621 5837 {in
2653 5756 2920 5837 τεκμήριον
2950 5765 3040 5816 τοῦ
3068 5759 3255 5837 πυρὸς.
3293 5758 3454 5837 Νηίῳ
3513 5764 3811 5835 interpre-

2160 5827 2419 5886 tationem
2442 5827 2961 5909 prigeues'printus
2998 5827 3217 5909 secutus
3246 5839 3328 5888 est
3370 5827 3566 5895 Hom.
3604 5827 3718 5907 15',
3754 5838 3809 5909 in

2159 5915 2278 5981 cap.
2305 5917 2411 5966 xxv
2441 5902 2638 5983 Exodi,
2670 5910 2832 5983 atque
2849 5903 2939 5963 alii
2961 5907 3086 5982 post
3112 5916 3257 5976 eum.
3286 5920 3287 5923 η
