3948 6324
288 243 423 302 εδει

1399 247 1464 302 ΙΝ
1502 247 1830 304 PSALMUM
1867 248 2080 307 CXVIII
2116 249 2500 308 EXPOSI'I‘IO.

3460 260 3484 316 ‘I
3495 259 3602 317 ωε

286 367 631 437 ἀεσρίοἱθηε,
662 372 926 444 singulari
957 371 1256 428 certamine
1283 374 1602 439 provocaret
1621 408 1636 432 ,
1667 365 1896 421 timenti-
1927 373 1976 424 Α
2006 369 2120 422 vias
2146 367 2278 424 mihi
2309 377 2441 438 opto
2464 367 2799 426 descendere
2819 411 2833 436 ,
2858 385 2993 441 quas
3024 380 3150 429 aute
3176 375 3411 432 mirabar
3445 395 3457 430 :
3494 394 3601 432 non

289 459 388 515 bus
424 465 646 520 ceteris
668 508 683 531 ,
719 468 968 536 poposcit
1005 481 1034 520 a
1075 480 1206 535 rege
1229 505 1242 530 ,
1272 473 1329 518 ut
1369 460 1754 532 congrediendi
1792 459 1896 514 sibi

286 556 633 624 permitteret
659 559 995 617 facultatem.
1025 558 1266 614 Necdum
1292 557 1508 626 quidem
1542 563 1694 608 tanto
1720 561 1895 608 certa-

287 648 418 702 mini
481 649 682 706 habilis
733 653 1034 706 aestimatus
1078 660 1196 716 est,
1233 649 1442 720 1202
1466 661 1590 717 rege
1633 646 1890 701 dicente:

287 743 412 797 Non
436 754 578 812 potes
608 746 684 800 ire
710 747 778 800 ad
800 747 1156 817 Allophylum,
1181 753 1228 800 et
1253 759 1484 814 pugnare
1511 755 1626 794 cum
1648 755 1739 805 eo;
1764 755 1894 808 quo-

285 839 428 892 niam
457 848 514 893 tu
544 855 676 911 puer
697 858 748 895 es
767 883 781 906 ,
806 853 852 895 et
883 841 974 894 ille
1000 842 1078 894 uir
1104 839 1320 894 bellator
1341 847 1414 891 est
1443 851 1475 888 α
1496 839 1765 908 juventute
1798 851 1892 889 sua

280 930 326 998 (I
349 930 478 1003 Reg.
502 946 635 994 xvn,
667 934 784 996 53).
818 931 1002 1003 Neque
1027 940 1179 986 esset
1201 930 1503 992 admissus,
1537 928 1641 982 nisi
1675 926 1893 982 fecisset

287 1020 474 1084 fidem,
495 1022 642 1091 quod
678 1023 731 1078 in
754 1038 850 1077 sua
880 1023 1244 1079 adolescentia
1275 1024 1487 1078 leonem
1504 1021 1616 1075 suis
1641 1020 1890 1076 manibus

283 1117 682 1186 strangulatum
709 1158 723 1180 .
764 1118 1022 1172 extractis
1069 1126 1236 1186 raptae
1279 1115 1395 1170 ovis
1434 1114 1682 1170 cruribus
1727 1129 1886 1183 pere-

283 1207 493 1263 misset.
529 1207 649 1278 Ipse
673 1211 838 1264 etiam
873 1209 1162 1278 despectus
1192 1209 1259 1263 ab
1279 1207 1587 1277 Allopliylo,
1621 1206 1764 1276 quod
1786 1207 1886 1259 ad-

277 1313 476 1356 versus
501 1312 770 1354 armatum
810 1300 1173 1368 przeliatorem
1205 1314 1328 1352 cum
1358 1300 1507 1367 virga
1533 1306 1588 1350 et
1620 1295 1886 1366 lapidibus

277 1395 672 1464 processisset,
701 1394 887 1449 retulit
916 1408 1022 1448 non
1045 1393 1250 1448 viribus
1289 1409 1348 1447 se
1385 1394 1582 1447 fretum
1613 1407 1756 1459 esse,
1779 1410 1883 1447 non

272 1485 442 1540 armis
481 1503 494 1538 :
527 1484 621 1539 sed
661 1485 712 1538 in
747 1486 969 1540 nomine
998 1483 1209 1538 Domini
1245 1484 1608 1539 confidentem
1645 1483 1711 1538 ad
1746 1499 1887 1554 prae-

273 1576 407 1632 lium
451 1592 577 1632 esse
615 1591 995 1645 progressum;
1032 1585 1089 1630 ut
1129 1576 1392 1630 lacessita:
1433 1576 1605 1645 plebis
1646 1574 1887 1630 auferret

269 1667 652 1735 approbrium.
684 1667 780 1721 Hic
808 1682 941 1736 ergo
962 1667 1178 1736 juvenis
1197 1710 1212 1734 ,
1236 1679 1397 1739 atque
1421 1667 1713 1738 despectus
1738 1679 1882 1724 stra-

2003 475 2204 516 mauna
2233 462 2378 530 quod
2412 471 2542 516 ante
2584 462 2721 518 cibis
2760 465 3014 521 omnibus
3057 467 3442 537 praeferebant;
3473 473 3600 540 quia

1999 553 2092 622 qui
2123 567 2320 609 manus
2354 552 2818 611 manducaverunt
2853 567 3058 626 patres,
3097 560 3426 616 esurierunt.
3453 561 3604 617 Meus

1998 645 2151 703 cibus
2179 654 2301 712 est,
2332 663 2494 714 quem
2538 649 2582 702 si
2613 649 2734 719 quis
2761 650 3203 719 manducaverit,
3233 668 3342 708 non
3370 657 3598 710 esuriet.

1999 738 2148 794 Meus
2168 739 2322 794 cibus
2345 751 2448 807 est,
2482 741 2572 809 qui
2601 757 2710 796 non
2747 757 2946 812 corpus
2977 744 3309 815 impinguat,
3340 747 3435 802 sed
3466 763 3600 803 con-

1997 829 2177 886 ﬁrmat
2200 845 2296 887 cor
2324 830 2583 886 hominis.

2065 925 2154 978 27.
2211 923 2406 979 Fuerat
2449 925 2583 978 mihi
2627 935 2756 982 ante
2796 926 3076 984 mirandus
3127 927 3280 998 panis
3319 927 3388 983 de
3425 929 3594 994 creto;

1995 1017 2255 1085 scriptum
2289 1025 2374 1070 est
2402 1017 2548 1071 enim
2585 1034 2598 1070 :
2634 1016 2832 1072 Panem
2863 1020 2925 1073 de
2951 1021 3076 1074 coelo
3108 1019 3253 1074 dedit
3281 1021 3352 1076 eis
3380 1023 3599 1076 mandu-

1993 1124 2108 1162 care
2138 1107 2322 1180 (Joan.
2351 1123 2426 1173 Vl,
2456 1108 2548 1180 51)
2584 1125 2596 1164 :
2635 1110 2730 1164 sed
2773 1127 2878 1165 non
2920 1121 3039 1167 erat
3064 1127 3226 1166 verus
3269 1113 3360 1168 ille
3399 1115 3553 1184 panis
3582 1155 3597 1176 .

1993 1201 2088 1256 sed
2118 1199 2287 1256 futuri
2317 1200 2528 1256 umbra.
2570 1204 2781 1275 1203
2805 1204 3006 1259 Panem
3039 1206 3107 1260 de
3137 1207 3278 1262 coelo
3309 1206 3464 1262 illum
3497 1225 3595 1262 ve-

1990 1309 2112 1348 rum
2144 1293 2276 1348 mibi
2303 1295 2538 1349 servavit
2562 1295 2743 1351 Pater.
2772 1297 2900 1350 Mihi
2931 1298 3022 1352 ille
3053 1299 3207 1367 panis
3235 1298 3330 1352 Dei
3361 1299 3594 1354 descen-

1991 1386 2070 1440 dit
2095 1387 2164 1442 de
2193 1388 2361 1451 cmlo,
2386 1390 2476 1459 qui
2504 1390 2670 1444 vitam
2703 1391 2794 1446 dat
2821 1390 2944 1446 huic
2985 1393 3212 1447 mundo.
3245 1391 3365 1447 Non
3391 1391 3597 1448 Iudaeis

1987 1480 2298 1548 descendit,
2340 1497 2443 1535 non
2491 1481 2792 1553 Synagogau
2825 1483 3106 1540 descendit
3138 1503 3150 1538 :
3182 1485 3277 1540 sed
3325 1485 3588 1540 Ecclesia!

1988 1573 2272 1629 descendit
2304 1591 2315 1626 ε
2346 1574 2439 1628 sed
2487 1575 2689 1644 populo
2730 1575 2828 1630 Dei
2859 1575 3068 1645 juniuri
3115 1576 3420 1633 descendit.
3455 1576 3590 1632 Nam

1987 1667 2262 1738 quomodo
2291 1667 2494 1724 Judaeis
2533 1669 2821 1725 descendit
2862 1672 3016 1740 panis
3061 1673 3150 1742 qui
3183 1673 3346 1726 vitam
3395 1672 3588 1735 dedit;

269 1759 350 1810 vit
383 1758 761 1829 Allopbylum,
787 1759 1094 1829 potitusque
1123 1760 1382 1827 victoria,
1419 1762 1470 1814 iit
1502 1761 1689 1816 decem
1720 1761 1882 1816 milli-
1911 1792 1957 1852 Β
1986 1774 2107 1814 cum
2149 1776 2340 1814 onmes
2390 1760 2481 1831 qui
2529 1761 2680 1814 illum
2724 1776 2914 1830 panem
2956 1763 3450 1830 manducaveruut,
3486 1763 3589 1818 hoc

267 1852 374 1906 bus
386 1853 801 1920 juvencularum
824 1853 1162 1921 psallentium
1179 1855 1488 1908 testimonio
1511 1854 1878 1924 triumphavit.

343 1945 436 2000 25.
482 1945 723 2001 Gerebat
744 1947 888 2000 enim
922 1955 1107 2017 typum
1135 1948 1253 2017 ejus
1283 1949 1373 2016 qui
1413 1947 1567 2017 quasi
1593 1949 1882 2018 despectus

266 2048 536 2091 venturus
565 2047 718 2092 esset
756 2037 809 2092 in
847 2044 1022 2091 terras
1047 2078 1060 2102 ,
1089 2050 1141 2093 et
1178 2038 1296 2093 sine
1329 2038 1541 2109 legato,
1575 2040 1694 2094 sine
1728 2039 1881 2110 adju-

268 2136 416 2186 tore.
449 2129 573 2182 sine
605 2128 797 2182 nuntio
825 2137 994 2182 totum
1021 2129 1276 2198 p0pulum
1300 2131 1483 2184 tnuudi
1510 2129 1675 2200 hujus
1701 2129 1880 2185 crucis

265 2233 386 2272 sum
418 2220 608 2286 pratIio
633 2219 896 2274 liberaret
932 2236 945 2274 :
976 2219 1062 2274 cui
1091 2221 1478 2290 applauderent
1504 2222 1697 2276 animat
1725 2237 1882 2278 sanc-

268 2322 477 2378 torum,
503 2328 602 2380 per
626 2311 968 2379 baptismatis
985 2321 1384 2368 sacramentum
1417 2323 1708 2377 renovatae,
1735 2315 1878 2384 quod

265 2421 458 2459 verum
490 2405 646 2459 illum
690 2403 902 2459 Goliam
942 2405 1239 2460 revelatum
1286 2407 1476 2471 nobis,
1510 2421 1572 2460 ac
1608 2405 1877 2476 proditum

265 2500 422 2554 verbi
450 2502 529 2554 sui
553 2499 738 2569 gladio
766 2499 1112 2555 trucidasset.
1137 2501 1289 2556 Iacet
1317 2503 1480 2571 igitur
1505 2516 1667 2557 verus
1692 2501 1878 2557 Colias

269 2592 584 2646 humilitate
637 2591 760 2646 Filii
812 2592 906 2646 Dei
954 2593 1403 2648 stratus:amisit
1440 2605 1600 2663 caput
1638 2593 1778 2663 quod
1823 2596 1876 2649 in

267 2686 470 2743 multas
500 2695 650 2741 artes
672 2687 917 2740 vertebat
937 2696 990 2740 et
1014 2685 1251 2743 fraudes.
1271 2687 1513 2741 Psallunt
1535 2703 1742 2742 secura:
1765 2688 1876 2757 jam

263 2780 491 2844 animae,
524 2794 646 2847 quat
678 2788 806 2832 ante
842 2787 1191 2848 peccatorum
1222 2794 1445 2834 suorum
1485 2788 1758 2834 tormenta
1786 2781 1878 2834 de-

264 2874 494 2926 flebant.
542 2872 736 2926 Dicunt
776 2869 1051 2941 tympanis
1077 2912 1090 2934 ,
1126 2871 1227 2926 hoc
1267 2882 1380 2935 est,
1411 2871 1735 2940 corporibus
1765 2871 1876 2925 suis

263 2973 500 3035 peccato
556 2965 787 3019 mortuis
833 2963 1160 3018 resultantes
1211 2981 1224 3014 :
1276 2964 1406 3019 Saul
1448 2964 1782 3030 triumphavit
1823 2964 1876 3016 in

256 3059 499 3112 millibus
528 3075 546 3110 :
582 3055 754 3110 David
793 3057 845 3109 in
871 3055 1044 3109 decem
1087 3056 1314 3111 millibus
1342 3056 1384 3127 (I
1422 3055 1552 3127 Reg.
1599 3071 1758 3120 xvm,
1791 3056 1871 3124 7).

261 3155 389 3208 Rex
418 3152 508 3206 ille
542 3151 712 3205 durus
743 3149 1051 3218 indignatur
1076 3190 1090 3217 ,
1118 3157 1175 3203 et
1208 3149 1460 3204 irascitur
1486 3147 1734 3202 diabolus
1763 3163 1777 3212 ;
1809 3163 1874 3202 eo

254 3246 414 3317 quod
448 3250 712 3299 canerent
746 3242 1048 3310 iuvencula:
1085 3241 1210 3309 quia
1242 3239 1457 3294 duritia:
1498 3239 1639 3293 tilius
1673 3253 1873 3310 paucos

254 3337 505 3405 decepit;
537 3335 788 3390 Christus
815 3342 984 3388 totum
1013 3334 1271 3389 mundum
1295 3332 1541 3388 redemit.
1580 3330 1716 3387 Dicit
1743 3347 1873 3401 ergo

253 3432 522 3488 Christus
553 3437 715 3483 natus
769 3443 834 3482 ex
868 3425 1090 3497 Virgine
1123 3445 1134 3479 :
1166 3425 1382 3480 Juvenis
1412 3442 1506 3496 ego
1528 3442 1639 3478 sunt
1661 3466 1676 3492 ,
1707 3434 1753 3478 et
1785 3426 1873 3478 de-

255 3534 474 3595 spectus
499 3540 517 3577 :
530 3522 938 3596 justiﬁcutiones
971 3529 1086 3573 tuas
1108 3536 1212 3574 non
1237 3537 1349 3572 sum
1379 3519 1582 3574 oblitus.

335 3618 430 3672 26.
475 3619 612 3672 Dicit
649 3616 813 3670 etiam
857 3615 1088 3685 pupulas
1131 3617 1440 3677 nationum,
1476 3615 1568 3668 ille
1609 3614 1660 3669 in
1696 3613 1872 3684 prima

254 3711 540 3767 electione
582 3711 907 3779 despectus,
941 3708 1090 3764 rudis
1127 3708 1302 3764 adhuc
1341 3709 1394 3763 in
1437 3709 1578 3775 fide,
1611 3718 1664 3762 et
1690 3708 1871 3764 studio

259 3807 549 3876 primaevae
575 3803 885 3858 devotionis
918 3802 1267 3865 adolescens,
1299 3801 1380 3855 vel
1408 3809 1553 3856 certe
1574 3812 1869 3856 renovatus

256 3898 462 3967 aquilae
488 3895 776 3966 iuventute
812 3909 911 3964 per
936 3893 1277 3962 baptismatis
1297 3902 1632 3946 sacramenta
1670 3910 1682 3946 :
1711 3890 1870 3945 Juve-

256 3991 351 4042 nis
377 4004 467 4058 ego
498 4005 636 4051 sum,
669 3996 717 4041 et
739 3986 1009 4058 despectus
1035 4002 1052 4039 :
1067 3986 1467 4059 justiﬁcaliones
1493 3995 1607 4039 tuas
1631 4001 1730 4039 non
1757 4002 1868 4039 sum

255 4080 477 4134 oblitus.
508 4078 607 4134 Ille
644 4095 746 4148 ego
785 4079 1075 4147 despectus
1103 4089 1230 4133 ante
1253 4121 1265 4142 ,
1287 4079 1397 4150 jam
1429 4078 1688 4148 prtefcror
1713 4121 1726 4145 ,
1756 4079 1866 4148 jam

256 4181 572 4242 anteponor
602 4171 816 4227 electis.
847 4170 943 4225 Ille
981 4180 1105 4224 ante
1141 4171 1432 4241 despectus
1475 4171 1709 4241 populus
1740 4186 1866 4240 pec-

257 4275 549 4330 catorum,
599 4263 776 4318 habeo
833 4263 1139 4319 caelestium
1184 4272 1652 4319 sacramentorum
1704 4279 1870 4319 vene-

259 4358 437 4412 randa
468 4357 770 4413 consortia.
806 4355 922 4410 Jam
956 4371 1158 4412 mensae
1189 4357 1433 4411 cmlestis
1461 4356 1666 4412 honore
1694 4357 1866 4412 susci-

258 4452 431 4522 pior:
472 4451 654 4521 epulis
699 4451 836 4504 meis
882 4464 987 4503 non
1025 4450 1204 4519 pluvia
1250 4450 1482 4505 uttdatttr
1508 4493 1520 4513 ,
1553 4467 1658 4504 non
1706 4463 1867 4506 terrae

1988 1861 2071 1907 est
2096 1894 2110 1918 ,
2136 1867 2361 1919 manna,
2397 1868 2556 1923 quem
2581 1863 2908 1922 putaverunt
2935 1854 3106 1910 Judaei
3137 1871 3324 1912 verum
3352 1873 3546 1928 panem
3575 1899 3588 1919 ,

1991 1948 2041 2000 in
2087 1946 2305 2001 deserto
2349 1947 2548 2000 mortui
2593 1948 2763 2002 sunt?
2819 1949 3106 2016 Quomodo
3149 1949 3448 2023 Synagogaz
3490 1948 3586 2003 dc-

1987 2039 2199 2096 scendit
2225 2057 2239 2104 ;
2265 2055 2388 2094 cum
2415 2040 2699 2113 Synagoga
2728 2043 2905 2096 otnnis
2947 2043 3246 2109 interierit,
3281 2053 3335 2098 et
3382 2053 3592 2097 aeterno

1979 2131 2190 2201 jejunio
2220 2131 2340 2186 fidei
2367 2143 2635 2186 macerata
2663 2132 2964 2190 deiecerit?
2993 2135 3238 2204 Denique
3260 2134 3305 2189 si
3333 2135 3583 2206 accepis-

1949 2233 2109 2280 ‘scnt
2140 2240 2330 2296 panem
2361 2241 2572 2292 verum,
2605 2243 2709 2280 non
2743 2225 3008 2282 dixissent
3039 2245 3051 2281 :
3084 2225 3328 2298 Domine,
3356 2227 3591 2281 donabis

1984 2333 2183 2387 semper
2208 2333 2394 2387 panem
2413 2317 2550 2371 hunc
2584 2316 2777 2390 (Ibid.,
2803 2318 2915 2388 54).

2054 2409 2145 2463 28.
2188 2407 2326 2478 Quid
2375 2410 2541 2478 petis,
2588 2410 2808 2478 Judtee;
2859 2423 2912 2465 ut
2957 2413 3157 2466 tribuat
3203 2412 3299 2468 tibi
3354 2427 3586 2479 panem,

1982 2518 2142 2572 quem
2185 2504 2276 2557 dat
2306 2505 2559 2558 omnibus
2579 2546 2594 2572 ,
2624 2503 2719 2559 dat
2741 2515 2765 2541 τι
2790 2504 3034 2574 quotidie
3055 2547 3068 2572 ,
3104 2505 3200 2559 dat
3244 2506 3500 2575 semper?
3532 2506 3587 2560 In

1985 2601 2036 2648 te
2067 2594 2184 2662 ipso
2205 2605 2310 2660 est,
2344 2607 2401 2648 ut
2429 2596 2665 2667 accipias
2695 2595 2839 2650 hunc
2867 2612 3064 2668 panem
3093 2615 3105 2649 :
3133 2595 3330 2651 accede
3353 2595 3417 2650 ad
3444 2595 3591 2652 hunc

1984 2702 2208 2754 panem,
2240 2696 2295 2742 et
2321 2690 2558 2758 accipies
2590 2705 2737 2744 eum.
2781 2691 2855 2746 De
2906 2692 3008 2746 hoc
3048 2705 3188 2762 pane
3216 2691 3418 2745 dictum
3453 2700 3536 2746 est
3571 2710 3582 2744 :

1987 2777 2173 2832 Omnes
2205 2780 2290 2848 qui
2321 2779 2564 2852 elongant
2589 2798 2643 2836 se
2667 2781 2758 2835 abs
2794 2793 2841 2836 te
2865 2822 2881 2849 ,
2912 2782 3149 2852 peribunt
3179 2782 3356 2853 (Psal.
3390 2799 3536 2838 Lxxu
3571 2825 3584 2848 ,

1981 2870 2097 2943 27).
2129 2871 2183 2927 Si
2219 2883 2269 2928 te
2295 2873 2634 2943 elongavcris
2674 2876 2742 2930 ab
2770 2891 2870 2940 eo,
2903 2876 3108 2947 peribis
3144 2896 3156 2931 :
3202 2877 3246 2932 si
3291 2877 3584 2948 appropin-

1981 2965 2234 3031 quaveris
2275 2966 2343 3020 ad
2391 2983 2543 3032 eum,
2578 2968 2751 3024 vives.
2794 2969 2892 3024 Ilic
2936 2979 3021 3025 est
3062 2971 3216 3040 panis
3260 2969 3384 3024 vitae
3430 2987 3442 3024 :
3492 2971 3583 3043 qui

1980 3072 2111 3128 ergo
2151 3060 2317 3112 vitam
2370 3060 2674 3126 manducat,
2710 3063 2846 3117 mori
2896 3078 3001 3118 non
3046 3073 3248 3134 potest.
3299 3064 3586 3130 Quomodo

1903 3182 1949 3250 α
1982 3149 2124 3202 enim
2166 3149 2454 3217 morietur,
2488 3153 2573 3206 cui
2618 3153 2773 3206 cibus
2810 3152 2920 3208 vita
2958 3154 3086 3209 est?
3122 3154 3405 3221 Quomodo
3449 3153 3582 3208 defi-

1981 3240 2107 3305 ciet,
2138 3240 2229 3310 qui
2261 3241 2509 3296 habuerit
2539 3243 2756 3298 vitalem
2789 3244 3194 3299 substantiam?
3222 3244 3480 3299 Accedite
3509 3245 3578 3298 ad

1977 3347 2121 3397 eum,
2155 3343 2210 3387 et
2233 3335 2526 3400 satiamini,
2555 3335 2678 3406 quia
2714 3337 2866 3406 panis
2896 3347 2978 3392 est
3010 3352 3022 3390 :
3057 3337 3300 3392 accedite
3321 3337 3388 3392 ad
3409 3353 3532 3392 eum
3561 3379 3578 3401 ,

1976 3437 2031 3479 et
2063 3434 2240 3494 potate
2265 3441 2280 3492 ;
2304 3427 2433 3498 quia
2463 3425 2582 3482 fons
2609 3438 2694 3483 est
2725 3445 2740 3482 :
2774 3431 3016 3485 accedite
3056 3431 3121 3485 ad
3155 3447 3278 3486 eum
3308 3474 3323 3498 ,
3350 3441 3405 3486 et
3451 3431 3578 3496 illu-

1975 3517 2290 3584 minamini;
2324 3519 2448 3589 quia
2478 3520 2569 3574 lux
2598 3531 2680 3576 est
2710 3537 2723 3574 :
2752 3524 2995 3578 accedite
3020 3523 3086 3577 ad
3115 3539 3262 3591 eum,
3293 3534 3348 3580 et
3377 3524 3579 3579 libera-

1976 3609 2107 3664 ntini
2133 3628 2145 3676 ;
2178 3611 2299 3678 quia
2330 3611 2414 3666 ubi
2437 3613 2646 3684 spiritus
2666 3612 2896 3682 Domini,
2923 3616 2992 3669 ibi
3023 3615 3229 3670 libertas
3249 3615 3315 3687 (ll
3341 3614 3463 3670 Cor.
3494 3631 3577 3679 Itt,

1977 3703 2065 3774 17)
2102 3722 2114 3756 ;
2141 3704 2384 3760 accedite
2406 3706 2470 3760 ad
2491 3722 2636 3770 eutu,
2667 3718 2720 3762 et
2746 3709 3126 3777 absolvimini;
3161 3710 3285 3779 quia
3320 3709 3577 3763 remissio

1975 3805 2317 3865 peceatorum
2343 3807 2445 3853 est.
2479 3798 2612 3865 Quis
2643 3801 2710 3854 sit
2738 3801 2840 3854 iste
2866 3802 3146 3870 quaeritis?
3166 3799 3365 3854 Audite
3398 3801 3570 3869 ipsum

1973 3888 2244 3943 dicentem
2283 3908 2294 3941 :
2331 3889 2441 3961 Ego
2463 3907 2577 3943 sum
2601 3893 2750 3960 panis
2776 3893 2892 3946 vita:
2917 3909 2933 3945 :
2952 3894 3036 3960 qui
3068 3893 3205 3945 venit
3229 3891 3298 3944 ad
3322 3907 3435 3953 me,
3470 3908 3571 3944 non

1971 3985 2159 4036 esuriet
2187 4000 2204 4036 :
2230 3993 2277 4036 et
2308 3984 2397 4050 qui
2421 3985 2578 4037 credit
2605 3986 2657 4038 in
2679 4000 2760 4040 me
2780 4027 2794 4050 ,
2819 4001 2921 4038 non
2955 3985 3090 4038 sitiet
3123 4000 3364 4054 umquam
3388 3981 3569 4056 (Joau.

1971 4092 2044 4139 vt,
2073 4075 2185 4146 55).
2210 4076 2452 4132 Audistis
2480 4093 2622 4142 eum,
2655 4088 2710 4134 et
2739 4079 2946 4133 vidistis
2977 4095 3099 4134 eum
3122 4122 3137 4145 ,
3169 4089 3222 4134 et
3252 4094 3360 4132 non
3389 4077 3572 4132 credi-

1971 4169 2130 4224 distis
2152 4171 2240 4235 ei;
2284 4171 2407 4226 ideo
2454 4172 2652 4226 mortui
2693 4173 2824 4228 estis
2859 4189 2872 4226 :
2903 4173 2986 4228 vel
3039 4186 3180 4227 nunc
3227 4170 3435 4226 credite
3465 4213 3478 4236 ,
3518 4179 3576 4224 ut

1973 4264 2194 4332 possitis
2222 4264 2422 4320 vivere.

2041 4357 2132 4410 29.
2165 4358 2270 4413 Sed
2295 4359 2565 4414 miramini
2592 4360 2835 4432 Moysen,
2862 4361 2986 4430 quia
3016 4370 3200 4430 patres
3231 4370 3444 4416 vestros
3476 4374 3574 4432 per

1973 4465 2121 4503 mare
2163 4451 2323 4504 siccis
2363 4451 2518 4506 duxit
2555 4454 2820 4522 vestigiis.
2845 4452 3057 4523 Moyses
3099 4468 3207 4506 non
3262 4452 3570 4520 imperavit,

258 4555 453 4614 partus
486 4545 734 4609 laborat,
765 4559 872 4597 non
895 4543 1148 4597 arborum
1183 4543 1406 4598 fructus.
1435 4543 1588 4598 Potui
1617 4560 1738 4600 meo
1761 4561 1865 4601 non
1894 4567 1950 4628 D
1977 4541 2071 4595 sed
2105 4542 2410 4611 impetravit
2439 4561 2450 4596 :
2488 4558 2594 4596 non
2619 4544 2780 4611 jussit
2808 4544 2966 4610 mari,
2996 4543 3088 4597 sed
3115 4543 3339 4596 servivit
3359 4543 3569 4610 jubenti

258 4637 484 4693 ﬂumina
510 4637 832 4708 q'uzerenda,
866 4652 973 4692 non
1007 4639 1182 4690 fontes
1215 4654 1227 4689 :
1255 4635 1502 4692 Christus
1533 4638 1664 4691 mihi
1689 4639 1864 4704 cibus,

258 4729 516 4784 Christus
567 4729 698 4783 mihi
755 4739 914 4798 potus
948 4746 959 4780 :
993 4744 1124 4782 caro
1175 4729 1269 4783 Dei
1313 4730 1466 4782 cibus
1506 4729 1659 4794 mihi,
1685 4738 1742 4785 et
1772 4729 1866 4786 Dei

257 4823 482 4892 sanguis
515 4833 675 4890 potus
706 4831 790 4876 est
829 4821 979 4875 tttilti.
1013 4821 1133 4876 Non
1168 4822 1278 4890 jam
1312 4823 1378 4876 ad
1417 4823 1721 4877 satietatem
1759 4825 1866 4878 mei

261 4933 478 4972 annuos
507 4924 772 4987 eISpecto
818 4928 1114 4986 proventus
1136 4959 1149 4982 ,
1177 4916 1424 4972 Christus
1462 4917 1588 4971 ntilti
1625 4919 1864 4987 quotidie

263 5009 633 5064 ministratur.
661 5007 781 5063 Non
811 5009 1061 5072 verebor,
1089 5023 1155 5063 ne
1180 5025 1284 5077 qua
1317 5008 1446 5063 mihi
1471 5025 1592 5064 eum
1624 5010 1747 5066 (οωιὶ
1780 5011 1865 5065 itt-

261 5102 589 5171 temperies,
621 5108 717 5155 ut
744 5100 1007 5156 sterilitas
1039 5102 1181 5156 ruris
1225 5102 1539 5166 imminuat,
1570 5103 1614 5157 si
1646 5103 1716 5172 pii
1754 5104 1866 5157 cul-

259 5205 350 5249 tus
374 5193 662 5264 diligentia
699 5200 1027 5263 perseveret.
1073 5192 1188 5247 Non
1222 5193 1334 5262 jam
1374 5196 1714 5249 coturnicum
1751 5195 1866 5265 plu.

335 5398 360 5426 ⁸
389 5388 792 5444 Perseverabat
819 5387 995 5440 adhuc
1026 5386 1079 5439 in
1119 5386 1357 5441 Ecclesia
1389 5386 1606 5442 Mediol.
1637 5389 1858 5458 antiqua

267 5460 507 5520 ﬁdelium
543 5458 887 5512 consuetudo
915 5473 1019 5523 qua
1050 5459 1291 5526 quotidie
1329 5473 1495 5514 sacra!
1522 5462 1864 5518 communio-

267 5533 353 5585 nis
389 5531 680 5600 participes
725 5528 845 5582 Iieri
882 5529 1151 5582 solebant.
1196 5529 1331 5582 Ilittc
1381 5531 1430 5583 itt
1474 5530 1566 5584 lib.
1602 5548 1629 5582 ν
1663 5530 1730 5585 tle
1771 5532 1866 5586 Sa-

269 5616 439 5655 cram.
469 5617 590 5668 cap.
618 5602 686 5654 4:
717 5600 916 5672 Accipe
939 5600 1196 5666 quotidie,
1227 5601 1362 5672 qtth
1385 5600 1474 5653 tibi
1499 5601 1728 5669 quotidie
1750 5621 1869 5672 pro-

265 5673 365 5736 sit.
388 5685 497 5728 etc.
541 5673 650 5727 Sed
686 5683 872 5726 muttet
906 5670 1048 5724 idem
1085 5681 1272 5725 auctor
1293 5670 1510 5726 Graecos
1553 5684 1661 5725 tum
1699 5670 1870 5728 semel

270 5745 325 5802 itt
355 5759 501 5811 anno
533 5742 888 5811 Euchariston
919 5743 1302 5804 communione
1335 5751 1638 5802 contentos.
1669 5745 1724 5799 In
1755 5745 1870 5824 ple-

1975 4632 2250 4688 fluctibus.
2285 4633 2505 4704 Moysen
2535 4634 2765 4687 laudatis
2785 4674 2798 4697 ,
2825 4636 2948 4703 quia
2979 4648 3162 4703 regem
3195 4633 3408 4686 Pharao
3444 4650 3566 4686 cum

1974 4727 2212 4780 exercitu
2243 4741 2342 4779 suo
2392 4727 2618 4780 mersit:
2650 4726 2860 4796 Moyses
2916 4726 3137 4792 orabat,
3176 4737 3229 4780 et
3266 4727 3405 4780 alius
3467 4728 3572 4778 im-

1975 4819 2217 4888 perabal.
2267 4820 2478 4890 Moyses
2524 4821 2842 4888 precabatur
2871 4862 2884 4884 ,
2925 4821 3170 4874 Christus
3217 4821 3568 4890 operabatur.

1973 4912 2186 4984 Moyses
2210 4912 2444 4982 fugiebat
2470 4954 2482 4976 ,
2507 4909 2756 4966 Christus
2785 4913 3189 4981 insequebatur.
3237 4914 3451 4983 Moyses
3481 4927 3573 4967 co-

1972 5010 2210 5064 lumnam
2247 5008 2610 5078 sequebatur,
2642 5015 2694 5059 ut
2720 5014 3016 5060 nocturnas
3045 5005 3299 5060 tenebras
3331 5006 3573 5060 declina-

1971 5113 2094 5158 ret:
2133 5099 2386 5156 Christus
2426 5098 2782 5153 illttmittabat.
2824 5099 3041 5168 Moysen
3084 5098 3413 5167 agnoscitis,
3445 5099 3572 5166 quia

1973 5210 2127 5264 aqua:
2151 5193 2567 5249 amaritudinem
2601 5193 2946 5263 temperavit.
2988 5191 3207 5262 Moysen
3237 5191 3530 5262 agnoscitis
3556 5233 3572 5257 ,

1969 5391 2152 5460 risque
2174 5405 2308 5445 vero
2325 5389 2634 5444 Occidentis
2660 5391 2920 5445 Ecelesiis
2942 5405 3058 5445 mos
3078 5389 3410 5458 quotidiana:
3427 5404 3574 5443 com-

1973 5459 2242 5518 munionis
2276 5462 2326 5515 in
2357 5461 2768 5532 desuetudinem
2799 5462 3040 5525 abierat,
3073 5459 3212 5515 adeo
3239 5471 3296 5514 ut
3328 5460 3570 5532 episcopi

1971 5534 2170 5602 aliique
2209 5533 2485 5587 doctiores
2509 5531 2607 5585 viri
2637 5549 2756 5587 eum
2801 5548 2901 5587 nec
2943 5532 3435 5602 reprehenderent,
3468 5531 3568 5588 nec

1973 5605 2275 5658 laudarent.
2323 5604 2544 5658 Hieron.
2588 5604 2746 5674 epist.
2786 5604 2855 5660 50
2896 5604 2960 5660 ad
3005 5603 3342 5669 Pammach.,
3374 5613 3425 5659 ct
3455 5606 3568 5660 Au-

1973 5685 2114 5746 gust.
2147 5677 2310 5746 epist.
2340 5675 2406 5729 ad
2432 5674 2650 5730 Ianuar.
