3948 6340
394 279 532 334 1465

1720 261 1966 319 SANCTI
2003 257 2324 317 AMBROSII

2109 12 2156 26 '1-
2179 14 2450 29 -I-¢——'3.____
2477 28 2488 29 γ
2525 28 2534 29 7

3555 243 3694 300 1-164

386 393 513 464 quia
541 406 736 463 aquam
761 389 1016 462 produxit
1044 387 1112 442 de
1146 393 1296 454 petra
1329 400 1344 438 :
1372 381 1651 437 Christum
1682 393 1789 434 non
1822 392 1991 448 agno—
2016 376 2070 434 Α
2101 375 2396 431 arbitratus
2441 386 2565 428 esse
2593 387 2653 426 se
2684 371 2950 442 aequalem
2977 369 3090 424 Deo
3111 411 3126 434 ,
3161 367 3387 422 formam
3423 362 3567 419 servi
3594 361 3696 417 sibi

393 487 565 551 scitis,
595 485 688 556 qui
708 487 821 540 veri
847 483 987 538 illius
1015 477 1250 550 rEgyptii
1282 474 1426 546 regis
1454 474 1647 528 stravit
1667 471 1994 535 exercitum,

397 587 453 634 et
483 578 666 650 abyssi
698 576 885 632 mersit
921 569 1191 643 profundo
1223 587 1235 622 :
1266 568 1357 638 qui
1388 581 1489 622 nos
1525 565 1718 620 liberat
1754 560 1999 634 quotidie

397 674 467 729 de
506 672 690 728 mundi
723 670 876 739 hujus
917 665 1208 727 fluetibus;
1239 676 1308 716 ne
1336 675 1434 714 nos
1459 657 1641 713 saeculi
1671 655 1834 725 hujus
1870 669 2000 725 pro-

399 765 541 821 cella
575 763 876 831 demergat.
920 757 1058 826 Quid
1109 753 1307 825 profuit
1346 750 1591 822 patribus
1635 748 1870 803 transire
1909 763 2005 816 per

404 871 554 910 mare
585 855 849 915 Rubrum,
879 849 1075 918 quibus
1101 846 1167 901 ad
1199 855 1396 900 terram
1427 837 1866 912 repromissionis
1898 851 2004 891 non

401 949 558 1004 licuit
619 942 962 1016 pervenire?
1015 940 1356 1007 Quicumque
1414 936 1558 990 enim
1629 933 1883 987 exierunt
1938 927 2008 983 de

407 1042 644 1110 Egypto
668 1081 681 1105 ,
717 1039 995 1109 perierunt
1035 1035 1086 1090 in
1137 1034 1378 1088 deserto.
1419 1029 1661 1084 Mortuus
1690 1034 1774 1081 est
1794 1025 2006 1091 Aaron,

406 1145 620 1190 mortua
661 1143 745 1187 est
783 1131 945 1184 Maria
970 1172 984 1194 ,
1010 1135 1259 1182 mortuus
1290 1132 1372 1178 est
1399 1131 1454 1177 et
1484 1122 1600 1190 ipse
1631 1119 1844 1189 Moyses
1878 1135 1891 1169 :
1925 1132 2014 1171 so-

409 1229 519 1283 lum
561 1226 744 1282 Jcsum
788 1224 936 1280 Nave
967 1221 1200 1277 nominis
1231 1218 1371 1272 sacri
1403 1212 1707 1270 similitudo
1749 1209 2009 1265 servavit.

414 1319 643 1375 Plaudat
691 1318 946 1381 inda-us;
994 1315 1118 1386 quia
1155 1312 1359 1368 sitienti
1397 1308 1474 1363 illi
1525 1305 1720 1360 undam
1763 1317 1892 1357 saxa
1922 1316 2016 1356 v0-

416 1421 708 1468 muerunt:
742 1412 872 1466 mihi
897 1410 962 1464 de
1003 1421 1234 1476 corpore
1274 1402 1369 1458 Dei
1393 1401 1514 1456 fons
1545 1398 1700 1474 ﬂuxit
1726 1405 1963 1451 aeternus
2000 1410 2013 1447 :

417 1523 566 1563 meas
597 1506 990 1561 amaritudiues
1034 1503 1172 1557 bibit
1203 1496 1493 1563 Christus;
1517 1503 1578 1548 ut
1605 1490 1735 1546 mihi
1765 1504 1881 1544 suae
1921 1486 2020 1541 do-

415 1613 571 1658 naret
593 1601 781 1672 gratia:
813 1599 1159 1654 suavitatem.

489 1739 578 1794 30.
601 1737 736 1791 Dicit
763 1751 890 1805 ergo
919 1733 1150 1803 populus
1170 1728 1513 1784 Christianus
1535 1742 1547 1777 :
1568 1722 1784 1777 Iuvenis
1811 1715 2024 1791 1204

2101 467 2406 535 accipiens,
2440 475 2494 520 et
2535 463 2716 533 specie
2763 464 3015 516 inventus
3061 467 3120 514 ut
3161 459 3322 514 homo
3357 475 3370 510 :
3401 455 3702 511 humiliavit

2103 559 2453 629 semetipsum
2479 598 2495 623 ,
2531 555 2704 612 factus
2725 553 2986 610 obediens
3015 566 3185 622 usque
3215 549 3280 605 ad
3304 559 3556 603 mortem.
3585 546 3699 602 Non

2105 658 2158 705 te
2211 657 2444 715 moveat,
2473 648 2598 716 quia
2645 647 2906 714 scriptum
2953 652 3059 706 est,
3092 653 3148 696 ut
3189 641 3374 706 homo;
3407 655 3514 693 non
3559 637 3700 693 cnim

2108 740 2517 797 similitudinem
2547 739 2789 808 suscepit
2813 737 3049 793 hominis
3069 766 3093 799 ,-
3115 734 3210 790 sed
3235 734 3536 789 veritatem.
3572 729 3702 785 Nam

2109 842 2162 888 et
2189 834 2305 903 ipse
2337 831 2629 902 Apostolus
2651 833 2725 886 ait
2758 831 2882 887 alibi
2920 851 2930 884 :
2966 829 3224 884 Mediator
3256 825 3354 882 Dei
3374 839 3420 881 et
3440 826 3702 880 hominum

2112 925 2263 978 homo
2287 922 2521 977 Christus
2545 922 2700 976 Jesus
2723 921 2766 994 (l
2800 920 2934 975 Tim.
2970 920 3132 991 1|,5).
3167 920 3230 974 Et
3267 929 3323 972 ιιι
3351 919 3416 972 de
3466 917 3707 986 Evange—

2112 1020 2189 1074 lio
2219 1017 2516 1074 aderamus
2543 1016 2856 1087 exemplum
2890 1035 2902 1070 :
2944 1014 3203 1080 Vidimus,
3239 1013 3410 1080 inquit
3433 1011 3669 1067 Joannes
3695 1054 3707 1073 ,

2114 1111 2334 1181 gloriam
2360 1112 2492 1180 ejus,
2521 1109 2744 1179 gloriam
2768 1108 2919 1177 quasi
2945 1107 3197 1177 unigeniti
3223 1124 3254 1159 a
3282 1104 3442 1158 Patre
3462 1145 3477 1168 ,
3507 1105 3710 1176 plenum

2115 1201 2298 1270 gratia:
2321 1209 2369 1254 et
2405 1199 2633 1254 veritatis
2656 1197 2832 1267 (Joan.
2855 1215 2893 1262 ι,
2933 1198 3043 1268 14).
3075 1196 3347 1269 Numquid
3376 1197 3501 1266 quia
3532 1195 3665 1251 dixit
3693 1236 3708 1260 ,

2117 1293 2266 1362 quasi
2292 1293 2573 1364 unigeniti;
2595 1292 3008 1346 similitudinem
3038 1292 3208 1362 magis
3239 1290 3530 1361 unigeniti,
3559 1305 3712 1361 quam

2119 1385 2400 1442 veritatem
2431 1387 2599 1440 voluit
2633 1385 2930 1441 aestimari?

2191 1477 2280 1532 35.
2309 1476 2424 1531 Non
2466 1493 2598 1548 ergo
2639 1491 2979 1548 supervacuo
3020 1475 3268 1532 Christus
3313 1475 3556 1532 advenit.
3601 1475 3713 1531 lam

2125 1578 2304 1639 potest
2333 1569 2518 1625 dicere
2559 1569 2757 1624 homo:
2787 1569 3004 1624 Juvenis
3033 1586 3127 1636 ego
3155 1586 3270 1624 sum
3290 1609 3305 1634 ,
3331 1580 3377 1624 et
3418 1570 3714 1640 despectus;

2127 1663 2216 1731 qui
2247 1669 2509 1737 eratante
2535 1662 2587 1715 in
2614 1663 2814 1731 p0pulo
2843 1663 3022 1734 priore
3043 1678 3211 1717 senex
3239 1662 3528 1732 superbus.
3551 1661 3715 1716 Dicit:

2126 1751 2338 1808 Juvenis
2379 1770 2494 1806 sum
2537 1762 2585 1807 et
2620 1754 2908 1825 despectus,
2950 1754 3223 1824 quomodo
3271 1753 3405 1810 dicit
3448 1754 3716 1808 Ecclesia:

421 1849 514 1904 ε’90
560 1847 693 1894 sum,
724 1839 769 1881 σε
815 1827 1085 1919 “speci”
1128 1839 1146 1877 ε
1179 1819 1579 1919 ἀαμδξίβεῧίίοηθξ
1620 1825 1733 1919 ξξίαδ
1769 1828 1872 1919 mf"
1908 1825 2021 1914 81f"!
2055 1815 2101 1874 Β
2135 1843 2304 1917 Nigra
2326 1862 2462 1910 sum,
2494 1856 2543 1900 et
2567 1815 2752 1901 decora
2783 1815 3021 1918 (Cant.'t,
3055 1847 3134 1919 4).
3170 1848 3437 1902 Pranuisit
3476 1847 3675 1918 nigram
3701 1889 3715 1915 ,

422 1925 628 1978 oblitus.
666 1922 810 1976 Bene
839 1920 942 1974 hoc
977 1918 1130 1978 dicit.
1165 1915 1253 1984 qui
1275 1910 1592 1981 justilicavit
1626 1909 1791 1962 Deum
1823 1904 2026 1972 haptis-

424 2019 582 2069 matis
635 2011 1009 2068 sacramentis.
1065 2009 1165 2075 Qui
1215 2007 1359 2062 enim
1411 2003 1737 2074 baptizatur,
1764 1997 2028 2069 justiticat

425 2107 632 2170 Deum;
665 2107 788 2175 quia
820 2111 1036 2172 peccata
1075 2100 1290 2170 prepria
1323 2097 1632 2158 confitetur,
1660 2101 1714 2148 et
1739 2107 1768 2145 a
1802 2090 2029 2144 Domino

427 2217 646 2256 suorum
672 2207 697 2234 ιι
724 2195 1062 2267 przvstolatur
1090 2191 1482 2261 indulgentiam
1511 2195 1878 2257 peceatorum.
1938 2181 2033 2236 .lu-

425 2292 681 2350 stilicavit
707 2289 896 2353 David,
926 2289 1016 2358 qui
1047 2288 1122 2341 ait
1155 2301 1173 2339 :
1202 2283 1318 2338 Tibi
1359 2283 1456 2336 soli
1495 2280 1728 2351 peccavi,
1760 2285 1808 2330 et
1837 2275 2031 2329 malum

429 2403 604 2440 coram
625 2397 671 2437 te
688 2383 786 2452 feci
805 2399 822 2440 :
845 2390 900 2434 ut
917 2378 1226 2448 justiﬁceris
1246 2379 1297 2430 in
1315 2372 1637 2430 sermonibus
1657 2371 1758 2424 tuis
1778 2367 1951 2440 (l’sal.
1972 2383 2029 2431 L,

435 2479 512 2550 6).
544 2477 660 2532 Non
681 2475 1113 2545 jttstiiicaverunt
1139 2469 1427 2541 pharismi,
1461 2466 1549 2536 qui
1581 2462 1846 2533 baptizari
1872 2461 2037 2516 Joan-

434 2570 522 2626 nis
595 2569 862 2636 baptismo
910 2567 1233 2626 noluerunt,
1291 2569 1350 2614 ut
1399 2559 1452 2613 in
1511 2554 1807 2625 Evangelio
1864 2550 2037 2622 legisti

433 2659 591 2730 (Luc.
630 2674 725 2725 vn,
771 2657 887 2727 50).
937 2653 1046 2709 Nec
1094 2652 1275 2708 solum
1305 2648 1602 2720 justificare
1634 2645 1763 2699 satis
1786 2651 1907 2708 est,
1946 2639 2040 2695 sed

437 2753 604 2806 etiam
649 2766 754 2804 non
799 2746 1048 2802 oblivisci
1091 2741 1537 2814 justiﬁcationum
1589 2737 1720 2803 Dei,
1751 2735 1803 2790 id
1832 2745 1953 2799 est,
1984 2741 2042 2786 ut

437 2847 755 2898 intemerata
807 2841 995 2912 gratia:
1039 2837 1297 2907 spiritalis
1345 2835 1486 2888 dona
1527 2830 1831 2892 custodiat,
1860 2835 1915 2881 et
1955 2839 2044 2879 sa-

442 2949 550 2990 crze
573 2932 910 2989 remissionis
938 2943 1164 2984 munera
1191 2927 1397 2982 illibata
1424 2934 1586 2996 atque
1616 2920 1879 2977 inoll'ensa
1909 2931 2041 2972 con-

446 3034 652 3083 servet.

519 3143 610 3196 51.
659 3140 784 3194 Haec
819 3137 1095 3209 generalia
1127 3155 1138 3189 :
1168 3135 1263 3191 sed
1310 3134 1470 3190 etiam
1520 3128 1777 3200 specialis
1821 3121 2048 3193 singulis

2135 1947 2189 1991 ttt
2219 1947 2439 2006 augeret
2460 1939 2732 1993 decorem.
2766 1938 2855 1994 Sic
2879 1950 2933 1994 et
2961 1938 3047 1994 hic
3071 1940 3333 2009 prmmisit
3357 1941 3634 2009 juvenem,
3668 1949 3721 1993 ut

2133 2040 2356 2102 augeret
2383 2030 2764 2087 humilitatem.
2801 2032 2917 2087 Non
2950 2031 3122 2086 dixit:
3159 2031 3368 2104 1205
3415 2031 3577 2103 Nigra
3612 2049 3720 2086 sum

2133 2123 2363 2188 decora;
2397 2139 2464 2178 ne
2493 2123 2636 2193 quod
2672 2123 2882 2194 nigrum
2919 2133 3026 2188 est,
3056 2123 3314 2178 decorum
3346 2125 3720 2178 aestimaretur.

2127 2204 2246 2271 'Nec
2272 2215 2407 2269 dixit
2436 2231 2448 2267 :
2482 2214 2710 2270 Juveuis
2741 2231 2860 2271 sum
2889 2216 3211 2285 despectus;
3241 2230 3310 2271 ne
3330 2215 3589 2286 juventus
3637 2214 3724 2270 (lc-

2137 2308 2418 2378 spicabilis
2444 2318 2763 2377 putaretur;
2789 2309 2886 2365 sed
2917 2310 3012 2374 ait,
3044 2307 3278 2374 Juvenis,
3307 2319 3362 2363 et
3388 2309 3534 2379 quod
3578 2307 3726 2363 mire-

2139 2401 2215 2455 ris
2237 2443 2251 2467 ,
2284 2401 2505 2456 humilis
2528 2442 2544 2466 ,
2578 2417 2683 2456 non
2723 2401 3019 2471 superbus,
3061 2401 3272 2471 dejecto
3316 2401 3540 2471 proliior
3577 2416 3724 2470 quam

2142 2493 2394 2547 tumenti.
2427 2493 2519 2548 Sic
2561 2502 2614 2547 et
2655 2492 2770 2548 ibi:
2804 2493 2962 2564 Nigra
3005 2508 3124 2548 sum
3151 2493 3435 2562 superiore
3484 2500 3723 2562 peccato,

2143 2585 2240 2642 sed
2281 2586 2476 2642 decora
2519 2585 2865 2642 confessione
2891 2587 3093 2655 peccati
3119 2627 3132 2650 ,
3161 2595 3219 2640 et
3248 2583 3603 2640 correctionis
3627 2594 3731 2638 stu-

2145 2677 2258 2744 dio,
2289 2687 2451 2748 atque
2475 2693 2662 2734 amore
2692 2679 2924 2734 virtutis.
2958 2679 3217 2746 Quamvis
3249 2693 3378 2748 ergo
3413 2686 3469 2732 et
3499 2675 3728 2748 syllaba,

2147 2779 2204 2824 ut
2243 2771 2581 2840 grammatici
2624 2769 2928 2841 appellant,
2955 2769 3302 2840 conjunctiva
3333 2769 3443 2834 sit;
3475 2769 3631 2823 habet
3658 2778 3730 2821 ta-

2148 2877 2272 2916 men
2297 2861 2702 2917 distinctionem
2735 2878 2839 2932 qua
2867 2861 3119 2918 confusio
3147 2861 3475 2932 disjungitur
3505 2876 3566 2916 ac
3587 2874 3733 2930 sepa-

2149 2967 2341 3013 ratur:
2370 2969 2428 3013 ut
2470 2958 2514 3012 si
2561 2957 2710 3014 dicas
2735 2957 3083 3013 Ambrosium
3135 2957 3361 3011 Bassqu
3411 2956 3555 3010 intus
3601 2967 3730 3019 esse.

2153 3066 2291 3105 unus
2351 3060 2573 3120 putatur
2605 3070 2618 3106 :
2647 3052 2729 3106 sin
2778 3060 2959 3107 autem
3009 3066 3228 3107 asseras
3285 3049 3633 3105 Ambrosium
3687 3055 3735 3101 et

2152 3141 2379 3197 Bassum
2409 3143 2552 3197 intus
2577 3157 2719 3208 esse,
2753 3143 2859 3198 duo
2891 3143 3076 3213 utique
3099 3143 3497 3213 intelliguntur.

449 3235 774 3292 Christianis
814 3232 1053 3303 suppetit
1117 3227 1475 3301 praerogativa
1520 3222 1740 3278 dicendi
1782 3216 2048 3274 :Juvenis
2077 3204 2124 3268 C
2224 3237 2313 3291 δι’
2366 3237 2515 3292 Dicm
2558 3204 2732 3308 cum,
2763 3204 3162 3304 Juvenis'wm’
3193 3246 3238 3290 et
3275 3204 3582 3307 gemeam;
3624 3234 3733 3304 quia

451 3344 543 3397 ego
572 3343 716 3391 sum;
747 3335 792 3379 et
823 3324 1128 3396 despectus;
1151 3322 1196 3375 si
1236 3319 1455 3375 humilis
1481 3316 1647 3370 corde
1687 3315 1786 3379 sit,
1814 3311 1862 3366 si
1903 3308 2049 3364 milis

449 3431 613 3487 atque
658 3428 996 3472 mansuetus.
1045 3416 1200 3468 Dicat
1227 3427 1356 3483 ergo
1389 3428 1401 3463 :
1443 3408 1659 3462 Iuvenis
1697 3420 1790 3478 ego
1821 3419 1938 3456 sum
1959 3443 1974 3466 ,
2003 3409 2050 3454 et

453 3514 737 3582 despectus.
792 3510 1087 3564 Praemittat
1135 3506 1312 3563 aetatis
1351 3503 1660 3577 generalem
1695 3498 2049 3571 jactantiam,

455 3621 564 3676 quo
600 3607 722 3674 plus
763 3602 1108 3658 commendet
1143 3599 1462 3654 humilitatis
1500 3610 1615 3652 sua:
1654 3593 1902 3666 gratiam.
1934 3589 2050 3645 Non

381 3727 386 3730 -
459 3697 724 3752 mirabilis
769 3695 1046 3750 humilitas
1095 3694 1148 3748 in
1193 3698 1512 3757 senectute,
1567 3703 1687 3758 qure
1730 3684 1888 3740 elfeta
1925 3683 2056 3737 viri-

459 3791 596 3857 bus,
630 3789 797 3844 fracta
843 3787 1216 3843 debilitatihus
1247 3827 1262 3851 ,
1299 3784 1469 3838 tristis
1513 3779 1792 3837 doloribus
1814 3820 1828 3842 ,
1859 3775 2056 3830 anhela

459 3884 742 3952 snspiriis,
788 3891 940 3938 cocta
991 3896 1245 3935 curarum
1300 3878 1555 3942 :eSIibus,
1599 3884 1655 3930 et
1699 3876 1815 3944 ipso
1842 3869 2056 3926 vivendi

459 3987 652 4033 moesta
678 3975 909 4040 fastidio,
929 3973 1268 4029 alacritatem
1288 3981 1370 4027 est
1398 3970 1560 4024 oblita
1589 3966 1886 4038 jactantitc.
1915 3962 2058 4016 Rara

460 4083 594 4123 sane
637 4068 690 4122 in
730 4065 1021 4136 juvenibus
1053 4074 1136 4119 est
1176 4061 1747 4130 humilitas,idcoqne
1789 4055 2057 4111 miranda.

462 4158 603 4212 Dum
651 4167 784 4211 retas
836 4156 1015 4225 viget,
1055 4155 1181 4208 dum
1217 4157 1359 4209 vires
1413 4153 1636 4218 solidze,
1667 4153 1795 4207 dum
1841 4148 2061 4219 sanguis

461 4257 731 4303 exmstuat
755 4289 768 4314 ,
802 4247 928 4300 dum
967 4245 1279 4299 sollicitudo
1323 4245 1595 4310 nescitur,
1627 4244 1754 4298 dum
1783 4245 2062 4313 ignoratur

465 4339 739 4399 debilitas.
773 4338 897 4392 dum
923 4338 1106 4391 lmtitia
1133 4337 1505 4410 frequentatur
1538 4352 1552 4390 :
1590 4344 1718 4389 tunc
1748 4336 1919 4389 fervet
1950 4334 2060 4403 jac-

462 4432 633 4486 tantia
670 4449 681 4484 :
718 4439 844 4485 tunc
870 4445 930 4484 se
956 4429 1260 4496 juventutis
1282 4428 1548 4497 superbus
1571 4426 1783 4480 extollit
1803 4424 2059 4480 allectus:

462 4536 595 4582 tunc
636 4526 916 4580 humilitas
942 4524 1096 4595 quasi
1123 4523 1362 4587 vilescit,
1396 4520 1608 4590 abjecta
1649 4518 2013 4574 contemnitur
2048 4537 2058 4571 :

464 4630 594 4676 tunc
619 4619 888 4689 subjectio
913 4619 1196 4689 degeneris
1219 4615 1569 4672 conscientiae
1591 4615 1894 4668 aestimatur
1915 4612 2063 4664 infir-

465 4713 650 4768 mitas.
693 4710 929 4766 Grandis
963 4711 1124 4780 igitur
1157 4725 1370 4764 morum
1399 4705 1806 4762 assuefacienda
1839 4704 2063 4759 maturi-

467 4817 575 4874 tas,
604 4821 722 4877 qure
751 4806 930 4860 vincat
961 4813 1234 4858 naturam.

540 4921 631 4975 3‘2.
670 4918 914 4990 Denique
943 4919 984 4973 si
1018 4917 1470 4983 consideremus,
1493 4916 1545 4971 in
1579 4915 1828 4986 paradiso
1865 4915 2066 4971 defecit

467 5014 773 5079 humilitas;
808 5023 862 5066 ct
887 5013 1008 5066 ideo
1039 5011 1188 5065 venit
1215 5027 1245 5066 e
1274 5012 1436 5067 creto.
1469 5009 1523 5064 ln
1555 5008 1808 5080 paradiso
1832 5017 1948 5062 orta
1981 5021 2064 5063 ρει

464 5106 867 5168 inobedientia;
895 5114 951 5158 et
986 5103 1112 5158 ideo
1147 5103 1457 5158 obcdicntia
1509 5118 1630 5156 cum
1655 5101 1940 5158 Salvature
1965 5100 2061 5156 dc-

469 5197 703 5253 scendit.
736 5196 1030 5251 lnllabatur
1054 5211 1205 5263 caro,
1234 5195 1374 5250 unde
1403 5195 1669 5265 subjectio
1701 5195 2071 5252 mansuetudi-

466 5289 553 5343 nis
599 5288 824 5342 iuveniri
859 5303 964 5342 non
1007 5297 1217 5356 peterat
1257 5289 1309 5341 in
1353 5289 1536 5343 terris.
1579 5287 1917 5343 lntttmuerat
1944 5303 2063 5343 om-

469 5379 551 5432 nis
573 5381 1008 5448 praevaricatoris
1033 5379 1346 5435 haereditas.
1375 5379 1607 5436 Veniens
1629 5381 1888 5436 Dominus
1908 5381 2067 5437 Jesus

465 5470 700 5540 primum
737 5487 798 5528 se
834 5472 1130 5528 exinanivit
1156 5471 1382 5545 (Philip.
1416 5473 1644 5545 11,6-8),
1671 5491 1778 5530 non
1822 5479 2063 5547 rapinam

540 5687 565 5710 η
583 5675 715 5729 Cod.
751 5675 974 5749 Lasttet
999 5674 1365 5749 Navar.unus
1385 5715 1407 5749 ,_
1436 5686 1711 5746 prmatatur
1735 5676 2061 5749 indulgentia

466 5757 808 5812 peccatorum.
832 5746 940 5799 Alii
973 5761 1094 5800 cum
1129 5747 1260 5800 edit.
1306 5756 1363 5801 ιιι
1397 5747 1450 5802 in
1483 5756 1712 5820 Corpore
1735 5789 1747 5813 ,
1779 5746 2058 5819 nisi'quod

2149 3329 2397 3386 Christus
2431 3330 2487 3385 in
2521 3347 2758 3403 paupere
2794 3341 2955 3402 atque
2996 3331 3253 3401 deSpecto
3296 3329 3556 3384 mundum
3598 3326 3739 3382 rede-

2153 3426 2274 3492 mit,
2305 3425 2428 3494 quia
2466 3424 2716 3478 Christus
2748 3423 3049 3477 humilitate
3079 3421 3356 3478 diabolum
3385 3420 3536 3476 vicit.
3569 3418 3734 3482 Dicat;

2155 3515 2436 3587 Despectus
2461 3535 2600 3584 sum;
2618 3519 2742 3588 quia
2767 3517 3217 3572 corbumiliatum
3238 3515 3380 3570 Deus
3406 3513 3737 3585 nonspcrnit;

2155 3612 2279 3681 quia
2309 3610 2597 3680 despectus
2630 3611 2721 3666 ille
2747 3611 2983 3666 Lazarus
3010 3609 3061 3664 in
3105 3607 3337 3664 Abrahae
3366 3621 3513 3663 nunc
3540 3605 3735 3676 requie-

2157 3705 2262 3760 scit
2299 3704 2451 3770 sinu,
2484 3711 2539 3758 et
2580 3703 2730 3758 dives
2762 3704 2850 3758 ille
2885 3702 3178 3772 jactautior
3205 3701 3466 3771 affl'gitur
3497 3702 3548 3755 in
3579 3697 3732 3754 infer-

2160 3811 2249 3850 no.
2283 3796 2580 3866 Despectus
2607 3805 2723 3848 erat
2754 3793 2989 3866 Moyses,
3020 3809 3119 3849 nec
3145 3793 3248 3849 sibi
3279 3793 3508 3849 idoneus
3535 3791 3741 3846 videba-

2163 3899 2269 3953 tur,
2301 3903 2422 3944 cum
2455 3887 2521 3941 ad
2552 3886 2888 3942 liberandum
2934 3885 3292 3942 Hebraeorum
3340 3887 3595 3957 populum
3637 3883 3742 3939 mit-

2165 3989 2394 4036 teretur.
2457 3980 2756 4051 Despectus
2811 3989 2929 4035 erat
2979 3979 3300 4044 Hieremias,
3368 3980 3460 4049 qui
3524 3976 3739 4032 dicebat:

2167 4072 2471 4129 Dominator
2497 4071 2739 4137 Domine,
2767 4089 2881 4126 ecce
2902 4071 3072 4125 nescio
3094 4070 3255 4141 loqui;
3278 4071 3399 4142 quia
3412 4070 3614 4143 juvenis
3637 4082 3739 4120 sum

2164 4185 2254 4239 ego
2287 4166 2503 4241 (Jerem.
2538 4169 2660 4240 1,6).
2686 4167 2792 4223 Sed
2828 4167 3038 4221 facilius
3069 4166 3169 4221 iste
3209 4166 3496 4236 deSpectus
3517 4164 3734 4233 eligitur.

2165 4263 2406 4333 Denique
2431 4262 2629 4317 dicitur
2647 4262 2696 4316 ei
2729 4280 2741 4314 :
2777 4258 2905 4315 Noli
2930 4259 3098 4314 dicere
3125 4260 3244 4330 quia
3260 4260 3468 4329 juvenis
3498 4273 3610 4311 sum
3633 4269 3736 4327 ego:

2162 4357 2282 4424 quia
2308 4357 2374 4408 ad
2395 4372 2567 4409 omnes
2595 4357 2662 4408 ad
2688 4369 3029 4424 quoscumque
3051 4352 3236 4405 misero
3267 4361 3334 4419 te,
3363 4349 3525 4404 abibis
3543 4365 3562 4402 :
3590 4358 3633 4402 et
3659 4361 3739 4416 per

2167 4452 2359 4519 omnia,
2409 4467 2741 4521 quwcumgue
2771 4450 3082 4502 mandavero
3111 4446 3220 4512 tibi,
3275 4445 3518 4514 loqueris.
3553 4440 3635 4496 Ne
3687 4440 3742 4493 li-

2092 4583 2144 4642 D
2168 4563 2307 4601 meas
2333 4562 2363 4598 a
2394 4545 2526 4614 facie
2552 4560 2758 4608 eorum;
2787 4544 2908 4611 quia
2935 4557 3026 4612 ego
3053 4549 3216 4594 (ecum
3243 4554 3376 4602 sum,
3421 4538 3545 4591 dicit
3573 4533 3742 4588 Domi-

2171 4658 2286 4705 nus,
2318 4649 2370 4692 ut
2398 4639 2604 4694 liberem
2647 4648 2694 4692 te
2719 4635 2947 4710 (Ibid.,7
2978 4645 3021 4688 et
3049 4634 3125 4704 8).
3179 4634 3478 4702 Despectus
3520 4637 3634 4683 erat
3659 4625 3743 4680 ille

2171 4731 2528 4796 Publicanus,
2560 4731 2651 4800 qui
2680 4728 2867 4783 oculos
2893 4726 2960 4781 ad
2993 4727 3188 4782 cmlum
3220 4740 3326 4780 non
3355 4722 3588 4778 audebat
3611 4721 3742 4774 leva-

2171 4840 2230 4879 re
2265 4841 2277 4877 :
2312 4835 2365 4879 et
2396 4823 2519 4878 ideo
2551 4821 2763 4876 facilius
2807 4835 2968 4891 quam
3000 4820 3091 4874 ille
3110 4818 3415 4873 Pharisaeus
3439 4811 3748 4870 exaudieba-

2171 4928 2293 4972 tur:
2325 4915 2505 4971 Omnis
2535 4915 2677 4970 enim
2709 4915 2797 4986 qui
2843 4931 2898 4967 se
2937 4915 3151 4979 exaltat,
3181 4909 3558 4971 Itumiliabilur;
3586 4913 3632 4959 et
3668 4903 3746 4972 qui

2171 5025 2223 5063 sa
2251 5009 2614 5069 Iunniliaveril,
2647 5005 2952 5061 exaltabitur
2983 5003 3133 5074 (Luc.
3169 5019 3322 5068 xvnt,
3352 5004 3467 5070 14).

2246 5102 2334 5157 '55.
2372 5100 2553 5173 (Vers.
2586 5098 2737 5170 M‘Z.)
2765 5098 3018 5168 Sequitur
3054 5113 3067 5149 :
3099 5094 3314 5150 Iustitia
3345 5105 3451 5162 tua,
3474 5092 3680 5167 justitia
3701 5087 3746 5140 in

2171 5205 2520 5251 a'ternum:et
2547 5195 2629 5249 lea:
2659 5203 2744 5247 tua
2776 5192 2980 5246 ueritas.
3028 5190 3263 5245 Possunt
3303 5187 3520 5258 quidem
3569 5179 3745 5252 singuli

2170 5290 2348 5344 facere
2369 5303 2532 5356 opera
2562 5285 2806 5355 justitite,
2833 5283 2927 5339 sed
2956 5299 3061 5338 non
3098 5283 3148 5336 in
3179 5290 3438 5336 :eternum
3469 5273 3743 5333 manentia.

2171 5380 2334 5435 Dives
2363 5381 2456 5434 ille
2481 5379 2566 5434 cui
2593 5378 3007 5433 abundaverunt
3042 5374 3248 5430 divitia:
3299 5375 3352 5428 in
3385 5372 3488 5427 hoc
3535 5365 3742 5430 sar-culo,

2171 5478 2401 5532 fortasse
2426 5473 2616 5529 fecerit
2642 5471 2822 5542 aliqua
2869 5485 3036 5541 opera
3063 5467 3545 5539 ⁴ἱυς»ιίιίιιδμιιιοινιιιιι
3579 5473 3743 5518 remu-

2166 5675 2286 5729 loco
2317 5669 2488 5736 verbi,
2511 5673 2857 5740 priestolatur,
2884 5666 3016 5726 mss.
3045 5671 3254 5740 aliquOt
3289 5669 3522 5734 habent,
3552 5671 3743 5735 sperat.

2164 5745 2310 5816 quod
2340 5744 2642 5816 significatu
2675 5760 2782 5798 non
2809 5754 2891 5798 est
2921 5741 3220 5797 diversum.
