3948 6324
208 289 234 344 1
253 290 361 345 ιισδ

1286 345 1299 352 -
1326 298 1392 354 ΙΝ
1432 299 1755 357 PSALMUM
1792 299 2006 358 CXVIII
2047 300 2430 359 EXPOSITIO.

3388 314 3527 370 “66

213 406 567 462 nerationem
600 407 655 462 in
689 410 948 479 praesenti
976 410 1082 465 vita
1126 423 1152 451 ιι
1191 413 1500 482 acceperit;
1530 413 1674 484 quod
1708 429 1778 469 no

1923 431 2050 486 dicit
2078 433 2358 490 Dominus:
2384 433 2530 492 Dabo
2559 438 2694 509 leges
2723 455 2861 495 meas
2885 441 2936 494 in
2968 442 3210 498 cordibus
3242 461 3438 514 eorum,
3476 457 3525 502 et

210 513 406 568 magna
438 501 648 556 fuerint
673 518 841 573 opera
872 504 984 568 illa,
1015 520 1114 560 nec
1170 507 1609 562 remuneratione
1655 507 1817 577 digna

209 601 494 662 perpetua.
529 594 672 660 Quid
706 597 870 666 quod,
902 597 1063 652 etiam
1096 599 1140 652 si
1169 598 1396 654 facimus
1425 613 1588 669 Opera
1637 599 1813 671 aliqua

201 685 471 756 justitite;
506 686 737 742 facimus
788 697 968 745 tamen
1019 706 1123 744 non
1179 692 1454 757 continua,
1513 693 1607 748 sed
1669 709 1812 749 rara.

208 777 468 847 Plerique
501 794 610 833 non
643 782 860 850 rapiunt
885 781 1078 851 aliena,
1108 783 1201 839 sed
1228 785 1474 840 nesciunt
1501 785 1569 841 de
1600 787 1815 856 proprio

203 867 414 939 largiri.
477 871 584 926 Alii
643 873 964 930 invadentes
1017 875 1284 933 indebitas
1342 877 1643 944 facultates,
1706 894 1814 950 quo

202 962 448 1030 speciem
517 963 744 1032 jnstitia:
799 967 902 1021 sibi
954 963 1257 1039 acquirunt,
1315 971 1496 1026 solent
1563 972 1813 1028 conferre

202 1054 562 1120 pauperibus.
609 1055 724 1110 Non
755 1067 837 1112 est
867 1059 967 1114 ista
992 1061 1044 1114 in
1085 1071 1345 1117 aeternum
1389 1064 1622 1133 jnstitia.
1664 1066 1808 1120 Multi

198 1145 331 1214 justi
381 1149 702 1220 plerumque
733 1153 966 1223 graviter
995 1157 1360 1227 deliquerunt,
1405 1176 1511 1215 non
1552 1161 1812 1218 habentes

201 1247 428 1294 :rterna:
468 1241 705 1298 fructum
732 1245 979 1315 justitite.
1024 1249 1135 1304 Soli
1165 1251 1276 1306 Deo
1321 1257 1561 1324 suppetit
1592 1255 1645 1308 in
1688 1270 1810 1325 per-

204 1344 426 1404 petuum
470 1352 568 1406 per
599 1340 779 1394 omnia
812 1342 1093 1411 possidere
1139 1345 1428 1414 justitiam,
1486 1349 1575 1417 qui
1636 1349 1809 1419 pascit

197 1427 374 1497 justus
417 1437 475 1484 et
507 1430 755 1500 injustas;
789 1448 892 1488 non
926 1436 1071 1489 enim
1113 1441 1143 1481 ιι
1186 1438 1444 1494 beneficis
1476 1441 1610 1496 solis
1663 1441 1807 1497 refe~

200 1521 367 1574 renda
397 1523 609 1592 justitia
639 1534 723 1580 est
744 1544 756 1578 :
778 1527 870 1581 sed
903 1528 992 1581 illa
1025 1545 1148 1584 vera
1176 1531 1382 1601 justitia
1427 1543 1531 1599 est,
1577 1549 1697 1602 qum
1727 1533 1806 1603 ip-

198 1614 277 1668 sis
319 1630 540 1684 quoque
570 1616 811 1673 defertur
837 1619 1094 1676 inimicis.
1137 1623 1435 1696 Meritoque
1478 1624 1549 1679 ait
1591 1625 1802 1682 .Iustitia

201 1705 293 1760 Dei
320 1723 336 1760 :
361 1706 584 1782 Diligite
604 1711 838 1766 inimicos
859 1724 1050 1769 vestros
1077 1715 1295 1786 (Matth.
1326 1735 1379 1783 v,
1401 1718 1515 1790 44).

1923 524 1975 579 in
2006 527 2238 582 sensibus
2290 544 2465 584 eorum
2506 531 2725 586 scribam
2754 549 2869 600 eas,
2901 545 2946 588 et
2998 537 3194 606 peccati
3233 546 3281 592 et
3318 539 3528 610 injusti-

1921 618 2006 672 tia:
2031 637 2206 674 eorum
2247 638 2347 676 non
2377 640 2466 677 ero
2513 642 2710 680 nmnor
2762 626 2952 698 (Hebr.
2985 645 3037 696 x,
3079 629 3145 684 l6
3175 640 3222 685 et
3268 629 3376 703 I7).
3419 631 3520 688 Ubi

1919 730 2048 785 ergo
2080 717 2356 784 remissio,
2384 719 2494 787 jam
2529 735 2634 775 non
2691 721 2895 776 oblatio
2949 737 3048 793 pro
3096 726 3358 793 peccatis.
3400 726 3520 795 Quo

1917 807 2201 863 evidenter
2228 811 2542 867 ostenditur
2567 828 2785 868 omnem
2820 815 3103 871 veritatem
3135 819 3188 872 in
3222 818 3520 889 Evangelio

1915 901 2220 969 contineri;
2265 907 2390 975 quia
2415 906 2501 962 lex
2531 907 2623 963 Dei
2657 907 2712 962 in
2743 909 2994 964 sensibus
3037 910 3342 979 hominum,
3375 921 3432 967 et
3461 913 3514 968 in

1917 993 2173 1049 cordibus
2216 1010 2405 1051 eorum
2457 999 2734 1064 scribitur,
2783 1015 2889 1056 non
2938 1002 2990 1055 in
3041 1003 3241 1058 tabulis
3287 1005 3520 1075 lapideis

1918 1085 2028 1158 (qui
2053 1102 2184 1158 ergo
2209 1100 2478 1159 praecepta
2510 1089 2607 1146 Dei
2640 1105 2746 1145 non
2779 1092 2978 1147 habent
3007 1094 3060 1148 in
3090 1095 3348 1150 cordibus
3379 1097 3518 1164 suis,

1915 1191 2024 1230 non
2057 1177 2259 1234 habent
2290 1179 2518 1252 legem),
2538 1181 2654 1237 sive
2677 1183 2802 1254 quia
2841 1183 3183 1242 inveteratur
3210 1190 3264 1242 in
3293 1187 3514 1255 Iudaeis,

1915 1282 2214 1328 renovatur
2241 1273 2293 1328 in
2321 1275 2498 1329 nobis.

1984 1364 2072 1418 58.
2119 1363 2319 1421 Umbra
2349 1376 2454 1433 est,
2483 1383 2589 1422 non
2624 1369 2858 1438 veritas;
2908 1381 2969 1426 ut
3017 1387 3139 1428 cum
3189 1371 3517 1450 ﬁatcoblatio

1913 1470 2010 1525 pro
2050 1458 2288 1526 peccatis
2333 1461 2633 1516 secundum
2691 1462 2914 1534 Legem,
2962 1481 3069 1520 non
3128 1464 3223 1521 ﬁat
3266 1467 3519 1522 remissio

1909 1563 2278 1619 peccatorum.
2323 1551 2652 1624 Impossibile
2680 1566 2756 1610 est
2780 1558 2916 1611 enim
2948 1559 3203 1630 sanguine
3245 1568 3510 1614 taurorum

1905 1653 1955 1696 et
2007 1645 2267 1699 hircorum
2299 1657 2510 1718 peccata
2549 1651 2798 1705 mundari
2839 1650 3030 1724 (Hebr.
3067 1667 3124 1719 x,
3155 1653 3236 1724 ι).
3280 1652 3508 1708 Mendax

1905 1751 2035 1806 ergo
2061 1747 2177 1791 erat
2201 1740 2292 1792 illa
2324 1741 2777 1804 remissio,donec
2805 1745 3146 1799 remissionis
3175 1746 3380 1800 veritas
3409 1745 3506 1801 ad-

269 1801 364 1856 56.
407 1801 557 1873 Ergo
587 1804 728 1859 sicut
753 1805 805 1859 in
837 1818 1099 1863 arternum
1123 1820 1206 1864 est
1229 1811 1440 1880 justitia
1484 1812 1656 1868 solius
1685 1814 1778 1870 Dei

1914 1829 2142 1884 veniret.
2197 1830 2337 1900 Quid
2390 1831 2588 1888 deinde
2638 1835 3002 1901 manifestius,
3063 1850 3228 1906 quam
3274 1836 3507 1893 Joannis

198 1894 270 1947 ita
323 1895 408 1948 lex
446 1895 542 1951 Dei
589 1899 809 1954 veritas.
851 1899 958 1957 Sed
991 1905 1264 1974 quomodo
1295 1907 1435 1961 istud
1486 1907 1807 1976 accipimus?

198 1983 389 2041 Utrum
421 1990 544 2058 quia
571 1989 654 2045 lex
693 1991 784 2047 Dei
831 1997 1052 2062 veritas,
1089 1998 1188 2051 hoc
1220 2007 1324 2063 est,
1368 2015 1494 2054 vera
1523 2018 1536 2054 :
1563 2009 1618 2054 et
1661 2001 1804 2071 quod

191 2081 562 2146 statuitDeus,
586 2098 748 2140 onme
774 2102 980 2152 verum,
997 2089 1135 2144 sicut
1159 2091 1292 2145 infra
1319 2095 1393 2146 ait
1421 2111 1432 2145 :
1462 2092 1650 2147 Omnia
1665 2111 1801 2164 μνω-

190 2185 342 2243 cepta
358 2186 451 2228 tua
482 2178 806 2235 veritas?A‘n
837 2183 961 2251 quia
997 2185 1196 2240 veritas
1231 2188 1443 2258 1206
1466 2189 1546 2242 lex
1566 2189 1656 2244 Dei
1685 2199 1798 2257 est;

189 2265 318 2333 quia
350 2281 462 2321 non
513 2271 774 2325 mentitur
808 2271 991 2327 Deus?
1030 2276 1184 2346 Apud
1223 2293 1345 2331 cum
1389 2280 1555 2347 igitur
1601 2283 1799 2336 veritas

189 2358 278 2414 lex
326 2371 434 2427 est,
471 2362 684 2420 fallacia
714 2368 1089 2436 praevaricatio
1117 2382 1220 2425 CSI.
1263 2372 1368 2427 Sed
1414 2388 1468 2428 et
1512 2375 1590 2429 sic
1619 2385 1796 2445 potest

185 2451 446 2523 intelligi,
493 2455 579 2511 lex
634 2459 726 2513 Dei
787 2461 986 2515 veritas
1037 2465 1333 2533 est:apud
1389 2465 1606 2522 Judaeos
1667 2483 1796 2536 ergo

183 2560 295 2600 non
329 2557 417 2600 est
439 2548 528 2602 lex
562 2549 680 2616 Dei,
722 2551 846 2622 quia
895 2568 999 2608 non
1031 2555 1305 2626 recipiunt
1342 2559 1644 2612 veritatem.
1685 2558 1795 2614 Lex

179 2637 287 2693 Dei
313 2643 571 2710 spiritalis
601 2656 676 2699 est
706 2647 882 2717 (Rom.
914 2665 1008 2715 vn,
1052 2651 1166 2721 lt),
1207 2651 1342 2706 sicut
1380 2653 1678 2724 Apostolus
1711 2656 1793 2710 di-

178 2733 306 2788 xit:
343 2751 453 2790 non
507 2738 704 2794 habent
739 2757 871 2811 ergo
920 2758 1101 2798 veram
1150 2745 1348 2816 legem,
1405 2750 1493 2819 qui
1534 2765 1652 2803 eam
1683 2765 1788 2804 non

175 2831 500 2897 acceperint
563 2832 902 2902 spiritaliter.
956 2837 1110 2904 Quod
1158 2851 1338 2894 autem
1403 2859 1509 2896 non
1576 2859 1784 2910 verum,

173 2921 423 2977 mendax
471 2935 600 2978 est:
645 2928 788 2997 quod
836 2933 1113 3000 mentitur,
1161 2934 1381 2989 occidit.
1425 2935 1627 2991 Littera
1655 2953 1787 3008 ergo

170 3029 298 3084 quae
328 3017 529 3072 occidit
551 3021 813 3076 mentitur
842 3040 854 3076 :
880 3025 1099 3093 spiritus
1113 3027 1201 3097 qui
1225 3027 1655 3095 viviﬁcal,verns
1676 3041 1778 3086 est.

249 3108 348 3163 37.
394 3111 740 3182 Accipiamus
767 3123 822 3170 et
851 3117 932 3170 sic
962 3135 973 3170 :
1006 3117 1111 3174 Lex
1154 3120 1248 3174 Dei
1305 3138 1409 3177 non
1455 3132 1637 3194 typus,
1673 3141 1778 3178 non

1911 1924 2262 1992 evangelista:
2286 1927 2578 1992 sententia,
2605 1928 2695 1997 qui
2719 1928 2797 1982 ait
2827 1945 2840 1980 :
2879 1927 3012 1994 Quia
3039 1926 3150 1981 Lex
3172 1945 3263 1998 per
3291 1927 3506 2001 Moysen

1907 2016 2030 2069 data
2061 2028 2137 2071 est
2171 2033 2190 2071 :
2217 2019 2385 2088 gratia
2412 2029 2579 2072 autem
2605 2030 2653 2073 et
2690 2021 2876 2075 reritas
2911 2037 3003 2093 per
3021 2019 3200 2075 Jesum
3234 2020 3495 2076 Christum

1904 2107 2043 2176 facta
2066 2118 2141 2162 est
2170 2108 2352 2178 (Joan.
2381 2127 2420 2176 I,
2452 2111 2542 2181 17)
2563 2111 2587 2153 ν
2610 2115 2736 2188 Πρὸς·
2765 2111 3153 2174 ἀντιδιαστολήν
3178 2113 3311 2184 legis
3344 2125 3495 2169 retu-

1903 2199 1967 2254 lit
1993 2202 2299 2256 veritatem.
2327 2201 2460 2256 Nam
2489 2218 2611 2258 cum
2645 2204 2739 2269 sit,
2768 2213 2960 2270 autem,
2993 2205 3309 2275 disjunctio,
3344 2205 3506 2261 intel-

1903 2291 2178 2362 ligendum
2211 2304 2293 2349 est
2320 2295 2744 2365 disjunctionem
2780 2296 2905 2352 ideo
2930 2297 3348 2368 interpositam;
3379 2299 3503 2369 quia

1898 2384 1942 2438 si
1974 2385 2176 2440 veritas
2214 2385 2402 2441 inisset
2430 2389 2482 2441 in
2526 2387 2690 2459 Lege,
2724 2385 2751 2423 ιι
2805 2403 2911 2444 non
2969 2390 3156 2444 fuisset
3209 2389 3348 2444 facta
3401 2405 3498 2460 per

1897 2471 2196 2532 Christmu.

1966 2570 2056 2626 59.
2091 2571 2387 2627 Possumus
2415 2584 2464 2628 et
2498 2575 2575 2628 sic
2609 2574 2915 2645 intelligere
2948 2591 2962 2629 :
2999 2573 3212 2629 Veritas
3245 2573 3495 2631 Christus

1894 2672 2011 2729 est;
2042 2679 2172 2734 ergo
2212 2665 2410 2719 veritas
2451 2666 2534 2719 lex
2575 2674 2680 2722 est.
2723 2666 2793 2720 Et
2822 2668 2868 2721 si
2925 2666 3238 2723 mandatum
3271 2667 3491 2724 Domini

1894 2756 1980 2811 lex
2011 2765 2114 2824 est,
2146 2758 2318 2812 multo
2346 2760 2515 2831 magis
2542 2761 2723 2815 vivum
2751 2768 2806 2816 et
2831 2760 3200 2832 operatorium
3262 2761 3491 2818 Verbum

1894 2850 1986 2907 Dei
2020 2853 2107 2906 lex
2135 2865 2240 2906 εει.

1961 2944 2050 3000 40.
2081 2943 2262 3017 (Vers.
2305 2945 2457 3017 M5.)
2497 2946 2754 3018 Sequitur
2809 2963 2999 3003 versus
3028 2949 3297 3019 septimus
3332 2967 3344 3003 :
3373 2948 3491 3004 Tri-

1887 3035 2086 3090 bulatio
2113 3047 2163 3091 et
2189 3039 2465 3093 necessitas
2489 3041 2794 3095 inuenerunt
2820 3057 2901 3094 me
2924 3057 2943 3095 :
2972 3043 3216 3097 mandata
3263 3053 3351 3096 tua
3382 3060 3490 3098 me-

1887 3129 2068 3184 ditatio
2088 3147 2198 3184 mea
2222 3143 2320 3185 est.
2343 3131 2608 3198 Quaerunt
2632 3133 3007 3189 tribulationes
3031 3144 3085 3188 et
3122 3135 3482 3190 necessitates

170 3201 397 3265 umbra,
426 3218 532 3257 non
561 3207 838 3275 exemplar
866 3211 1188 3277 cmlestium;
1238 3215 1331 3269 sed
1366 3217 1476 3287 ipsa
1507 3219 1774 3274 etelestia.
1809 3201 1852 3262 Ο
1880 3220 2110 3292 justum,
2159 3223 2368 3295 1207
2424 3233 2480 3279 et
2528 3224 2796 3280 interdum
2850 3226 3150 3294 inveniunt,
3216 3227 3482 3283 interdum

170 3292 333 3348 Unde
365 3302 419 3348 et
448 3299 712 3367 scriptum
744 3310 849 3364 est,
882 3304 1006 3372 quia
1056 3305 1176 3372 ﬁnis
1231 3306 1381 3379 Legis
1430 3319 1501 3363 est
1548 3309 1781 3365 Christus

168 3385 367 3456 (Rom.
419 3389 582 3458 x,4).
626 3392 744 3448 Non
797 3394 1038 3451 defectus
1091 3402 1298 3471 utique,
1354 3404 1448 3458 sed
1506 3405 1781 3474 plenitudo

164 3481 338 3553 Legis
367 3484 417 3537 in
451 3482 670 3542 Christo
700 3501 814 3554 est;
842 3491 963 3560 quia
995 3494 1141 3548 venit
1171 3494 1370 3567 Legem
1407 3513 1511 3553 non
1541 3499 1773 3568 solvere,

160 3574 268 3628 sed
298 3575 550 3644 implere.
593 3578 746 3634 Sient
774 3585 917 3636 enim
964 3594 984 3622 ε
1025 3585 1431 3642 Testamentum
1478 3602 1561 3645 est
1601 3601 1774 3659 vetus,

161 3667 267 3721 sed
301 3669 481 3723 omnis
511 3673 714 3728 veritas
736 3675 788 3728 in
820 3690 958 3729 novo
986 3687 1069 3732 est
1095 3678 1444 3737 Testamento
1471 3701 1483 3736 :
1508 3683 1580 3738 ita
1607 3694 1662 3740 et
1692 3686 1774 3741 lex

161 3773 270 3830 per
290 3758 516 3831 Moysen
543 3764 668 3818 data
705 3765 871 3836 ﬁgura
902 3768 1035 3838 legis
1065 3781 1164 3825 est.
1213 3772 1352 3827 Vere
1381 3790 1512 3846 ergo
1543 3777 1629 3830 illa
1665 3777 1774 3833 Lex

159 3855 424 3909 veritatis
452 3859 735 3929 exemplar
762 3871 870 3926 est,
905 3864 956 3916 in
987 3866 1287 3933 exemplari
1312 3869 1456 3922 enim
1480 3868 1618 3940 Agni
1649 3885 1775 3925 san—

159 3948 285 4018 guis
316 3946 632 4017 effunditur,
666 3953 719 4007 in
751 3955 979 4010 veritate
1017 3957 1268 4013 Christus
1299 3961 1630 4018 immolatur.
1665 3963 1773 4017 Me-

161 4042 696 4112 ritoqueApostolns
726 4061 848 4101 cum
882 4051 1233 4118 prmmisisset
1256 4053 1546 4108 vitulorum
1580 4057 1771 4110 immo-

157 4135 432 4191 lationem
481 4141 776 4194 secundum
819 4142 1056 4213 Legem,
1100 4147 1299 4215 adjecit
1347 4166 1358 4200 :
1407 4147 1770 4204 Necessarium

157 4233 347 4300 itaque
369 4243 438 4285 est
459 4236 776 4303 exemplaria
803 4237 1079 4291 caelestium
1097 4239 1176 4293 his
1199 4242 1439 4296 mandari
1471 4259 1488 4296 :
1517 4260 1634 4297 nam
1655 4245 1770 4314 ipsa

155 4325 397 4378 calestia
438 4327 733 4384 melioribus
761 4329 986 4397 hostiis;
1029 4350 1129 4387 non
1182 4335 1314 4388 enim
1372 4338 1425 4389 in
1471 4341 1770 4409 manufacta

153 4425 353 4470 sancta
399 4417 608 4472 intravit
643 4418 881 4476 Christus
919 4425 1231 4495 exemplaria
1272 4442 1539 4493 verorum,
1584 4432 1674 4486 sed
1714 4434 1765 4486 in

153 4509 340 4576 ipsum
390 4510 571 4564 calum
597 4527 613 4566 :
643 4525 690 4567 et
723 4531 856 4568 nunc
891 4529 1108 4588 apparet
1143 4519 1307 4574 vultui
1335 4519 1431 4575 Dei
1468 4541 1564 4595 pro
1595 4525 1760 4579 nobis.

1885 3329 1990 3369 non
2018 3316 2473 3372 inveniuuteum.
2518 3315 2819 3387 Invenitur,
2875 3320 2961 3373 cui
2989 3334 3194 3374 corona
3223 3320 3474 3376 debetur:

1883 3421 1990 3462 non
2022 3408 2321 3474 invenitur,
2354 3410 2443 3477 qui
2474 3410 2698 3466 idoneus
2719 3412 3006 3466 certamini
3033 3427 3142 3466 non
3200 3414 3482 3483 probatur.

1881 3499 2182 3555 Tribulatio
2213 3502 2372 3572 igitur
2411 3501 2560 3556 velut
2612 3504 2861 3573 qumdam
2894 3503 3065 3573 gratia
3097 3515 3200 3558 est.
3239 3507 3480 3574 Denique

1882 3590 2218 3660 Sacriﬁcium
2251 3591 2360 3647 Deo
2404 3595 2617 3662 spiritus
2670 3594 3043 3648 contribulatus
3071 3593 3242 3667 (Psal.
3280 3611 3331 3662 ι..
3367 3597 3480 3667 19).

1878 3682 1960 3737 An
1992 3699 2098 3738 non
2141 3695 2225 3739 est
2263 3685 2458 3755 gratia,
2494 3702 2615 3756 qua:
2670 3697 2930 3756 eperatur
2985 3687 3331 3756 patientiam“!
3379 3688 3480 3755 Qui

1877 3789 2009 3846 ergo
2037 3785 2265 3830 noverat
2301 3777 2666 3833 tribulationis
2696 3779 3001 3849 profectum
3033 3794 3179 3847 eSse,
3218 3781 3479 3850 qumsitus

1875 3883 1904 3920 a
1935 3867 2282 3922 tribulatione
2311 3873 2560 3922 inventus
2582 3878 2688 3933 est,
2722 3884 2823 3924 nec
2862 3868 3082 3937 refugit.

1946 3957 2037 4012 4|.
2064 3959 2201 4013 Dicit
2225 3959 2506 4027 Sapientia
2532 3977 2543 4011 :
2581 3960 2824 4023 Quwrent
2854 3977 2932 4013 me
2958 3960 3104 4023 ntali,
3131 3968 3178 4013 et
3201 3977 3301 4013 non
3331 3962 3476 4016 inve-

1874 4053 2013 4105 nient
2038 4050 2219 4122 (Prov.
2248 4067 2286 4115 ι,
2319 4050 2446 4123 28);
2472 4067 2577 4106 non
2608 4052 2732 4122 quia
2779 4054 3040 4109 Dominus
3066 4055 3282 4110 nolebat
3327 4057 3479 4111 inve—

1875 4146 1980 4199 niri
2004 4145 2071 4200 ab
2099 4145 2432 4209 hominibus,
2463 4146 2552 4216 qui
2585 4163 2646 4202 se
2675 4147 2928 4202 omnibus
2955 4150 3118 4203 etiam
3169 4166 3275 4204 non
3331 4166 3479 4221 quite-

1875 4242 2126 4296 rentibus
2145 4239 2411 4296 oll'erebat
2435 4259 2447 4293 :
2471 4242 2565 4296 sed
2591 4243 2713 4311 quia
2740 4244 2821 4296 his
2839 4245 3096 4314 (moribus
3108 4245 3474 4315 quaerebatur,

1873 4347 1929 4389 ut
1958 4335 2162 4405 indigni
2205 4345 2392 4390 essent
2420 4335 2509 4407 qui
2531 4348 2872 4406 quaererent,
2911 4338 3174 4392 invenire.
3206 4336 3473 4394 Ctelerum

1869 4427 2089 4483 Simeou
2117 4427 2209 4497 qui
2235 4443 2360 4482 eum
2405 4430 2776 4501 exspectabat,
2812 4431 3020 4485 invenit
3049 4429 3201 4499 (Luc.
3230 4446 3290 4497 ιι,
3317 4430 3388 4486 25
3428 4442 3476 4486 et

1870 4523 2028 4591 seq.).
2072 4519 2284 4575 Invenit
2309 4519 2578 4574 Andreas.
2639 4522 2886 4590 Denique
2931 4523 3007 4574 ait
3059 4522 3126 4575 ad
3150 4523 3474 4579 Simonem:

158 4605 176 4670 ι
187 4600 237 4654 11
246 4601 363 4654 cbr.
385 4617 461 4669 tx,
479 4602 552 4657 Ξῖ)
567 4607 741 4677 etii).
765 4607 831 4662 Ut
847 4623 1240 4678 cognoscamus
1258 4623 1438 4668 autem
1451 4589 1570 4684 quia
1589 4615 1760 4684 legem
1795 4589 1842 4650 θ
1869 4589 2169 4669 Iri-venimus
2193 4613 2602 4680 Messiam,quod
2628 4615 3000 4684 interpretatur
3019 4612 3257 4668 Christus
3285 4612 3467 4687 (Joan.

155 4709 365 4750 novatn
382 4696 528 4751 dedit
544 4698 807 4754 Dominus
822 4700 1001 4768 Jesus,
1025 4704 1190 4758 babes
1212 4706 1482 4762 dicentem
1501 4708 1760 4778 Spiritum

152 4799 436 4845 sanctum:
458 4789 568 4845 Hoc
597 4802 771 4846 autem
795 4802 1154 4850 testamentum
1170 4800 1308 4868 quod
1325 4801 1545 4855 testabor
1563 4803 1631 4855 ad
1654 4819 1759 4870 eos,

228 4958 255 4984 ει
301 4946 458 5029 γοεί,
490 4952 765 5020 acceperit,
815 4953 1215 5031 conuerteban‘t
1253 4971 1443 5031 omnes
1481 4960 1612 5014 edit.
1644 4977 1758 5031 qum

151 5019 224 5071 ad
283 5019 440 5095 vitam
475 5019 726 5095 (sternant
769 5039 873 5076 non
914 5025 1270 5095 pertinuerint.
1315 5029 1418 5084 Sed
1462 5019 1668 5087 isthaac'
1700 5034 1754 5088 in

150 5091 368 5145 cunctis
402 5106 533 5146 mss.
575 5091 974 5149 desiderantur.

226 5181 256 5220 ι»
289 5179 497 5261 _Omnes
523 5185 745 5261 edit._ac
762 5187 938 5261 ‘mnlti
970 5203 1125 5255 mss.,
1173 5191 1428 5260 beneﬁciis
1457 5195 1617 5261 solis;
1646 5197 1760 5253 ele-

147 5255 534 5338 galutiusl'leg.
563 5257 725 5310 Sorb.
760 5255 1065 5338 Remig._a_c
1102 5255 1306 5338 Navar.
1330 5281 1488 5333 unus,
1522 5255 1761 5338 beneﬁcis

148 5325 310 5408 satis;
335 5335 389 5378 ut
416 5327 821 5411 iilopponantur
842 5325 1086 5411 inimicis,
1116 5345 1170 5388 et
1196 5337 1410 5411 utrique
1437 5325 1502 5392 ad
1516 5325 1694 5411 justas
1711 5352 1756 5395 et

146 5396 399 5472 injustas,
433 5398 498 5451 de
533 5399 730 5472 quibus
755 5410 881 5455 ante
908 5396 1111 5458 dictum
1154 5413 1260 5472 est,
1291 5396 1611 5464 referant'ur.

228 5476 253 5504 ο
299 5464 580 5549 Ita'cunct'i
613 5480 1017 5549 tnss..exc’epto
1041 5478 1184 5545 quod
1217 5464 1268 5530 in
1320 5478 1426 5534 line
1474 5484 1624 5549 pauci
1655 5480 1749 5536 ha-

147 5535 312 5600 bent,
346 5535 471 5592 Vera
495 5555 616 5616 ergo
637 5541 732 5593 illa
754 5542 854 5616 lex.
870 5535 1093 5600 (Iuncta:
1115 5562 1246 5602 vero
1263 5549 1422 5616 edit.,
1449 5535 1746 5606 Testamen-

149 5617 435 5688 tum-{etus
469 5614 733 5688 venitnon
773 5614 988 5677 solvere,
1032 5619 1120 5670 sed
1151 5614 1509 5688 implet-esito
1555 5639 1740 5676 nouum

145 5679 458 5745 certiﬁcare.
503 5681 612 5736 Sed
640 5683 778 5736 sicut
797 5687 963 5740 omm‘s
991 5689 1172 5743 veritas
1200 5679 1250 5743 in
1278 5679 1406 5746 novo
1446 5705 1518 5746 est
1560 5692 1742 5748 Testa-

149 5758 363 5816 mento;
387 5752 460 5807 ita
479 5764 524 5808 et
551 5753 730 5809 ιαμ..
775 5753 902 5823 legis
928 5766 1003 5812 est
1028 5775 1175 5813 verte.
1200 5760 1336 5830 Ergo
1384 5763 1474 5818 illa
1506 5765 1606 5832 (ex,
1631 5775 1739 5821 etc.

1866 4723 1905 4776 ι,
1941 4706 2058 4778 Μ).
2099 4705 2381 4775 Philippus
2424 4720 2638 4775 quoque
2665 4704 2796 4759 dicit
2824 4705 2890 4759 ad
2945 4704 3267 4759 Nathanael:
3310 4706 3470 4770 Quem

1867 4801 2074 4869 scripsit
2129 4797 2338 4869 Moyses
2365 4800 2421 4852 in
2449 4795 2606 4869 Lege,
2635 4808 2682 4852 et
2713 4800 3000 4870 prophetat,
3051 4799 3336 4854 invenimus
3373 4797 3468 4852 Je-

1862 4960 1972 5015 Sed
2021 4960 2115 5030 qui
2146 4960 2325 5015 locum
2370 4974 2437 5014 eo
2467 4959 2630 5012 modo
2675 4960 3144 5022 consarcinarunt,
3195 4959 3468 5017 Ambrosii

1860 5046 2081 5086 sensum
2115 5046 2453 5101 nequaquam
2498 5030 2748 5084 videntur
2798 5035 3068 5096 assecuti;
3113 5046 3235 5086 eum
3284 5039 3462 5086 autem

1861 5113 2108 5172 putamus
2136 5116 2257 5157 esse
2281 5101 2628 5170 hujusmodi:
2663 5101 3126 5168 Quemadmodum
3161 5103 3284 5157 licet
3306 5114 3463 5159 vetus

1861 5172 2269 5229 TeSIamentum
2309 5173 2492 5237 fuerit,
2524 5173 2721 5226 veritas
2754 5185 2954 5236 tamen,
2991 5173 3094 5228 hoc
3133 5185 3236 5232 est.
3269 5175 3463 5243 figura-

1862 5259 1980 5298 rum
2009 5245 2128 5313 ejus
2177 5244 2437 5313 impletio,
2490 5245 2542 5297 in
2589 5258 2727 5298 novo
2772 5246 3003 5298 est:ita
3050 5245 3178 5299 licet
3227 5245 3313 5300 lex
3367 5262 3463 5315 per

1861 5315 2080 5386 Muysett
2103 5315 2347 5386 data_sit,
2395 5330 2459 5370 ea
2483 5326 2663 5370 tamen
2693 5315 2934 5384 impleta,
2961 5317 3063 5370 nisi
3095 5318 3146 5369 iu
3173 5315 3292 5384 lege
3321 5331 3457 5371 nova

1861 5384 2201 5456 nequaquam
2225 5384 2346 5440 fuit.

1928 5473 1952 5512 ά
1986 5477 2128 5549 Εάίιι.
2171 5492 2383 5542 omnes,
2417 5494 2518 5531 non
2571 5480 2751 5548 fuisset
2793 5479 2961 5547 gratia
2988 5483 3125 5549 facta
3176 5495 3265 5549 per
3308 5476 3459 5533 Chri-

1852 5558 2008 5602 stum.
2029 5548 2154 5603 Hss.
2186 5561 2373 5623 contra
2406 5551 2824 5623 praetermittunt
2851 5548 3062 5623 vocem,
3095 5552 3286 5623 gratia.
3314 5549 3457 5605 Cou-

1851 5621 2084 5683 cinuius;
2116 5635 2219 5694 vox
2255 5621 2423 5694 enim,
2475 5624 2634 5694 facta;
2674 5619 2956 5694 referenda
2981 5633 3064 5676 est
3097 5619 3169 5678 ad
3210 5623 3455 5694 superie-

1850 5706 1989 5761 rem,
2021 5693 2226 5760 ueritas,
2254 5692 2322 5747 de
2352 5707 2456 5763 qua
2482 5693 2568 5748 hic
2600 5693 2871 5763 praecipue
2902 5693 3097 5762 agitur.
