  <div class='ocr_page' id='page_1' title='image "/cluster/home/n/w/nwhite01/storage/ocr_20150623/15/uva.x000826533/149.png"; bbox 0 0 3948 6360; ppageno 0'>
   <div class='ocr_carea' id='block_1_1' title="bbox 527 276 665 333">
    <p class='ocr_par' dir='ltr' id='par_1_1' title="bbox 527 276 665 333">
     <span class='ocr_line' id='line_1_1' title="bbox 527 276 665 333; baseline -0.007 0"><span class='ocrx_word' id='word_1_1' title='bbox 527 276 665 333; x_wconf 71' lang='lat'><strong>“67</strong></span> 
     </span>
    </p>
   </div>
   <div class='ocr_carea' id='block_1_2' title="bbox 1858 275 2469 335">
    <p class='ocr_par' dir='ltr' id='par_1_2' title="bbox 1858 275 2469 335">
     <span class='ocr_line' id='line_1_2' title="bbox 1858 275 2469 335; baseline 0 -2"><span class='ocrx_word' id='word_1_2' title='bbox 1858 275 2105 335; x_wconf 81' lang='lat' dir='ltr'><strong>SANCTI</strong></span> <span class='ocrx_word' id='word_1_3' title='bbox 2141 275 2469 335; x_wconf 72' lang='lat' dir='ltr'><strong>AMBROSII</strong></span> 
     </span>
    </p>
   </div>
   <div class='ocr_carea' id='block_1_3' title="bbox 3676 281 3794 339">
    <p class='ocr_par' dir='ltr' id='par_1_3' title="bbox 3676 281 3794 339">
     <span class='ocr_line' id='line_1_3' title="bbox 3676 281 3794 339; baseline 0.034 -4"><span class='ocrx_word' id='word_1_4' title='bbox 3676 281 3794 339; x_wconf 66' lang='lat' dir='ltr'><strong>nos</strong></span> 
     </span>
    </p>
   </div>
   <div class='ocr_carea' id='block_1_4' title="bbox 523 387 3794 465">
    <p class='ocr_par' dir='ltr' id='par_1_4' title="bbox 523 387 3794 465">
     <span class='ocr_line' id='line_1_4' title="bbox 523 387 3794 465; baseline 0.002 -19"><span class='ocrx_word' id='word_1_5' title='bbox 523 408 638 447; x_wconf 84' lang='lat' dir='ltr'><strong>sum</strong></span> <span class='ocrx_word' id='word_1_6' title='bbox 666 392 833 462; x_wconf 81' lang='lat' dir='ltr'><strong>ﬁlium</strong></span> <span class='ocrx_word' id='word_1_7' title='bbox 869 391 1087 460; x_wconf 74' lang='lat' dir='ltr'><strong>Joseplt,</strong></span> <span class='ocrx_word' id='word_1_8' title='bbox 1135 392 1229 461; x_wconf 85' lang='lat' dir='ltr'><strong>qui</strong></span> <span class='ocrx_word' id='word_1_9' title='bbox 1254 399 1329 447; x_wconf 82' lang='lat' dir='ltr'><strong>est</strong></span> <span class='ocrx_word' id='word_1_10' title='bbox 1371 407 1402 451; x_wconf 71' lang='grc' dir='ltr'><strong>ε</strong></span> <span class='ocrx_word' id='word_1_11' title='bbox 1429 389 1695 446; x_wconf 79' lang='lat' dir='ltr'><strong>Nazareth</strong></span> <span class='ocrx_word' id='word_1_12' title='bbox 1724 388 1905 460; x_wconf 83' lang='lat' dir='ltr'><strong>(Joau.</strong></span> <span class='ocrx_word' id='word_1_13' title='bbox 1930 406 1971 459; x_wconf 84' lang='grc' dir='ltr'><em>ι,</em></span> <span class='ocrx_word' id='word_1_14' title='bbox 1998 387 2114 462; x_wconf 71' lang='grc'><strong>45).</strong></span> <span class='ocrx_word' id='word_1_15' title='bbox 2142 403 2194 465; x_wconf 74' lang='grc' dir='ltr'>Α</span> <span class='ocrx_word' id='word_1_16' title='bbox 2224 407 2321 448; x_wconf 87' lang='lat' dir='ltr'><strong>usn</strong></span> <span class='ocrx_word' id='word_1_17' title='bbox 2348 391 2594 449; x_wconf 81' lang='lat' dir='ltr'><strong>exercitii</strong></span> <span class='ocrx_word' id='word_1_18' title='bbox 2627 391 2786 453; x_wconf 88' lang='lat' dir='ltr'><strong>fuerit</strong></span> <span class='ocrx_word' id='word_1_19' title='bbox 2810 392 3142 455; x_wconf 86' lang='lat' dir='ltr'><strong>constitutus</strong></span> <span class='ocrx_word' id='word_1_20' title='bbox 3173 412 3185 447; x_wconf 92' lang='lat'><strong>:</strong></span> <span class='ocrx_word' id='word_1_21' title='bbox 3220 395 3311 463; x_wconf 89' lang='lat' dir='ltr'><strong>qui</strong></span> <span class='ocrx_word' id='word_1_22' title='bbox 3337 411 3467 452; x_wconf 90' lang='lat' dir='ltr'><strong>vero</strong></span> <span class='ocrx_word' id='word_1_23' title='bbox 3498 395 3794 457; x_wconf 74' lang='lat' dir='ltr'><strong>exercitium</strong></span> 
     </span>
    </p>
   </div>
   <div class='ocr_carea' id='block_1_5' title="bbox 528 480 2122 553">
    <p class='ocr_par' dir='ltr' id='par_1_5' title="bbox 528 480 2122 553">
     <span class='ocr_line' id='line_1_5' title="bbox 528 480 2122 553; baseline -0.001 -14"><span class='ocrx_word' id='word_1_24' title='bbox 528 484 596 541; x_wconf 86' lang='lat' dir='ltr'><strong>Et</strong></span> <span class='ocrx_word' id='word_1_25' title='bbox 631 494 689 539; x_wconf 91' lang='lat' dir='ltr'><strong>ut</strong></span> <span class='ocrx_word' id='word_1_26' title='bbox 723 483 1038 545; x_wconf 87' lang='lat' dir='ltr'><strong>ostenderet</strong></span> <span class='ocrx_word' id='word_1_27' title='bbox 1063 481 1521 553; x_wconf 82' lang='lat' dir='ltr'><strong>quemadmodum</strong></span> <span class='ocrx_word' id='word_1_28' title='bbox 1567 480 1820 543; x_wconf 91' lang='lat' dir='ltr'><strong>Christus</strong></span> <span class='ocrx_word' id='word_1_29' title='bbox 1848 482 2122 541; x_wconf 84' lang='lat' dir='ltr'><strong>invenire-</strong></span> 
     </span>
    </p>
   </div>
   <div class='ocr_carea' id='block_1_6' title="bbox 525 574 2121 649">
    <p class='ocr_par' dir='ltr' id='par_1_6' title="bbox 525 574 2121 649">
     <span class='ocr_line' id='line_1_6' title="bbox 525 574 2121 649; baseline -0.002 -15"><span class='ocrx_word' id='word_1_30' title='bbox 525 586 636 646; x_wconf 91' lang='lat' dir='ltr'><strong>tur,</strong></span> <span class='ocrx_word' id='word_1_31' title='bbox 665 578 779 634; x_wconf 88' lang='lat' dir='ltr'><strong>ait:</strong></span> <span class='ocrx_word' id='word_1_32' title='bbox 822 577 966 643; x_wconf 85' lang='lat' dir='ltr'><strong>Veni,</strong></span> <span class='ocrx_word' id='word_1_33' title='bbox 992 585 1039 631; x_wconf 89' lang='lat' dir='ltr'><strong>et</strong></span> <span class='ocrx_word' id='word_1_34' title='bbox 1067 576 1181 635; x_wconf 79' lang='lat' dir='ltr'><strong>ride</strong></span> <span class='ocrx_word' id='word_1_35' title='bbox 1206 574 1395 649; x_wconf 88' lang='lat' dir='ltr'><strong>(Ibid.,</strong></span> <span class='ocrx_word' id='word_1_36' title='bbox 1420 575 1537 649; x_wconf 71' lang='grc'><strong>46).</strong></span> <span class='ocrx_word' id='word_1_37' title='bbox 1563 575 1665 645; x_wconf 89' lang='lat' dir='ltr'><strong>Qui</strong></span> <span class='ocrx_word' id='word_1_38' title='bbox 1696 591 1826 649; x_wconf 89' lang='lat' dir='ltr'><strong>ergo</strong></span> <span class='ocrx_word' id='word_1_39' title='bbox 1848 575 2121 638; x_wconf 77' lang='lat' dir='ltr'><strong>Christum</strong></span> 
     </span>
    </p>
   </div>
   <div class='ocr_carea' id='block_1_7' title="bbox 522 668 2120 744">
    <p class='ocr_par' dir='ltr' id='par_1_7' title="bbox 522 668 2120 744">
     <span class='ocr_line' id='line_1_7' title="bbox 522 668 2120 744; baseline -0.006 -12"><span class='ocrx_word' id='word_1_40' title='bbox 522 673 737 744; x_wconf 63' lang='lat' dir='ltr'><strong>quierit,</strong></span> <span class='ocrx_word' id='word_1_41' title='bbox 761 671 946 729; x_wconf 90' lang='lat' dir='ltr'><strong>veniat</strong></span> <span class='ocrx_word' id='word_1_42' title='bbox 967 685 1072 729; x_wconf 90' lang='lat' dir='ltr'><strong>non</strong></span> <span class='ocrx_word' id='word_1_43' title='bbox 1095 670 1344 739; x_wconf 86' lang='lat' dir='ltr'><strong>corporis</strong></span> <span class='ocrx_word' id='word_1_44' title='bbox 1370 683 1581 740; x_wconf 86' lang='lat' dir='ltr'><strong>gressu,</strong></span> <span class='ocrx_word' id='word_1_45' title='bbox 1606 668 1701 724; x_wconf 90' lang='lat' dir='ltr'><strong>sed</strong></span> <span class='ocrx_word' id='word_1_46' title='bbox 1731 669 1930 727; x_wconf 86' lang='lat' dir='ltr'><strong>mentis</strong></span> <span class='ocrx_word' id='word_1_47' title='bbox 1958 668 2120 731; x_wconf 85' lang='lat' dir='ltr'><strong>vesti-</strong></span> 
     </span>
    </p>
   </div>
   <div class='ocr_carea' id='block_1_8' title="bbox 518 760 2123 834">
    <p class='ocr_par' dir='ltr' id='par_1_8' title="bbox 518 760 2123 834">
     <span class='ocr_line' id='line_1_8' title="bbox 518 760 2123 834; baseline -0.002 -15"><span class='ocrx_word' id='word_1_48' title='bbox 518 767 607 834; x_wconf 87' lang='lat' dir='ltr'><strong>gio</strong></span> <span class='ocrx_word' id='word_1_49' title='bbox 631 782 647 822; x_wconf 90' lang='lat'><strong>:</strong></span> <span class='ocrx_word' id='word_1_50' title='bbox 671 762 854 821; x_wconf 80' lang='lat' dir='ltr'><strong>videat</strong></span> <span class='ocrx_word' id='word_1_51' title='bbox 882 778 1006 825; x_wconf 83' lang='lat' dir='ltr'><strong>eum</strong></span> <span class='ocrx_word' id='word_1_52' title='bbox 1033 778 1139 821; x_wconf 88' lang='lat' dir='ltr'><strong>non</strong></span> <span class='ocrx_word' id='word_1_53' title='bbox 1167 762 1535 819; x_wconf 90' lang='lat' dir='ltr'><strong>exterioribus</strong></span> <span class='ocrx_word' id='word_1_54' title='bbox 1565 761 1762 831; x_wconf 82' lang='lat' dir='ltr'><strong>oculis,</strong></span> <span class='ocrx_word' id='word_1_55' title='bbox 1812 760 1909 819; x_wconf 91' lang='lat' dir='ltr'><strong>sed</strong></span> <span class='ocrx_word' id='word_1_56' title='bbox 1955 761 2123 816; x_wconf 91' lang='lat' dir='ltr'><strong>inter-</strong></span> 
     </span>
    </p>
   </div>
   <div class='ocr_carea' id='block_1_9' title="bbox 522 850 2115 924">
    <p class='ocr_par' dir='ltr' id='par_1_9' title="bbox 522 850 2115 924">
     <span class='ocr_line' id='line_1_9' title="bbox 522 850 2115 924; baseline -0.001 -13"><span class='ocrx_word' id='word_1_57' title='bbox 522 858 626 912; x_wconf 94' lang='lat' dir='ltr'><strong>nis.</strong></span> <span class='ocrx_word' id='word_1_58' title='bbox 672 854 934 915; x_wconf 57' lang='lat' dir='ltr'><strong>.‘Eternus</strong></span> <span class='ocrx_word' id='word_1_59' title='bbox 954 850 1121 913; x_wconf 30' lang='lat' dir='ltr'><strong>“enim</strong></span> <span class='ocrx_word' id='word_1_60' title='bbox 1179 853 1557 924; x_wconf 78' lang='lat' dir='ltr'><strong>carporalibus</strong></span> <span class='ocrx_word' id='word_1_61' title='bbox 1588 869 1692 908; x_wconf 92' lang='lat' dir='ltr'><strong>non</strong></span> <span class='ocrx_word' id='word_1_62' title='bbox 1723 853 1935 911; x_wconf 90' lang='lat' dir='ltr'><strong>videtur</strong></span> <span class='ocrx_word' id='word_1_63' title='bbox 1963 866 2115 923; x_wconf 83' lang='lat' dir='ltr'><strong>aspe-</strong></span> 
     </span>
    </p>
   </div>
   <div class='ocr_carea' id='block_1_10' title="bbox 520 947 2121 1021">
    <p class='ocr_par' dir='ltr' id='par_1_10' title="bbox 520 947 2121 1021">
     <span class='ocr_line' id='line_1_10' title="bbox 520 947 2121 1021; baseline -0.002 -18"><span class='ocrx_word' id='word_1_64' title='bbox 520 949 697 1006; x_wconf 89' lang='lat' dir='ltr'><strong>ctibus</strong></span> <span class='ocrx_word' id='word_1_65' title='bbox 716 964 732 1010; x_wconf 83' lang='lat'><strong>;</strong></span> <span class='ocrx_word' id='word_1_66' title='bbox 752 948 1009 1019; x_wconf 82' lang='lat' dir='ltr'><strong>quoniam</strong></span> <span class='ocrx_word' id='word_1_67' title='bbox 1038 957 1063 986; x_wconf 75' lang='grc' dir='ltr'>α</span> <span class='ocrx_word' id='word_1_68' title='bbox 1085 963 1199 1019; x_wconf 75' lang='lat' dir='ltr'><strong>qua:</strong></span> <span class='ocrx_word' id='word_1_69' title='bbox 1222 947 1483 1017; x_wconf 80' lang='lat' dir='ltr'><strong>videntur,</strong></span> <span class='ocrx_word' id='word_1_70' title='bbox 1502 948 1807 1021; x_wconf 75' lang='lat' dir='ltr'><strong>temporalia</strong></span> <span class='ocrx_word' id='word_1_71' title='bbox 1828 957 1949 1005; x_wconf 82' lang='lat' dir='ltr'><strong>sunt</strong></span> <span class='ocrx_word' id='word_1_72' title='bbox 1967 964 1987 1005; x_wconf 88' lang='lat'><strong><em>:</em></strong></span> <span class='ocrx_word' id='word_1_73' title='bbox 2007 962 2121 1019; x_wconf 79' lang='lat' dir='ltr'><strong>qua:</strong></span> 
     </span>
    </p>
   </div>
   <div class='ocr_carea' id='block_1_11' title="bbox 522 1037 2118 1115">
    <p class='ocr_par' dir='ltr' id='par_1_11' title="bbox 522 1037 2118 1115">
     <span class='ocr_line' id='line_1_11' title="bbox 522 1037 2118 1115; baseline 0 -20"><span class='ocrx_word' id='word_1_74' title='bbox 522 1051 693 1100; x_wconf 85' lang='lat' dir='ltr'><strong>autem</strong></span> <span class='ocrx_word' id='word_1_75' title='bbox 719 1056 824 1097; x_wconf 86' lang='lat' dir='ltr'><strong>non</strong></span> <span class='ocrx_word' id='word_1_76' title='bbox 852 1039 1111 1108; x_wconf 84' lang='lat' dir='ltr'><strong>videntur,</strong></span> <span class='ocrx_word' id='word_1_77' title='bbox 1142 1048 1334 1096; x_wconf 77' lang='lat' dir='ltr'><strong>wterna</strong></span> <span class='ocrx_word' id='word_1_78' title='bbox 1366 1037 1435 1108; x_wconf 84' lang='lat' dir='ltr'><strong>(II</strong></span> <span class='ocrx_word' id='word_1_79' title='bbox 1466 1038 1585 1093; x_wconf 82' lang='lat' dir='ltr'><strong>Cor.</strong></span> <span class='ocrx_word' id='word_1_80' title='bbox 1618 1054 1693 1107; x_wconf 83' lang='lat' dir='ltr'><strong>iV,</strong></span> <span class='ocrx_word' id='word_1_81' title='bbox 1724 1040 1834 1115; x_wconf 83' lang='grc'><strong>18).</strong></span> <span class='ocrx_word' id='word_1_82' title='bbox 1869 1037 2118 1095; x_wconf 78' lang='lat' dir='ltr'><strong>Christus</strong></span> 
     </span>
    </p>
   </div>
   <div class='ocr_carea' id='block_1_12' title="bbox 524 1131 2115 1205">
    <p class='ocr_par' dir='ltr' id='par_1_12' title="bbox 524 1131 2115 1205">
     <span class='ocr_line' id='line_1_12' title="bbox 524 1131 2115 1205; baseline -0.004 -15"><span class='ocrx_word' id='word_1_83' title='bbox 524 1134 689 1205; x_wconf 89' lang='lat' dir='ltr'><strong>igitur</strong></span> <span class='ocrx_word' id='word_1_84' title='bbox 739 1148 847 1197; x_wconf 88' lang='lat' dir='ltr'><strong>non</strong></span> <span class='ocrx_word' id='word_1_85' title='bbox 898 1132 1233 1204; x_wconf 86' lang='lat' dir='ltr'><strong>temporalis,</strong></span> <span class='ocrx_word' id='word_1_86' title='bbox 1278 1132 1371 1188; x_wconf 87' lang='lat' dir='ltr'><strong>sed</strong></span> <span class='ocrx_word' id='word_1_87' title='bbox 1401 1147 1468 1191; x_wconf 84' lang='lat' dir='ltr'><strong>ex</strong></span> <span class='ocrx_word' id='word_1_88' title='bbox 1496 1131 1655 1187; x_wconf 87' lang='lat' dir='ltr'><strong>Patre</strong></span> <span class='ocrx_word' id='word_1_89' title='bbox 1694 1138 1819 1189; x_wconf 85' lang='lat' dir='ltr'><strong>ante</strong></span> <span class='ocrx_word' id='word_1_90' title='bbox 1849 1141 2115 1203; x_wconf 85' lang='lat' dir='ltr'><strong>tempora,</strong></span> 
     </span>
    </p>
   </div>
   <div class='ocr_carea' id='block_1_13' title="bbox 522 1223 2115 1297">
    <p class='ocr_par' dir='ltr' id='par_1_13' title="bbox 522 1223 2115 1297">
     <span class='ocr_line' id='line_1_13' title="bbox 522 1223 2115 1297; baseline 0.001 -16"><span class='ocrx_word' id='word_1_91' title='bbox 522 1227 674 1297; x_wconf 90' lang='lat' dir='ltr'><strong>quasi</strong></span> <span class='ocrx_word' id='word_1_92' title='bbox 703 1227 871 1293; x_wconf 82' lang='lat' dir='ltr'><strong>Deus,</strong></span> <span class='ocrx_word' id='word_1_93' title='bbox 903 1242 1061 1282; x_wconf 84' lang='lat' dir='ltr'><strong>verus</strong></span> <span class='ocrx_word' id='word_1_94' title='bbox 1094 1225 1187 1281; x_wconf 91' lang='lat' dir='ltr'><strong>Dei</strong></span> <span class='ocrx_word' id='word_1_95' title='bbox 1232 1225 1394 1289; x_wconf 86' lang='lat' dir='ltr'><strong>filius,</strong></span> <span class='ocrx_word' id='word_1_96' title='bbox 1426 1233 1483 1279; x_wconf 89' lang='lat' dir='ltr'><strong>et</strong></span> <span class='ocrx_word' id='word_1_97' title='bbox 1521 1224 1676 1294; x_wconf 89' lang='lat' dir='ltr'><strong>quasi</strong></span> <span class='ocrx_word' id='word_1_98' title='bbox 1710 1223 1882 1281; x_wconf 90' lang='lat' dir='ltr'><strong>virtus</strong></span> <span class='ocrx_word' id='word_1_99' title='bbox 1910 1223 2115 1297; x_wconf 79' lang='lat' dir='ltr'><strong>sempi-</strong></span> 
     </span>
    </p>
   </div>
   <div class='ocr_carea' id='block_1_14' title="bbox 523 1314 2118 1389">
    <p class='ocr_par' dir='ltr' id='par_1_14' title="bbox 523 1314 2118 1389">
     <span class='ocr_line' id='line_1_14' title="bbox 523 1314 2118 1389; baseline -0.001 -16"><span class='ocrx_word' id='word_1_100' title='bbox 523 1328 677 1375; x_wconf 83' lang='lat' dir='ltr'><strong>terna</strong></span> <span class='ocrx_word' id='word_1_101' title='bbox 723 1334 885 1389; x_wconf 87' lang='lat' dir='ltr'><strong>supra</strong></span> <span class='ocrx_word' id='word_1_102' title='bbox 921 1327 1187 1388; x_wconf 66' lang='lat' dir='ltr'><strong>tempora,</strong></span> <span class='ocrx_word' id='word_1_103' title='bbox 1228 1331 1388 1386; x_wconf 84' lang='lat' dir='ltr'><strong>quem</strong></span> <span class='ocrx_word' id='word_1_104' title='bbox 1431 1315 1610 1371; x_wconf 89' lang='lat' dir='ltr'><strong>nullus</strong></span> <span class='ocrx_word' id='word_1_105' title='bbox 1655 1324 1955 1387; x_wconf 89' lang='lat' dir='ltr'><strong>temporum</strong></span> <span class='ocrx_word' id='word_1_106' title='bbox 1993 1314 2118 1373; x_wconf 86' lang='lat' dir='ltr'><strong>linis</strong></span> 
     </span>
    </p>
   </div>
   <div class='ocr_carea' id='block_1_15' title="bbox 520 1410 2115 1483">
    <p class='ocr_par' dir='ltr' id='par_1_15' title="bbox 520 1410 2115 1483">
     <span class='ocr_line' id='line_1_15' title="bbox 520 1410 2115 1483; baseline -0.001 -17"><span class='ocrx_word' id='word_1_107' title='bbox 520 1410 761 1469; x_wconf 80' lang='lat' dir='ltr'><strong>includat</strong></span> <span class='ocrx_word' id='word_1_108' title='bbox 787 1428 799 1465; x_wconf 90' lang='lat'>:</span> <span class='ocrx_word' id='word_1_109' title='bbox 830 1412 982 1482; x_wconf 88' lang='lat' dir='ltr'><strong>quasi</strong></span> <span class='ocrx_word' id='word_1_110' title='bbox 1012 1411 1119 1469; x_wconf 87' lang='lat' dir='ltr'><strong>vita</strong></span> <span class='ocrx_word' id='word_1_111' title='bbox 1139 1425 1302 1481; x_wconf 85' lang='lat' dir='ltr'><strong>supra</strong></span> <span class='ocrx_word' id='word_1_112' title='bbox 1335 1418 1601 1483; x_wconf 81' lang='lat' dir='ltr'><strong>tempora,</strong></span> <span class='ocrx_word' id='word_1_113' title='bbox 1628 1424 1788 1481; x_wconf 85' lang='lat' dir='ltr'><strong>quem</strong></span> <span class='ocrx_word' id='word_1_114' title='bbox 1820 1423 2115 1480; x_wconf 79' lang='lat' dir='ltr'><strong>numquam</strong></span> 
     </span>
    </p>
   </div>
   <div class='ocr_carea' id='block_1_16' title="bbox 522 1504 2111 1578">
    <p class='ocr_par' dir='ltr' id='par_1_16' title="bbox 522 1504 2111 1578">
     <span class='ocr_line' id='line_1_16' title="bbox 522 1504 2111 1578; baseline -0.001 -18"><span class='ocrx_word' id='word_1_115' title='bbox 522 1506 642 1563; x_wconf 88' lang='lat' dir='ltr'><strong>dies</strong></span> <span class='ocrx_word' id='word_1_116' title='bbox 672 1504 864 1565; x_wconf 88' lang='lat' dir='ltr'><strong>mortis</strong></span> <span class='ocrx_word' id='word_1_117' title='bbox 886 1504 1149 1571; x_wconf 87' lang='lat' dir='ltr'><strong>inveniat;</strong></span> <span class='ocrx_word' id='word_1_118' title='bbox 1185 1504 1334 1572; x_wconf 78' lang='lat' dir='ltr'><strong>Quod</strong></span> <span class='ocrx_word' id='word_1_119' title='bbox 1360 1504 1495 1559; x_wconf 88' lang='lat' dir='ltr'><strong>enim</strong></span> <span class='ocrx_word' id='word_1_120' title='bbox 1526 1514 1757 1559; x_wconf 82' lang='lat' dir='ltr'><strong>mortuus</strong></span> <span class='ocrx_word' id='word_1_121' title='bbox 1776 1512 1850 1558; x_wconf 87' lang='lat' dir='ltr'><strong>est</strong></span> <span class='ocrx_word' id='word_1_122' title='bbox 1883 1512 2111 1578; x_wconf 77' lang='lat' dir='ltr'><strong>peccato,</strong></span> 
     </span>
    </p>
   </div>
   <div class='ocr_carea' id='block_1_17' title="bbox 522 1593 2111 1670">
    <p class='ocr_par' dir='ltr' id='par_1_17' title="bbox 522 1593 2111 1670">
     <span class='ocr_line' id='line_1_17' title="bbox 522 1593 2111 1670; baseline -0.001 -18"><span class='ocrx_word' id='word_1_123' title='bbox 522 1610 755 1659; x_wconf 79' lang='lat' dir='ltr'><strong>nim-tuus</strong></span> <span class='ocrx_word' id='word_1_124' title='bbox 779 1608 857 1659; x_wconf 81' lang='lat' dir='ltr'><strong>est</strong></span> <span class='ocrx_word' id='word_1_125' title='bbox 887 1597 1082 1655; x_wconf 82' lang='lat' dir='ltr'><strong>semel:</strong></span> <span class='ocrx_word' id='word_1_126' title='bbox 1104 1598 1242 1670; x_wconf 86' lang='lat' dir='ltr'><strong>quod</strong></span> <span class='ocrx_word' id='word_1_127' title='bbox 1269 1607 1447 1655; x_wconf 84' lang='lat' dir='ltr'><strong>autem</strong></span> <span class='ocrx_word' id='word_1_128' title='bbox 1479 1596 1623 1665; x_wconf 80' lang='lat' dir='ltr'><strong>vivit,</strong></span> <span class='ocrx_word' id='word_1_129' title='bbox 1653 1596 1773 1653; x_wconf 82' lang='lat' dir='ltr'><strong>vivit</strong></span> <span class='ocrx_word' id='word_1_130' title='bbox 1799 1594 1909 1651; x_wconf 83' lang='lat' dir='ltr'><strong>Deo</strong></span> <span class='ocrx_word' id='word_1_131' title='bbox 1934 1593 2111 1669; x_wconf 84' lang='lat' dir='ltr'><strong>(Rom.</strong></span> 
     </span>
    </p>
   </div>
   <div class='ocr_carea' id='block_1_18' title="bbox 521 1688 736 1760">
    <p class='ocr_par' dir='ltr' id='par_1_18' title="bbox 521 1688 736 1760">
     <span class='ocr_line' id='line_1_18' title="bbox 521 1688 736 1760; baseline -0.005 -17"><span class='ocrx_word' id='word_1_132' title='bbox 521 1705 594 1756; x_wconf 77' lang='lat' dir='ltr'><strong>Vl,</strong></span> <span class='ocrx_word' id='word_1_133' title='bbox 622 1688 736 1760; x_wconf 83' lang='grc'><strong>10).</strong></span> 
     </span>
    </p>
   </div>
   <div class='ocr_carea' id='block_1_19' title="bbox 2222 483 3798 565">
    <p class='ocr_par' dir='ltr' id='par_1_19' title="bbox 2222 483 3798 565">
     <span class='ocr_line' id='line_1_19' title="bbox 2222 483 3798 565; baseline 0.005 -26"><span class='ocrx_word' id='word_1_134' title='bbox 2222 483 2602 565; x_wconf 82' lang='lat' dir='ltr'><strong>dereliquerit,</strong></span> <span class='ocrx_word' id='word_1_135' title='bbox 2631 486 2752 547; x_wconf 79' lang='lat' dir='ltr'><strong>sine</strong></span> <span class='ocrx_word' id='word_1_136' title='bbox 2780 485 2946 545; x_wconf 84' lang='lat' dir='ltr'><strong>dubio</strong></span> <span class='ocrx_word' id='word_1_137' title='bbox 2976 503 3084 548; x_wconf 90' lang='lat' dir='ltr'><strong>non</strong></span> <span class='ocrx_word' id='word_1_138' title='bbox 3114 488 3311 562; x_wconf 86' lang='lat' dir='ltr'><strong>poterit</strong></span> <span class='ocrx_word' id='word_1_139' title='bbox 3342 487 3604 561; x_wconf 88' lang='lat' dir='ltr'><strong>reperiri;</strong></span> <span class='ocrx_word' id='word_1_140' title='bbox 3628 488 3706 560; x_wconf 92' lang='lat' dir='ltr'><strong>qui</strong></span> <span class='ocrx_word' id='word_1_141' title='bbox 3730 490 3798 547; x_wconf 90' lang='lat' dir='ltr'><strong>in-</strong></span> 
     </span>
    </p>
   </div>
   <div class='ocr_carea' id='block_1_20' title="bbox 2221 576 3796 655">
    <p class='ocr_par' dir='ltr' id='par_1_20' title="bbox 2221 576 3796 655">
     <span class='ocr_line' id='line_1_20' title="bbox 2221 576 3796 655; baseline 0.007 -24"><span class='ocrx_word' id='word_1_142' title='bbox 2221 576 2416 648; x_wconf 86' lang='lat' dir='ltr'><strong>dignus</strong></span> <span class='ocrx_word' id='word_1_143' title='bbox 2447 588 2551 647; x_wconf 88' lang='lat' dir='ltr'><strong>est,</strong></span> <span class='ocrx_word' id='word_1_144' title='bbox 2585 586 2644 639; x_wconf 92' lang='lat' dir='ltr'><strong>ut</strong></span> <span class='ocrx_word' id='word_1_145' title='bbox 2694 589 2988 650; x_wconf 79' lang='lat' dir='ltr'><strong>quaeratur.</strong></span> <span class='ocrx_word' id='word_1_146' title='bbox 3031 579 3197 639; x_wconf 83' lang='lat' dir='ltr'><strong>David</strong></span> <span class='ocrx_word' id='word_1_147' title='bbox 3250 596 3383 653; x_wconf 82' lang='lat' dir='ltr'><strong>ergo</strong></span> <span class='ocrx_word' id='word_1_148' title='bbox 3440 583 3594 655; x_wconf 88' lang='lat' dir='ltr'><strong>quasi</strong></span> <span class='ocrx_word' id='word_1_149' title='bbox 3642 581 3796 642; x_wconf 85' lang='lat' dir='ltr'><strong>bonus</strong></span> 
     </span>
    </p>
   </div>
   <div class='ocr_carea' id='block_1_21' title="bbox 2219 668 3798 742">
    <p class='ocr_par' dir='ltr' id='par_1_21' title="bbox 2219 668 3798 742">
     <span class='ocr_line' id='line_1_21' title="bbox 2219 668 3798 742; baseline 0.006 -19"><span class='ocrx_word' id='word_1_150' title='bbox 2219 668 2420 725; x_wconf 84' lang='lat' dir='ltr'><strong>athleta</strong></span> <span class='ocrx_word' id='word_1_151' title='bbox 2449 669 2580 726; x_wconf 91' lang='lat' dir='ltr'><strong>dicit</strong></span> <span class='ocrx_word' id='word_1_152' title='bbox 2610 687 2624 725; x_wconf 89' lang='lat'><strong>:</strong></span> <span class='ocrx_word' id='word_1_153' title='bbox 2650 670 2948 739; x_wconf 37' lang='lat' dir='ltr'><strong>.Tribulatia</strong></span> <span class='ocrx_word' id='word_1_154' title='bbox 2969 682 3014 727; x_wconf 89' lang='lat' dir='ltr'><strong>et</strong></span> <span class='ocrx_word' id='word_1_155' title='bbox 3041 673 3319 729; x_wconf 73' lang='lat' dir='ltr'><strong>necessitas</strong></span> <span class='ocrx_word' id='word_1_156' title='bbox 3363 674 3657 733; x_wconf 77' lang='lat' dir='ltr'><strong>invenerunt</strong></span> <span class='ocrx_word' id='word_1_157' title='bbox 3698 691 3798 742; x_wconf 84' lang='lat' dir='ltr'><strong>me;</strong></span> 
     </span>
    </p>
   </div>
   <div class='ocr_carea' id='block_1_22' title="bbox 2219 761 3797 837">
    <p class='ocr_par' dir='ltr' id='par_1_22' title="bbox 2219 761 3797 837">
     <span class='ocr_line' id='line_1_22' title="bbox 2219 761 3797 837; baseline 0.004 -21"><span class='ocrx_word' id='word_1_158' title='bbox 2219 761 2343 832; x_wconf 86' lang='lat' dir='ltr'><strong>quia</strong></span> <span class='ocrx_word' id='word_1_159' title='bbox 2375 772 2622 833; x_wconf 84' lang='lat' dir='ltr'><strong>paratum</strong></span> <span class='ocrx_word' id='word_1_160' title='bbox 2647 779 2868 836; x_wconf 80' lang='lat' dir='ltr'><strong>semper</strong></span> <span class='ocrx_word' id='word_1_161' title='bbox 2912 763 3243 833; x_wconf 85' lang='lat' dir='ltr'><strong>habuerunt,</strong></span> <span class='ocrx_word' id='word_1_162' title='bbox 3297 780 3407 822; x_wconf 89' lang='lat' dir='ltr'><strong>non</strong></span> <span class='ocrx_word' id='word_1_163' title='bbox 3463 764 3797 837; x_wconf 76' lang='lat' dir='ltr'><strong>refugientem</strong></span> 
     </span>
    </p>
   </div>
   <div class='ocr_carea' id='block_1_23' title="bbox 2218 855 3794 929">
    <p class='ocr_par' dir='ltr' id='par_1_23' title="bbox 2218 855 3794 929">
     <span class='ocr_line' id='line_1_23' title="bbox 2218 855 3794 929; baseline 0.006 -21"><span class='ocrx_word' id='word_1_164' title='bbox 2218 855 2603 913; x_wconf 74' lang='lat' dir='ltr'><strong>necessitatum</strong></span> <span class='ocrx_word' id='word_1_165' title='bbox 2633 865 2689 917; x_wconf 88' lang='lat' dir='ltr'><strong>et</strong></span> <span class='ocrx_word' id='word_1_166' title='bbox 2716 857 3125 917; x_wconf 80' lang='lat' dir='ltr'><strong>tribulationum</strong></span> <span class='ocrx_word' id='word_1_167' title='bbox 3153 858 3361 928; x_wconf 65' lang='lat' dir='ltr'><strong>praelia,</strong></span> <span class='ocrx_word' id='word_1_168' title='bbox 3390 858 3486 914; x_wconf 89' lang='lat' dir='ltr'><strong>sed</strong></span> <span class='ocrx_word' id='word_1_169' title='bbox 3518 867 3794 929; x_wconf 81' lang='lat' dir='ltr'><strong>petentem.</strong></span> 
     </span>
    </p>
   </div>
   <div class='ocr_carea' id='block_1_24' title="bbox 2290 947 3799 1022">
    <p class='ocr_par' dir='ltr' id='par_1_24' title="bbox 2290 947 3799 1022">
     <span class='ocr_line' id='line_1_24' title="bbox 2290 947 3799 1022; baseline 0.003 -19"><span class='ocrx_word' id='word_1_170' title='bbox 2290 947 2383 1003; x_wconf 76' lang='grc'><strong>65.</strong></span> <span class='ocrx_word' id='word_1_171' title='bbox 2427 947 2605 1019; x_wconf 81' lang='lat' dir='ltr'><strong>(Vers.</strong></span> <span class='ocrx_word' id='word_1_172' title='bbox 2644 949 2796 1022; x_wconf 72' lang='grc'><strong>144.)</strong></span> <span class='ocrx_word' id='word_1_173' title='bbox 2836 950 3130 1022; x_wconf 76' lang='lat' dir='ltr'><strong>Sequitur;</strong></span> <span class='ocrx_word' id='word_1_174' title='bbox 3160 948 3314 1006; x_wconf 83' lang='lat' dir='ltr'><strong>Justa</strong></span> <span class='ocrx_word' id='word_1_175' title='bbox 3340 951 3631 1007; x_wconf 84' lang='lat' dir='ltr'><strong>testimonia</strong></span> <span class='ocrx_word' id='word_1_176' title='bbox 3654 962 3734 1007; x_wconf 86' lang='lat' dir='ltr'><strong>tua</strong></span> <span class='ocrx_word' id='word_1_177' title='bbox 3753 953 3799 1008; x_wconf 85' lang='lat' dir='ltr'><strong>in</strong></span> 
     </span>
    </p>
   </div>
   <div class='ocr_carea' id='block_1_25' title="bbox 2218 1042 3797 1114">
    <p class='ocr_par' dir='ltr' id='par_1_25' title="bbox 2218 1042 3797 1114">
     <span class='ocr_line' id='line_1_25' title="bbox 2218 1042 3797 1114; baseline 0.001 -17"><span class='ocrx_word' id='word_1_178' title='bbox 2218 1047 2485 1111; x_wconf 57' lang='lat' dir='ltr'><strong>atternunt;</strong></span> <span class='ocrx_word' id='word_1_179' title='bbox 2520 1042 2830 1099; x_wconf 84' lang='lat' dir='ltr'><strong>intellectum</strong></span> <span class='ocrx_word' id='word_1_180' title='bbox 2858 1044 2927 1101; x_wconf 86' lang='lat' dir='ltr'><strong>da</strong></span> <span class='ocrx_word' id='word_1_181' title='bbox 2979 1042 3109 1101; x_wconf 81' lang='lat' dir='ltr'><strong>mihi</strong></span> <span class='ocrx_word' id='word_1_182' title='bbox 3139 1058 3338 1111; x_wconf 86' lang='lat' dir='ltr'><strong>eorum,</strong></span> <span class='ocrx_word' id='word_1_183' title='bbox 3388 1053 3435 1099; x_wconf 86' lang='lat' dir='ltr'><strong>et</strong></span> <span class='ocrx_word' id='word_1_184' title='bbox 3477 1043 3674 1114; x_wconf 81' lang='lat' dir='ltr'><strong>vioiﬁca</strong></span> <span class='ocrx_word' id='word_1_185' title='bbox 3710 1060 3797 1099; x_wconf 82' lang='lat' dir='ltr'><strong>me.</strong></span> 
     </span>
    </p>
   </div>
   <div class='ocr_carea' id='block_1_26' title="bbox 2218 1132 3802 1209">
    <p class='ocr_par' dir='ltr' id='par_1_26' title="bbox 2218 1132 3802 1209">
     <span class='ocr_line' id='line_1_26' title="bbox 2218 1132 3802 1209; baseline 0.005 -22"><span class='ocrx_word' id='word_1_186' title='bbox 2218 1132 2352 1201; x_wconf 83' lang='lat' dir='ltr'><strong>Quis</strong></span> <span class='ocrx_word' id='word_1_187' title='bbox 2376 1142 2578 1200; x_wconf 83' lang='lat' dir='ltr'><strong>tantus,</strong></span> <span class='ocrx_word' id='word_1_188' title='bbox 2605 1134 2692 1205; x_wconf 88' lang='lat' dir='ltr'><strong>qui</strong></span> <span class='ocrx_word' id='word_1_189' title='bbox 2720 1134 2889 1208; x_wconf 86' lang='lat' dir='ltr'><strong>possit</strong></span> <span class='ocrx_word' id='word_1_190' title='bbox 2912 1133 3222 1209; x_wconf 86' lang='lat' dir='ltr'><strong>intelligere</strong></span> <span class='ocrx_word' id='word_1_191' title='bbox 3247 1134 3459 1195; x_wconf 87' lang='lat' dir='ltr'><strong>Domini</strong></span> <span class='ocrx_word' id='word_1_192' title='bbox 3483 1133 3802 1195; x_wconf 80' lang='lat' dir='ltr'><strong>testimonia?</strong></span> 
     </span>
    </p>
   </div>
   <div class='ocr_carea' id='block_1_27' title="bbox 2219 1223 3801 1299">
    <p class='ocr_par' dir='ltr' id='par_1_27' title="bbox 2219 1223 3801 1299">
     <span class='ocr_line' id='line_1_27' title="bbox 2219 1223 3801 1299; baseline 0.003 -19"><span class='ocrx_word' id='word_1_193' title='bbox 2219 1223 2288 1281; x_wconf 88' lang='lat' dir='ltr'><strong>Et</strong></span> <span class='ocrx_word' id='word_1_194' title='bbox 2329 1225 2452 1283; x_wconf 88' lang='lat' dir='ltr'><strong>ideo</strong></span> <span class='ocrx_word' id='word_1_195' title='bbox 2481 1226 2786 1285; x_wconf 87' lang='lat' dir='ltr'><strong>intellectus</strong></span> <span class='ocrx_word' id='word_1_196' title='bbox 2818 1242 2848 1283; x_wconf 90' lang='lat' dir='ltr'><strong>a</strong></span> <span class='ocrx_word' id='word_1_197' title='bbox 2879 1227 3114 1287; x_wconf 89' lang='lat' dir='ltr'><strong>Domino</strong></span> <span class='ocrx_word' id='word_1_198' title='bbox 3143 1227 3504 1298; x_wconf 79' lang='lat' dir='ltr'><strong>postulandus</strong></span> <span class='ocrx_word' id='word_1_199' title='bbox 3530 1240 3633 1292; x_wconf 87' lang='lat' dir='ltr'><strong>est.</strong></span> <span class='ocrx_word' id='word_1_200' title='bbox 3658 1230 3801 1299; x_wconf 78' lang='lat' dir='ltr'><strong>cujus</strong></span> 
     </span>
    </p>
   </div>
   <div class='ocr_carea' id='block_1_28' title="bbox 2218 1319 3798 1390">
    <p class='ocr_par' dir='ltr' id='par_1_28' title="bbox 2218 1319 3798 1390">
     <span class='ocr_line' id='line_1_28' title="bbox 2218 1319 3798 1390; baseline 0.004 -20"><span class='ocrx_word' id='word_1_201' title='bbox 2218 1323 2366 1373; x_wconf 86' lang='lat' dir='ltr'><strong>tanta</strong></span> <span class='ocrx_word' id='word_1_202' title='bbox 2397 1328 2478 1374; x_wconf 85' lang='lat' dir='ltr'><strong>est</strong></span> <span class='ocrx_word' id='word_1_203' title='bbox 2507 1319 2615 1384; x_wconf 82' lang='lat' dir='ltr'><strong>vis;</strong></span> <span class='ocrx_word' id='word_1_204' title='bbox 2646 1329 2704 1379; x_wconf 84' lang='lat' dir='ltr'><strong>ut</strong></span> <span class='ocrx_word' id='word_1_205' title='bbox 2732 1319 2947 1379; x_wconf 88' lang='lat' dir='ltr'><strong>initium</strong></span> <span class='ocrx_word' id='word_1_206' title='bbox 2975 1319 3094 1390; x_wconf 90' lang='lat' dir='ltr'><strong>ejus</strong></span> <span class='ocrx_word' id='word_1_207' title='bbox 3133 1321 3204 1379; x_wconf 89' lang='lat' dir='ltr'><strong>sit</strong></span> <span class='ocrx_word' id='word_1_208' title='bbox 3254 1320 3534 1389; x_wconf 87' lang='lat' dir='ltr'><strong>plenitudo</strong></span> <span class='ocrx_word' id='word_1_209' title='bbox 3582 1319 3798 1385; x_wconf 84' lang='lat' dir='ltr'><strong>virtutis.</strong></span> 
     </span>
    </p>
   </div>
   <div class='ocr_carea' id='block_1_29' title="bbox 2220 1407 3802 1480">
    <p class='ocr_par' dir='ltr' id='par_1_29' title="bbox 2220 1407 3802 1480">
     <span class='ocr_line' id='line_1_29' title="bbox 2220 1407 3802 1480; baseline 0.003 -17"><span class='ocrx_word' id='word_1_210' title='bbox 2220 1407 2462 1479; x_wconf 84' lang='lat' dir='ltr'><strong>Denique</strong></span> <span class='ocrx_word' id='word_1_211' title='bbox 2482 1412 2746 1480; x_wconf 83' lang='lat' dir='ltr'><strong>scriptum</strong></span> <span class='ocrx_word' id='word_1_212' title='bbox 2769 1420 2855 1469; x_wconf 86' lang='lat' dir='ltr'><strong>est</strong></span> <span class='ocrx_word' id='word_1_213' title='bbox 2895 1430 2908 1465; x_wconf 90' lang='lat'><strong>:</strong></span> <span class='ocrx_word' id='word_1_214' title='bbox 2954 1409 3132 1469; x_wconf 85' lang='lat' dir='ltr'><strong>Pietas</strong></span> <span class='ocrx_word' id='word_1_215' title='bbox 3163 1422 3338 1470; x_wconf 86' lang='lat' dir='ltr'><strong>autem</strong></span> <span class='ocrx_word' id='word_1_216' title='bbox 3382 1413 3436 1467; x_wconf 90' lang='lat' dir='ltr'><strong>in</strong></span> <span class='ocrx_word' id='word_1_217' title='bbox 3472 1409 3584 1471; x_wconf 83' lang='lat' dir='ltr'><strong>Deo</strong></span> <span class='ocrx_word' id='word_1_218' title='bbox 3611 1414 3802 1469; x_wconf 86' lang='lat' dir='ltr'><strong>initium</strong></span> 
     </span>
    </p>
   </div>
   <div class='ocr_carea' id='block_1_30' title="bbox 2215 1501 3802 1579">
    <p class='ocr_par' dir='ltr' id='par_1_30' title="bbox 2215 1501 3802 1579">
     <span class='ocr_line' id='line_1_30' title="bbox 2215 1501 3802 1579; baseline 0.007 -24"><span class='ocrx_word' id='word_1_219' title='bbox 2215 1501 2505 1562; x_wconf 87' lang='lat' dir='ltr'><strong>intellectus</strong></span> <span class='ocrx_word' id='word_1_220' title='bbox 2534 1501 2720 1577; x_wconf 81' lang='lat' dir='ltr'><strong>(Prov.</strong></span> <span class='ocrx_word' id='word_1_221' title='bbox 2751 1521 2791 1575; x_wconf 83' lang='grc' dir='ltr'><em>ι,</em></span> <span class='ocrx_word' id='word_1_222' title='bbox 2825 1503 2906 1579; x_wconf 88' lang='lat'><strong>7),</strong></span> <span class='ocrx_word' id='word_1_223' title='bbox 2936 1520 3059 1575; x_wconf 80' lang='lat' dir='ltr'><strong>quae</strong></span> <span class='ocrx_word' id='word_1_224' title='bbox 3107 1506 3371 1561; x_wconf 90' lang='lat' dir='ltr'><strong>virtutum</strong></span> <span class='ocrx_word' id='word_1_225' title='bbox 3421 1506 3660 1565; x_wconf 85' lang='lat' dir='ltr'><strong>omnium</strong></span> <span class='ocrx_word' id='word_1_226' title='bbox 3691 1506 3802 1565; x_wconf 77' lang='grc' dir='ltr'>[ιιιιο</span> 
     </span>
    </p>
   </div>
   <div class='ocr_carea' id='block_1_31' title="bbox 2217 1591 3805 1669">
    <p class='ocr_par' dir='ltr' id='par_1_31' title="bbox 2217 1591 3805 1669">
     <span class='ocr_line' id='line_1_31' title="bbox 2217 1591 3805 1669; baseline 0.006 -21"><span class='ocrx_word' id='word_1_227' title='bbox 2217 1591 2530 1653; x_wconf 89' lang='lat' dir='ltr'><strong>dameutum</strong></span> <span class='ocrx_word' id='word_1_228' title='bbox 2574 1607 2657 1653; x_wconf 89' lang='lat' dir='ltr'><strong>est</strong></span> <span class='ocrx_word' id='word_1_229' title='bbox 2710 1598 2863 1669; x_wconf 79' lang='lat' dir='ltr'><strong>juxta</strong></span> <span class='ocrx_word' id='word_1_230' title='bbox 2924 1599 3282 1658; x_wconf 83' lang='lat' dir='ltr'><strong>humanarum</strong></span> <span class='ocrx_word' id='word_1_231' title='bbox 3332 1614 3515 1659; x_wconf 85' lang='lat' dir='ltr'><strong>rerum</strong></span> <span class='ocrx_word' id='word_1_232' title='bbox 3571 1610 3626 1655; x_wconf 87' lang='lat' dir='ltr'><strong>et</strong></span> <span class='ocrx_word' id='word_1_233' title='bbox 3656 1602 3805 1657; x_wconf 52' lang='lat' dir='ltr'><strong>caele.</strong></span> 
     </span>
    </p>
   </div>
   <div class='ocr_carea' id='block_1_32' title="bbox 2218 1686 3805 1766">
    <p class='ocr_par' dir='ltr' id='par_1_32' title="bbox 2218 1686 3805 1766">
     <span class='ocr_line' id='line_1_32' title="bbox 2218 1686 3805 1766; baseline 0.008 -26"><span class='ocrx_word' id='word_1_234' title='bbox 2218 1686 2381 1741; x_wconf 88' lang='lat' dir='ltr'><strong>stium</strong></span> <span class='ocrx_word' id='word_1_235' title='bbox 2439 1686 2805 1761; x_wconf 90' lang='lat' dir='ltr'><strong>disciplinam.</strong></span> <span class='ocrx_word' id='word_1_236' title='bbox 2868 1690 3049 1751; x_wconf 83' lang='lat' dir='ltr'><strong>Pietas</strong></span> <span class='ocrx_word' id='word_1_237' title='bbox 3080 1690 3255 1751; x_wconf 85' lang='lat' dir='ltr'><strong>amica</strong></span> <span class='ocrx_word' id='word_1_238' title='bbox 3308 1691 3446 1763; x_wconf 88' lang='lat' dir='ltr'><strong>Deo,</strong></span> <span class='ocrx_word' id='word_1_239' title='bbox 3504 1695 3805 1766; x_wconf 85' lang='lat' dir='ltr'><strong>parentibus</strong></span> 
     </span>
    </p>
   </div>
   <div class='ocr_carea' id='block_1_33' title="bbox 590 1778 3804 1864">
    <p class='ocr_par' dir='ltr' id='par_1_33' title="bbox 590 1778 3804 1864">
     <span class='ocr_line' id='line_1_33' title="bbox 590 1778 3804 1864; baseline 0.002 -27"><span class='ocrx_word' id='word_1_240' title='bbox 590 1782 684 1845; x_wconf 71' lang='grc'><strong>42.</strong></span> <span class='ocrx_word' id='word_1_241' title='bbox 726 1782 897 1847; x_wconf 81' lang='lat' dir='ltr'><strong>Audis</strong></span> <span class='ocrx_word' id='word_1_242' title='bbox 927 1783 1058 1863; x_wconf 87' lang='lat' dir='ltr'><strong>quid</strong></span> <span class='ocrx_word' id='word_1_243' title='bbox 1099 1782 1309 1841; x_wconf 80' lang='lat' dir='ltr'><strong>dixerit</strong></span> <span class='ocrx_word' id='word_1_244' title='bbox 1336 1782 1500 1841; x_wconf 87' lang='lat' dir='ltr'><strong>hodie</strong></span> <span class='ocrx_word' id='word_1_245' title='bbox 1529 1782 1859 1853; x_wconf 80' lang='lat' dir='ltr'><strong>Apostolus?</strong></span> <span class='ocrx_word' id='word_1_246' title='bbox 1888 1781 2112 1837; x_wconf 82' lang='lat' dir='ltr'><strong>Peeeato</strong></span> <span class='ocrx_word' id='word_1_247' title='bbox 2143 1802 2189 1864; x_wconf 70' lang='grc' dir='ltr'><strong>Β</strong></span> <span class='ocrx_word' id='word_1_248' title='bbox 2216 1790 2388 1848; x_wconf 85' lang='lat' dir='ltr'><strong>grata,</strong></span> <span class='ocrx_word' id='word_1_249' title='bbox 2414 1778 2701 1836; x_wconf 90' lang='lat' dir='ltr'><strong>Dominum</strong></span> <span class='ocrx_word' id='word_1_250' title='bbox 2734 1781 3014 1853; x_wconf 90' lang='lat' dir='ltr'><strong>conciliat,</strong></span> <span class='ocrx_word' id='word_1_251' title='bbox 3043 1784 3478 1841; x_wconf 83' lang='lat' dir='ltr'><strong>necessitudines</strong></span> <span class='ocrx_word' id='word_1_252' title='bbox 3527 1784 3690 1853; x_wconf 86' lang='lat' dir='ltr'><strong>fovet,</strong></span> <span class='ocrx_word' id='word_1_253' title='bbox 3720 1786 3804 1841; x_wconf 87' lang='lat' dir='ltr'><strong>Dei</strong></span> 
     </span>
    </p>
   </div>
   <div class='ocr_carea' id='block_1_34' title="bbox 519 1876 2115 1948">
    <p class='ocr_par' dir='ltr' id='par_1_34' title="bbox 519 1876 2115 1948">
     <span class='ocr_line' id='line_1_34' title="bbox 519 1876 2115 1948; baseline -0.001 -17"><span class='ocrx_word' id='word_1_254' title='bbox 519 1877 714 1948; x_wconf 86' lang='lat' dir='ltr'><strong>inquit,</strong></span> <span class='ocrx_word' id='word_1_255' title='bbox 749 1888 981 1933; x_wconf 88' lang='lat' dir='ltr'><strong>mortuus</strong></span> <span class='ocrx_word' id='word_1_256' title='bbox 1024 1885 1097 1932; x_wconf 84' lang='lat' dir='ltr'><strong>est</strong></span> <span class='ocrx_word' id='word_1_257' title='bbox 1120 1877 1294 1935; x_wconf 88' lang='lat' dir='ltr'><strong>semel.</strong></span> <span class='ocrx_word' id='word_1_258' title='bbox 1334 1876 1516 1933; x_wconf 88' lang='lat' dir='ltr'><strong>Semel</strong></span> <span class='ocrx_word' id='word_1_259' title='bbox 1542 1877 1635 1932; x_wconf 88' lang='lat' dir='ltr'><strong>tibi</strong></span> <span class='ocrx_word' id='word_1_260' title='bbox 1665 1876 1935 1945; x_wconf 86' lang='lat' dir='ltr'><strong>peccatori</strong></span> <span class='ocrx_word' id='word_1_261' title='bbox 1970 1890 2115 1930; x_wconf 89' lang='lat' dir='ltr'><strong>mor-</strong></span> 
     </span>
    </p>
   </div>
   <div class='ocr_carea' id='block_1_35' title="bbox 520 1968 2116 2040">
    <p class='ocr_par' dir='ltr' id='par_1_35' title="bbox 520 1968 2116 2040">
     <span class='ocr_line' id='line_1_35' title="bbox 520 1968 2116 2040; baseline 0.001 -17"><span class='ocrx_word' id='word_1_262' title='bbox 520 1978 643 2027; x_wconf 89' lang='lat' dir='ltr'><strong>tuus</strong></span> <span class='ocrx_word' id='word_1_263' title='bbox 669 1978 753 2027; x_wconf 88' lang='lat' dir='ltr'><strong>est</strong></span> <span class='ocrx_word' id='word_1_264' title='bbox 782 1968 1071 2029; x_wconf 84' lang='lat' dir='ltr'><strong>Christus:</strong></span> <span class='ocrx_word' id='word_1_265' title='bbox 1116 1969 1226 2025; x_wconf 92' lang='lat' dir='ltr'><strong>noli</strong></span> <span class='ocrx_word' id='word_1_266' title='bbox 1256 1968 1453 2033; x_wconf 88' lang='lat' dir='ltr'><strong>iterum</strong></span> <span class='ocrx_word' id='word_1_267' title='bbox 1489 1983 1713 2040; x_wconf 86' lang='lat' dir='ltr'><strong>peccare</strong></span> <span class='ocrx_word' id='word_1_268' title='bbox 1764 1978 1883 2038; x_wconf 89' lang='lat' dir='ltr'><strong>post</strong></span> <span class='ocrx_word' id='word_1_269' title='bbox 1913 1968 2116 2039; x_wconf 88' lang='lat' dir='ltr'><strong>baptis—</strong></span> 
     </span>
    </p>
   </div>
   <div class='ocr_carea' id='block_1_36' title="bbox 520 2060 2117 2126">
    <p class='ocr_par' dir='ltr' id='par_1_36' title="bbox 520 2060 2117 2126">
     <span class='ocr_line' id='line_1_36' title="bbox 520 2060 2117 2126; baseline -0.001 -10"><span class='ocrx_word' id='word_1_270' title='bbox 520 2078 689 2121; x_wconf 88' lang='lat' dir='ltr'><strong>mum.</strong></span> <span class='ocrx_word' id='word_1_271' title='bbox 728 2060 994 2121; x_wconf 80' lang='lat' dir='ltr'><strong>Omnibus</strong></span> <span class='ocrx_word' id='word_1_272' title='bbox 1025 2064 1079 2119; x_wconf 91' lang='lat' dir='ltr'><strong>in</strong></span> <span class='ocrx_word' id='word_1_273' title='bbox 1126 2076 1416 2121; x_wconf 88' lang='lat' dir='ltr'><strong>commune</strong></span> <span class='ocrx_word' id='word_1_274' title='bbox 1444 2061 1613 2118; x_wconf 89' lang='lat' dir='ltr'><strong>semel</strong></span> <span class='ocrx_word' id='word_1_275' title='bbox 1643 2067 1887 2121; x_wconf 86' lang='lat' dir='ltr'><strong>mortuus</strong></span> <span class='ocrx_word' id='word_1_276' title='bbox 1930 2068 2034 2126; x_wconf 84' lang='lat' dir='ltr'><strong>est,</strong></span> <span class='ocrx_word' id='word_1_277' title='bbox 2061 2068 2117 2116; x_wconf 89' lang='lat' dir='ltr'><strong>et</strong></span> 
     </span>
    </p>
   </div>
   <div class='ocr_carea' id='block_1_37' title="bbox 515 2153 2112 2226">
    <p class='ocr_par' dir='ltr' id='par_1_37' title="bbox 515 2153 2112 2226">
     <span class='ocr_line' id='line_1_37' title="bbox 515 2153 2112 2226; baseline -0.001 -17"><span class='ocrx_word' id='word_1_278' title='bbox 515 2154 748 2226; x_wconf 77' lang='lat' dir='ltr'><strong>singulis</strong></span> <span class='ocrx_word' id='word_1_279' title='bbox 778 2155 950 2213; x_wconf 80' lang='lat' dir='ltr'><strong>setnel</strong></span> <span class='ocrx_word' id='word_1_280' title='bbox 1000 2155 1250 2224; x_wconf 87' lang='lat' dir='ltr'><strong>moritur,</strong></span> <span class='ocrx_word' id='word_1_281' title='bbox 1293 2169 1401 2210; x_wconf 91' lang='lat' dir='ltr'><strong>non</strong></span> <span class='ocrx_word' id='word_1_282' title='bbox 1449 2153 1780 2224; x_wconf 88' lang='lat' dir='ltr'><strong>frequenter.</strong></span> <span class='ocrx_word' id='word_1_283' title='bbox 1824 2153 2112 2209; x_wconf 89' lang='lat' dir='ltr'><strong>Peccatum</strong></span> 
     </span>
    </p>
   </div>
   <div class='ocr_carea' id='block_1_38' title="bbox 517 2245 2110 2319">
    <p class='ocr_par' dir='ltr' id='par_1_38' title="bbox 517 2245 2110 2319">
     <span class='ocr_line' id='line_1_38' title="bbox 517 2245 2110 2319; baseline -0.004 -14"><span class='ocrx_word' id='word_1_284' title='bbox 517 2265 599 2316; x_wconf 73' lang='lat' dir='ltr'><strong>es,</strong></span> <span class='ocrx_word' id='word_1_285' title='bbox 644 2266 676 2303; x_wconf 90' lang='grc' dir='ltr'><strong>ο</strong></span> <span class='ocrx_word' id='word_1_286' title='bbox 727 2247 927 2313; x_wconf 88' lang='lat' dir='ltr'><strong>homo;</strong></span> <span class='ocrx_word' id='word_1_287' title='bbox 971 2248 1095 2304; x_wconf 86' lang='lat' dir='ltr'><strong>ideo</strong></span> <span class='ocrx_word' id='word_1_288' title='bbox 1146 2257 1427 2319; x_wconf 82' lang='lat' dir='ltr'><strong>peccatum</strong></span> <span class='ocrx_word' id='word_1_289' title='bbox 1472 2247 1601 2302; x_wconf 89' lang='lat' dir='ltr'><strong>fecit</strong></span> <span class='ocrx_word' id='word_1_290' title='bbox 1630 2245 1911 2302; x_wconf 88' lang='lat' dir='ltr'><strong>Christum</strong></span> <span class='ocrx_word' id='word_1_291' title='bbox 1952 2260 2110 2307; x_wconf 89' lang='lat' dir='ltr'><strong>suum</strong></span> 
     </span>
    </p>
   </div>
   <div class='ocr_carea' id='block_1_39' title="bbox 515 2338 2113 2415">
    <p class='ocr_par' dir='ltr' id='par_1_39' title="bbox 515 2338 2113 2415">
     <span class='ocr_line' id='line_1_39' title="bbox 515 2338 2113 2415; baseline -0.001 -19"><span class='ocrx_word' id='word_1_292' title='bbox 515 2343 858 2411; x_wconf 88' lang='lat' dir='ltr'><strong>omnipotens</strong></span> <span class='ocrx_word' id='word_1_293' title='bbox 885 2341 1065 2398; x_wconf 83' lang='lat' dir='ltr'><strong>Pater.</strong></span> <span class='ocrx_word' id='word_1_294' title='bbox 1111 2340 1397 2399; x_wconf 87' lang='lat' dir='ltr'><strong>Hominem</strong></span> <span class='ocrx_word' id='word_1_295' title='bbox 1429 2338 1576 2405; x_wconf 84' lang='lat' dir='ltr'><strong>fecit,</strong></span> <span class='ocrx_word' id='word_1_296' title='bbox 1609 2339 1701 2410; x_wconf 90' lang='lat' dir='ltr'><strong>qui</strong></span> <span class='ocrx_word' id='word_1_297' title='bbox 1738 2348 1959 2415; x_wconf 84' lang='lat' dir='ltr'><strong>peccata</strong></span> <span class='ocrx_word' id='word_1_298' title='bbox 2014 2353 2113 2394; x_wconf 90' lang='lat' dir='ltr'><strong>no-</strong></span> 
     </span>
    </p>
   </div>
   <div class='ocr_carea' id='block_1_40' title="bbox 512 2424 2113 2505">
    <p class='ocr_par' dir='ltr' id='par_1_40' title="bbox 512 2424 2113 2505">
     <span class='ocr_line' id='line_1_40' title="bbox 512 2424 2113 2505; baseline -0.002 -16"><span class='ocrx_word' id='word_1_299' title='bbox 512 2443 627 2489; x_wconf 90' lang='lat' dir='ltr'><strong>stra</strong></span> <span class='ocrx_word' id='word_1_300' title='bbox 667 2440 933 2505; x_wconf 87' lang='lat' dir='ltr'><strong>portaret.</strong></span> <span class='ocrx_word' id='word_1_301' title='bbox 974 2432 1102 2487; x_wconf 82' lang='lat' dir='ltr'><strong>Mihi</strong></span> <span class='ocrx_word' id='word_1_302' title='bbox 1134 2446 1266 2502; x_wconf 87' lang='lat' dir='ltr'><strong>ergo</strong></span> <span class='ocrx_word' id='word_1_303' title='bbox 1326 2440 1544 2500; x_wconf 87' lang='lat' dir='ltr'><strong>peccato</strong></span> <span class='ocrx_word' id='word_1_304' title='bbox 1571 2440 1819 2485; x_wconf 86' lang='lat' dir='ltr'><strong>mortuus</strong></span> <span class='ocrx_word' id='word_1_305' title='bbox 1851 2424 2113 2485; x_wconf 78' lang='lat' dir='ltr'><strong>Dominus</strong></span> 
     </span>
    </p>
   </div>
   <div class='ocr_carea' id='block_1_41' title="bbox 516 2518 2109 2596">
    <p class='ocr_par' dir='ltr' id='par_1_41' title="bbox 516 2518 2109 2596">
     <span class='ocr_line' id='line_1_41' title="bbox 516 2518 2109 2596; baseline -0.004 -14"><span class='ocrx_word' id='word_1_306' title='bbox 516 2525 708 2593; x_wconf 80' lang='lat' dir='ltr'><strong>Jesus;</strong></span> <span class='ocrx_word' id='word_1_307' title='bbox 747 2524 813 2582; x_wconf 84' lang='lat' dir='ltr'><strong>Ut</strong></span> <span class='ocrx_word' id='word_1_308' title='bbox 855 2541 950 2581; x_wconf 89' lang='lat' dir='ltr'><strong>nos</strong></span> <span class='ocrx_word' id='word_1_309' title='bbox 978 2525 1034 2583; x_wconf 84' lang='lat' dir='ltr'><strong>in</strong></span> <span class='ocrx_word' id='word_1_310' title='bbox 1060 2523 1153 2579; x_wconf 91' lang='lat' dir='ltr'><strong>illo</strong></span> <span class='ocrx_word' id='word_1_311' title='bbox 1188 2539 1407 2579; x_wconf 84' lang='lat' dir='ltr'><strong>essemus</strong></span> <span class='ocrx_word' id='word_1_312' title='bbox 1425 2523 1634 2596; x_wconf 86' lang='lat' dir='ltr'><strong>justitia</strong></span> <span class='ocrx_word' id='word_1_313' title='bbox 1676 2520 1775 2576; x_wconf 88' lang='lat' dir='ltr'><strong>Dei</strong></span> <span class='ocrx_word' id='word_1_314' title='bbox 1802 2519 1868 2592; x_wconf 92' lang='lat' dir='ltr'><strong>(ll</strong></span> <span class='ocrx_word' id='word_1_315' title='bbox 1902 2518 2023 2576; x_wconf 90' lang='lat' dir='ltr'><strong>Cor.</strong></span> <span class='ocrx_word' id='word_1_316' title='bbox 2056 2537 2109 2588; x_wconf 91' lang='lat' dir='ltr'><strong>v,</strong></span> 
     </span>
    </p>
   </div>
   <div class='ocr_carea' id='block_1_42' title="bbox 514 2614 2112 2693">
    <p class='ocr_par' dir='ltr' id='par_1_42' title="bbox 514 2614 2112 2693">
     <span class='ocr_line' id='line_1_42' title="bbox 514 2614 2112 2693; baseline -0.001 -19"><span class='ocrx_word' id='word_1_317' title='bbox 514 2618 629 2693; x_wconf 69' lang='lat' dir='ltr'><strong>2t).</strong></span> <span class='ocrx_word' id='word_1_318' title='bbox 672 2620 801 2676; x_wconf 82' lang='lat' dir='ltr'><strong>Mihi</strong></span> <span class='ocrx_word' id='word_1_319' title='bbox 828 2627 915 2677; x_wconf 78' lang='lat' dir='ltr'><strong>est</strong></span> <span class='ocrx_word' id='word_1_320' title='bbox 964 2627 1235 2683; x_wconf 87' lang='lat' dir='ltr'><strong>mortuus,</strong></span> <span class='ocrx_word' id='word_1_321' title='bbox 1268 2626 1325 2673; x_wconf 91' lang='lat' dir='ltr'><strong>ut</strong></span> <span class='ocrx_word' id='word_1_322' title='bbox 1376 2618 1507 2673; x_wconf 89' lang='lat' dir='ltr'><strong>tnihi</strong></span> <span class='ocrx_word' id='word_1_323' title='bbox 1551 2624 1882 2688; x_wconf 81' lang='lat' dir='ltr'><strong>resurgeret.</strong></span> <span class='ocrx_word' id='word_1_324' title='bbox 1926 2614 2112 2673; x_wconf 86' lang='lat' dir='ltr'><strong>Semel</strong></span> 
     </span>
    </p>
   </div>
   <div class='ocr_carea' id='block_1_43' title="bbox 513 2709 2112 2782">
    <p class='ocr_par' dir='ltr' id='par_1_43' title="bbox 513 2709 2112 2782">
     <span class='ocr_line' id='line_1_43' title="bbox 513 2709 2112 2782; baseline -0.003 -11"><span class='ocrx_word' id='word_1_325' title='bbox 513 2726 597 2771; x_wconf 87' lang='lat' dir='ltr'><strong>est</strong></span> <span class='ocrx_word' id='word_1_326' title='bbox 642 2726 912 2782; x_wconf 90' lang='lat' dir='ltr'><strong>mortuus,</strong></span> <span class='ocrx_word' id='word_1_327' title='bbox 960 2715 1131 2772; x_wconf 88' lang='lat' dir='ltr'><strong>semel</strong></span> <span class='ocrx_word' id='word_1_328' title='bbox 1209 2712 1533 2773; x_wconf 84' lang='lat' dir='ltr'><strong>resurrexit.</strong></span> <span class='ocrx_word' id='word_1_329' title='bbox 1595 2713 1662 2767; x_wconf 85' lang='lat' dir='ltr'><strong>Et</strong></span> <span class='ocrx_word' id='word_1_330' title='bbox 1717 2720 1775 2775; x_wconf 87' lang='lat' dir='ltr'><strong>tu</strong></span> <span class='ocrx_word' id='word_1_331' title='bbox 1840 2726 1962 2769; x_wconf 89' lang='lat' dir='ltr'><strong>cum</strong></span> <span class='ocrx_word' id='word_1_332' title='bbox 2017 2709 2112 2767; x_wconf 90' lang='lat' dir='ltr'><strong>illo</strong></span> 
     </span>
    </p>
   </div>
   <div class='ocr_carea' id='block_1_44' title="bbox 517 2804 2112 2876">
    <p class='ocr_par' dir='ltr' id='par_1_44' title="bbox 517 2804 2112 2876">
     <span class='ocr_line' id='line_1_44' title="bbox 517 2804 2112 2876; baseline -0.001 -16"><span class='ocrx_word' id='word_1_333' title='bbox 517 2816 782 2872; x_wconf 89' lang='lat' dir='ltr'><strong>mortuus,</strong></span> <span class='ocrx_word' id='word_1_334' title='bbox 816 2822 937 2861; x_wconf 90' lang='lat' dir='ltr'><strong>cum</strong></span> <span class='ocrx_word' id='word_1_335' title='bbox 969 2806 1061 2861; x_wconf 89' lang='lat' dir='ltr'><strong>illo</strong></span> <span class='ocrx_word' id='word_1_336' title='bbox 1090 2807 1352 2876; x_wconf 89' lang='lat' dir='ltr'><strong>sepultus,</strong></span> <span class='ocrx_word' id='word_1_337' title='bbox 1405 2820 1527 2860; x_wconf 90' lang='lat' dir='ltr'><strong>cum</strong></span> <span class='ocrx_word' id='word_1_338' title='bbox 1565 2804 1658 2860; x_wconf 91' lang='lat' dir='ltr'><strong>illo</strong></span> <span class='ocrx_word' id='word_1_339' title='bbox 1695 2805 1748 2860; x_wconf 90' lang='lat' dir='ltr'><strong>in</strong></span> <span class='ocrx_word' id='word_1_340' title='bbox 1788 2805 2112 2876; x_wconf 84' lang='lat' dir='ltr'><strong>baptismate</strong></span> 
     </span>
    </p>
   </div>
   <div class='ocr_carea' id='block_1_45' title="bbox 514 2894 2110 2959">
    <p class='ocr_par' dir='ltr' id='par_1_45' title="bbox 514 2894 2110 2959">
     <span class='ocr_line' id='line_1_45' title="bbox 514 2894 2110 2959; baseline -0.004 -5"><span class='ocrx_word' id='word_1_341' title='bbox 514 2898 893 2959; x_wconf 80' lang='lat' dir='ltr'><strong>resuscitatus.</strong></span> <span class='ocrx_word' id='word_1_342' title='bbox 943 2910 1075 2953; x_wconf 88' lang='lat' dir='ltr'><strong>cave</strong></span> <span class='ocrx_word' id='word_1_343' title='bbox 1121 2912 1190 2952; x_wconf 90' lang='lat' dir='ltr'><strong>ne</strong></span> <span class='ocrx_word' id='word_1_344' title='bbox 1239 2912 1362 2953; x_wconf 92' lang='lat' dir='ltr'><strong>cum</strong></span> <span class='ocrx_word' id='word_1_345' title='bbox 1411 2907 1660 2955; x_wconf 87' lang='lat' dir='ltr'><strong>mortuus</strong></span> <span class='ocrx_word' id='word_1_346' title='bbox 1710 2894 1877 2953; x_wconf 85' lang='lat' dir='ltr'><strong>fueris</strong></span> <span class='ocrx_word' id='word_1_347' title='bbox 1916 2895 2110 2957; x_wconf 74' lang='lat' dir='ltr'><strong>semel,</strong></span> 
     </span>
    </p>
   </div>
   <div class='ocr_carea' id='block_1_46' title="bbox 516 2988 2111 3060">
    <p class='ocr_par' dir='ltr' id='par_1_46' title="bbox 516 2988 2111 3060">
     <span class='ocr_line' id='line_1_46' title="bbox 516 2988 2111 3060; baseline -0.002 -15"><span class='ocrx_word' id='word_1_348' title='bbox 516 2990 769 3049; x_wconf 83' lang='lat' dir='ltr'><strong>moriaris</strong></span> <span class='ocrx_word' id='word_1_349' title='bbox 809 2990 1031 3053; x_wconf 87' lang='lat' dir='ltr'><strong>iterum.</strong></span> <span class='ocrx_word' id='word_1_350' title='bbox 1076 2988 1195 3045; x_wconf 76' lang='lat' dir='ltr'><strong>iam</strong></span> <span class='ocrx_word' id='word_1_351' title='bbox 1249 3004 1355 3044; x_wconf 89' lang='lat' dir='ltr'><strong>non</strong></span> <span class='ocrx_word' id='word_1_352' title='bbox 1418 3000 1640 3060; x_wconf 87' lang='lat' dir='ltr'><strong>peccato</strong></span> <span class='ocrx_word' id='word_1_353' title='bbox 1692 2989 1965 3051; x_wconf 88' lang='lat' dir='ltr'><strong>morieris,</strong></span> <span class='ocrx_word' id='word_1_354' title='bbox 2015 2988 2111 3053; x_wconf 82' lang='lat' dir='ltr'><strong>sed</strong></span> 
     </span>
    </p>
   </div>
   <div class='ocr_carea' id='block_1_47' title="bbox 517 3081 2109 3152">
    <p class='ocr_par' dir='ltr' id='par_1_47' title="bbox 517 3081 2109 3152">
     <span class='ocr_line' id='line_1_47' title="bbox 517 3081 2109 3152; baseline -0.001 -15"><span class='ocrx_word' id='word_1_355' title='bbox 517 3084 692 3141; x_wconf 77' lang='lat' dir='ltr'><strong>venite</strong></span> <span class='ocrx_word' id='word_1_356' title='bbox 741 3101 755 3138; x_wconf 91' lang='lat'><strong>:</strong></span> <span class='ocrx_word' id='word_1_357' title='bbox 810 3098 880 3138; x_wconf 90' lang='lat' dir='ltr'><strong>ne</strong></span> <span class='ocrx_word' id='word_1_358' title='bbox 936 3096 1058 3137; x_wconf 90' lang='lat' dir='ltr'><strong>cum</strong></span> <span class='ocrx_word' id='word_1_359' title='bbox 1098 3082 1495 3147; x_wconf 86' lang='lat' dir='ltr'><strong>resurrexeris,</strong></span> <span class='ocrx_word' id='word_1_360' title='bbox 1530 3082 1786 3143; x_wconf 88' lang='lat' dir='ltr'><strong>moriaris</strong></span> <span class='ocrx_word' id='word_1_361' title='bbox 1834 3081 2109 3152; x_wconf 89' lang='lat' dir='ltr'><strong>secundo;</strong></span> 
     </span>
    </p>
   </div>
   <div class='ocr_carea' id='block_1_48' title="bbox 2217 1873 3803 1947">
    <p class='ocr_par' dir='ltr' id='par_1_48' title="bbox 2217 1873 3803 1947">
     <span class='ocr_line' id='line_1_48' title="bbox 2217 1873 3803 1947; baseline 0.004 -20"><span class='ocrx_word' id='word_1_362' title='bbox 2217 1873 2451 1941; x_wconf 84' lang='lat' dir='ltr'><strong>cultura,</strong></span> <span class='ocrx_word' id='word_1_363' title='bbox 2478 1888 2687 1931; x_wconf 87' lang='lat' dir='ltr'><strong>merces</strong></span> <span class='ocrx_word' id='word_1_364' title='bbox 2713 1886 3021 1946; x_wconf 85' lang='lat' dir='ltr'><strong>parentum,</strong></span> <span class='ocrx_word' id='word_1_365' title='bbox 3053 1876 3289 1939; x_wconf 84' lang='lat' dir='ltr'><strong>filiorum</strong></span> <span class='ocrx_word' id='word_1_366' title='bbox 3312 1878 3663 1947; x_wconf 81' lang='lat' dir='ltr'><strong>stipendium.</strong></span> <span class='ocrx_word' id='word_1_367' title='bbox 3690 1878 3803 1935; x_wconf 88' lang='lat' dir='ltr'><strong>Pie-</strong></span> 
     </span>
    </p>
   </div>
   <div class='ocr_carea' id='block_1_49' title="bbox 2219 1967 3806 2043">
    <p class='ocr_par' dir='ltr' id='par_1_49' title="bbox 2219 1967 3806 2043">
     <span class='ocr_line' id='line_1_49' title="bbox 2219 1967 3806 2043; baseline 0.003 -23"><span class='ocrx_word' id='word_1_368' title='bbox 2219 1975 2323 2031; x_wconf 84' lang='lat' dir='ltr'><strong>tas,</strong></span> <span class='ocrx_word' id='word_1_369' title='bbox 2375 1967 2623 2039; x_wconf 90' lang='lat' dir='ltr'><strong>inquam,</strong></span> <span class='ocrx_word' id='word_1_370' title='bbox 2656 1969 2929 2038; x_wconf 79' lang='lat' dir='ltr'><strong>iustorum</strong></span> <span class='ocrx_word' id='word_1_371' title='bbox 2983 1970 3574 2043; x_wconf 83' lang='lat' dir='ltr'><strong>tribunai,_cgenorum</strong></span> <span class='ocrx_word' id='word_1_372' title='bbox 3613 1982 3806 2042; x_wconf 81' lang='lat' dir='ltr'><strong>portus,</strong></span> 
     </span>
    </p>
   </div>
   <div class='ocr_carea' id='block_1_50' title="bbox 2215 2060 3651 2139">
    <p class='ocr_par' dir='ltr' id='par_1_50' title="bbox 2215 2060 3651 2139">
     <span class='ocr_line' id='line_1_50' title="bbox 2215 2060 3651 2139; baseline 0.004 -25"><span class='ocrx_word' id='word_1_373' title='bbox 2215 2060 2537 2119; x_wconf 88' lang='lat' dir='ltr'><strong>miserorum</strong></span> <span class='ocrx_word' id='word_1_374' title='bbox 2566 2060 2879 2133; x_wconf 79' lang='lat' dir='ltr'><strong>suffugium,</strong></span> <span class='ocrx_word' id='word_1_375' title='bbox 2913 2063 3252 2139; x_wconf 86' lang='lat' dir='ltr'><strong>indulgentia</strong></span> <span class='ocrx_word' id='word_1_376' title='bbox 3280 2076 3651 2135; x_wconf 87' lang='lat' dir='ltr'><strong>peccatorum.</strong></span> 
     </span>
    </p>
   </div>
   <div class='ocr_carea' id='block_1_51' title="bbox 2284 2154 3810 2239">
    <p class='ocr_par' dir='ltr' id='par_1_51' title="bbox 2284 2154 3810 2239">
     <span class='ocr_line' id='line_1_51' title="bbox 2284 2154 3810 2239; baseline 0.005 -30"><span class='ocrx_word' id='word_1_377' title='bbox 2284 2154 2373 2209; x_wconf 75' lang='grc'><strong>46.</strong></span> <span class='ocrx_word' id='word_1_378' title='bbox 2415 2154 2519 2227; x_wconf 86' lang='lat' dir='ltr'><strong>Qui</strong></span> <span class='ocrx_word' id='word_1_379' title='bbox 2542 2157 2705 2215; x_wconf 82' lang='lat' dir='ltr'><strong>habet</strong></span> <span class='ocrx_word' id='word_1_380' title='bbox 2731 2157 3092 2227; x_wconf 89' lang='lat' dir='ltr'><strong>intellectum,</strong></span> <span class='ocrx_word' id='word_1_381' title='bbox 3122 2159 3238 2228; x_wconf 88' lang='lat' dir='ltr'><strong>ipse</strong></span> <span class='ocrx_word' id='word_1_382' title='bbox 3269 2174 3394 2221; x_wconf 83' lang='lat' dir='ltr'><strong>vere</strong></span> <span class='ocrx_word' id='word_1_383' title='bbox 3426 2170 3513 2219; x_wconf 87' lang='lat' dir='ltr'><strong>est</strong></span> <span class='ocrx_word' id='word_1_384' title='bbox 3536 2160 3694 2239; x_wconf 87' lang='lat' dir='ltr'><strong>pius;</strong></span> <span class='ocrx_word' id='word_1_385' title='bbox 3729 2162 3810 2219; x_wconf 87' lang='lat' dir='ltr'><strong>in-</strong></span> 
     </span>
    </p>
   </div>
   <div class='ocr_carea' id='block_1_52' title="bbox 2215 2244 3810 2322">
    <p class='ocr_par' dir='ltr' id='par_1_52' title="bbox 2215 2244 3810 2322">
     <span class='ocr_line' id='line_1_52' title="bbox 2215 2244 3810 2322; baseline 0.006 -24"><span class='ocrx_word' id='word_1_386' title='bbox 2215 2244 2410 2316; x_wconf 86' lang='lat' dir='ltr'><strong>telligit</strong></span> <span class='ocrx_word' id='word_1_387' title='bbox 2437 2249 2583 2303; x_wconf 91' lang='lat' dir='ltr'><strong>enim</strong></span> <span class='ocrx_word' id='word_1_388' title='bbox 2617 2245 2874 2304; x_wconf 79' lang='lat' dir='ltr'><strong>humana:</strong></span> <span class='ocrx_word' id='word_1_389' title='bbox 2916 2248 3187 2305; x_wconf 90' lang='lat' dir='ltr'><strong>lubricum</strong></span> <span class='ocrx_word' id='word_1_390' title='bbox 3228 2251 3566 2322; x_wconf 76' lang='lat' dir='ltr'><strong>fragilitatis,</strong></span> <span class='ocrx_word' id='word_1_391' title='bbox 3612 2264 3668 2308; x_wconf 90' lang='lat' dir='ltr'><strong>et</strong></span> <span class='ocrx_word' id='word_1_392' title='bbox 3711 2258 3810 2308; x_wconf 87' lang='lat' dir='ltr'><strong>cito</strong></span> 
     </span>
    </p>
   </div>
   <div class='ocr_carea' id='block_1_53' title="bbox 2213 2336 3809 2413">
    <p class='ocr_par' dir='ltr' id='par_1_53' title="bbox 2213 2336 3809 2413">
     <span class='ocr_line' id='line_1_53' title="bbox 2213 2336 3809 2413; baseline 0.007 -23"><span class='ocrx_word' id='word_1_393' title='bbox 2213 2336 2449 2406; x_wconf 84' lang='lat' dir='ltr'><strong>ignoscit</strong></span> <span class='ocrx_word' id='word_1_394' title='bbox 2488 2340 2716 2395; x_wconf 86' lang='lat' dir='ltr'><strong>erranti.</strong></span> <span class='ocrx_word' id='word_1_395' title='bbox 2763 2340 3029 2413; x_wconf 87' lang='lat' dir='ltr'><strong>lntelligit</strong></span> <span class='ocrx_word' id='word_1_396' title='bbox 3073 2356 3366 2403; x_wconf 87' lang='lat' dir='ltr'><strong>commune</strong></span> <span class='ocrx_word' id='word_1_397' title='bbox 3425 2345 3587 2401; x_wconf 86' lang='lat' dir='ltr'><strong>nobis</strong></span> <span class='ocrx_word' id='word_1_398' title='bbox 3636 2345 3809 2401; x_wconf 87' lang='lat' dir='ltr'><strong>datum</strong></span> 
     </span>
    </p>
   </div>
   <div class='ocr_carea' id='block_1_54' title="bbox 2213 2433 3813 2505">
    <p class='ocr_par' dir='ltr' id='par_1_54' title="bbox 2213 2433 3813 2505">
     <span class='ocr_line' id='line_1_54' title="bbox 2213 2433 3813 2505; baseline 0.004 -23"><span class='ocrx_word' id='word_1_399' title='bbox 2213 2438 2421 2489; x_wconf 72' lang='lat' dir='ltr'><strong>natura:</strong></span> <span class='ocrx_word' id='word_1_400' title='bbox 2440 2443 2679 2502; x_wconf 90' lang='lat' dir='ltr'><strong>ususque</strong></span> <span class='ocrx_word' id='word_1_401' title='bbox 2704 2433 3061 2498; x_wconf 87' lang='lat' dir='ltr'><strong>consortium;</strong></span> <span class='ocrx_word' id='word_1_402' title='bbox 3092 2443 3148 2489; x_wconf 89' lang='lat' dir='ltr'><strong>et</strong></span> <span class='ocrx_word' id='word_1_403' title='bbox 3178 2433 3301 2489; x_wconf 86' lang='lat' dir='ltr'><strong>ideo</strong></span> <span class='ocrx_word' id='word_1_404' title='bbox 3330 2435 3663 2505; x_wconf 82' lang='lat' dir='ltr'><strong>pauperibus</strong></span> <span class='ocrx_word' id='word_1_405' title='bbox 3686 2443 3813 2491; x_wconf 85' lang='lat' dir='ltr'><strong>tatu-</strong></span> 
     </span>
    </p>
   </div>
   <div class='ocr_carea' id='block_1_55' title="bbox 2212 2522 3813 2598">
    <p class='ocr_par' dir='ltr' id='par_1_55' title="bbox 2212 2522 3813 2598">
     <span class='ocr_line' id='line_1_55' title="bbox 2212 2522 3813 2598; baseline 0.002 -21"><span class='ocrx_word' id='word_1_406' title='bbox 2212 2538 2375 2593; x_wconf 87' lang='lat' dir='ltr'><strong>quam</strong></span> <span class='ocrx_word' id='word_1_407' title='bbox 2406 2522 2650 2585; x_wconf 87' lang='lat' dir='ltr'><strong>debitum</strong></span> <span class='ocrx_word' id='word_1_408' title='bbox 2685 2524 2869 2591; x_wconf 88' lang='lat' dir='ltr'><strong>solvit,</strong></span> <span class='ocrx_word' id='word_1_409' title='bbox 2913 2541 3021 2583; x_wconf 90' lang='lat' dir='ltr'><strong>non</strong></span> <span class='ocrx_word' id='word_1_410' title='bbox 3055 2526 3329 2582; x_wconf 88' lang='lat' dir='ltr'><strong>inliciatur</strong></span> <span class='ocrx_word' id='word_1_411' title='bbox 3361 2538 3640 2598; x_wconf 83' lang='lat' dir='ltr'><strong>tamquam</strong></span> <span class='ocrx_word' id='word_1_412' title='bbox 3673 2528 3813 2583; x_wconf 85' lang='lat' dir='ltr'><strong>inde-</strong></span> 
     </span>
    </p>
   </div>
   <div class='ocr_carea' id='block_1_56' title="bbox 2215 2614 3810 2690">
    <p class='ocr_par' dir='ltr' id='par_1_56' title="bbox 2215 2614 3810 2690">
     <span class='ocr_line' id='line_1_56' title="bbox 2215 2614 3810 2690; baseline 0.004 -21"><span class='ocrx_word' id='word_1_413' title='bbox 2215 2614 2402 2673; x_wconf 90' lang='lat' dir='ltr'><strong>bitnm.</strong></span> <span class='ocrx_word' id='word_1_414' title='bbox 2450 2616 2710 2686; x_wconf 84' lang='lat' dir='ltr'><strong>Intelligit</strong></span> <span class='ocrx_word' id='word_1_415' title='bbox 2763 2618 2908 2673; x_wconf 84' lang='lat' dir='ltr'><strong>vices</strong></span> <span class='ocrx_word' id='word_1_416' title='bbox 2961 2633 3084 2675; x_wconf 90' lang='lat' dir='ltr'><strong>esse</strong></span> <span class='ocrx_word' id='word_1_417' title='bbox 3136 2620 3547 2690; x_wconf 84' lang='lat' dir='ltr'><strong>calamitatum;</strong></span> <span class='ocrx_word' id='word_1_418' title='bbox 3597 2631 3654 2676; x_wconf 87' lang='lat' dir='ltr'><strong>et</strong></span> <span class='ocrx_word' id='word_1_419' title='bbox 3696 2621 3810 2676; x_wconf 86' lang='lat' dir='ltr'><strong>ideo</strong></span> 
     </span>
    </p>
   </div>
   <div class='ocr_carea' id='block_1_57' title="bbox 2224 2710 3811 2785">
    <p class='ocr_par' dir='ltr' id='par_1_57' title="bbox 2224 2710 3811 2785">
     <span class='ocr_line' id='line_1_57' title="bbox 2224 2710 3811 2785; baseline 0.003 -22"><span class='ocrx_word' id='word_1_420' title='bbox 2224 2716 2502 2781; x_wconf 80' lang='lat' dir='ltr'><strong>tamquam</strong></span> <span class='ocrx_word' id='word_1_421' title='bbox 2534 2710 2830 2782; x_wconf 87' lang='lat' dir='ltr'><strong>naufragiis</strong></span> <span class='ocrx_word' id='word_1_422' title='bbox 2861 2711 3047 2767; x_wconf 86' lang='lat' dir='ltr'><strong>mundi</strong></span> <span class='ocrx_word' id='word_1_423' title='bbox 3076 2710 3233 2768; x_wconf 89' lang='lat' dir='ltr'><strong>istius</strong></span> <span class='ocrx_word' id='word_1_424' title='bbox 3265 2723 3427 2785; x_wconf 90' lang='lat' dir='ltr'><strong>portu</strong></span> <span class='ocrx_word' id='word_1_425' title='bbox 3450 2714 3687 2785; x_wconf 89' lang='lat' dir='ltr'><strong>quodam</strong></span> <span class='ocrx_word' id='word_1_426' title='bbox 3710 2728 3811 2773; x_wconf 75' lang='lat' dir='ltr'><strong>sua:</strong></span> 
     </span>
    </p>
   </div>
   <div class='ocr_carea' id='block_1_58' title="bbox 2213 2804 3814 2880">
    <p class='ocr_par' dir='ltr' id='par_1_58' title="bbox 2213 2804 3814 2880">
     <span class='ocr_line' id='line_1_58' title="bbox 2213 2804 3814 2880; baseline 0.001 -21"><span class='ocrx_word' id='word_1_427' title='bbox 2213 2804 2569 2863; x_wconf 88' lang='lat' dir='ltr'><strong>humanitatis</strong></span> <span class='ocrx_word' id='word_1_428' title='bbox 2601 2808 2858 2865; x_wconf 87' lang='lat' dir='ltr'><strong>occurrit.</strong></span> <span class='ocrx_word' id='word_1_429' title='bbox 2905 2806 3030 2864; x_wconf 80' lang='lat' dir='ltr'><strong>llaec</strong></span> <span class='ocrx_word' id='word_1_430' title='bbox 3056 2808 3291 2880; x_wconf 88' lang='lat' dir='ltr'><strong>perfecta</strong></span> <span class='ocrx_word' id='word_1_431' title='bbox 3343 2811 3518 2871; x_wconf 86' lang='lat' dir='ltr'><strong>virtus</strong></span> <span class='ocrx_word' id='word_1_432' title='bbox 3559 2810 3611 2865; x_wconf 89' lang='lat' dir='ltr'><strong>in</strong></span> <span class='ocrx_word' id='word_1_433' title='bbox 3653 2807 3814 2864; x_wconf 84' lang='lat' dir='ltr'><strong>bomi-</strong></span> 
     </span>
    </p>
   </div>
   <div class='ocr_carea' id='block_1_59' title="bbox 2215 2897 3237 2973">
    <p class='ocr_par' dir='ltr' id='par_1_59' title="bbox 2215 2897 3237 2973">
     <span class='ocr_line' id='line_1_59' title="bbox 2215 2897 3237 2973; baseline 0.004 -22"><span class='ocrx_word' id='word_1_434' title='bbox 2215 2897 2395 2965; x_wconf 90' lang='lat' dir='ltr'><strong>nibus,</strong></span> <span class='ocrx_word' id='word_1_435' title='bbox 2430 2900 2545 2953; x_wconf 71' lang='lat' dir='ltr'><strong>haec</strong></span> <span class='ocrx_word' id='word_1_436' title='bbox 2572 2900 2729 2973; x_wconf 81' lang='lat' dir='ltr'><strong>plena</strong></span> <span class='ocrx_word' id='word_1_437' title='bbox 2757 2901 2810 2954; x_wconf 93' lang='lat' dir='ltr'><strong>in</strong></span> <span class='ocrx_word' id='word_1_438' title='bbox 2840 2899 2950 2956; x_wconf 93' lang='lat' dir='ltr'><strong>Deo</strong></span> <span class='ocrx_word' id='word_1_439' title='bbox 2983 2900 3101 2955; x_wconf 89' lang='lat' dir='ltr'><strong>laus</strong></span> <span class='ocrx_word' id='word_1_440' title='bbox 3131 2910 3237 2956; x_wconf 81' lang='lat' dir='ltr'><strong>est.</strong></span> 
     </span>
    </p>
   </div>
   <div class='ocr_carea' id='block_1_60' title="bbox 2285 2992 3814 3061">
    <p class='ocr_par' dir='ltr' id='par_1_60' title="bbox 2285 2992 3814 3061">
     <span class='ocr_line' id='line_1_60' title="bbox 2285 2992 3814 3061; baseline -0.002 -12"><span class='ocrx_word' id='word_1_441' title='bbox 2285 2992 2372 3055; x_wconf 67' lang='grc'><strong>47.</strong></span> <span class='ocrx_word' id='word_1_442' title='bbox 2405 2992 2596 3061; x_wconf 83' lang='lat' dir='ltr'><strong>Merito</strong></span> <span class='ocrx_word' id='word_1_443' title='bbox 2628 2992 2965 3051; x_wconf 88' lang='lat' dir='ltr'><strong>intellectum</strong></span> <span class='ocrx_word' id='word_1_444' title='bbox 3014 2992 3118 3049; x_wconf 90' lang='lat' dir='ltr'><strong>sibi</strong></span> <span class='ocrx_word' id='word_1_445' title='bbox 3150 2994 3315 3049; x_wconf 89' lang='lat' dir='ltr'><strong>etiam</strong></span> <span class='ocrx_word' id='word_1_446' title='bbox 3365 2992 3658 3060; x_wconf 87' lang='lat' dir='ltr'><strong>Salomon,</strong></span> <span class='ocrx_word' id='word_1_447' title='bbox 3708 3009 3814 3048; x_wconf 79' lang='lat' dir='ltr'><strong>ma-</strong></span> 
     </span>
    </p>
   </div>
   <div class='ocr_carea' id='block_1_61' title="bbox 2213 3079 3819 3163">
    <p class='ocr_par' dir='ltr' id='par_1_61' title="bbox 2213 3079 3819 3163">
     <span class='ocr_line' id='line_1_61' title="bbox 2213 3079 3819 3163; baseline 0.003 -27"><span class='ocrx_word' id='word_1_448' title='bbox 2213 3082 2493 3154; x_wconf 87' lang='lat' dir='ltr'><strong>gisterium</strong></span> <span class='ocrx_word' id='word_1_449' title='bbox 2524 3093 2744 3145; x_wconf 86' lang='lat' dir='ltr'><strong>secutus</strong></span> <span class='ocrx_word' id='word_1_450' title='bbox 2793 3097 3102 3157; x_wconf 85' lang='lat' dir='ltr'><strong>paternum,</strong></span> <span class='ocrx_word' id='word_1_451' title='bbox 3143 3102 3171 3141; x_wconf 87' lang='lat' dir='ltr'><strong>a</strong></span> <span class='ocrx_word' id='word_1_452' title='bbox 3214 3087 3447 3144; x_wconf 91' lang='lat' dir='ltr'><strong>Domino</strong></span> <span class='ocrx_word' id='word_1_453' title='bbox 3494 3079 3819 3163; x_wconf 59' lang='lat' dir='ltr'><strong>postulavit?</strong></span> 
     </span>
    </p>
   </div>
   <div class='ocr_carea' id='block_1_62' title="bbox 513 3173 3814 3252">
    <p class='ocr_par' dir='ltr' id='par_1_62' title="bbox 513 3173 3814 3252">
     <span class='ocr_line' id='line_1_62' title="bbox 513 3173 3814 3252; baseline 0.001 -21"><span class='ocrx_word' id='word_1_454' title='bbox 513 3174 750 3233; x_wconf 80' lang='lat' dir='ltr'><strong>Christus</strong></span> <span class='ocrx_word' id='word_1_455' title='bbox 777 3175 921 3230; x_wconf 88' lang='lat' dir='ltr'><strong>enim</strong></span> <span class='ocrx_word' id='word_1_456' title='bbox 951 3190 1224 3246; x_wconf 80' lang='lat' dir='ltr'><strong>resurgens</strong></span> <span class='ocrx_word' id='word_1_457' title='bbox 1249 3190 1312 3229; x_wconf 79' lang='lat' dir='ltr'><strong>ea:</strong></span> <span class='ocrx_word' id='word_1_458' title='bbox 1333 3175 1569 3240; x_wconf 85' lang='lat' dir='ltr'><strong>mortuis,</strong></span> <span class='ocrx_word' id='word_1_459' title='bbox 1587 3177 1704 3247; x_wconf 87' lang='lat' dir='ltr'><strong>jam</strong></span> <span class='ocrx_word' id='word_1_460' title='bbox 1731 3190 1832 3229; x_wconf 86' lang='lat' dir='ltr'><strong>non</strong></span> <span class='ocrx_word' id='word_1_461' title='bbox 1872 3173 2107 3247; x_wconf 75' lang='lat' dir='ltr'><strong>moritur,</strong></span> <span class='ocrx_word' id='word_1_462' title='bbox 2139 3184 2186 3249; x_wconf 70' lang='grc' dir='ltr'><strong>ρ</strong></span> <span class='ocrx_word' id='word_1_463' title='bbox 2218 3175 2403 3230; x_wconf 88' lang='lat' dir='ltr'><strong>dicens</strong></span> <span class='ocrx_word' id='word_1_464' title='bbox 2429 3194 2442 3229; x_wconf 90' lang='lat'>:</span> <span class='ocrx_word' id='word_1_465' title='bbox 2480 3175 2591 3248; x_wconf 81' lang='lat' dir='ltr'><strong>Ego</strong></span> <span class='ocrx_word' id='word_1_466' title='bbox 2641 3194 2757 3232; x_wconf 87' lang='lat' dir='ltr'><strong>sum</strong></span> <span class='ocrx_word' id='word_1_467' title='bbox 2801 3195 2928 3249; x_wconf 88' lang='lat' dir='ltr'><strong>puer</strong></span> <span class='ocrx_word' id='word_1_468' title='bbox 2970 3179 3201 3249; x_wconf 84' lang='lat' dir='ltr'><strong>humilis,</strong></span> <span class='ocrx_word' id='word_1_469' title='bbox 3233 3189 3280 3235; x_wconf 87' lang='lat' dir='ltr'><strong>et</strong></span> <span class='ocrx_word' id='word_1_470' title='bbox 3320 3181 3509 3252; x_wconf 87' lang='lat' dir='ltr'><strong>ignoro</strong></span> <span class='ocrx_word' id='word_1_471' title='bbox 3554 3180 3814 3234; x_wconf 78' lang='lat' dir='ltr'><strong>introitum</strong></span> 
     </span>
    </p>
   </div>
   <div class='ocr_carea' id='block_1_63' title="bbox 516 3264 2107 3342">
    <p class='ocr_par' dir='ltr' id='par_1_63' title="bbox 516 3264 2107 3342">
     <span class='ocr_line' id='line_1_63' title="bbox 516 3264 2107 3342; baseline -0.003 -17"><span class='ocrx_word' id='word_1_472' title='bbox 516 3288 655 3327; x_wconf 89' lang='lat' dir='ltr'><strong>mors</strong></span> <span class='ocrx_word' id='word_1_473' title='bbox 685 3272 742 3329; x_wconf 89' lang='lat' dir='ltr'><strong>in</strong></span> <span class='ocrx_word' id='word_1_474' title='bbox 768 3286 887 3326; x_wconf 85' lang='lat' dir='ltr'><strong>eum</strong></span> <span class='ocrx_word' id='word_1_475' title='bbox 923 3273 1047 3342; x_wconf 81' lang='lat' dir='ltr'><strong>jam&#39;</strong></span> <span class='ocrx_word' id='word_1_476' title='bbox 1095 3285 1199 3323; x_wconf 88' lang='lat' dir='ltr'><strong>non</strong></span> <span class='ocrx_word' id='word_1_477' title='bbox 1263 3268 1611 3327; x_wconf 85' lang='lat' dir='ltr'><strong>dominabitur</strong></span> <span class='ocrx_word' id='word_1_478' title='bbox 1650 3264 1847 3337; x_wconf 83' lang='lat' dir='ltr'><strong>(Rom.</strong></span> <span class='ocrx_word' id='word_1_479' title='bbox 1881 3283 1956 3333; x_wconf 78' lang='lat' dir='ltr'><strong>vr,</strong></span> <span class='ocrx_word' id='word_1_480' title='bbox 2002 3268 2043 3321; x_wconf 83' lang='grc'><strong>-9</strong></span> <span class='ocrx_word' id='word_1_481' title='bbox 2068 3268 2107 3335; x_wconf 92' lang='grc'><strong>).</strong></span> 
     </span>
    </p>
   </div>
   <div class='ocr_carea' id='block_1_64' title="bbox 434 3360 2104 3434">
    <p class='ocr_par' dir='ltr' id='par_1_64' title="bbox 434 3360 2104 3434">
     <span class='ocr_line' id='line_1_64' title="bbox 434 3360 2104 3434; baseline -0.001 -16"><span class='ocrx_word' id='word_1_482' title='bbox 434 3364 439 3371; x_wconf 84' lang='grc'><em>’</em></span> <span class='ocrx_word' id='word_1_483' title='bbox 517 3364 659 3434; x_wconf 85' lang='lat' dir='ltr'><strong>Ergo</strong></span> <span class='ocrx_word' id='word_1_484' title='bbox 683 3378 831 3419; x_wconf 91' lang='lat' dir='ltr'><strong>mors</strong></span> <span class='ocrx_word' id='word_1_485' title='bbox 859 3362 1136 3418; x_wconf 85' lang='lat' dir='ltr'><strong>dominata</strong></span> <span class='ocrx_word' id='word_1_486' title='bbox 1163 3370 1249 3420; x_wconf 88' lang='lat' dir='ltr'><strong>est</strong></span> <span class='ocrx_word' id='word_1_487' title='bbox 1268 3361 1354 3418; x_wconf 81' lang='lat' dir='ltr'><strong>ei?</strong></span> <span class='ocrx_word' id='word_1_488' title='bbox 1392 3362 1450 3417; x_wconf 85' lang='lat' dir='ltr'><strong>in</strong></span> <span class='ocrx_word' id='word_1_489' title='bbox 1477 3374 1544 3417; x_wconf 91' lang='lat' dir='ltr'><strong>eo</strong></span> <span class='ocrx_word' id='word_1_490' title='bbox 1571 3362 1751 3432; x_wconf 83' lang='lat' dir='ltr'><strong>utique</strong></span> <span class='ocrx_word' id='word_1_491' title='bbox 1778 3360 1918 3433; x_wconf 89' lang='lat' dir='ltr'><strong>quod</strong></span> <span class='ocrx_word' id='word_1_492' title='bbox 1950 3361 2104 3433; x_wconf 83' lang='lat' dir='ltr'><strong>dixit,</strong></span> 
     </span>
    </p>
   </div>
   <div class='ocr_carea' id='block_1_65' title="bbox 504 3454 2102 3531">
    <p class='ocr_par' dir='ltr' id='par_1_65' title="bbox 504 3454 2102 3531">
     <span class='ocr_line' id='line_1_65' title="bbox 504 3454 2102 3531; baseline 0.001 -21"><span class='ocrx_word' id='word_1_493' title='bbox 504 3462 623 3531; x_wconf 80' lang='lat' dir='ltr'><strong>jam</strong></span> <span class='ocrx_word' id='word_1_494' title='bbox 682 3472 789 3512; x_wconf 87' lang='lat' dir='ltr'><strong>non</strong></span> <span class='ocrx_word' id='word_1_495' title='bbox 842 3456 1216 3521; x_wconf 85' lang='lat' dir='ltr'><strong>dominabitur,</strong></span> <span class='ocrx_word' id='word_1_496' title='bbox 1272 3454 1513 3513; x_wconf 84' lang='lat' dir='ltr'><strong>ostendit</strong></span> <span class='ocrx_word' id='word_1_497' title='bbox 1571 3469 1693 3515; x_wconf 83' lang='lat' dir='ltr'><strong>esse</strong></span> <span class='ocrx_word' id='word_1_498' title='bbox 1745 3454 2102 3513; x_wconf 79' lang='lat' dir='ltr'><strong>dominatum.</strong></span> 
     </span>
    </p>
   </div>
   <div class='ocr_carea' id='block_1_66' title="bbox 516 3545 2105 3617">
    <p class='ocr_par' dir='ltr' id='par_1_66' title="bbox 516 3545 2105 3617">
     <span class='ocr_line' id='line_1_66' title="bbox 516 3545 2105 3617; baseline -0.003 -12"><span class='ocrx_word' id='word_1_499' title='bbox 516 3549 637 3605; x_wconf 87' lang='lat' dir='ltr'><strong>Noli</strong></span> <span class='ocrx_word' id='word_1_500' title='bbox 669 3558 875 3605; x_wconf 89' lang='lat' dir='ltr'><strong>tantum</strong></span> <span class='ocrx_word' id='word_1_501' title='bbox 920 3547 1172 3607; x_wconf 85' lang='lat' dir='ltr'><strong>amittere</strong></span> <span class='ocrx_word' id='word_1_502' title='bbox 1202 3545 1549 3613; x_wconf 84' lang='lat' dir='ltr'><strong>beneficium,</strong></span> <span class='ocrx_word' id='word_1_503' title='bbox 1583 3562 1615 3600; x_wconf 90' lang='grc' dir='ltr'>ο</span> <span class='ocrx_word' id='word_1_504' title='bbox 1643 3545 1827 3609; x_wconf 81' lang='lat' dir='ltr'><strong>homo.</strong></span> <span class='ocrx_word' id='word_1_505' title='bbox 1875 3545 2105 3617; x_wconf 86' lang='lat' dir='ltr'><strong>Propter</strong></span> 
     </span>
    </p>
   </div>
   <div class='ocr_carea' id='block_1_67' title="bbox 515 3640 2105 3709">
    <p class='ocr_par' dir='ltr' id='par_1_67' title="bbox 515 3640 2105 3709">
     <span class='ocr_line' id='line_1_67' title="bbox 515 3640 2105 3709; baseline -0.001 -10"><span class='ocrx_word' id='word_1_506' title='bbox 515 3654 568 3699; x_wconf 92' lang='lat' dir='ltr'><strong>te</strong></span> <span class='ocrx_word' id='word_1_507' title='bbox 601 3643 850 3699; x_wconf 88' lang='lat' dir='ltr'><strong>Christus</strong></span> <span class='ocrx_word' id='word_1_508' title='bbox 875 3640 1231 3709; x_wconf 80' lang='lat' dir='ltr'><strong>dominationi</strong></span> <span class='ocrx_word' id='word_1_509' title='bbox 1283 3641 1473 3697; x_wconf 88' lang='lat' dir='ltr'><strong>mortis</strong></span> <span class='ocrx_word' id='word_1_510' title='bbox 1524 3655 1585 3697; x_wconf 89' lang='lat' dir='ltr'><strong>se</strong></span> <span class='ocrx_word' id='word_1_511' title='bbox 1635 3640 1895 3706; x_wconf 83' lang='lat' dir='ltr'><strong>subdidit;</strong></span> <span class='ocrx_word' id='word_1_512' title='bbox 1934 3648 1997 3696; x_wconf 92' lang='lat' dir='ltr'><strong>ut</strong></span> <span class='ocrx_word' id='word_1_513' title='bbox 2051 3648 2105 3698; x_wconf 88' lang='lat' dir='ltr'><strong>te</strong></span> 
     </span>
    </p>
   </div>
   <div class='ocr_carea' id='block_1_68' title="bbox 511 3734 2106 3807">
    <p class='ocr_par' dir='ltr' id='par_1_68' title="bbox 511 3734 2106 3807">
     <span class='ocr_line' id='line_1_68' title="bbox 511 3734 2106 3807; baseline 0.001 -19"><span class='ocrx_word' id='word_1_514' title='bbox 511 3737 641 3807; x_wconf 74' lang='lat' dir='ltr'><strong>jugo</strong></span> <span class='ocrx_word' id='word_1_515' title='bbox 669 3734 1058 3793; x_wconf 84' lang='lat' dir='ltr'><strong>dominationis</strong></span> <span class='ocrx_word' id='word_1_516' title='bbox 1086 3745 1329 3792; x_wconf 78' lang='lat' dir='ltr'><strong>exueret.</strong></span> <span class='ocrx_word' id='word_1_517' title='bbox 1379 3734 1474 3795; x_wconf 90' lang='lat' dir='ltr'><strong>Ille</strong></span> <span class='ocrx_word' id='word_1_518' title='bbox 1502 3734 1740 3804; x_wconf 86' lang='lat' dir='ltr'><strong>suscepit</strong></span> <span class='ocrx_word' id='word_1_519' title='bbox 1770 3734 1961 3795; x_wconf 87' lang='lat' dir='ltr'><strong>mortis</strong></span> <span class='ocrx_word' id='word_1_520' title='bbox 1991 3748 2106 3790; x_wconf 88' lang='lat' dir='ltr'><strong>scr-</strong></span> 
     </span>
    </p>
   </div>
   <div class='ocr_carea' id='block_1_69' title="bbox 512 3826 2029 3892">
    <p class='ocr_par' dir='ltr' id='par_1_69' title="bbox 512 3826 2029 3892">
     <span class='ocr_line' id='line_1_69' title="bbox 512 3826 2029 3892; baseline -0.003 -9"><span class='ocrx_word' id='word_1_521' title='bbox 512 3829 774 3892; x_wconf 90' lang='lat' dir='ltr'><strong>vitutem;</strong></span> <span class='ocrx_word' id='word_1_522' title='bbox 808 3837 865 3882; x_wconf 90' lang='lat' dir='ltr'><strong>ut</strong></span> <span class='ocrx_word' id='word_1_523' title='bbox 897 3827 991 3885; x_wconf 88' lang='lat' dir='ltr'><strong>tibi</strong></span> <span class='ocrx_word' id='word_1_524' title='bbox 1021 3827 1285 3885; x_wconf 88' lang='lat' dir='ltr'><strong>tribueret</strong></span> <span class='ocrx_word' id='word_1_525' title='bbox 1312 3827 1433 3882; x_wconf 61' lang='lat' dir='ltr'><strong>vitae</strong></span> <span class='ocrx_word' id='word_1_526' title='bbox 1462 3834 1680 3883; x_wconf 62' lang='lat' dir='ltr'><strong>aeterna:</strong></span> <span class='ocrx_word' id='word_1_527' title='bbox 1708 3826 2029 3883; x_wconf 87' lang='lat' dir='ltr'><strong>libertatem.</strong></span> 
     </span>
    </p>
   </div>
   <div class='ocr_carea' id='block_1_70' title="bbox 581 3919 2106 3991">
    <p class='ocr_par' dir='ltr' id='par_1_70' title="bbox 581 3919 2106 3991">
     <span class='ocr_line' id='line_1_70' title="bbox 581 3919 2106 3991; baseline -0.001 -16"><span class='ocrx_word' id='word_1_528' title='bbox 581 3921 674 3977; x_wconf 72' lang='grc'><strong>45.</strong></span> <span class='ocrx_word' id='word_1_529' title='bbox 715 3921 819 3989; x_wconf 89' lang='lat' dir='ltr'><strong>Qui</strong></span> <span class='ocrx_word' id='word_1_530' title='bbox 854 3921 1051 3991; x_wconf 67' lang='lat' dir='ltr'><strong>quierit</strong></span> <span class='ocrx_word' id='word_1_531' title='bbox 1088 3935 1218 3989; x_wconf 84' lang='lat' dir='ltr'><strong>ergo</strong></span> <span class='ocrx_word' id='word_1_532' title='bbox 1247 3919 1545 3988; x_wconf 85' lang='lat' dir='ltr'><strong>Christum,</strong></span> <span class='ocrx_word' id='word_1_533' title='bbox 1578 3920 1773 3991; x_wconf 84' lang='lat' dir='ltr'><strong>quaerit</strong></span> <span class='ocrx_word' id='word_1_534' title='bbox 1799 3927 1854 3975; x_wconf 89' lang='lat' dir='ltr'><strong>et</strong></span> <span class='ocrx_word' id='word_1_535' title='bbox 1879 3919 2106 3976; x_wconf 90' lang='lat' dir='ltr'><strong>tribula-</strong></span> 
     </span>
    </p>
   </div>
   <div class='ocr_carea' id='block_1_71' title="bbox 452 4012 2104 4086">
    <p class='ocr_par' dir='ltr' id='par_1_71' title="bbox 452 4012 2104 4086">
     <span class='ocr_line' id='line_1_71' title="bbox 452 4012 2104 4086; baseline 0.001 -18"><span class='ocrx_word' id='word_1_536' title='bbox 452 4038 453 4041; x_wconf 54' lang='grc' dir='ltr'><strong>η</strong></span> <span class='ocrx_word' id='word_1_537' title='bbox 513 4016 714 4071; x_wconf 85' lang='lat' dir='ltr'><strong>tionem</strong></span> <span class='ocrx_word' id='word_1_538' title='bbox 744 4014 883 4084; x_wconf 88' lang='lat' dir='ltr'><strong>ejus,</strong></span> <span class='ocrx_word' id='word_1_539' title='bbox 917 4029 1016 4071; x_wconf 88' lang='lat' dir='ltr'><strong>nec</strong></span> <span class='ocrx_word' id='word_1_540' title='bbox 1042 4014 1241 4085; x_wconf 88' lang='lat' dir='ltr'><strong>refugit</strong></span> <span class='ocrx_word' id='word_1_541' title='bbox 1280 4015 1607 4086; x_wconf 86' lang='lat' dir='ltr'><strong>passionem.</strong></span> <span class='ocrx_word' id='word_1_542' title='bbox 1651 4015 1895 4086; x_wconf 90' lang='lat' dir='ltr'><strong>Denique</strong></span> <span class='ocrx_word' id='word_1_543' title='bbox 1939 4012 2104 4075; x_wconf 87' lang='lat' dir='ltr'><strong>David</strong></span> 
     </span>
    </p>
   </div>
   <div class='ocr_carea' id='block_1_72' title="bbox 510 4106 2107 4178">
    <p class='ocr_par' dir='ltr' id='par_1_72' title="bbox 510 4106 2107 4178">
     <span class='ocr_line' id='line_1_72' title="bbox 510 4106 2107 4178; baseline 0 -18"><span class='ocrx_word' id='word_1_544' title='bbox 510 4107 605 4176; x_wconf 89' lang='lat' dir='ltr'><strong>qui</strong></span> <span class='ocrx_word' id='word_1_545' title='bbox 629 4106 824 4176; x_wconf 85' lang='lat' dir='ltr'><strong>dignus</strong></span> <span class='ocrx_word' id='word_1_546' title='bbox 855 4116 993 4173; x_wconf 89' lang='lat' dir='ltr'><strong>erat,</strong></span> <span class='ocrx_word' id='word_1_547' title='bbox 1019 4116 1080 4163; x_wconf 89' lang='lat' dir='ltr'><strong>ut</strong></span> <span class='ocrx_word' id='word_1_548' title='bbox 1109 4123 1136 4161; x_wconf 89' lang='lat' dir='ltr'><strong>a</strong></span> <span class='ocrx_word' id='word_1_549' title='bbox 1169 4108 1516 4165; x_wconf 88' lang='lat' dir='ltr'><strong>tribulatione</strong></span> <span class='ocrx_word' id='word_1_550' title='bbox 1543 4118 1903 4178; x_wconf 65' lang='lat' dir='ltr'><strong>quaereretur,</strong></span> <span class='ocrx_word' id='word_1_551' title='bbox 1938 4108 2107 4167; x_wconf 75' lang='lat' dir='ltr'><strong>tribu~</strong></span> 
     </span>
    </p>
   </div>
   <div class='ocr_carea' id='block_1_73' title="bbox 507 4196 2105 4269">
    <p class='ocr_par' dir='ltr' id='par_1_73' title="bbox 507 4196 2105 4269">
     <span class='ocr_line' id='line_1_73' title="bbox 507 4196 2105 4269; baseline 0.003 -19"><span class='ocrx_word' id='word_1_552' title='bbox 507 4197 762 4252; x_wconf 85' lang='lat' dir='ltr'><strong>lationem</strong></span> <span class='ocrx_word' id='word_1_553' title='bbox 793 4204 848 4252; x_wconf 93' lang='lat' dir='ltr'><strong>et</strong></span> <span class='ocrx_word' id='word_1_554' title='bbox 870 4196 988 4266; x_wconf 90' lang='lat' dir='ltr'><strong>ipse</strong></span> <span class='ocrx_word' id='word_1_555' title='bbox 1025 4200 1297 4268; x_wconf 62' lang='lat' dir='ltr'><strong>quaesivit.</strong></span> <span class='ocrx_word' id='word_1_556' title='bbox 1345 4197 1478 4254; x_wconf 85' lang='lat' dir='ltr'><strong>Nam</strong></span> <span class='ocrx_word' id='word_1_557' title='bbox 1520 4199 1628 4254; x_wconf 89' lang='lat' dir='ltr'><strong>nisi</strong></span> <span class='ocrx_word' id='word_1_558' title='bbox 1655 4199 1964 4269; x_wconf 68' lang='lat' dir='ltr'><strong>quaesisset,</strong></span> <span class='ocrx_word' id='word_1_559' title='bbox 1996 4213 2105 4254; x_wconf 91' lang='lat' dir='ltr'><strong>non</strong></span> 
     </span>
    </p>
   </div>
   <div class='ocr_carea' id='block_1_74' title="bbox 511 4287 2105 4359">
    <p class='ocr_par' dir='ltr' id='par_1_74' title="bbox 511 4287 2105 4359">
     <span class='ocr_line' id='line_1_74' title="bbox 511 4287 2105 4359; baseline 0.001 -18"><span class='ocrx_word' id='word_1_560' title='bbox 511 4287 828 4343; x_wconf 84' lang='lat' dir='ltr'><strong>invenisset.</strong></span> <span class='ocrx_word' id='word_1_561' title='bbox 882 4287 1039 4355; x_wconf 86' lang='lat' dir='ltr'><strong>Quod</strong></span> <span class='ocrx_word' id='word_1_562' title='bbox 1088 4288 1354 4347; x_wconf 85' lang='lat' dir='ltr'><strong>invenerit</strong></span> <span class='ocrx_word' id='word_1_563' title='bbox 1408 4297 1611 4356; x_wconf 88' lang='lat' dir='ltr'><strong>autem,</strong></span> <span class='ocrx_word' id='word_1_564' title='bbox 1682 4290 1798 4359; x_wconf 89' lang='lat' dir='ltr'><strong>ipse</strong></span> <span class='ocrx_word' id='word_1_565' title='bbox 1855 4298 2105 4359; x_wconf 88' lang='lat' dir='ltr'><strong>testatur,</strong></span> 
     </span>
    </p>
   </div>
   <div class='ocr_carea' id='block_1_75' title="bbox 509 4379 2109 4457">
    <p class='ocr_par' dir='ltr' id='par_1_75' title="bbox 509 4379 2109 4457">
     <span class='ocr_line' id='line_1_75' title="bbox 509 4379 2109 4457; baseline -0.001 -21"><span class='ocrx_word' id='word_1_566' title='bbox 509 4381 701 4437; x_wconf 87' lang='lat' dir='ltr'><strong>dicens</strong></span> <span class='ocrx_word' id='word_1_567' title='bbox 730 4398 746 4437; x_wconf 84' lang='lat'><strong>:</strong></span> <span class='ocrx_word' id='word_1_568' title='bbox 780 4379 1188 4439; x_wconf 85' lang='lat' dir='ltr'><strong>Tribulotionem</strong></span> <span class='ocrx_word' id='word_1_569' title='bbox 1225 4392 1272 4439; x_wconf 84' lang='lat' dir='ltr'><strong>et</strong></span> <span class='ocrx_word' id='word_1_570' title='bbox 1314 4383 1546 4437; x_wconf 88' lang='lat' dir='ltr'><strong>dolorem</strong></span> <span class='ocrx_word' id='word_1_571' title='bbox 1570 4382 1763 4449; x_wconf 85' lang='lat' dir='ltr'><strong>inveni,</strong></span> <span class='ocrx_word' id='word_1_572' title='bbox 1811 4382 2023 4457; x_wconf 70' lang='lat'><strong>1208</strong></span> <span class='ocrx_word' id='word_1_573' title='bbox 2061 4389 2109 4439; x_wconf 83' lang='lat' dir='ltr'><strong>et</strong></span> 
     </span>
    </p>
   </div>
   <div class='ocr_carea' id='block_1_76' title="bbox 510 4476 2101 4553">
    <p class='ocr_par' dir='ltr' id='par_1_76' title="bbox 510 4476 2101 4553">
     <span class='ocr_line' id='line_1_76' title="bbox 510 4476 2101 4553; baseline 0 -21"><span class='ocrx_word' id='word_1_574' title='bbox 510 4495 694 4533; x_wconf 84' lang='lat' dir='ltr'><strong>nomen</strong></span> <span class='ocrx_word' id='word_1_575' title='bbox 720 4478 928 4534; x_wconf 84' lang='lat' dir='ltr'><strong>Domini</strong></span> <span class='ocrx_word' id='word_1_576' title='bbox 953 4480 1186 4537; x_wconf 76' lang='lat' dir='ltr'><strong>inuocaui</strong></span> <span class='ocrx_word' id='word_1_577' title='bbox 1235 4479 1410 4553; x_wconf 89' lang='lat' dir='ltr'><strong>(Psal.</strong></span> <span class='ocrx_word' id='word_1_578' title='bbox 1434 4494 1578 4548; x_wconf 70' lang='lat' dir='ltr'><strong>cstv,</strong></span> <span class='ocrx_word' id='word_1_579' title='bbox 1608 4480 1643 4535; x_wconf 79' lang='grc'><strong>5</strong></span> <span class='ocrx_word' id='word_1_580' title='bbox 1663 4488 1712 4533; x_wconf 86' lang='grc' dir='ltr'><strong>ει</strong></span> <span class='ocrx_word' id='word_1_581' title='bbox 1738 4476 1818 4547; x_wconf 77' lang='grc'><strong>4).</strong></span> <span class='ocrx_word' id='word_1_582' title='bbox 1847 4478 1916 4539; x_wconf 86' lang='lat' dir='ltr'><strong>Et</strong></span> <span class='ocrx_word' id='word_1_583' title='bbox 1942 4476 2101 4535; x_wconf 87' lang='lat' dir='ltr'><strong>alibi:</strong></span> 
     </span>
    </p>
   </div>
   <div class='ocr_carea' id='block_1_77' title="bbox 2216 3270 3819 3347">
    <p class='ocr_par' dir='ltr' id='par_1_77' title="bbox 2216 3270 3819 3347">
     <span class='ocr_line' id='line_1_77' title="bbox 2216 3270 3819 3347; baseline 0.001 -25"><span class='ocrx_word' id='word_1_584' title='bbox 2216 3284 2405 3335; x_wconf 86' lang='lat' dir='ltr'><strong>meum,</strong></span> <span class='ocrx_word' id='word_1_585' title='bbox 2436 3278 2483 3323; x_wconf 87' lang='lat' dir='ltr'><strong>et</strong></span> <span class='ocrx_word' id='word_1_586' title='bbox 2513 3271 2708 3325; x_wconf 68' lang='lat' dir='ltr'><strong>exitum</strong></span> <span class='ocrx_word' id='word_1_587' title='bbox 2738 3286 2930 3338; x_wconf 84' lang='lat' dir='ltr'><strong>meum,</strong></span> <span class='ocrx_word' id='word_1_588' title='bbox 2956 3281 3007 3326; x_wconf 85' lang='lat' dir='ltr'><strong>et</strong></span> <span class='ocrx_word' id='word_1_589' title='bbox 3034 3288 3209 3326; x_wconf 84' lang='lat' dir='ltr'><strong>servus</strong></span> <span class='ocrx_word' id='word_1_590' title='bbox 3231 3282 3349 3326; x_wconf 86' lang='lat' dir='ltr'><strong>tuus</strong></span> <span class='ocrx_word' id='word_1_591' title='bbox 3369 3273 3427 3327; x_wconf 87' lang='lat' dir='ltr'><strong>in</strong></span> <span class='ocrx_word' id='word_1_592' title='bbox 3446 3273 3621 3327; x_wconf 84' lang='lat' dir='ltr'><strong>medio</strong></span> <span class='ocrx_word' id='word_1_593' title='bbox 3644 3270 3819 3347; x_wconf 79' lang='lat' dir='ltr'><strong>populi</strong></span> 
     </span>
    </p>
   </div>
   <div class='ocr_carea' id='block_1_78' title="bbox 2214 3360 3818 3435">
    <p class='ocr_par' dir='ltr' id='par_1_78' title="bbox 2214 3360 3818 3435">
     <span class='ocr_line' id='line_1_78' title="bbox 2214 3360 3818 3435; baseline 0.005 -24"><span class='ocrx_word' id='word_1_594' title='bbox 2214 3360 2306 3427; x_wconf 81' lang='lat' dir='ltr'><strong>lui,</strong></span> <span class='ocrx_word' id='word_1_595' title='bbox 2334 3376 2484 3433; x_wconf 86' lang='lat' dir='ltr'><strong>quem</strong></span> <span class='ocrx_word' id='word_1_596' title='bbox 2515 3362 2733 3434; x_wconf 81' lang='lat' dir='ltr'><strong>elcgisli,</strong></span> <span class='ocrx_word' id='word_1_597' title='bbox 2758 3362 3007 3435; x_wconf 85' lang='lat' dir='ltr'><strong>papulum</strong></span> <span class='ocrx_word' id='word_1_598' title='bbox 3036 3364 3254 3425; x_wconf 88' lang='lat' dir='ltr'><strong>multum</strong></span> <span class='ocrx_word' id='word_1_599' title='bbox 3294 3365 3426 3418; x_wconf 81' lang='lat' dir='ltr'><strong>sicut</strong></span> <span class='ocrx_word' id='word_1_600' title='bbox 3463 3380 3683 3421; x_wconf 85' lang='lat' dir='ltr'><strong>arenam</strong></span> <span class='ocrx_word' id='word_1_601' title='bbox 3714 3380 3818 3419; x_wconf 87' lang='lat' dir='ltr'><strong>ma-</strong></span> 
     </span>
    </p>
   </div>
   <div class='ocr_carea' id='block_1_79' title="bbox 2213 3452 3819 3527">
    <p class='ocr_par' dir='ltr' id='par_1_79' title="bbox 2213 3452 3819 3527">
     <span class='ocr_line' id='line_1_79' title="bbox 2213 3452 3819 3527; baseline 0.003 -24"><span class='ocrx_word' id='word_1_602' title='bbox 2213 3452 2305 3518; x_wconf 79' lang='lat' dir='ltr'><strong>ris,</strong></span> <span class='ocrx_word' id='word_1_603' title='bbox 2338 3468 2454 3523; x_wconf 75' lang='lat' dir='ltr'><strong>qua:</strong></span> <span class='ocrx_word' id='word_1_604' title='bbox 2492 3453 2817 3509; x_wconf 86' lang='lat' dir='ltr'><strong>dinumerari</strong></span> <span class='ocrx_word' id='word_1_605' title='bbox 2847 3471 2949 3509; x_wconf 87' lang='lat' dir='ltr'><strong>non</strong></span> <span class='ocrx_word' id='word_1_606' title='bbox 3000 3465 3166 3527; x_wconf 82' lang='lat' dir='ltr'><strong>potest</strong></span> <span class='ocrx_word' id='word_1_607' title='bbox 3212 3471 3322 3527; x_wconf 73' lang='lat' dir='ltr'><strong>pra:</strong></span> <span class='ocrx_word' id='word_1_608' title='bbox 3360 3455 3700 3512; x_wconf 83' lang='lat' dir='ltr'><strong>multitudine</strong></span> <span class='ocrx_word' id='word_1_609' title='bbox 3731 3471 3749 3508; x_wconf 89' lang='lat'><strong><em>:</em></strong></span> <span class='ocrx_word' id='word_1_610' title='bbox 3776 3462 3819 3508; x_wconf 87' lang='lat' dir='ltr'><strong>et</strong></span> 
     </span>
    </p>
   </div>
   <div class='ocr_carea' id='block_1_80' title="bbox 2210 3543 3818 3621">
    <p class='ocr_par' dir='ltr' id='par_1_80' title="bbox 2210 3543 3818 3621">
     <span class='ocr_line' id='line_1_80' title="bbox 2210 3543 3818 3621; baseline 0.001 -25"><span class='ocrx_word' id='word_1_611' title='bbox 2210 3543 2359 3598; x_wconf 81' lang='lat' dir='ltr'><strong>dabis</strong></span> <span class='ocrx_word' id='word_1_612' title='bbox 2384 3562 2526 3600; x_wconf 84' lang='lat' dir='ltr'><strong>servo</strong></span> <span class='ocrx_word' id='word_1_613' title='bbox 2565 3556 2651 3600; x_wconf 85' lang='lat' dir='ltr'><strong>tuo</strong></span> <span class='ocrx_word' id='word_1_614' title='bbox 2694 3563 2785 3601; x_wconf 87' lang='lat' dir='ltr'><strong>cor</strong></span> <span class='ocrx_word' id='word_1_615' title='bbox 2836 3547 3085 3618; x_wconf 84' lang='lat' dir='ltr'><strong>prudens,</strong></span> <span class='ocrx_word' id='word_1_616' title='bbox 3119 3548 3303 3602; x_wconf 87' lang='lat' dir='ltr'><strong>audire</strong></span> <span class='ocrx_word' id='word_1_617' title='bbox 3345 3558 3391 3603; x_wconf 88' lang='lat' dir='ltr'><strong>et</strong></span> <span class='ocrx_word' id='word_1_618' title='bbox 3415 3549 3669 3621; x_wconf 85' lang='lat' dir='ltr'><strong>judicare</strong></span> <span class='ocrx_word' id='word_1_619' title='bbox 3713 3561 3818 3601; x_wconf 86' lang='lat' dir='ltr'><strong>cum</strong></span> 
     </span>
    </p>
   </div>
   <div class='ocr_carea' id='block_1_81' title="bbox 2200 3637 3821 3715">
    <p class='ocr_par' dir='ltr' id='par_1_81' title="bbox 2200 3637 3821 3715">
     <span class='ocr_line' id='line_1_81' title="bbox 2200 3637 3821 3715; baseline 0.001 -26"><span class='ocrx_word' id='word_1_620' title='bbox 2200 3637 2411 3708; x_wconf 85' lang='lat' dir='ltr'><strong>justitia</strong></span> <span class='ocrx_word' id='word_1_621' title='bbox 2460 3638 2710 3715; x_wconf 82' lang='lat' dir='ltr'><strong>populum</strong></span> <span class='ocrx_word' id='word_1_622' title='bbox 2746 3649 2913 3706; x_wconf 87' lang='lat' dir='ltr'><strong>tuum,</strong></span> <span class='ocrx_word' id='word_1_623' title='bbox 2965 3649 3013 3695; x_wconf 88' lang='lat' dir='ltr'><strong>et</strong></span> <span class='ocrx_word' id='word_1_624' title='bbox 3041 3641 3330 3712; x_wconf 83' lang='lat' dir='ltr'><strong>intelligere</strong></span> <span class='ocrx_word' id='word_1_625' title='bbox 3369 3641 3508 3695; x_wconf 85' lang='lat' dir='ltr'><strong>inter</strong></span> <span class='ocrx_word' id='word_1_626' title='bbox 3560 3641 3752 3696; x_wconf 85' lang='lat' dir='ltr'><strong>bonum</strong></span> <span class='ocrx_word' id='word_1_627' title='bbox 3779 3647 3821 3691; x_wconf 80' lang='lat' dir='ltr'><strong>et</strong></span> 
     </span>
    </p>
   </div>
   <div class='ocr_carea' id='block_1_82' title="bbox 2210 3727 3821 3803">
    <p class='ocr_par' dir='ltr' id='par_1_82' title="bbox 2210 3727 3821 3803">
     <span class='ocr_line' id='line_1_82' title="bbox 2210 3727 3821 3803; baseline 0.003 -24"><span class='ocrx_word' id='word_1_628' title='bbox 2210 3729 2402 3784; x_wconf 82' lang='lat' dir='ltr'><strong>malum</strong></span> <span class='ocrx_word' id='word_1_629' title='bbox 2427 3727 2517 3801; x_wconf 85' lang='lat' dir='ltr'><strong>(lli</strong></span> <span class='ocrx_word' id='word_1_630' title='bbox 2557 3730 2687 3802; x_wconf 82' lang='lat' dir='ltr'><strong>Reg.</strong></span> <span class='ocrx_word' id='word_1_631' title='bbox 2720 3747 2803 3798; x_wconf 87' lang='lat' dir='ltr'><strong>tn,</strong></span> <span class='ocrx_word' id='word_1_632' title='bbox 2834 3732 2973 3801; x_wconf 89' lang='lat'><strong>7-9).</strong></span> <span class='ocrx_word' id='word_1_633' title='bbox 3002 3730 3160 3789; x_wconf 88' lang='lat' dir='ltr'><strong>Unde</strong></span> <span class='ocrx_word' id='word_1_634' title='bbox 3193 3732 3527 3803; x_wconf 84' lang='lat' dir='ltr'><strong>complacuit</strong></span> <span class='ocrx_word' id='word_1_635' title='bbox 3560 3731 3821 3794; x_wconf 87' lang='lat' dir='ltr'><strong>Domino;</strong></span> 
     </span>
    </p>
   </div>
   <div class='ocr_carea' id='block_1_83' title="bbox 2207 3821 3822 3897">
    <p class='ocr_par' dir='ltr' id='par_1_83' title="bbox 2207 3821 3822 3897">
     <span class='ocr_line' id='line_1_83' title="bbox 2207 3821 3822 3897; baseline -0.001 -21"><span class='ocrx_word' id='word_1_636' title='bbox 2207 3823 2331 3897; x_wconf 89' lang='lat' dir='ltr'><strong>quia</strong></span> <span class='ocrx_word' id='word_1_637' title='bbox 2359 3837 2464 3877; x_wconf 89' lang='lat' dir='ltr'><strong>non</strong></span> <span class='ocrx_word' id='word_1_638' title='bbox 2489 3821 2594 3885; x_wconf 86' lang='lat' dir='ltr'><strong>sibi</strong></span> <span class='ocrx_word' id='word_1_639' title='bbox 2620 3824 3024 3896; x_wconf 66' lang='lat' dir='ltr'><strong>longaevitatem</strong></span> <span class='ocrx_word' id='word_1_640' title='bbox 3056 3827 3203 3893; x_wconf 75' lang='lat' dir='ltr'><strong>vitm,</strong></span> <span class='ocrx_word' id='word_1_641' title='bbox 3235 3835 3288 3880; x_wconf 89' lang='lat' dir='ltr'><strong>et</strong></span> <span class='ocrx_word' id='word_1_642' title='bbox 3312 3824 3586 3895; x_wconf 83' lang='lat' dir='ltr'><strong>regalium</strong></span> <span class='ocrx_word' id='word_1_643' title='bbox 3614 3822 3822 3879; x_wconf 88' lang='lat' dir='ltr'><strong>divitia-</strong></span> 
     </span>
    </p>
   </div>
   <div class='ocr_carea' id='block_1_84' title="bbox 2205 3914 3813 3991">
    <p class='ocr_par' dir='ltr' id='par_1_84' title="bbox 2205 3914 3813 3991">
     <span class='ocr_line' id='line_1_84' title="bbox 2205 3914 3813 3991; baseline -0.001 -22"><span class='ocrx_word' id='word_1_644' title='bbox 2205 3930 2325 3972; x_wconf 89' lang='lat' dir='ltr'><strong>rum</strong></span> <span class='ocrx_word' id='word_1_645' title='bbox 2351 3915 2555 3991; x_wconf 88' lang='lat' dir='ltr'><strong>c0pias,</strong></span> <span class='ocrx_word' id='word_1_646' title='bbox 2605 3916 2700 3971; x_wconf 90' lang='lat' dir='ltr'><strong>sed</strong></span> <span class='ocrx_word' id='word_1_647' title='bbox 2733 3916 3055 3988; x_wconf 84' lang='lat' dir='ltr'><strong>sapientiam</strong></span> <span class='ocrx_word' id='word_1_648' title='bbox 3092 3916 3158 3972; x_wconf 87' lang='lat' dir='ltr'><strong>ad</strong></span> <span class='ocrx_word' id='word_1_649' title='bbox 3191 3915 3547 3988; x_wconf 83' lang='lat' dir='ltr'><strong>intelligenda</strong></span> <span class='ocrx_word' id='word_1_650' title='bbox 3598 3914 3813 3969; x_wconf 87' lang='lat' dir='ltr'><strong>Domini</strong></span> 
     </span>
    </p>
   </div>
   <div class='ocr_carea' id='block_1_85' title="bbox 2202 4007 3813 4080">
    <p class='ocr_par' dir='ltr' id='par_1_85' title="bbox 2202 4007 3813 4080">
     <span class='ocr_line' id='line_1_85' title="bbox 2202 4007 3813 4080; baseline -0.001 -18"><span class='ocrx_word' id='word_1_651' title='bbox 2202 4007 2402 4079; x_wconf 87' lang='lat' dir='ltr'><strong>judicia</strong></span> <span class='ocrx_word' id='word_1_652' title='bbox 2444 4018 2498 4064; x_wconf 92' lang='lat' dir='ltr'><strong>et</strong></span> <span class='ocrx_word' id='word_1_653' title='bbox 2545 4007 2785 4080; x_wconf 85' lang='lat' dir='ltr'><strong>justitias</strong></span> <span class='ocrx_word' id='word_1_654' title='bbox 2824 4009 3182 4080; x_wconf 89' lang='lat' dir='ltr'><strong>depoposcit:</strong></span> <span class='ocrx_word' id='word_1_655' title='bbox 3224 4018 3281 4064; x_wconf 90' lang='lat' dir='ltr'><strong>et</strong></span> <span class='ocrx_word' id='word_1_656' title='bbox 3309 4008 3433 4068; x_wconf 86' lang='lat' dir='ltr'><strong>ideo</strong></span> <span class='ocrx_word' id='word_1_657' title='bbox 3474 4016 3693 4063; x_wconf 88' lang='lat' dir='ltr'><strong>tantmn</strong></span> <span class='ocrx_word' id='word_1_658' title='bbox 3724 4021 3813 4077; x_wconf 85' lang='lat' dir='ltr'><strong>po-</strong></span> 
     </span>
    </p>
   </div>
   <div class='ocr_carea' id='block_1_86' title="bbox 2213 4102 3822 4175">
    <p class='ocr_par' dir='ltr' id='par_1_86' title="bbox 2213 4102 3822 4175">
     <span class='ocr_line' id='line_1_86' title="bbox 2213 4102 3822 4175; baseline -0.002 -18"><span class='ocrx_word' id='word_1_659' title='bbox 2213 4105 2397 4173; x_wconf 84' lang='lat' dir='ltr'><strong>pulum</strong></span> <span class='ocrx_word' id='word_1_660' title='bbox 2424 4118 2594 4173; x_wconf 88' lang='lat' dir='ltr'><strong>reguo</strong></span> <span class='ocrx_word' id='word_1_661' title='bbox 2625 4104 2852 4174; x_wconf 83' lang='lat' dir='ltr'><strong>pacifico</strong></span> <span class='ocrx_word' id='word_1_662' title='bbox 2879 4102 3205 4175; x_wconf 82' lang='lat' dir='ltr'><strong>gubernavit</strong></span> <span class='ocrx_word' id='word_1_663' title='bbox 3238 4119 3252 4173; x_wconf 92' lang='lat'><strong>;</strong></span> <span class='ocrx_word' id='word_1_664' title='bbox 3286 4104 3411 4173; x_wconf 86' lang='lat' dir='ltr'><strong>quia</strong></span> <span class='ocrx_word' id='word_1_665' title='bbox 3443 4117 3558 4157; x_wconf 90' lang='lat' dir='ltr'><strong>non</strong></span> <span class='ocrx_word' id='word_1_666' title='bbox 3592 4113 3822 4171; x_wconf 87' lang='lat' dir='ltr'><strong>usurpa-</strong></span> 
     </span>
    </p>
   </div>
   <div class='ocr_carea' id='block_1_87' title="bbox 2208 4195 3818 4267">
    <p class='ocr_par' dir='ltr' id='par_1_87' title="bbox 2208 4195 3818 4267">
     <span class='ocr_line' id='line_1_87' title="bbox 2208 4195 3818 4267; baseline -0.001 -16"><span class='ocrx_word' id='word_1_667' title='bbox 2208 4198 2305 4264; x_wconf 88' lang='lat' dir='ltr'><strong>vit,</strong></span> <span class='ocrx_word' id='word_1_668' title='bbox 2340 4207 2397 4251; x_wconf 90' lang='lat' dir='ltr'><strong>nt</strong></span> <span class='ocrx_word' id='word_1_669' title='bbox 2419 4196 2612 4267; x_wconf 86' lang='lat' dir='ltr'><strong>Adam,</strong></span> <span class='ocrx_word' id='word_1_670' title='bbox 2655 4198 2779 4253; x_wconf 90' lang='lat' dir='ltr'><strong>boni</strong></span> <span class='ocrx_word' id='word_1_671' title='bbox 2811 4208 2865 4253; x_wconf 87' lang='lat' dir='ltr'><strong>et</strong></span> <span class='ocrx_word' id='word_1_672' title='bbox 2895 4199 3022 4253; x_wconf 90' lang='lat' dir='ltr'><strong>mali</strong></span> <span class='ocrx_word' id='word_1_673' title='bbox 3055 4198 3195 4255; x_wconf 90' lang='lat' dir='ltr'><strong>scire</strong></span> <span class='ocrx_word' id='word_1_674' title='bbox 3220 4195 3568 4252; x_wconf 86' lang='lat' dir='ltr'><strong>distantiam:</strong></span> <span class='ocrx_word' id='word_1_675' title='bbox 3605 4196 3703 4251; x_wconf 86' lang='lat' dir='ltr'><strong>sed</strong></span> <span class='ocrx_word' id='word_1_676' title='bbox 3739 4196 3818 4249; x_wconf 88' lang='lat' dir='ltr'><strong>in-</strong></span> 
     </span>
    </p>
   </div>
   <div class='ocr_carea' id='block_1_88' title="bbox 2206 4288 3821 4363">
    <p class='ocr_par' dir='ltr' id='par_1_88' title="bbox 2206 4288 3821 4363">
     <span class='ocr_line' id='line_1_88' title="bbox 2206 4288 3821 4363; baseline -0.002 -18"><span class='ocrx_word' id='word_1_677' title='bbox 2206 4289 2520 4361; x_wconf 71' lang='lat' dir='ltr'><strong>telligeudzc</strong></span> <span class='ocrx_word' id='word_1_678' title='bbox 2569 4291 2687 4363; x_wconf 86' lang='lat' dir='ltr'><strong>ejus</strong></span> <span class='ocrx_word' id='word_1_679' title='bbox 2741 4292 2970 4361; x_wconf 80' lang='lat' dir='ltr'><strong>gratiam</strong></span> <span class='ocrx_word' id='word_1_680' title='bbox 3027 4301 3050 4330; x_wconf 74' lang='grc' dir='ltr'><strong>ε</strong></span> <span class='ocrx_word' id='word_1_681' title='bbox 3104 4292 3281 4346; x_wconf 90' lang='lat' dir='ltr'><strong>oravit</strong></span> <span class='ocrx_word' id='word_1_682' title='bbox 3317 4306 3345 4345; x_wconf 88' lang='lat' dir='ltr'><strong>a</strong></span> <span class='ocrx_word' id='word_1_683' title='bbox 3376 4289 3630 4346; x_wconf 87' lang='lat' dir='ltr'><strong>Christo.</strong></span> <span class='ocrx_word' id='word_1_684' title='bbox 3674 4288 3821 4359; x_wconf 74' lang='grc' dir='ltr'><strong>ρηυά</strong></span> 
     </span>
    </p>
   </div>
   <div class='ocr_carea' id='block_1_89' title="bbox 2207 4379 3826 4448">
    <p class='ocr_par' dir='ltr' id='par_1_89' title="bbox 2207 4379 3826 4448">
     <span class='ocr_line' id='line_1_89' title="bbox 2207 4379 3826 4448; baseline -0.003 -11"><span class='ocrx_word' id='word_1_685' title='bbox 2207 4381 2352 4438; x_wconf 90' lang='lat' dir='ltr'><strong>enim</strong></span> <span class='ocrx_word' id='word_1_686' title='bbox 2393 4381 2533 4437; x_wconf 89' lang='lat' dir='ltr'><strong>scire</strong></span> <span class='ocrx_word' id='word_1_687' title='bbox 2576 4381 2817 4437; x_wconf 90' lang='lat' dir='ltr'><strong>divinum</strong></span> <span class='ocrx_word' id='word_1_688' title='bbox 2862 4392 2965 4448; x_wconf 89' lang='lat' dir='ltr'><strong>est,</strong></span> <span class='ocrx_word' id='word_1_689' title='bbox 3001 4380 3105 4436; x_wconf 86' lang='lat' dir='ltr'><strong>hoc</strong></span> <span class='ocrx_word' id='word_1_690' title='bbox 3133 4396 3162 4435; x_wconf 88' lang='lat' dir='ltr'><strong>a</strong></span> <span class='ocrx_word' id='word_1_691' title='bbox 3196 4379 3424 4441; x_wconf 88' lang='lat' dir='ltr'><strong>Domino</strong></span> <span class='ocrx_word' id='word_1_692' title='bbox 3465 4380 3592 4437; x_wconf 82' lang='lat' dir='ltr'><strong>Deo</strong></span> <span class='ocrx_word' id='word_1_693' title='bbox 3627 4391 3739 4443; x_wconf 89' lang='lat' dir='ltr'><strong>tuo,</strong></span> <span class='ocrx_word' id='word_1_694' title='bbox 3775 4391 3826 4432; x_wconf 87' lang='grc' dir='ltr'>ιιι</span> 
     </span>
    </p>
   </div>
   <div class='ocr_carea' id='block_1_90' title="bbox 2207 4473 3825 4546">
    <p class='ocr_par' dir='ltr' id='par_1_90' title="bbox 2207 4473 3825 4546">
     <span class='ocr_line' id='line_1_90' title="bbox 2207 4473 3825 4546; baseline 0.001 -18"><span class='ocrx_word' id='word_1_695' title='bbox 2207 4474 2382 4545; x_wconf 88' lang='lat' dir='ltr'><strong>possis</strong></span> <span class='ocrx_word' id='word_1_696' title='bbox 2424 4489 2777 4545; x_wconf 84' lang='lat' dir='ltr'><strong>cognoscere,</strong></span> <span class='ocrx_word' id='word_1_697' title='bbox 2812 4473 3229 4545; x_wconf 87' lang='lat' dir='ltr'><strong>promerendum</strong></span> <span class='ocrx_word' id='word_1_698' title='bbox 3260 4484 3362 4530; x_wconf 90' lang='lat' dir='ltr'><strong>est.</strong></span> <span class='ocrx_word' id='word_1_699' title='bbox 3407 4473 3465 4530; x_wconf 90' lang='lat' dir='ltr'><strong>Si</strong></span> <span class='ocrx_word' id='word_1_700' title='bbox 3497 4475 3736 4546; x_wconf 82' lang='lat' dir='ltr'><strong>petisset</strong></span> <span class='ocrx_word' id='word_1_701' title='bbox 3774 4481 3825 4531; x_wconf 89' lang='lat' dir='ltr'><strong>et</strong></span> 
     </span>
    </p>
   </div>
   <div class='ocr_carea' id='block_1_91' title="bbox 505 4565 3825 4659">
    <p class='ocr_par' dir='ltr' id='par_1_91' title="bbox 505 4565 3825 4659">
     <span class='ocr_line' id='line_1_91' title="bbox 505 4565 3825 4659; baseline -0.001 -32"><span class='ocrx_word' id='word_1_702' title='bbox 505 4572 574 4628; x_wconf 86' lang='lat' dir='ltr'><strong>In</strong></span> <span class='ocrx_word' id='word_1_703' title='bbox 604 4572 934 4632; x_wconf 86' lang='lat' dir='ltr'><strong>tribulatione</strong></span> <span class='ocrx_word' id='word_1_704' title='bbox 954 4578 1182 4632; x_wconf 81' lang='lat' dir='ltr'><strong>inuocaui</strong></span> <span class='ocrx_word' id='word_1_705' title='bbox 1207 4576 1509 4644; x_wconf 87' lang='lat' dir='ltr'><strong>Dominum,</strong></span> <span class='ocrx_word' id='word_1_706' title='bbox 1544 4587 1593 4632; x_wconf 88' lang='lat' dir='ltr'><strong>et</strong></span> <span class='ocrx_word' id='word_1_707' title='bbox 1637 4574 1901 4637; x_wconf 71' lang='lat' dir='ltr'><strong>exaudivit</strong></span> <span class='ocrx_word' id='word_1_708' title='bbox 1941 4591 2021 4633; x_wconf 84' lang='lat' dir='ltr'><strong>me</strong></span> <span class='ocrx_word' id='word_1_709' title='bbox 2051 4576 2105 4631; x_wconf 87' lang='lat' dir='ltr'><strong>in</strong></span> <span class='ocrx_word' id='word_1_710' title='bbox 2127 4599 2182 4659; x_wconf 80' lang='lat' dir='ltr'><strong>D</strong></span> <span class='ocrx_word' id='word_1_711' title='bbox 2208 4571 2400 4635; x_wconf 87' lang='lat' dir='ltr'><strong>Adam,</strong></span> <span class='ocrx_word' id='word_1_712' title='bbox 2426 4565 2451 4605; x_wconf 82' lang='grc' dir='ltr'><strong>ιι</strong></span> <span class='ocrx_word' id='word_1_713' title='bbox 2477 4570 2614 4624; x_wconf 87' lang='lat' dir='ltr'><strong>sicut</strong></span> <span class='ocrx_word' id='word_1_714' title='bbox 2642 4569 2832 4640; x_wconf 87' lang='lat' dir='ltr'><strong>petivit</strong></span> <span class='ocrx_word' id='word_1_715' title='bbox 2880 4568 3073 4635; x_wconf 81' lang='lat' dir='ltr'><strong>David,</strong></span> <span class='ocrx_word' id='word_1_716' title='bbox 3108 4584 3445 4641; x_wconf 88' lang='lat' dir='ltr'><strong>nequaquam</strong></span> <span class='ocrx_word' id='word_1_717' title='bbox 3502 4569 3639 4625; x_wconf 90' lang='lat' dir='ltr'><strong>illos</strong></span> <span class='ocrx_word' id='word_1_718' title='bbox 3671 4572 3825 4625; x_wconf 80' lang='lat' dir='ltr'><strong>inex-</strong></span> 
     </span>
    </p>
   </div>
   <div class='ocr_carea' id='block_1_92' title="bbox 503 4666 2102 4741">
    <p class='ocr_par' dir='ltr' id='par_1_92' title="bbox 503 4666 2102 4741">
     <span class='ocr_line' id='line_1_92' title="bbox 503 4666 2102 4741; baseline 0.001 -20"><span class='ocrx_word' id='word_1_719' title='bbox 503 4667 776 4722; x_wconf 84' lang='lat' dir='ltr'><strong>latitudine</strong></span> <span class='ocrx_word' id='word_1_720' title='bbox 801 4666 973 4731; x_wconf 86' lang='lat' dir='ltr'><strong>(Psal.</strong></span> <span class='ocrx_word' id='word_1_721' title='bbox 1006 4684 1170 4735; x_wconf 84' lang='lat' dir='ltr'><strong>cxvn,</strong></span> <span class='ocrx_word' id='word_1_722' title='bbox 1199 4669 1281 4741; x_wconf 82' lang='lat'><strong>5).</strong></span> <span class='ocrx_word' id='word_1_723' title='bbox 1322 4670 1470 4725; x_wconf 88' lang='lat' dir='ltr'><strong>Bona</strong></span> <span class='ocrx_word' id='word_1_724' title='bbox 1502 4684 1632 4740; x_wconf 91' lang='lat' dir='ltr'><strong>ergo</strong></span> <span class='ocrx_word' id='word_1_725' title='bbox 1659 4668 1958 4741; x_wconf 85' lang='lat' dir='ltr'><strong>tribulatio,</strong></span> <span class='ocrx_word' id='word_1_726' title='bbox 1981 4684 2102 4739; x_wconf 74' lang='lat' dir='ltr'><strong>quae</strong></span> 
     </span>
    </p>
   </div>
   <div class='ocr_carea' id='block_1_93' title="bbox 506 4757 2105 4839">
    <p class='ocr_par' dir='ltr' id='par_1_93' title="bbox 506 4757 2105 4839">
     <span class='ocr_line' id='line_1_93' title="bbox 506 4757 2105 4839; baseline 0.003 -26"><span class='ocrx_word' id='word_1_727' title='bbox 506 4757 701 4828; x_wconf 87' lang='lat' dir='ltr'><strong>dignos</strong></span> <span class='ocrx_word' id='word_1_728' title='bbox 732 4760 862 4817; x_wconf 82' lang='lat' dir='ltr'><strong>facit</strong></span> <span class='ocrx_word' id='word_1_729' title='bbox 908 4776 1029 4829; x_wconf 88' lang='lat' dir='ltr'><strong>nos,</strong></span> <span class='ocrx_word' id='word_1_730' title='bbox 1055 4762 1148 4831; x_wconf 90' lang='lat' dir='ltr'><strong>qui</strong></span> <span class='ocrx_word' id='word_1_731' title='bbox 1172 4765 1223 4819; x_wconf 89' lang='lat' dir='ltr'><strong>in</strong></span> <span class='ocrx_word' id='word_1_732' title='bbox 1249 4762 1532 4825; x_wconf 88' lang='lat' dir='ltr'><strong>latitudine</strong></span> <span class='ocrx_word' id='word_1_733' title='bbox 1562 4763 1917 4839; x_wconf 75' lang='lat' dir='ltr'><strong>exaudiamur</strong></span> <span class='ocrx_word' id='word_1_734' title='bbox 1937 4778 1966 4819; x_wconf 89' lang='lat' dir='ltr'><strong>a</strong></span> <span class='ocrx_word' id='word_1_735' title='bbox 2001 4762 2105 4818; x_wconf 88' lang='lat' dir='ltr'><strong>Do-</strong></span> 
     </span>
    </p>
   </div>
   <div class='ocr_carea' id='block_1_94' title="bbox 506 4850 2098 4910">
    <p class='ocr_par' dir='ltr' id='par_1_94' title="bbox 506 4850 2098 4910">
     <span class='ocr_line' id='line_1_94' title="bbox 506 4850 2098 4910; baseline 0.003 -7"><span class='ocrx_word' id='word_1_736' title='bbox 506 4850 677 4907; x_wconf 91' lang='lat' dir='ltr'><strong>mino.</strong></span> <span class='ocrx_word' id='word_1_737' title='bbox 696 4851 882 4907; x_wconf 85' lang='lat' dir='ltr'><strong>Gratia</strong></span> <span class='ocrx_word' id='word_1_738' title='bbox 900 4861 983 4907; x_wconf 90' lang='lat' dir='ltr'><strong>est</strong></span> <span class='ocrx_word' id='word_1_739' title='bbox 1003 4861 1182 4909; x_wconf 90' lang='lat' dir='ltr'><strong>autem</strong></span> <span class='ocrx_word' id='word_1_740' title='bbox 1196 4853 1444 4908; x_wconf 83' lang='lat' dir='ltr'><strong>exaudiri</strong></span> <span class='ocrx_word' id='word_1_741' title='bbox 1464 4871 1493 4907; x_wconf 90' lang='lat' dir='ltr'><strong>a</strong></span> <span class='ocrx_word' id='word_1_742' title='bbox 1512 4854 1742 4909; x_wconf 90' lang='lat' dir='ltr'><strong>Domino</strong></span> <span class='ocrx_word' id='word_1_743' title='bbox 1766 4855 1875 4910; x_wconf 89' lang='lat' dir='ltr'><strong>Deo</strong></span> <span class='ocrx_word' id='word_1_744' title='bbox 1889 4865 2098 4909; x_wconf 89' lang='lat' dir='ltr'><strong>nostro.</strong></span> 
     </span>
    </p>
   </div>
   <div class='ocr_carea' id='block_1_95' title="bbox 576 4943 2100 5019">
    <p class='ocr_par' dir='ltr' id='par_1_95' title="bbox 576 4943 2100 5019">
     <span class='ocr_line' id='line_1_95' title="bbox 576 4943 2100 5019; baseline 0.004 -23"><span class='ocrx_word' id='word_1_745' title='bbox 576 4944 665 4998; x_wconf 73' lang='grc'><strong>44.</strong></span> <span class='ocrx_word' id='word_1_746' title='bbox 707 4943 809 5012; x_wconf 91' lang='lat' dir='ltr'><strong>Qui</strong></span> <span class='ocrx_word' id='word_1_747' title='bbox 858 4948 1052 5016; x_wconf 63' lang='lat' dir='ltr'><strong>quaerit</strong></span> <span class='ocrx_word' id='word_1_748' title='bbox 1084 4948 1243 5017; x_wconf 89' lang='lat' dir='ltr'><strong>igitur</strong></span> <span class='ocrx_word' id='word_1_749' title='bbox 1282 4947 1707 5013; x_wconf 82' lang='lat' dir='ltr'><strong>tribulationem,</strong></span> <span class='ocrx_word' id='word_1_750' title='bbox 1741 4964 1851 5003; x_wconf 89' lang='lat' dir='ltr'><strong>non</strong></span> <span class='ocrx_word' id='word_1_751' title='bbox 1879 4947 2100 5019; x_wconf 80' lang='lat' dir='ltr'><strong>refugit:</strong></span> 
     </span>
    </p>
   </div>
   <div class='ocr_carea' id='block_1_96' title="bbox 506 5037 2102 5117">
    <p class='ocr_par' dir='ltr' id='par_1_96' title="bbox 506 5037 2102 5117">
     <span class='ocr_line' id='line_1_96' title="bbox 506 5037 2102 5117; baseline 0.004 -27"><span class='ocrx_word' id='word_1_752' title='bbox 506 5037 596 5109; x_wconf 91' lang='lat' dir='ltr'><strong>qui</strong></span> <span class='ocrx_word' id='word_1_753' title='bbox 629 5052 736 5095; x_wconf 90' lang='lat' dir='ltr'><strong>non</strong></span> <span class='ocrx_word' id='word_1_754' title='bbox 765 5039 987 5111; x_wconf 79' lang='lat' dir='ltr'><strong>refugit,</strong></span> <span class='ocrx_word' id='word_1_755' title='bbox 1025 5041 1325 5098; x_wconf 88' lang='lat' dir='ltr'><strong>invenitur.</strong></span> <span class='ocrx_word' id='word_1_756' title='bbox 1364 5040 1479 5097; x_wconf 83' lang='lat' dir='ltr'><strong>Non</strong></span> <span class='ocrx_word' id='word_1_757' title='bbox 1509 5042 1656 5098; x_wconf 91' lang='lat' dir='ltr'><strong>enim</strong></span> <span class='ocrx_word' id='word_1_758' title='bbox 1684 5040 1714 5080; x_wconf 73' lang='grc' dir='ltr'><strong>ι’</strong></span> <span class='ocrx_word' id='word_1_759' title='bbox 1746 5040 1966 5113; x_wconf 89' lang='lat' dir='ltr'><strong>refugit,</strong></span> <span class='ocrx_word' id='word_1_760' title='bbox 2010 5041 2102 5117; x_wconf 87' lang='lat' dir='ltr'><strong>qui</strong></span> 
     </span>
    </p>
   </div>
   <div class='ocr_carea' id='block_1_97' title="bbox 507 5129 2102 5206">
    <p class='ocr_par' dir='ltr' id='par_1_97' title="bbox 507 5129 2102 5206">
     <span class='ocr_line' id='line_1_97' title="bbox 507 5129 2102 5206; baseline 0.006 -24"><span class='ocrx_word' id='word_1_761' title='bbox 507 5129 761 5186; x_wconf 87' lang='lat' dir='ltr'><strong>mandata</strong></span> <span class='ocrx_word' id='word_1_762' title='bbox 812 5130 909 5189; x_wconf 92' lang='lat' dir='ltr'><strong>Dei</strong></span> <span class='ocrx_word' id='word_1_763' title='bbox 968 5148 1133 5190; x_wconf 89' lang='lat' dir='ltr'><strong>sensu</strong></span> <span class='ocrx_word' id='word_1_764' title='bbox 1178 5135 1545 5206; x_wconf 86' lang='lat' dir='ltr'><strong>operibusque</strong></span> <span class='ocrx_word' id='word_1_765' title='bbox 1600 5134 1915 5191; x_wconf 89' lang='lat' dir='ltr'><strong>meditatur.</strong></span> <span class='ocrx_word' id='word_1_766' title='bbox 1967 5134 2102 5195; x_wconf 77' lang='lat' dir='ltr'><strong>Nam</strong></span> 
     </span>
    </p>
   </div>
   <div class='ocr_carea' id='block_1_98' title="bbox 503 5220 2101 5299">
    <p class='ocr_par' dir='ltr' id='par_1_98' title="bbox 503 5220 2101 5299">
     <span class='ocr_line' id='line_1_98' title="bbox 503 5220 2101 5299; baseline 0.007 -26"><span class='ocrx_word' id='word_1_767' title='bbox 503 5220 687 5291; x_wconf 90' lang='lat' dir='ltr'><strong>utique</strong></span> <span class='ocrx_word' id='word_1_768' title='bbox 716 5221 869 5295; x_wconf 85' lang='lat' dir='ltr'><strong>illum</strong></span> <span class='ocrx_word' id='word_1_769' title='bbox 915 5225 1174 5280; x_wconf 88' lang='lat' dir='ltr'><strong>athletam</strong></span> <span class='ocrx_word' id='word_1_770' title='bbox 1219 5227 1516 5282; x_wconf 87' lang='lat' dir='ltr'><strong>certamina</strong></span> <span class='ocrx_word' id='word_1_771' title='bbox 1564 5227 1870 5295; x_wconf 86' lang='lat' dir='ltr'><strong>inveniunt,</strong></span> <span class='ocrx_word' id='word_1_772' title='bbox 1911 5229 2002 5299; x_wconf 83' lang='lat' dir='ltr'><strong>qui</strong></span> <span class='ocrx_word' id='word_1_773' title='bbox 2048 5227 2101 5284; x_wconf 91' lang='lat' dir='ltr'><strong>in</strong></span> 
     </span>
    </p>
   </div>
   <div class='ocr_carea' id='block_1_99' title="bbox 577 5401 2005 5480">
    <p class='ocr_par' dir='ltr' id='par_1_99' title="bbox 577 5401 2005 5480">
     <span class='ocr_line' id='line_1_99' title="bbox 577 5401 2005 5480; baseline 0.002 -24"><span class='ocrx_word' id='word_1_774' title='bbox 577 5410 602 5480; x_wconf 70' lang='grc' dir='ltr'><strong>ξι</strong></span> <span class='ocrx_word' id='word_1_775' title='bbox 642 5401 771 5480; x_wconf 54' lang='lat' dir='ltr'><strong>Mss.</strong></span> <span class='ocrx_word' id='word_1_776' title='bbox 811 5403 1081 5480; x_wconf 70' lang='lat' dir='ltr'><strong>plerique,</strong></span> <span class='ocrx_word' id='word_1_777' title='bbox 1114 5421 1228 5476; x_wconf 74' lang='lat' dir='ltr'><strong>qua:</strong></span> <span class='ocrx_word' id='word_1_778' title='bbox 1252 5406 1511 5480; x_wconf 80' lang='lat' dir='ltr'><strong>videntur,</strong></span> <span class='ocrx_word' id='word_1_779' title='bbox 1545 5407 1841 5480; x_wconf 75' lang='lat' dir='ltr'><strong>corporalia</strong></span> <span class='ocrx_word' id='word_1_780' title='bbox 1868 5416 2005 5480; x_wconf 85' lang='lat' dir='ltr'><strong>sunt.</strong></span> 
     </span>
    </p>
   </div>
   <div class='ocr_carea' id='block_1_100' title="bbox 577 5470 2103 5548">
    <p class='ocr_par' dir='ltr' id='par_1_100' title="bbox 577 5470 2103 5548">
     <span class='ocr_line' id='line_1_100' title="bbox 577 5470 2103 5548; baseline 0.003 -21"><span class='ocrx_word' id='word_1_781' title='bbox 577 5470 605 5510; x_wconf 68' lang='grc' dir='ltr'><strong>ι)</strong></span> <span class='ocrx_word' id='word_1_782' title='bbox 643 5470 787 5548; x_wconf 55' lang='grc' dir='ltr'><strong>(Ἰούἒ</strong></span> <span class='ocrx_word' id='word_1_783' title='bbox 801 5470 1006 5548; x_wconf 78' lang='lat' dir='ltr'><strong>_Navar.</strong></span> <span class='ocrx_word' id='word_1_784' title='bbox 1042 5470 1198 5539; x_wconf 78' lang='lat' dir='ltr'><strong>anns,</strong></span> <span class='ocrx_word' id='word_1_785' title='bbox 1226 5479 1415 5548; x_wconf 80' lang='lat' dir='ltr'><strong>refugit</strong></span> <span class='ocrx_word' id='word_1_786' title='bbox 1446 5470 1693 5532; x_wconf 69' lang='lat' dir='ltr'><strong>mandata</strong></span> <span class='ocrx_word' id='word_1_787' title='bbox 1725 5478 1837 5540; x_wconf 82' lang='lat' dir='ltr'><strong>Dei,</strong></span> <span class='ocrx_word' id='word_1_788' title='bbox 1867 5478 1957 5530; x_wconf 83' lang='lat' dir='ltr'><strong>sed</strong></span> <span class='ocrx_word' id='word_1_789' title='bbox 1985 5494 2103 5531; x_wconf 82' lang='lat' dir='ltr'><strong>scn-</strong></span> 
     </span>
    </p>
   </div>
   <div class='ocr_carea' id='block_1_101' title="bbox 508 5545 2115 5620">
    <p class='ocr_par' dir='ltr' id='par_1_101' title="bbox 508 5545 2115 5620">
     <span class='ocr_line' id='line_1_101' title="bbox 508 5545 2115 5620; baseline 0.001 -19"><span class='ocrx_word' id='word_1_790' title='bbox 508 5552 737 5620; x_wconf 76' lang='lat' dir='ltr'><strong>su._etc.</strong></span> <span class='ocrx_word' id='word_1_791' title='bbox 771 5545 961 5620; x_wconf 74' lang='lat' dir='ltr'><strong>Melius</strong></span> <span class='ocrx_word' id='word_1_792' title='bbox 995 5548 1110 5615; x_wconf 89' lang='lat' dir='ltr'><strong>alii,</strong></span> <span class='ocrx_word' id='word_1_793' title='bbox 1158 5558 1212 5603; x_wconf 89' lang='lat' dir='ltr'><strong>et</strong></span> <span class='ocrx_word' id='word_1_794' title='bbox 1258 5545 1389 5604; x_wconf 76' lang='lat' dir='ltr'><strong>eun.</strong></span> <span class='ocrx_word' id='word_1_795' title='bbox 1440 5551 1576 5603; x_wconf 88' lang='lat' dir='ltr'><strong>utin</strong></span> <span class='ocrx_word' id='word_1_796' title='bbox 1629 5559 1801 5614; x_wconf 84' lang='lat' dir='ltr'><strong>textu;</strong></span> <span class='ocrx_word' id='word_1_797' title='bbox 1850 5548 1943 5603; x_wconf 82' lang='lat' dir='ltr'><strong>ubi</strong></span> <span class='ocrx_word' id='word_1_798' title='bbox 1989 5556 2115 5620; x_wconf 85' lang='lat' dir='ltr'><strong>post</strong></span> 
     </span>
    </p>
   </div>
   <div class='ocr_carea' id='block_1_102' title="bbox 502 5616 2027 5688">
    <p class='ocr_par' dir='ltr' id='par_1_102' title="bbox 502 5616 2027 5688">
     <span class='ocr_line' id='line_1_102' title="bbox 502 5616 2027 5688; baseline 0.003 -21"><span class='ocrx_word' id='word_1_799' title='bbox 502 5616 761 5679; x_wconf 87' lang='lat' dir='ltr'><strong>verbum,</strong></span> <span class='ocrx_word' id='word_1_800' title='bbox 792 5617 1023 5688; x_wconf 74' lang='lat' dir='ltr'><strong>relugit.,</strong></span> <span class='ocrx_word' id='word_1_801' title='bbox 1055 5620 1599 5688; x_wconf 72' lang='lat' dir='ltr'><strong>subintelligcndum,</strong></span> <span class='ocrx_word' id='word_1_802' title='bbox 1627 5616 2027 5676; x_wconf 75' lang='lat' dir='ltr'><strong>tribulationem.</strong></span> 
     </span>
    </p>
   </div>
   <div class='ocr_carea' id='block_1_103' title="bbox 586 5709 2114 5779">
    <p class='ocr_par' dir='ltr' id='par_1_103' title="bbox 586 5709 2114 5779">
     <span class='ocr_line' id='line_1_103' title="bbox 586 5709 2114 5779; baseline 0.005 -15"><span class='ocrx_word' id='word_1_803' title='bbox 586 5719 610 5748; x_wconf 79' lang='grc' dir='ltr'><strong>ο</strong></span> <span class='ocrx_word' id='word_1_804' title='bbox 636 5709 814 5779; x_wconf 76' lang='lat' dir='ltr'><strong>Rom.</strong></span> <span class='ocrx_word' id='word_1_805' title='bbox 854 5712 1011 5779; x_wconf 88' lang='lat' dir='ltr'><strong>edit.,</strong></span> <span class='ocrx_word' id='word_1_806' title='bbox 1046 5717 1209 5773; x_wconf 83' lang='lat' dir='ltr'><strong>oravit</strong></span> <span class='ocrx_word' id='word_1_807' title='bbox 1238 5733 1270 5770; x_wconf 89' lang='lat' dir='ltr'><strong>a</strong></span> <span class='ocrx_word' id='word_1_808' title='bbox 1300 5719 1543 5772; x_wconf 80' lang='lat' dir='ltr'><strong>Domino.</strong></span> <span class='ocrx_word' id='word_1_809' title='bbox 1576 5716 1684 5772; x_wconf 72' lang='lat' dir='ltr'><strong>Sed</strong></span> <span class='ocrx_word' id='word_1_810' title='bbox 1715 5730 1820 5771; x_wconf 88' lang='lat' dir='ltr'><strong>non</strong></span> <span class='ocrx_word' id='word_1_811' title='bbox 1870 5715 2114 5772; x_wconf 79' lang='lat' dir='ltr'><strong>insolens</strong></span> 
     </span>
    </p>
   </div>
   <div class='ocr_carea' id='block_1_104' title="bbox 511 5778 2115 5869">
    <p class='ocr_par' dir='ltr' id='par_1_104' title="bbox 511 5778 2115 5869">
     <span class='ocr_line' id='line_1_104' title="bbox 511 5778 2115 5869; baseline 0.008 -30"><span class='ocrx_word' id='word_1_812' title='bbox 511 5788 591 5852; x_wconf 75' lang='lat' dir='ltr'><strong>est</strong></span> <span class='ocrx_word' id='word_1_813' title='bbox 615 5778 925 5868; x_wconf 55' lang='lat' dir='ltr'><strong>Anthrosio,</strong></span> <span class='ocrx_word' id='word_1_814' title='bbox 958 5778 1157 5869; x_wconf 76' lang='lat' dir='ltr'><strong>atquae</strong></span> <span class='ocrx_word' id='word_1_815' title='bbox 1196 5789 1416 5869; x_wconf 80' lang='lat' dir='ltr'><strong>proprie</strong></span> <span class='ocrx_word' id='word_1_816' title='bbox 1452 5787 1631 5851; x_wconf 81' lang='lat' dir='ltr'><strong>Verbo</strong></span> <span class='ocrx_word' id='word_1_817' title='bbox 1662 5788 2017 5860; x_wconf 86' lang='lat' dir='ltr'><strong>conveniunt,</strong></span> <span class='ocrx_word' id='word_1_818' title='bbox 2048 5800 2115 5852; x_wconf 77' lang='lat' dir='ltr'><strong>ea</strong></span> 
     </span>
    </p>
   </div>
   <div class='ocr_carea' id='block_1_105' title="bbox 2209 4661 3827 4734">
    <p class='ocr_par' dir='ltr' id='par_1_105' title="bbox 2209 4661 3827 4734">
     <span class='ocr_line' id='line_1_105' title="bbox 2209 4661 3827 4734; baseline -0.002 -19"><span class='ocrx_word' id='word_1_819' title='bbox 2209 4661 2483 4719; x_wconf 85' lang='lat' dir='ltr'><strong>lricabilcs</strong></span> <span class='ocrx_word' id='word_1_820' title='bbox 2519 4665 2723 4727; x_wconf 84' lang='lat' dir='ltr'><strong>erroris</strong></span> <span class='ocrx_word' id='word_1_821' title='bbox 2768 4663 2992 4734; x_wconf 89' lang='lat' dir='ltr'><strong>laqueos</strong></span> <span class='ocrx_word' id='word_1_822' title='bbox 3039 4662 3343 4730; x_wconf 88' lang='lat' dir='ltr'><strong>incidisset,</strong></span> <span class='ocrx_word' id='word_1_823' title='bbox 3390 4662 3601 4734; x_wconf 89' lang='lat' dir='ltr'><strong>quibus</strong></span> <span class='ocrx_word' id='word_1_824' title='bbox 3650 4662 3827 4717; x_wconf 87' lang='lat' dir='ltr'><strong>omnis</strong></span> 
     </span>
    </p>
   </div>
   <div class='ocr_carea' id='block_1_106' title="bbox 2207 4753 3829 4831">
    <p class='ocr_par' dir='ltr' id='par_1_106' title="bbox 2207 4753 3829 4831">
     <span class='ocr_line' id='line_1_106' title="bbox 2207 4753 3829 4831; baseline -0.002 -20"><span class='ocrx_word' id='word_1_825' title='bbox 2207 4758 2325 4827; x_wconf 82' lang='lat' dir='ltr'><strong>ejus</strong></span> <span class='ocrx_word' id='word_1_826' title='bbox 2347 4754 2638 4812; x_wconf 63' lang='lat' dir='ltr'><strong>haereditas</strong></span> <span class='ocrx_word' id='word_1_827' title='bbox 2668 4756 3052 4827; x_wconf 86' lang='lat' dir='ltr'><strong>strangulatur.</strong></span> <span class='ocrx_word' id='word_1_828' title='bbox 3101 4753 3338 4831; x_wconf 78' lang='lat' dir='ltr'><strong>ideoque</strong></span> <span class='ocrx_word' id='word_1_829' title='bbox 3359 4766 3620 4813; x_wconf 86' lang='lat' dir='ltr'><strong>mortuus</strong></span> <span class='ocrx_word' id='word_1_830' title='bbox 3643 4765 3749 4818; x_wconf 84' lang='lat' dir='ltr'><strong>est.</strong></span> <span class='ocrx_word' id='word_1_831' title='bbox 3779 4764 3829 4809; x_wconf 87' lang='lat' dir='ltr'><strong>et</strong></span> 
     </span>
    </p>
   </div>
   <div class='ocr_carea' id='block_1_107' title="bbox 2205 4849 3830 4922">
    <p class='ocr_par' dir='ltr' id='par_1_107' title="bbox 2205 4849 3830 4922">
     <span class='ocr_line' id='line_1_107' title="bbox 2205 4849 3830 4922; baseline -0.001 -19"><span class='ocrx_word' id='word_1_832' title='bbox 2205 4849 2349 4921; x_wconf 91' lang='lat' dir='ltr'><strong>quod</strong></span> <span class='ocrx_word' id='word_1_833' title='bbox 2376 4851 2593 4919; x_wconf 82' lang='lat' dir='ltr'><strong>gravius</strong></span> <span class='ocrx_word' id='word_1_834' title='bbox 2637 4859 2743 4917; x_wconf 89' lang='lat' dir='ltr'><strong>est,</strong></span> <span class='ocrx_word' id='word_1_835' title='bbox 2782 4849 2994 4922; x_wconf 74' lang='lat'><strong>1209</strong></span> <span class='ocrx_word' id='word_1_836' title='bbox 3022 4858 3195 4903; x_wconf 89' lang='lat' dir='ltr'><strong>morte</strong></span> <span class='ocrx_word' id='word_1_837' title='bbox 3226 4849 3468 4918; x_wconf 87' lang='lat' dir='ltr'><strong>peccati;</strong></span> <span class='ocrx_word' id='word_1_838' title='bbox 3528 4849 3666 4919; x_wconf 89' lang='lat' dir='ltr'><strong>quia</strong></span> <span class='ocrx_word' id='word_1_839' title='bbox 3708 4855 3830 4903; x_wconf 86' lang='lat' dir='ltr'><strong>ante</strong></span> 
     </span>
    </p>
   </div>
   <div class='ocr_carea' id='block_1_108' title="bbox 2211 4942 3827 5015">
    <p class='ocr_par' dir='ltr' id='par_1_108' title="bbox 2211 4942 3827 5015">
     <span class='ocr_line' id='line_1_108' title="bbox 2211 4942 3827 5015; baseline -0.004 -16"><span class='ocrx_word' id='word_1_840' title='bbox 2211 4945 2492 5015; x_wconf 85' lang='lat' dir='ltr'><strong>usurpavit</strong></span> <span class='ocrx_word' id='word_1_841' title='bbox 2514 4944 2679 5011; x_wconf 85' lang='lat' dir='ltr'><strong>scire,</strong></span> <span class='ocrx_word' id='word_1_842' title='bbox 2709 4960 2870 5015; x_wconf 85' lang='lat' dir='ltr'><strong>quam</strong></span> <span class='ocrx_word' id='word_1_843' title='bbox 2902 4943 3234 5007; x_wconf 87' lang='lat' dir='ltr'><strong>intellectum</strong></span> <span class='ocrx_word' id='word_1_844' title='bbox 3274 4957 3381 5014; x_wconf 87' lang='lat' dir='ltr'><strong>quo</strong></span> <span class='ocrx_word' id='word_1_845' title='bbox 3419 4942 3827 5006; x_wconf 83' lang='lat' dir='ltr'><strong>viviﬁcaretur,</strong></span> 
     </span>
    </p>
   </div>
   <div class='ocr_carea' id='block_1_109' title="bbox 2208 5039 2501 5108">
    <p class='ocr_par' dir='ltr' id='par_1_109' title="bbox 2208 5039 2501 5108">
     <span class='ocr_line' id='line_1_109' title="bbox 2208 5039 2501 5108; baseline -0.003 -15"><span class='ocrx_word' id='word_1_846' title='bbox 2208 5039 2501 5108; x_wconf 84' lang='lat' dir='ltr'><strong>acciperet.</strong></span> 
     </span>
    </p>
   </div>
   <div class='ocr_carea' id='block_1_110' title="bbox 2279 5128 3822 5205">
    <p class='ocr_par' dir='ltr' id='par_1_110' title="bbox 2279 5128 3822 5205">
     <span class='ocr_line' id='line_1_110' title="bbox 2279 5128 3822 5205; baseline -0.005 -16"><span class='ocrx_word' id='word_1_847' title='bbox 2279 5135 2371 5191; x_wconf 72' lang='lat'><strong>48.</strong></span> <span class='ocrx_word' id='word_1_848' title='bbox 2418 5133 2664 5197; x_wconf 83' lang='lat' dir='ltr'><strong>Vivilicat</strong></span> <span class='ocrx_word' id='word_1_849' title='bbox 2692 5148 2821 5205; x_wconf 90' lang='lat' dir='ltr'><strong>ergo</strong></span> <span class='ocrx_word' id='word_1_850' title='bbox 2848 5132 3194 5199; x_wconf 82' lang='lat' dir='ltr'><strong>intellectus,</strong></span> <span class='ocrx_word' id='word_1_851' title='bbox 3249 5138 3309 5186; x_wconf 89' lang='lat' dir='ltr'><strong>ut</strong></span> <span class='ocrx_word' id='word_1_852' title='bbox 3352 5129 3646 5200; x_wconf 86' lang='lat' dir='ltr'><strong>Spiritus;</strong></span> <span class='ocrx_word' id='word_1_853' title='bbox 3699 5128 3822 5201; x_wconf 87' lang='lat' dir='ltr'><strong>quia</strong></span> 
     </span>
    </p>
   </div>
   <div class='ocr_carea' id='block_1_111' title="bbox 2213 5218 3824 5305">
    <p class='ocr_par' dir='ltr' id='par_1_111' title="bbox 2213 5218 3824 5305">
     <span class='ocr_line' id='line_1_111' title="bbox 2213 5218 3824 5305; baseline -0.008 -20"><span class='ocrx_word' id='word_1_854' title='bbox 2213 5227 2329 5301; x_wconf 87' lang='lat' dir='ltr'><strong>ipse</strong></span> <span class='ocrx_word' id='word_1_855' title='bbox 2357 5226 2663 5291; x_wconf 87' lang='lat' dir='ltr'><strong>intellectus</strong></span> <span class='ocrx_word' id='word_1_856' title='bbox 2690 5227 2862 5298; x_wconf 84' lang='lat' dir='ltr'><strong>gratia</strong></span> <span class='ocrx_word' id='word_1_857' title='bbox 2890 5223 3149 5305; x_wconf 84' lang='lat' dir='ltr'><strong>spiritalis</strong></span> <span class='ocrx_word' id='word_1_858' title='bbox 3186 5229 3311 5279; x_wconf 90' lang='lat' dir='ltr'><strong>est:</strong></span> <span class='ocrx_word' id='word_1_859' title='bbox 3365 5220 3618 5294; x_wconf 87' lang='lat' dir='ltr'><strong>ideoque</strong></span> <span class='ocrx_word' id='word_1_860' title='bbox 3659 5218 3824 5277; x_wconf 86' lang='lat' dir='ltr'><strong>intel-</strong></span> 
     </span>
    </p>
   </div>
   <div class='ocr_carea' id='block_1_112' title="bbox 2206 5403 3826 5474">
    <p class='ocr_par' dir='ltr' id='par_1_112' title="bbox 2206 5403 3826 5474">
     <span class='ocr_line' id='line_1_112' title="bbox 2206 5403 3826 5474; baseline 0 -15"><span class='ocrx_word' id='word_1_861' title='bbox 2206 5404 2426 5460; x_wconf 83' lang='lat' dir='ltr'><strong>Cbristo</strong></span> <span class='ocrx_word' id='word_1_862' title='bbox 2458 5404 2689 5461; x_wconf 91' lang='lat' dir='ltr'><strong>Domino</strong></span> <span class='ocrx_word' id='word_1_863' title='bbox 2721 5417 2944 5474; x_wconf 85' lang='lat' dir='ltr'><strong>propter</strong></span> <span class='ocrx_word' id='word_1_864' title='bbox 2972 5403 3235 5460; x_wconf 87' lang='lat' dir='ltr'><strong>unitatem</strong></span> <span class='ocrx_word' id='word_1_865' title='bbox 3256 5417 3514 5472; x_wconf 65' lang='lat' dir='ltr'><strong>personas</strong></span> <span class='ocrx_word' id='word_1_866' title='bbox 3535 5404 3826 5463; x_wconf 75' lang='lat' dir='ltr'><strong>attribuat.</strong></span> 
     </span>
    </p>
   </div>
   <div class='ocr_carea' id='block_1_113' title="bbox 2207 5474 3831 5546">
    <p class='ocr_par' dir='ltr' id='par_1_113' title="bbox 2207 5474 3831 5546">
     <span class='ocr_line' id='line_1_113' title="bbox 2207 5474 3831 5546; baseline -0.002 -14"><span class='ocrx_word' id='word_1_867' title='bbox 2207 5476 2298 5532; x_wconf 88' lang='lat' dir='ltr'><strong>Sic</strong></span> <span class='ocrx_word' id='word_1_868' title='bbox 2320 5491 2488 5531; x_wconf 86' lang='lat' dir='ltr'><strong>serm.</strong></span> <span class='ocrx_word' id='word_1_869' title='bbox 2536 5477 2623 5541; x_wconf 79' lang='grc'><strong>15,</strong></span> <span class='ocrx_word' id='word_1_870' title='bbox 2658 5493 2810 5532; x_wconf 91' lang='lat' dir='ltr'><strong>num.</strong></span> <span class='ocrx_word' id='word_1_871' title='bbox 2841 5477 2931 5542; x_wconf 77' lang='lat'><strong>50,</strong></span> <span class='ocrx_word' id='word_1_872' title='bbox 2958 5475 3027 5531; x_wconf 85' lang='lat' dir='ltr'><strong>de</strong></span> <span class='ocrx_word' id='word_1_873' title='bbox 3048 5474 3266 5532; x_wconf 86' lang='lat' dir='ltr'><strong>Christo</strong></span> <span class='ocrx_word' id='word_1_874' title='bbox 3289 5475 3517 5543; x_wconf 86' lang='lat' dir='ltr'><strong>dicitur,</strong></span> <span class='ocrx_word' id='word_1_875' title='bbox 3553 5478 3650 5546; x_wconf 82' lang='lat' dir='ltr'><strong>qui</strong></span> <span class='ocrx_word' id='word_1_876' title='bbox 3683 5479 3831 5535; x_wconf 77' lang='lat' dir='ltr'><strong>totius</strong></span> 
     </span>
    </p>
   </div>
   <div class='ocr_carea' id='block_1_114' title="bbox 2208 5546 3395 5617">
    <p class='ocr_par' dir='ltr' id='par_1_114' title="bbox 2208 5546 3395 5617">
     <span class='ocr_line' id='line_1_114' title="bbox 2208 5546 3395 5617; baseline 0.003 -15"><span class='ocrx_word' id='word_1_877' title='bbox 2208 5558 2389 5603; x_wconf 75' lang='lat' dir='ltr'><strong>auctor</strong></span> <span class='ocrx_word' id='word_1_878' title='bbox 2417 5559 2489 5603; x_wconf 83' lang='lat' dir='ltr'><strong>est</strong></span> <span class='ocrx_word' id='word_1_879' title='bbox 2516 5559 2787 5603; x_wconf 73' lang='lat' dir='ltr'><strong>creatum.</strong></span> <span class='ocrx_word' id='word_1_880' title='bbox 2817 5548 2906 5604; x_wconf 79' lang='lat' dir='ltr'><strong>Sic</strong></span> <span class='ocrx_word' id='word_1_881' title='bbox 2932 5557 2989 5602; x_wconf 88' lang='lat' dir='ltr'><strong>et</strong></span> <span class='ocrx_word' id='word_1_882' title='bbox 3012 5546 3139 5604; x_wconf 81' lang='lat' dir='ltr'><strong>alibi</strong></span> <span class='ocrx_word' id='word_1_883' title='bbox 3173 5546 3395 5617; x_wconf 87' lang='lat' dir='ltr'><strong>passim.</strong></span> 
     </span>
    </p>
   </div>
   <div class='ocr_carea' id='block_1_115' title="bbox 2282 5638 3825 5710">
    <p class='ocr_par' dir='ltr' id='par_1_115' title="bbox 2282 5638 3825 5710">
     <span class='ocr_line' id='line_1_115' title="bbox 2282 5638 3825 5710; baseline -0.001 -13"><span class='ocrx_word' id='word_1_884' title='bbox 2282 5644 2309 5687; x_wconf 72' lang='grc' dir='ltr'><em>ἃ</em></span> <span class='ocrx_word' id='word_1_885' title='bbox 2346 5639 2549 5697; x_wconf 86' lang='lat' dir='ltr'><strong>Omnes</strong></span> <span class='ocrx_word' id='word_1_886' title='bbox 2574 5641 2741 5706; x_wconf 76' lang='lat' dir='ltr'><strong>edit...</strong></span> <span class='ocrx_word' id='word_1_887' title='bbox 2764 5643 2889 5696; x_wconf 85' lang='lat' dir='ltr'><strong>sicut</strong></span> <span class='ocrx_word' id='word_1_888' title='bbox 2919 5640 3092 5710; x_wconf 83' lang='lat' dir='ltr'><strong>petivit</strong></span> <span class='ocrx_word' id='word_1_889' title='bbox 3124 5638 3393 5701; x_wconf 83' lang='lat' dir='ltr'><strong>Salomon.</strong></span> <span class='ocrx_word' id='word_1_890' title='bbox 3425 5638 3656 5710; x_wconf 81' lang='lat' dir='ltr'><strong>Omnes</strong></span> <span class='ocrx_word' id='word_1_891' title='bbox 3678 5654 3825 5704; x_wconf 78' lang='grc' dir='ltr'><em>ιιιεε..</em></span> 
     </span>
    </p>
   </div>
   <div class='ocr_carea' id='block_1_116' title="bbox 2215 5709 3828 5795">
    <p class='ocr_par' dir='ltr' id='par_1_116' title="bbox 2215 5709 3828 5795">
     <span class='ocr_line' id='line_1_116' title="bbox 2215 5709 3828 5795; baseline -0.002 -27"><span class='ocrx_word' id='word_1_892' title='bbox 2215 5715 2346 5795; x_wconf 78' lang='lat' dir='ltr'><strong>sicut</strong></span> <span class='ocrx_word' id='word_1_893' title='bbox 2375 5715 2549 5789; x_wconf 81' lang='lat' dir='ltr'><strong>petivit</strong></span> <span class='ocrx_word' id='word_1_894' title='bbox 2582 5713 2767 5795; x_wconf 58' lang='lat' dir='ltr'><strong>David.</strong></span> <span class='ocrx_word' id='word_1_895' title='bbox 2801 5709 2925 5768; x_wconf 86' lang='lat' dir='ltr'><strong>Non</strong></span> <span class='ocrx_word' id='word_1_896' title='bbox 2947 5711 3403 5795; x_wconf 45' lang='lat' dir='ltr'><strong>male_,-cuu_t_ipse</strong></span> <span class='ocrx_word' id='word_1_897' title='bbox 3431 5709 3626 5769; x_wconf 79' lang='lat' dir='ltr'><strong>David</strong></span> <span class='ocrx_word' id='word_1_898' title='bbox 3652 5715 3708 5771; x_wconf 90' lang='lat' dir='ltr'><strong>iu</strong></span> <span class='ocrx_word' id='word_1_899' title='bbox 3734 5715 3828 5795; x_wconf 72' lang='grc' dir='ltr'><strong>ιιορ</strong></span> 
     </span>
    </p>
   </div>
   <div class='ocr_carea' id='block_1_117' title="bbox 2213 5782 3491 5866">
    <p class='ocr_par' dir='ltr' id='par_1_117' title="bbox 2213 5782 3491 5866">
     <span class='ocr_line' id='line_1_117' title="bbox 2213 5782 3491 5866; baseline -0.001 -19"><span class='ocrx_word' id='word_1_900' title='bbox 2213 5786 2334 5866; x_wconf 80' lang='lat' dir='ltr'><strong>ipso</strong></span> <span class='ocrx_word' id='word_1_901' title='bbox 2361 5782 2521 5855; x_wconf 76' lang='lat' dir='ltr'><strong>versu</strong></span> <span class='ocrx_word' id='word_1_902' title='bbox 2552 5800 2583 5849; x_wconf 72' lang='grc' dir='ltr'><strong>ε</strong></span> <span class='ocrx_word' id='word_1_903' title='bbox 2614 5786 2844 5861; x_wconf 85' lang='lat' dir='ltr'><strong>Domino</strong></span> <span class='ocrx_word' id='word_1_904' title='bbox 2865 5784 3100 5864; x_wconf 86' lang='lat' dir='ltr'><strong>postulet</strong></span> <span class='ocrx_word' id='word_1_905' title='bbox 3123 5782 3491 5853; x_wconf 80' lang='lat' dir='ltr'><strong>intellectum.</strong></span> 
     </span>
    </p>
   </div>
  </div>
