3948 6342
204 300 364 358 14ὒ9
1337 311 1404 366 ΙΝ
1441 311 1770 369 PSALMUM
1807 311 2021 371 CXVIII
2065 314 2450 373 EXPOSITIO.
2746 330 2752 334 ’
3404 326 3542 382 M70

214 417 428 471 lectum
458 431 698 474 munere
728 433 832 474 suo
863 420 1098 490 Spiritus
1122 431 1343 477 sanctus
1363 434 1644 492 operatur.
1681 425 1846 480 lntel-
1873 430 1924 490 Α
1952 429 2138 485 videas
2157 431 2182 483 ?
2209 431 2452 503 Denique
2481 433 2643 488 etiam
2685 433 2845 500 infra,
2889 435 3084 490 iterum
3113 437 3212 491 sub
3234 437 3331 493 hac
3362 439 3542 496 littera

219 511 393 564 lectus
421 519 606 565 autem
633 511 803 568 bonus
828 524 902 568 est
925 513 1180 581 omnibus,
1204 517 1290 582 qui
1307 532 1421 570 eum
1447 517 1642 587 faciunt
1669 516 1843 588 (Psal.
1950 524 2028 577 ait
2056 540 2068 575 :
2111 523 2557 594 ApprOpinquavit
2597 526 2735 580 enim
2782 529 2996 599 1210
3041 539 3242 599 tempus
3289 542 3541 597 nostrum,

221 603 1020 676 Cl.i0);QUOd0ccmurquia
1042 609 1846 681 nonsolutnsensucomplecti.
1950 617 2130 685 repleti
2177 627 2296 672 sunt
2338 617 2445 672 dies
2485 621 2684 687 nostri,
2740 621 2946 675 advenit
2994 623 3115 691 ﬁnis
3145 635 3332 678 uoster.
3387 624 3548 680 Leues

219 697 330 751 sed
365 697 536 752 etiam
570 696 754 763 factis,
787 699 844 754 id
873 699 1017 770 quod
1040 699 1393 770 intelligimus
1423 742 1438 766 ,
1479 703 1702 773 exsequi
1754 702 1851 757 de-

224 791 491 846 beamus.

607 870 841 928 SERMO
883 870 1184 929 DECIMUS
1220 872 1474 930 NONUS.

916 969 975 1048 Ρ.
1010 965 1187 1036 Koph.

306 1081 364 1134 1.
415 1079 616 1150 Incipit
645 1081 821 1137 littera
851 1081 1062 1136 decima
1093 1097 1234 1137 nona
1276 1081 1459 1152 Koph,
1490 1083 1648 1153 cujus
1688 1083 1856 1137 inter-

224 1175 487 1244 pretatio
516 1183 624 1240 est,
674 1175 992 1242 Conclusio;
1041 1184 1096 1231 et
1141 1177 1283 1231 sicut
1336 1177 1464 1233 alibi
1525 1178 1852 1242 invenimus,

219 1269 450 1340 Aspice.
481 1270 660 1323 Distat
682 1271 884 1336 littera,
913 1273 1164 1341 congruit
1191 1285 1404 1327 sensus.
1435 1271 1570 1327 Nam
1604 1271 1694 1342 qui
1720 1285 1856 1326 con-

218 1365 503 1428 cluditur,
537 1367 963 1435 circumspicere
988 1381 1049 1421 se
1069 1365 1256 1431 debet,
1287 1375 1341 1420 et
1368 1381 1589 1421 causam
1623 1365 1852 1434 periculi

223 1473 342 1511 non
378 1457 736 1514 dissimulare
761 1475 774 1522 ;
802 1459 1035 1514 maxime
1057 1475 1179 1513 cum
1212 1459 1413 1515 lethale
1441 1459 1732 1515 discrimen
1759 1460 1850 1515 sit.

220 1549 610 1607 Concluditur
649 1551 1022 1621 unusquisque
1069 1550 1494 1606 tumescentibus
1532 1549 1851 1617 visceribus,

230 1644 554 1697 internisve
600 1641 882 1707 faucibus,
914 1657 1035 1696 cum
1085 1643 1380 1696 intercluso
1425 1642 1649 1711 spiritus
1705 1656 1856 1695 com-

231 1745 452 1797 meatu,
478 1734 730 1803 spirandi
752 1748 814 1788 ac
838 1733 1140 1802 reSpirandi
1163 1735 1488 1789 commercia
1508 1743 1848 1789 coactantur.

1953 708 2080 778 facti
2099 718 2220 762 sunt
2240 711 2329 777 qui
2359 713 2609 778 persecuti
2636 721 2754 766 sunt
2781 729 2894 778 nos,
2919 730 3077 782 super
3097 717 3295 786 aquilas
3315 718 3448 771 cteli.
3482 717 3546 773 lu

1954 800 2210 856 montibus
2229 804 2427 856 accensi
2447 815 2565 857 sunt
2592 820 2612 859 :
2649 806 2702 858 in
2729 806 2928 861 deserto
2953 807 3230 864 insidiatus
3274 821 3350 864 est
3403 811 3548 866 nobis

1956 893 2171 963 (Thren.
2199 910 2272 960 tv,
2303 894 2365 948 18
2396 905 2442 951 et
2474 897 2584 968 I9).

2027 989 2081 1043 Δ.
2128 989 2528 1045 Demonstravit
2555 1005 2821 1047 summam
2870 996 3304 1065 conclusionem,
3338 1014 3438 1054 nec
3469 999 3552 1054 ul-

1957 1079 2068 1132 lum
2099 1081 2402 1136 remedium
2435 1083 2536 1138 nisi
2573 1084 2625 1138 in
2675 1085 2909 1140 adventu
2947 1086 3159 1144 Domini
3213 1092 3383 1146 nostri
3423 1093 3554 1148 Jesu

1955 1170 2181 1238 Christi,
2224 1174 2318 1243 qui
2353 1174 2502 1229 solus
2530 1176 2833 1244 desperatis
2873 1179 3042 1246 possit
3085 1180 3279 1237 afferre
3330 1184 3555 1239 medici-

1959 1280 2103 1320 nam.
2130 1265 2371 1335 thuasi
2395 1267 2693 1324 ostendens
2740 1284 2889 1337 eum,
2940 1271 3115 1326 dicit:
3161 1273 3392 1342 Spiritus
3437 1285 3554 1330 ante

1957 1361 2140 1431 faciem
2164 1370 2411 1427 nostram,
2436 1359 2672 1417 Christus
2697 1363 2950 1419 Dominus
2973 1369 3373 1435 comprehensus
3401 1381 3472 1424 est
3498 1372 3552 1425 in

1955 1453 2163 1507 interitu
2189 1464 2483 1510 nostra.....
2515 1455 2581 1509 In
2611 1458 2794 1511 umbra
2819 1460 2932 1528 ejus
2960 1461 3184 1515 vivemus
3223 1463 3354 1516 inter
3383 1472 3556 1532 gentes

1958 1545 2147 1620 (Ibid.,
2171 1547 2288 1618 20).
2322 1549 2391 1603 Et
2422 1548 2559 1603 infra
2591 1567 2603 1603 :
2638 1548 2812 1616 Bibes,
2862 1551 3037 1621 inquit
3071 1595 3085 1618 ,
3137 1564 3184 1607 et
3223 1555 3557 1609 inebriaberis

1955 1639 2143 1712 (Ibid.,
2167 1640 2280 1712 21).
2309 1641 2531 1697 Adhuc:
2569 1641 2803 1697 Visitabit
2826 1645 3121 1713 iniquitates
3148 1655 3285 1710 tuas,
3311 1648 3557 1700 reuelabit

1957 1751 2111 1805 super
2141 1745 2347 1798 peccata
2377 1734 2570 1806 (lbid.,
2599 1736 2716 1806 22).
2751 1738 2921 1805 Quam
2977 1740 3219 1794 breviter
3259 1739 3554 1796 adventum

227 1827 611 1884 Coneluditur
635 1828 857 1892 femina,
885 1843 1007 1883 cum
1042 1829 1101 1882 lit
1125 1827 1434 1897 peridrome
1455 1829 1721 1893 matricis,
1748 1841 1855 1897 qua
1886 1815 1930 1876 Β
1959 1839 2012 1881 et
2045 1827 2348 1896 passionem
2394 1829 2510 1898 ejus
2558 1832 2828 1900 expressit
2850 1872 2863 1896 ,
2920 1832 3405 1903 remissionemque
3433 1851 3554 1889 om-

231 1922 493 1991 peetoris
549 1920 722 1991 ipsius
781 1922 1047 1990 premitur
1098 1920 1432 1990 principale;
1467 1919 1611 1973 unde
1659 1932 1856 1990 graves

227 2017 502 2069 oriuntur
530 2014 821 2084 angustias,
854 2024 910 2068 et
942 2014 1045 2068 nisi
1087 2015 1137 2068 in
1173 2010 1352 2068 lacum
1394 2027 1552 2067 suum
1587 2011 1677 2066 illa
1715 2011 1858 2066 reci-

231 2110 573 2179 piendorum
609 2109 879 2162 seminum
908 2108 1028 2163 aula
1059 2115 1372 2170 revocetur,
1395 2107 1559 2160 vitam
1575 2107 1858 2161 consuevit

229 2202 568 2257 excludere.
595 2200 672 2255 Ita
696 2202 862 2256 etiam
884 2201 974 2271 qui
997 2201 1180 2255 animo
1203 2201 1439 2271 angitur,
1456 2208 1512 2255 et
1531 2200 1854 2270 quibusdam

231 2297 495 2350 adversis
529 2295 943 2350 imminentibus
973 2304 1326 2365 perurgetur,
1373 2295 1626 2350 concludi
1656 2294 1856 2349 dicitur

231 2403 352 2442 non
382 2389 691 2442 minoribus
713 2389 982 2458 angustiis
1009 2388 1228 2452 mentis,
1261 2403 1420 2458 quam
1445 2386 1711 2457 corporis.
1746 2386 1858 2440 Ma-

227 2485 404 2551 jorcs
432 2483 579 2538 enim
604 2483 801 2536 animzc
823 2490 1014 2547 aestus,
1046 2491 1071 2519 α
1095 2481 1450 2552 fervoresque
1493 2490 1616 2536 sunt
1648 2481 1858 2535 animo-

232 2591 396 2641 rum,
429 2591 594 2645 quam
624 2589 941 2643 corporum.

312 2669 375 2724 Ω.
422 2667 731 2724 Conclusus
763 2669 928 2739 igitur
957 2669 1225 2724 viscerum
1286 2679 1496 2723 tumore
1521 2711 1535 2736 ,
1583 2668 1854 2723 medicum

226 2762 479 2833 quaerit;
511 2769 568 2815 ttt
596 2762 765 2830 possit
793 2761 1113 2830 propulsare
1137 2761 1455 2831 periculum,
1481 2769 1535 2815 et
1559 2762 1854 2816 coitstricta

237 2856 466 2908 laxare.
493 2854 732 2908 Veniens
764 2855 1006 2909 medictts
1033 2865 1204 2909 tentat
1242 2856 1422 2909 omnia
1442 2897 1455 2920 ,
1489 2855 1737 2924 explorat
1766 2855 1854 2908 itt-

233 2956 430 3001 terna.
462 2945 530 3000 Et
557 2954 612 3000 tu
640 2961 770 3017 ergo
797 2948 1087 3002 conclusus
1115 2947 1280 3001 animi
1310 2947 1554 3012 fervore,
1587 2947 1770 3017 aspice
1804 2957 1854 3002 te

205 3041 436 3109 _ipsum
464 3040 708 3094 interiori
737 3041 916 3096 oculo.
950 3039 1119 3095 Morbi
1152 3040 1233 3094 vis
1264 3048 1439 3110 urget,
1480 3039 1653 3094 fervet
1691 3041 1853 3094 noxia

234 3136 588 3191 conscientia
618 3179 632 3199 ,
664 3136 834 3191 moles
867 3144 1217 3206 peccatorum
1257 3136 1475 3204 premit,
1507 3134 1852 3204 intercipiunt

233 3245 478 3284 sensum
513 3229 708 3283 mentis
728 3228 992 3297 angustiae
1019 3245 1030 3279 :
1059 3242 1328 3296 cognosce
1352 3236 1401 3281 te
1428 3227 1626 3296 ipsum,
1651 3236 1706 3281 et
1731 3239 1855 3279 ora-

236 3322 421 3375 tionis
449 3336 631 3390 qumre
660 3320 984 3375 medicinam
1019 3342 1032 3375 :
1068 3335 1233 3389 posce
1285 3328 1341 3372 ttt
1387 3320 1567 3374 veniat
1611 3317 1854 3373 medicus

239 3415 345 3469 ille
376 3415 471 3482 qui
503 3413 780 3467 descendit
805 3412 873 3467 de
895 3413 1052 3476 caelo,
1084 3412 1173 3482 qui
1216 3413 1449 3466 maxime
1488 3420 1721 3480 argrotos
1770 3427 1856 3464 rc-

240 3507 446 3578 quirit,
483 3507 621 3561 sicut
650 3508 765 3575 ipse
793 3507 868 3560 ait
895 3523 906 3559 :
939 3505 1057 3560 Non
1083 3522 1211 3576 Opus
1233 3516 1304 3559 est
1323 3505 1462 3558 sanis
1485 3505 1733 3567 medicus,
1766 3504 1856 3558 sed

245 3603 316 3655 iis
349 3602 442 3670 qui
475 3601 606 3654 male
629 3600 813 3653 habent
843 3598 1056 3670 (Matth.
1102 3614 1174 3663 tx,
1223 3597 1336 3667 I2).
1381 3596 1560 3652 Habes
1598 3596 1857 3650 vulnera?

248 3692 331 3747 Nc
357 3691 580 3746 differas
607 3708 619 3743 :
648 3707 756 3745 non
788 3699 871 3743 est
893 3688 1033 3757 apud
1061 3703 1187 3742 eum
1211 3688 1316 3742 ulla
1347 3687 1854 3756 comperendinatio

253 3784 532 3840 sanitatis.
562 3783 736 3838 Habes
762 3783 981 3836 ulcera?
1009 3780 1088 3836 Ne
1115 3781 1306 3835 timeas
1331 3798 1344 3832 :
1367 3780 1550 3842 verbo,
1582 3795 1688 3834 tton
1713 3779 1856 3833 ferro

247 3895 448 3935 curare
480 3877 780 3932 consuevit.
814 3875 1013 3944 Aspice
1052 3875 1217 3945 igitur
1258 3873 1365 3928 illis
1402 3873 1610 3938 oculis,
1662 3873 1858 3943 quibus

257 3970 429 4026 David
462 3969 723 4024 auxilimn
770 3968 1022 4039 quaesivit
1048 3975 1102 4023 et
1131 3968 1346 4022 meruit.
1374 3965 1562 4020 Levavi
1591 4006 1607 4030 ,
1661 3966 1853 4036 inquit,

251 4067 434 4122 oculos
463 4080 600 4118 meos
635 4063 702 4116 ad
760 4071 957 4116 montes
975 4077 1018 4116 σε
1049 4061 1260 4131 qutesivi
1302 4061 1440 4113 unde
1484 4060 1610 4112 mihi
1664 4059 1858 4112 veniret

254 4159 515 4214 auxilium
548 4155 722 4228 (Psal.
749 4170 877 4221 cxx,
912 4155 936 4208 I
968 4163 1014 4209 et
1045 4153 1124 4224 9).
1177 4152 1293 4207 Non
1337 4151 1518 4206 inveni
1566 4150 1667 4206 nisi
1692 4165 1722 4204 a
1752 4150 1859 4204 Do-

256 4253 445 4314 mino;
477 4250 568 4320 qui
601 4250 748 4305 enim
800 4249 1061 4303 mundum
1115 4245 1380 4312 condidit,
1415 4253 1598 4300 tuetur
1643 4245 1858 4300 accolas

256 4344 461 4400 mundi.
498 4343 697 4413 Aspice
734 4358 897 4412 ergo,
948 4351 1003 4396 et
1048 4355 1262 4409 semper
1294 4340 1514 4410 aspice;
1564 4339 1690 4408 quia
1730 4338 1858 4408 justi

256 4437 400 4491 oculi
429 4450 650 4504 semper
685 4433 754 4488 ad
785 4433 1096 4488 Dominum.

323 4529 378 4582 5.
424 4525 539 4581 Hoc
569 4536 759 4580 monet
797 4532 851 4579 te
879 4524 1039 4579 etiam
1070 4522 1376 4578 Hieremias
1414 4522 1465 4576 in
1493 4521 1726 4577 Tltrenis
1756 4521 1856 4576 sub

1959 1920 2106 1974 nium
2132 1928 2480 1989 peccatorum
2507 1940 2519 1974 :
2562 1937 2722 1992 quam
2749 1931 2940 1992 aperte
2969 1926 3451 1995 congregationem
3478 1927 3559 1981 lu-

1959 2023 2132 2068 turam
2161 2015 2399 2082 gentium
2422 2015 2717 2070 declaravit
2745 2019 2758 2069 l
2800 2015 2936 2072 Hinc
2961 2016 3088 2071 illud
3117 2019 3492 2087 Apostolicum
3531 2037 3545 2073 :

1960 2105 2096 2173 Quia
2119 2108 2322 2161 cwcitas
2348 2124 2410 2162 ea:
2430 2118 2578 2180 parte
2607 2109 2774 2164 Israel
2819 2113 3053 2183 contigit,
3097 2112 3260 2167 donec
3289 2116 3555 2183 plenitudo

1956 2199 2183 2268 gentium
2209 2200 2446 2268 intraret,
2480 2209 2528 2255 et
2549 2205 2624 2255 sic
2645 2202 2808 2256 outnis
2829 2203 3001 2258 Israel
3017 2205 3189 2260 salvus
3211 2207 3352 2278 ﬁeret
3375 2205 3552 2278 (Rom.

1960 2308 2034 2358 XI,
2059 2293 2129 2349 35
2151 2307 2196 2349 et
2227 2295 2344 2367 ‘26).

2029 2391 2080 2444 5.
2110 2389 2267 2456 Veni,
2295 2391 2520 2447 Domine
2547 2392 2673 2447 Jesu
2705 2391 2836 2449 :sed
2855 2393 2964 2461 jam
2991 2410 3096 2449 non
3127 2396 3178 2449 in
3207 2396 3422 2463 umbra,
3453 2398 3548 2452 sed

1960 2484 2010 2538 in
2043 2482 2160 2538 sole
2180 2483 2424 2554 justitim.
2453 2484 2510 2541 Si
2543 2485 2730 2540 umbra
2762 2487 3000 2555 profuit,
3046 2487 3091 2542 si
3134 2490 3403 2558 passionis
3449 2500 3554 2545 tua:

1958 2576 2148 2630 umbra
2170 2579 2423 2646 protexit,
2448 2577 2495 2632 si
2517 2579 2762 2648 corporis
2787 2579 2975 2633 umbra
2995 2581 3219 2634 salvavit
3246 2599 3259 2646 ;
3285 2592 3546 2651 quantum

1958 2668 2210 2723 conferre
2235 2669 2432 2738 poterit
2466 2669 2684 2723 claritas
2701 2679 2885 2738 aperta
2909 2672 3160 2726 virtutis?
3184 2673 3285 2727 Per
3303 2674 3549 2730 umbram

1959 2763 2106 2832 lepra
2134 2776 2321 2817 curata
2343 2775 2425 2819 est
2450 2763 2664 2832 (Matth.
2690 2780 2806 2830 vm,
2828 2764 2881 2835 5)
2908 2781 2922 2830 ;
2953 2781 3051 2837 per
3075 2769 3318 2823 ttmbram
3340 2785 3557 2845 quoque

1959 2855 2107 2909 illius
2139 2855 2355 2909 feminae
2392 2870 2510 2924 qucc
2544 2854 2809 2910 limbriam
2838 2859 3010 2912 vestis
3034 2857 3330 2914 Dominicas
3355 2860 3554 2929 attigit,

1957 2947 2178 3017 sanguis
2196 2947 2346 3001 stetit
2363 2946 2514 3016 (Luc.
2543 2962 2661 3013 vm,
2687 2947 2778 3018 44)
2802 2965 2813 3000 :
2839 2963 2935 3018 per
2954 2951 3196 3003 umbram
3219 2957 3270 3005 te
3295 2950 3552 3015 vidimus,

1957 3043 2173 3113 quando
2201 3057 2305 3096 non
2333 3042 2567 3098 habebas
2591 3041 2827 3112 speciem
2854 3059 3028 3114 neque
3049 3043 3325 3099 decorem.
3352 3042 3555 3099 Umbra

1961 3142 2050 3188 tua
2080 3149 2209 3189 caro
2260 3134 2363 3188 fuit
2395 3177 2409 3200 ,
2436 3150 2556 3205 qum
2596 3145 2906 3189 nostrarum
2955 3147 3117 3191 aestus
3154 3137 3493 3207 refrigeravit
3531 3148 3552 3172 υ

1957 3225 2343 3295 cupiditatum,
2386 3243 2504 3301 qua:
2542 3227 2826 3282 restrinxit
2861 3229 3015 3297 ignes
3058 3228 3338 3283 libidinum
3367 3271 3382 3295 ,
3436 3242 3557 3298 qua:

1958 3318 2197 3373 aan'llitt}
2219 3360 2232 3381 ,
2258 3317 2704 3389 diversarutnque
2735 3320 3045 3390 passionum
3071 3320 3317 3374 incendia
3349 3330 3558 3390 tempe-

1960 3412 2121 3465 ravit.
2169 3412 2234 3466 Et
2272 3411 2398 3481 quid
2427 3411 2598 3466 dicam
2629 3411 2696 3466 de
2730 3413 2917 3467 umbra
2963 3413 3204 3476 Domini,
3239 3414 3458 3482 quando
3500 3420 3555 3467 ct

1958 3503 2327 3572 apostolorum
2377 3505 2563 3557 umbra
2591 3503 2820 3558 sanabat
2858 3504 2996 3577 (Act.
3032 3521 3084 3572 γ,
3115 3506 3248 3576 15)?
3295 3505 3558 3561 Veniente

1959 3595 2161 3650 etenim
2187 3596 2348 3650 Petro
2373 3597 2743 3666 unusquisque
2765 3594 3027 3652 offerebat
3049 3611 3224 3666 aegros
3247 3612 3396 3662 suos,
3421 3612 3559 3667 quos

1961 3690 2294 3743 transeuntis
2321 3689 2555 3759 apostoli
2587 3693 2774 3744 umbra
2800 3689 3033 3744 reddidit
3061 3691 3303 3745 sanitati.

2032 3781 2085 3836 6.
2131 3783 2268 3836 Audi
2297 3781 2418 3850 quia
2453 3797 2582 3837 caro
2617 3782 2830 3836 Domini
2870 3783 3059 3837 umbra
3091 3792 3210 3837 erat
3243 3802 3255 3836 :
3293 3782 3424 3835 Ecce
3449 3781 3557 3834 Do-

1960 3878 2131 3931 minus
2175 3876 2313 3930 sedet
2359 3892 2510 3944 super
2539 3876 2720 3928 nubent
2765 3877 2956 3941 levem,
3010 3885 3055 3928 et
3111 3877 3272 3928 veniet
3305 3876 3358 3926 in
3385 3872 3558 3944 {Egy-

1960 3967 2295 4039 ptutn(Esai.
2318 3965 2514 4036 xtx,l).
2543 3967 2608 4021 Et
2635 3966 2798 4021 David
2827 3965 2960 4019 dicit
2986 3965 3128 4020 :Sub
3152 3964 3330 4018 umbra
3356 3964 3560 4018 alarum

1961 4073 2164 4114 tuarum
2210 4069 2418 4131 protege
2445 4076 2524 4114 me
2551 4059 2723 4133 (Psal.
2758 4075 2869 4124 xvn,
2898 4059 2978 4128 8).
3011 4058 3209 4114 Factus
3252 4068 3337 4114 est
3393 4059 3555 4127 igitur

1960 4157 2272 4214 exinanitus
2303 4156 2493 4210 mnbra
2527 4155 2704 4220 nobis,
2739 4171 2878 4225 quos
2906 4155 2985 4209 sol
3012 4154 3309 4224 iniquitatis
3335 4168 3556 4208 exusse-

1961 4257 2068 4305 rat.
2100 4248 2345 4306 Vidimus
2375 4264 2505 4320 ergo
2529 4248 2580 4302 in
2623 4247 2814 4302 umbra
2851 4263 3004 4310 cum,
3037 4262 3158 4301 cum
3207 4246 3382 4301 adhuc
3425 4244 3560 4299 lides

1961 4343 2128 4414 prima
2183 4342 2522 4412 procederet.
2563 4341 2668 4397 Sed
2719 4357 2861 4396 nunc
2905 4341 3015 4412 jam
3068 4353 3237 4395 totum
3291 4340 3562 4395 illuminat

1962 4435 2219 4490 mundum
2252 4453 2264 4488 :
2293 4444 2348 4490 et
2378 4446 2555 4489 tatnen
2580 4433 2755 4489 adhuc
2773 4450 2896 4489 eum
2922 4449 3017 4504 per
3037 4433 3122 4487 sui
3143 4433 3416 4502 corporis,
3439 4445 3560 4500 qua:

1962 4536 2048 4584 est
2078 4528 2344 4594 Ecclesia,
2378 4528 2623 4581 umbram
2647 4526 2918 4588 videmus,
2945 4524 3182 4579 nondum
3226 4526 3364 4578 facie
3391 4523 3456 4575 ad
3483 4524 3558 4575 fa-

259 4623 357 4676 hac
384 4621 498 4689 ipsa
532 4619 714 4673 "uera
740 4658 754 4682 ς
803 4615 994 4672 dicens
1024 4615 1091 4669 ad
1126 4614 1464 4669 Hierusalem
1493 4614 1558 4669 1"
1593 4613 1764 4684 Surge
1810 4624 1856 4668 ει
1885 4587 1938 4648 D
1963 4622 2100 4676 ciem
2130 4639 2143 4686 ;
2180 4636 2354 4690 neque
2382 4621 2524 4673 enim
2554 4618 2698 4672 oculi
2728 4619 2976 4686 corporis
3001 4616 3305 4671 divinitatis
3332 4623 3560 4685 possunt

259 4715 603 4785 expergiscere
630 4716 687 4766 in
715 4721 876 4777 nocte,
907 4710 962 4763 in
993 4709 1251 4780 principio
1279 4709 1470 4779 vigilite
1506 4719 1606 4763 tua:
1650 4706 1858 4774 effunde

260 4812 385 4865 sicut
409 4823 596 4878 aquam
621 4822 711 4861 cor
738 4815 884 4858 tuum
913 4814 1030 4858 ante
1053 4804 1236 4874 faciem
1261 4801 1472 4855 Domini
1496 4817 1513 4854 :
1556 4801 1743 4855 extolle
1786 4799 1854 4854 ad

262 4901 533 4956 Dominum
563 4915 748 4953 manus
779 4907 892 4951 tuas
917 4913 1013 4967 pro
1039 4895 1307 4950 animabus
1349 4894 1680 4963 parvulorum
1733 4902 1852 4946 tuo-

262 5010 389 5058 rum,
434 4993 520 5057 qui
572 4990 824 5060 deﬁciunt
881 4992 1014 5054 fame
1064 4990 1117 5042 in
1150 4988 1332 5059 plateis
1358 4987 1584 5040 omnium
1616 4986 1856 5039 itinerum

265 5089 472 5162 (Threu.
500 5102 561 5152 tt,
591 5085 706 5157 19).
728 5084 917 5140 Nonne
936 5092 990 5140 et
1015 5095 1200 5154 aperte
1223 5083 1591 5143 conclusionis
1613 5081 1856 5138 ostendit

260 5179 552 5251 angustias,
579 5189 635 5234 et
663 5186 850 5235 monet
873 5188 931 5232 ut
957 5177 1263 5232 intentione
1291 5177 1495 5242 cordis,
1539 5177 1591 5230 in
1635 5190 1742 5246 quo
1772 5183 1859 5230 cst

262 5274 395 5328 oculi
422 5273 671 5328 melioris
697 5272 944 5335 obtutus,
975 5270 1275 5326 remedium
1310 5268 1403 5324 tibi
1455 5269 1699 5324 salutare
1732 5284 1856 5339 pro-

327 5477 353 5506 ⁸
381 5467 550 5534 Edit.,
603 5467 869 5538 febresque
922 5475 1038 5520 sunt
1080 5465 1412 5530 animorum;
1452 5478 1611 5529 mss.,
1677 5466 1854 5533 feruo-

260 5557 451 5610 resque,
481 5550 589 5593 etc.

325 5604 538 5666 580m.
582 5609 748 5674 edit.,
804 5606 973 5678 Surge
1028 5606 1264 5678 meditari
1312 5609 1365 5660 in
1404 5615 1550 5660 nocte
1581 5604 1774 5678 :_l‘ortc
1804 5613 1864 5660 ut

263 5684 428 5753 magis
457 5684 608 5736 locus
633 5675 928 5753 accederet
942 5679 1006 5732 ad
1031 5677 1185 5745 Vulg.
1210 5679 1298 5732 ubi
1322 5680 1542 5747 legitur,
1559 5675 1862 5753 _C0n8ttt'_gc,

258 5748 415 5811 lauda
448 5755 502 5807 in
526 5762 696 5810 nocte.
727 5751 932 5806 Otunes
966 5766 1098 5806 vero
1131 5763 1262 5806 mss.
1283 5761 1336 5804 ct
1365 5759 1472 5805 vet.
1505 5750 1638 5806 edit.
1673 5748 1862 5804 nobis-

260 5842 382 5914 cum
423 5823 648 5890 faciunt.
707 5823 778 5891 Et
809 5831 960 5894 certe
993 5831 1177 5882 nostra
1206 5821 1368 5890 lectio
1406 5827 1578 5900 inagis
1619 5822 1867 5900 congruit

1964 4715 2206 4784 recipere
2237 4713 2520 4782 fulgorem.
2567 4711 2691 4764 11ωο
2720 4724 2932 4780 quoilue
2971 4707 3160 4762 umbra
3201 4715 3368 4760 totum
3425 4720 3561 4774 quo-

1967 4806 2093 4860 tidie
2115 4806 2348 4874 protegit
2373 4805 2561 4857 orbetn
2591 4812 2878 4855 terrarum.
2909 4798 3116 4854 Profuit
3145 4799 3306 4868 igitur
3337 4797 3559 4852 Conclu-

1963 4899 2078 4962 sio;
2108 4895 2373 4952 Conclusit
2402 4893 2539 4948 enint
2573 4891 2711 4946 Deus
2767 4891 2939 4944 omnia
2977 4891 3030 4944 in
3069 4889 3472 4955 incredulitate;
3506 4897 3558 4940 ut

1964 4992 2192 5046 omnium
2216 4991 2523 5043 misereatur
2551 4983 2727 5056 (Rom.
2762 5001 2838 5051 x1,
2863 4982 2979 5053 5‘2).
3019 4982 3124 5037 Sed
3164 4983 3273 5052 jam
3305 4980 3558 5034 conside-

1963 5099 2147 5139 remus
2172 5082 2299 5153 quid
2331 5081 2383 5135 in
2412 5079 2767 5135 conclusione
2789 5076 3076 5132 dicendum
3106 5084 3212 5139 est,
3235 5071 3450 5128 ctundc
3471 5074 3557 5125 in-

1963 5176 2299 5246 cipieudum.

2037 5269 2089 5321 7.
2143 5266 2326 5334 (Vers.
2376 5265 2528 5336 145.)
2581 5263 2883 5321 Exclantavi
2928 5263 2982 5315 in
3040 5270 3145 5316 toto
3200 5259 3353 5314 corde
3401 5272 3511 5310 meo
3541 5297 3557 5322 ,

1966 5476 2087 5515 cum
2120 5459 2287 5525 LXX,
2315 5458 2456 5528 apud
2483 5471 2621 5528 quos
2649 5456 2795 5525 legas
2827 5452 3113 5519 :"Avata'rat,
3151 5451 3458 5526 ἁγαλλίασαι
3507 5453 3558 5509 ἐν

1968 5537 2136 5599 νυκτὶ,
2167 5542 2296 5587 etc...
2335 5529 2522 5598 Surge,
2549 5528 2752 5582 exsulta
2780 5529 2832 5581 in
2861 5535 3023 5580 nocte.

2046 5593 2171 5657 cIta
2204 5619 2334 5656 mss.
2387 5593 2583 5669 magno
2631 5605 3188 5669 consensu,cnncta3
3247 5609 3376 5649 vero
3429 5593 3561 5648 edit.

1973 5685 2096 5746 post
2126 5691 2338 5730 vocem.
2374 5668 2735 5746 cupiditatum,
2770 5669 2863 5724 illa
2892 5668 3240 5733 subuectant,
3281 5681 3395 5736 qua:
3419 5681 3562 5726 cauta

1973 5745 2163 5820 pescuit
2195 5745 2519 5806 insolentium
2545 5745 2804 5803 vitiorum.
3302 5768 3303 5775 η
