3948 6354
461 316 594 377 H71

1881 322 1965 378 SA
1975 321 2130 381 NCTI
2168 323 2492 382 AMBROSII

3613 324 3635 379 i
3651 327 3742 383 479.

465 437 658 494 exaudi
676 453 777 508 me,
805 438 1026 494 Domine
1044 456 1062 493 :
1080 438 1316 511 justitias
1342 450 1458 493 tuas
1484 439 1774 510 exquiram.
1798 438 1931 495 Cum
1959 439 2059 494 im-
2083 447 2134 506 Α
2163 436 2542 495 tantummodo
2567 437 2792 508 querela
2824 436 3185 505 miserabilis,
3223 437 3369 508 quod
3419 437 3744 494 commodius

463 532 780 602 pressiones
805 534 1037 602 patimur
1061 532 1400 603 corporales,
1435 533 1743 588 exclamare
1772 535 2058 590 consuevi-

472 639 627 692 mus;
661 633 719 680 ut
743 625 881 680 alios
907 624 974 679 ad
1009 624 1321 695 praesidium
1354 624 1512 680 nobis
1540 640 1738 680 vocare
1765 626 2055 695 possimus.

470 716 824 774 Premebatur
874 726 1096 772 sanctus
1145 715 1433 786 Propheta,
1499 717 2061 788 appropinquantibus

465 808 570 864 sibi
600 808 1058 879 persecutoribus.
1083 807 1216 863 Saul
1249 808 1424 879 primo
1446 808 1678 864 infestus
1697 819 1906 864 armato
1936 824 2059 865 eum

466 901 855 972 insequebatur
881 903 1124 958 exercitu
1156 920 1168 956 :
1202 913 1389 974 postea
1415 903 1682 974 parricida
1715 904 1859 960 lilius
1881 904 2061 960 immi-

469 993 675 1050 nebat:
709 1010 820 1050 non
841 1003 1135 1052 contentus
1157 996 1414 1068 fugientis
1453 995 1666 1066 exsilio,
1701 997 1865 1053 vitam
1895 999 2062 1069 patris

474 1085 754 1154 quierebat
783 1086 1017 1156 eripere.
1065 1087 1173 1144 Sed
1215 1088 1422 1143 abillis
1468 1089 1649 1144 minus
1695 1091 1803 1160 pati
1851 1100 2064 1162 poterat

462 1190 602 1248 quos
630 1178 682 1232 in
712 1179 963 1249 prtesenti
991 1178 1230 1245 videbat,
1257 1195 1418 1250 quam
1440 1181 1509 1236 ab
1537 1181 1650 1236 illis
1678 1197 1816 1253 quos
1840 1197 1946 1238 non
1979 1183 2062 1238 vi-

466 1267 667 1338 debat;
702 1279 786 1326 est
824 1273 969 1326 enim
1019 1272 1334 1328 colluctatio
1357 1273 1562 1328 sanctis
1609 1289 1718 1329 non
1749 1273 1926 1330 solum
1969 1274 2065 1330 ad-

458 1375 652 1417 versus
673 1377 892 1418 carnem
919 1371 975 1418 et
1004 1364 1348 1434 sanguinem,
1384 1367 1592 1437 1211
1626 1365 1722 1420 sed
1753 1367 1919 1422 etiam
1964 1366 2066 1422 ad-

465 1468 655 1510 versus
682 1455 1016 1525 principatus
1047 1465 1102 1511 et
1132 1465 1432 1525 poteSIates
1457 1458 1612 1512 istius
1639 1457 1848 1524 mundi,
1876 1467 2062 1514 recto-

464 1559 662 1617 resque
689 1545 1056 1612 tenebrarum,
1089 1546 1182 1616 qui
1211 1547 1484 1602 latronum
1510 1545 1671 1603 modo
1691 1547 1745 1602 itt
1772 1548 1931 1604 istius
1957 1565 2058 1605 sa:-

467 1639 578 1693 culi
628 1646 790 1694 nocte
824 1639 1075 1693 humanis
1125 1638 1451 1695 insidiantur
1502 1639 1806 1696 aﬂ‘ectibus.
1858 1640 2062 1696 Horum

467 1731 631 1803 igitur
667 1739 887 1788 sanctus
934 1730 1108 1786 David
1140 1746 1261 1787 cum
1291 1747 1486 1802 graves
1544 1733 1835 1790 adversum
1881 1749 1942 1790 se
1987 1735 2066 1790 vi-

2162 531 2268 586 sibi
2290 529 2433 586 foret
2459 528 2590 584 dura
2623 529 2676 584 in
2722 527 2962 601 Egypto
3009 530 3285 584 servitutis
3331 544 3499 585 onera
3542 531 3742 600 subire,

2163 639 2325 693 quam
2355 623 2550 678 acerba
2579 623 2635 676 in
2661 621 2882 678 deserto
2915 631 3089 678 morte
3115 623 3363 678 consumi
3390 640 3402 674 :
3437 623 3652 693 querela
3673 625 3748 678 ui-

2168 715 2244 771 hil
2298 715 2533 786 prtesidii
2575 714 2832 778 olferens,
2887 715 3180 786 plurimum
3229 714 3453 770 oﬂ'ensm
3504 713 3744 770 aﬂerens.

2170 808 2360 864 Stabat
2385 824 2514 877 ergo
2537 807 2749 880 Moyses
2772 820 3021 873 maestus,
3044 809 3335 873 sollicitus,
3359 808 3550 863 anxius
3574 810 3747 880 populi

2165 909 2219 955 et
2245 900 2498 970 periculis
2525 911 2579 955 et
2604 901 2866 972 querelis,
2897 909 3220 970 exspectans
3253 900 3412 956 ﬁdem
3451 901 3746 956 caelestium

2168 992 2562 1062 promissorum
2598 1011 2610 1048 :
2655 1001 2710 1048 et
2761 995 2954 1047 tacitus
2985 1007 3168 1048 secum
3216 995 3333 1062 ipse
3378 991 3626 1046 volvebat
3654 1007 3748 1062 qua

2167 1085 2384 1141 tandem
2439 1087 2699 1141 Dominus
2749 1102 2873 1157 ope,
2930 1087 3144 1157 injuria:
3193 1086 3512 1150 immemor,
3557 1100 3753 1141 memor

2166 1181 2375 1251 gratiae,
2405 1179 2741 1235 subveniret.
2794 1180 2937 1234 Dicit
2981 1180 3047 1234 ad
3106 1195 3231 1235 eum
3286 1178 3590 1234 Dominus:
3625 1177 3752 1244 Quid

2168 1275 2362 1328 clamas
2390 1273 2458 1326 ad
2481 1290 2560 1327 me
2588 1275 2612 1326 ?
2641 1273 2848 1330 Sonnm
2881 1273 2999 1344 ejus
3037 1287 3144 1328 non
3184 1271 3368 1341 audin,
3408 1286 3595 1327 vocem
3646 1272 3755 1342 ejus

2165 1380 2437 1435 agnoseo:
2464 1366 2737 1420 silentium
2765 1366 2884 1434 ejus
2915 1366 3054 1435 lego,
3079 1367 3370 1419 clamorem
3401 1363 3519 1434 ejus
3546 1364 3598 1418 in
3626 1379 3747 1434 ope-

2169 1456 2318 1512 ribus
2349 1456 2726 1527 deprehendo.
2754 1455 3036 1511 Clamabat
3076 1455 3328 1526 populus,
3358 1464 3412 1510 et
3442 1470 3550 1510 non
3579 1455 3756 1510 audie-

2168 1551 2328 1608 batur
2357 1569 2368 1604 :
2400 1551 2612 1607 tacebat
2642 1551 2859 1622 Moyses
2884 1592 2899 1617 ,
2930 1561 2983 1604 et
3013 1549 3354 1605 audiebatur.
3399 1547 3520 1604 Non
3562 1550 3756 1621 1212

2169 1645 2368 1716 populo
2399 1644 2602 1701 dictum
2636 1656 2756 1699 est:
2800 1643 2939 1710 Quid
2989 1645 3181 1698 clamas
3211 1641 3281 1695 ad
3313 1642 3437 1696 me?
3471 1641 3586 1695 Non
3623 1642 3755 1695 enim

2171 1738 2236 1792 ad
2271 1739 2442 1792 Deum
2489 1737 2759 1793 clamabat
2786 1738 3039 1808 populus,
3073 1737 3162 1806 qni
3193 1735 3410 1804 injusta,
3440 1743 3497 1789 et
3528 1734 3656 1789 viris
3682 1734 3756 1788 in-

468 1825 624 1880 deret
653 1823 770 1880 fieri
803 1824 1078 1887 incursus.
1122 1825 1448 1881 exclamavit
1483 1827 1535 1882 iu
1583 1836 1695 1882 toto
1715 1826 1883 1883 corde
1941 1843 2062 1884 suo.
2097 1837 2145 1897 B
2171 1830 2334 1902 digna
2355 1831 2644 1886 clamabat.
2682 1830 2789 1887 Sed
2818 1829 2988 1902 Moysi
3019 1829 3223 1886 dictum
3246 1837 3330 1884 est
3359 1847 3372 1881 :
3409 1827 3550 1895 Quid
3579 1827 3759 1882 clamas

473 1918 685 1974 Etenim
715 1918 980 1974 adversus
1023 1917 1302 1974 diabolum
1335 1936 1441 1975 non
1473 1923 1625 1976 vocis
1669 1922 2064 1993 magnitudine,

469 2011 566 2066 sed
596 2014 1039 2084 magnanimitate
1066 2013 1248 2070 cordis
1271 2014 1529 2069 utendum
1557 2025 1662 2071 est.

543 2105 598 2160 8.
641 2105 737 2161 Est
763 2114 947 2162 tamen
975 2116 1028 2162 et
1056 2122 1161 2163 vox
1191 2107 1407 2173 cordis;
1435 2107 1559 2177 quia
1583 2117 1668 2163 est
1707 2118 1762 2164 et
1815 2123 1921 2165 vox
1945 2124 2070 2165 san-

471 2195 673 2267 guinis,
705 2213 829 2268 qua:
857 2199 924 2253 ad
961 2199 1125 2255 Deum
1151 2199 1421 2270 pervenit.
1450 2200 1690 2271 Denique
1721 2201 1865 2258 Deus
1885 2201 2019 2257 dicit
2051 2220 2064 2257 :

477 2287 595 2343 Vox
632 2291 902 2360 sanguinis
923 2292 1195 2363 fratristui
1223 2292 1288 2346 de
1312 2303 1448 2347 terra
1492 2295 1680 2348 clamat
1706 2294 1774 2348 ad
1804 2312 1883 2350 me
1913 2295 2067 2368 (Gen.

469 2395 546 2448 tv,
581 2380 690 2453 10).
721 2381 936 2438 Clamat
963 2399 1096 2456 ergo
1115 2399 1210 2440 cor
1227 2399 1470 2441 nosuum
1503 2401 1609 2442 non
1633 2402 1771 2443 sono
1799 2391 2068 2460 corporis,

471 2471 567 2529 sed
588 2475 977 2544 cogitationum
997 2475 1360 2544 sublimitate,
1379 2488 1763 2550 concentuque
1783 2481 2067 2536 virtutum.

470 2564 703 2622 Grandis
729 2567 854 2624 lidei
881 2568 1109 2625 clamor.
1161 2570 1402 2642 Denique
1435 2571 1722 2641 in‘spiritn
1761 2573 2072 2644 adoptionis

471 2663 798 2728 clamamus,
825 2663 976 2720 Abba
1010 2672 1186 2734 pater,
1221 2671 1277 2719 et
1300 2665 1415 2734 ipse
1445 2665 1678 2734 Spiritus
1731 2666 1823 2723 Dei
1874 2668 2074 2724 clamat

471 2753 524 2808 in
558 2754 735 2809 nobis.
763 2755 954 2827 Magna
988 2770 1090 2811 vox
1113 2754 1339 2827 justitite
1360 2797 1374 2820 ,
1409 2771 1602 2827 magna
1653 2767 1739 2812 est
1784 2758 2068 2824 castitatis,

472 2859 572 2914 per
591 2860 753 2916 quam
776 2858 830 2900 et
849 2849 1048 2903 mortui
1069 2848 1365 2918 loquuntur
1389 2864 1403 2912 ;
1431 2863 1534 2904 nec
1558 2849 1734 2904 solum
1754 2849 2070 2921 loquuntur,

475 2939 573 2994 sed
605 2941 770 2994 etiam
798 2941 1095 2996 sicutAbel
1125 2943 1385 2996 clamant.
1418 2942 1488 2997 At
1515 2957 1646 2998 vero
1675 2943 1862 3013 injusti
1894 2944 2076 2999 anima.

482 3045 582 3086 nec
612 3031 845 3085 viventis
872 3032 1105 3099 clamat;
1135 3033 1260 3103 quia
1301 3033 1414 3088 Deo
1468 3044 1678 3092 mortua
1705 3046 1810 3090 est.
1843 3035 1986 3090 Nihil
2021 3038 2072 3092 in

476 3124 568 3179 illa
597 3124 851 3191 sublime,
899 3125 1031 3180 nihil
1074 3124 1418 3196 magniﬁcum
1450 3136 1530 3182 est
1575 3146 1586 3180 :
1643 3128 1801 3196 quale
1857 3143 2072 3195 eorum,

2167 1925 2236 1976 ad
2265 1938 2343 1976 me
2374 1923 2399 1976 ?
2429 1923 2533 1978 hoc
2557 1932 2642 1977 est
2668 1940 2682 1979 :
2710 1921 2789 1976 Tu
2819 1925 2969 1978 solus
2999 1921 3065 1976 ad
3094 1937 3180 1976 tne
3209 1921 3433 1985 clamas,
3468 1921 3558 1990 qui
3583 1919 3650 1975 de
3676 1935 3755 1974 me

2169 2029 2361 2085 speras
2386 2032 2399 2068 :
2433 2023 2492 2069 tu
2517 2013 2672 2070 solus
2692 2013 2758 2069 ad
2782 2029 2869 2069 me
2897 2015 3123 2079 clamas,
3165 2013 3257 2084 qui
3306 2011 3568 2067 virtutem
3599 2026 3757 2066 meam

2169 2108 2377 2163 exeitas
2411 2124 2424 2160 :
2458 2116 2513 2162 tu
2537 2107 2689 2162 solus
2713 2106 2781 2161 ad
2814 2121 2900 2160 me
2930 2107 3156 2173 clamas,
3207 2105 3299 2176 qui
3333 2119 3430 2174 per
3463 2104 3759 2160 universam

2172 2211 2373 2257 terram
2399 2199 2711 2255 annuntiari
2745 2215 2924 2254 meum
2959 2215 3155 2255 nomen
3183 2207 3491 2268 exspectas.

2247 2295 2332 2348 i-l.
2375 2292 2657 2349 Clamabat
2677 2308 2808 2362 ergo
2837 2293 3049 2364 Moyses
3074 2292 3128 2346 in
3158 2290 3329 2346 corde
3359 2305 3486 2356 suo,
3523 2295 3580 2344 et
3601 2288 3760 2344 omnis

2173 2386 2391 2456 sapiens
2421 2387 2472 2440 in
2496 2386 2661 2441 corde
2682 2401 2784 2440 suo
2810 2386 3033 2440 clamat.
3073 2382 3315 2453 Denique
3344 2381 3613 2452 sapientia
3647 2396 3758 2435 eum

2173 2479 2436 2534 altissima
2489 2477 2882 2550 praedicatione
2935 2483 3203 2532 convocat
3235 2475 3302 2550 ad
3350 2483 3643 2540 crateram,
3686 2473 3759 2527 di-

2173 2587 2303 2628 cens
2334 2591 2346 2626 :
2374 2571 2673 2638 Relinquite
2701 2573 3124 2643 insipientiam...
3153 2584 3198 2626 et
3223 2571 3434 2642 qurerite
3472 2569 3759 2639 sapientiam

2177 2663 2359 2737 (Prov.
2386 2681 2462 2732 ιι,
2497 2665 2576 2736 6).
2604 2664 2810 2734 Magna:
2841 2664 3218 2729 sublimitatis,
3251 2677 3461 2733 magna:
3491 2662 3639 2716 vocis
3661 2660 3760 2714 hare

2176 2756 2494 2826 prmdicatio
2524 2764 2629 2820 est,
2655 2771 2777 2825 qua:
2807 2755 2992 2810 stultis
3015 2753 3337 2825 sapientiam
3369 2752 3677 2824 pollicetur.
3703 2749 3763 2804 Et

2174 2849 2333 2904 Jesus
2365 2848 2626 2903 Dominus
2654 2847 2994 2902 exclamabat
3026 2863 3039 2899 :
3095 2845 3154 2901 Si
3204 2846 3318 2916 quis
3357 2846 3467 2899 sitit
3519 2844 3680 2899 veniat
3703 2843 3761 2895 ad

2177 2959 2279 3007 me,
2307 2951 2352 2996 et
2383 2941 2519 2995 bibat
2545 2937 2728 3012 (Joan.
2757 2955 2851 3006 vn,
2878 2937 2995 3006 57).
3026 2937 3054 2975 δ
3079 2937 3150 2992 Ει
3179 2952 3307 2992 vere
3337 2950 3537 3006 magna
3578 2935 3762 2990 clama-

2177 3039 2290 3105 bat,
2319 3037 2410 3107 qui
2440 3036 2672 3090 vocabat
2703 3033 2951 3088 homines
2997 3033 3065 3087 ad
3123 3046 3349 3103 regnum
3394 3029 3679 3097 caelorum,
3705 3026 3761 3082 ad

2179 3128 2331 3183 illum
2353 3127 2724 3182 venerabilem
2743 3136 2928 3196 potum
2951 3139 3059 3195 quo
3082 3123 3210 3178 vita:
3233 3131 3455 3178 aeterna:
3480 3121 3673 3176 ﬂuctus
3692 3119 3763 3174 in-

475 3233 706 3290 quorum
738 3234 905 3274 sonus
931 3219 984 3273 in
1007 3234 1224 3275 omnem
1260 3229 1460 3275 terram
1487 3220 1691 3288 exivit,
1729 3233 1786 3276 et
1830 3222 1997 3278 verba
2019 3225 2071 3279 in
2099 3224 2145 3287 C
2180 3220 2443 3276 funditur.
2469 3220 2538 3274 Et
2561 3229 2617 3274 tu
2641 3235 2763 3275 cum
2791 3233 2938 3284 oras,
2965 3233 3155 3289 magna
3178 3233 3296 3284 ora,
3325 3217 3377 3271 id
3402 3226 3515 3285 est,
3543 3233 3634 3271 ora
3657 3231 3764 3285 qua:

477 3312 615 3367 ﬁnes
643 3311 792 3368 orbis
827 3322 1116 3368 terrarum.
1146 3322 1171 3348 α
1201 3311 1402 3368 Gracili
1447 3327 1581 3368 voce
1626 3313 1838 3386 Moyses
1888 3315 2073 3387 loque-

457 3402 661 3469 batur,
692 3413 746 3458 et
777 3403 898 3472 plus
921 3402 1177 3458 omnibus
1208 3403 1550 3459 audiebatur.
1577 3403 1829 3471 Quotidie
1859 3406 2076 3462 auditur

479 3493 534 3548 in
559 3494 803 3550 Ecclesia
836 3512 849 3548 :
882 3495 953 3550 ab
975 3493 1088 3550 illis
1113 3495 1267 3562 solis,
1291 3493 1398 3551 hoc
1428 3504 1534 3563 est,
1573 3495 1774 3552 Judzeis
1834 3515 1940 3553 tton
1982 3515 2076 3554 att-

481 3587 651 3653 ditur,
684 3589 775 3660 qui
799 3603 930 3644 aure
957 3588 1214 3656 audiunt,
1263 3588 1359 3644 sed
1411 3605 1518 3646 non
1573 3591 1888 3648 exaudiunt.
1938 3593 2076 3649 Prn-

481 3682 658 3751 pltetm
719 3681 918 3737 dicitur
961 3683 1163 3739 alteri:
1223 3682 1420 3740 Exalta
1462 3685 1655 3741 viribus
1716 3705 1884 3743 vocem
1936 3699 2076 3745 tuam

481 3773 650 3847 (Etai.
684 3789 836 3841 Lvttt,
865 3773 938 3844 ~l).

553 3871 607 3922 9.
648 3867 803 3922 Anna
833 3878 1010 3924 tamen
1053 3884 1158 3924 non
1185 3870 1459 3926 clamabat
1483 3871 1534 3926 itt
1560 3873 1725 3928 corde
1751 3887 1851 3930 suo
1879 3873 1920 3946 (Ι
1944 3873 2076 3946 Reg.

477 3974 518 4026 ι,
552 3959 665 4031 15),
687 3959 827 4015 sicut
857 3959 1070 4033 Moyses
1091 4001 1107 4022 .
1155 3963 1250 4018 sed
1293 3963 1614 4034 loquebatur
1642 3985 1654 4019 :
1698 3965 1930 4024 fortasse
1953 3969 2079 4039 quia

480 4051 621 4107 ﬁlios
646 4052 974 4122 postulabat,
1006 4054 1109 4109 hoc
1134 4065 1241 4122 est,
1272 4056 1412 4112 bona
1443 4057 1685 4129 quidem,
1722 4060 1817 4114 sed
1851 4060 2077 4130 privata,

483 4160 591 4198 non
622 4146 860 4215 publica,
884 4163 992 4201 non
1017 4148 1304 4204 clamabat.
1327 4151 1434 4205 Sed
1453 4153 1576 4219 quia
1600 4166 1630 4205 a
1650 4154 1879 4208 Domino
1898 4166 2081 4225 postu-

390 4294 396 4298 τ
485 4235 653 4300 labat,
685 4237 810 4305 quia
842 4236 1075 4292 Domino
1099 4257 1221 4295 eum
1241 4283 1258 4309 ,
1290 4243 1339 4297 si
1372 4259 1530 4313 quem
1564 4245 1895 4315 susciperet,
1951 4248 2081 4304 οπε-

492 4326 668 4394 rebat;
701 4329 1022 4400 loquebatur
1066 4331 1228 4388 Deo:
1287 4333 1560 4390 clamabat
1604 4347 1784 4393 autem
1831 4340 2077 4412 Moyses;

482 4421 608 4490 quia
638 4437 746 4477 non
776 4437 874 4493 pro
911 4439 993 4490 se,
1037 4425 1132 4480 sed
1186 4441 1281 4496 pro
1324 4429 1469 4483 omni
1505 4431 1707 4500 populo
1739 4435 2078 4502 precabatur.

487 4511 644 4568 Unde
669 4513 872 4570 dictum
905 4524 989 4571 est
1013 4517 1062 4571 ei
1093 4532 1123 4570 a
1152 4517 1421 4574 Domino:
1455 4520 1596 4587 Quid
1649 4524 1843 4579 clamas
1882 4525 2077 4598 (Exod.

2179 3326 2380 3371 interna
2407 3325 2557 3382 sunt,
2586 3330 2694 3369 non
2741 3329 2861 3384 qua:
2891 3311 3250 3383 caduca.‘0ra
3275 3327 3395 3382 qua:
3432 3310 3614 3364 divina
3652 3318 3763 3363 sunt

2178 3417 2340 3478 atque
2367 3406 2651 3470 caelestia;
2687 3415 2742 3460 ut
2772 3405 2849 3459 sis
2901 3405 3042 3460 sicut
3093 3403 3283 3473 Angeli
3339 3405 3390 3456 in
3447 3402 3607 3458 cmlo.
3655 3399 3762 3455 Noli

2179 3515 2336 3554 orare
2365 3515 2462 3571 pro
2491 3500 2742 3569 pecunia,
2785 3497 2908 3568 quia
2960 3511 3143 3567 aerugo
3185 3505 3308 3552 est:
3341 3496 3454 3550 noli
3493 3511 3592 3567 pro
3621 3507 3761 3553 auro.

2179 3591 2302 3662 quia
2333 3591 2606 3646 metallum
2639 3601 2720 3646 est
2747 3610 2758 3643 :
2791 3590 2901 3645 noli
2942 3606 3040 3658 pro
3067 3589 3412 3660 possessione
3433 3629 3450 3656 ,
3485 3589 3608 3659 quia
3639 3599 3764 3642 terra

2180 3692 2264 3738 est
2295 3699 2310 3741 z
2343 3682 2446 3737 ista
2464 3685 2638 3737 oratio
2662 3683 2727 3737 ad
2751 3680 3034 3736 Dominum
3059 3695 3164 3736 non
3191 3682 3458 3752 pervenit.
3490 3680 3607 3736 Non
3631 3680 3764 3734 audit

2185 3775 2348 3842 Deus,
2380 3775 2480 3830 nisi
2505 3773 2648 3845 quod
2686 3774 2908 3844 dignum
2946 3774 3060 3829 suis
3099 3773 3249 3829 ducit
3288 3789 3413 3830 esse
3451 3773 3762 3830 beneficiis:

2181 3868 2277 3924 sed
2304 3869 2455 3923 audit
2483 3869 2623 3936 piam
2653 3883 2842 3923 vocem
2860 3910 2874 3935 ,
2908 3868 3127 3938 plenam
3155 3867 3461 3923 devotionis
3488 3878 3545 3924 et
3570 3868 3764 3940 gratim.

2256 3962 2342 4017 t2.
2369 3961 2486 4017 Non
2513 3963 2830 4033 solutnergo
2849 3962 3194 4019 clamandum
3213 3963 3265 4016 in
3291 3962 3480 4030 corde,
3505 3963 3601 4018 sed
3621 3966 3767 4017 etiam

2183 4055 2237 4110 in
2263 4064 2376 4110 toto
2397 4055 2561 4111 corde
2587 4056 2933 4110 clamandum
2960 4069 3063 4111 est.
3088 4055 3240 4111 Sicut
3261 4057 3406 4111 enim
3427 4058 3769 4128 corporaliter

2185 4158 2312 4204 tunc
2340 4150 2480 4205 bene
2509 4148 2796 4215 clamatur,
2823 4163 2946 4204 cum
2974 4157 3087 4205 toto
3111 4164 3205 4204 ore
3232 4149 3502 4205 clamatur
3533 4166 3547 4203 :
3587 4150 3654 4204 ita
3677 4146 3770 4218 spi-

2183 4249 2416 4303 ritaliter
2445 4257 2556 4302 toto
2576 4256 2662 4302 est
2687 4246 3033 4301 clamandum
3079 4246 3268 4310 corde,
3295 4247 3341 4301 si
3373 4247 3627 4301 volumus
3667 4258 3765 4300 uta-

2181 4355 2286 4412 gna
2311 4341 2536 4406 referre,
2571 4347 2627 4395 et
2654 4355 2684 4394 a
2719 4339 2950 4394 Domino
2976 4355 3099 4410 quae
3130 4338 3424 4409 poscimus,
3465 4338 3766 4409 impetrare.

2183 4432 2334 4488 Hane
2367 4432 2624 4487 Dominus
2647 4447 2836 4487 vocem
2861 4431 3116 4501 exigebat
3140 4447 3170 4485 a
3194 4431 3418 4501 populo,
3472 4447 3633 4503 quam
3682 4445 3768 4500 po-

2185 4528 2347 4599 pulus
2388 4527 2684 4582 nesciebat.
2732 4525 2968 4597 Ideoque
2995 4525 3139 4580 dixit
3178 4525 3440 4580 Dominus
3472 4542 3487 4580 :
3547 4523 3771 4596 Populus

486 4620 596 4672 xtv,
631 4607 766 4680 15)?
794 4607 1076 4664 Clamabat
1127 4609 1321 4667 allectu
1353 4612 1473 4683 pio,
1499 4625 1554 4669 et
1576 4629 1740 4671 sensu
1787 4618 2074 4687 profundo,
2105 4625 2159 4685 D
2184 4620 2268 4674 hic
2296 4619 2447 4674 labiis
2470 4635 2548 4673 me
2577 4617 2799 4673 honorat
2831 4634 2848 4672 :
2879 4634 2967 4673 cor
2999 4627 3168 4671 autent
3197 4633 3375 4672 eorum
3427 4617 3581 4687 tange
3629 4623 3700 4668 est
3743 4629 3770 4666 a

485 4709 543 4754 et
572 4700 901 4769 personabat
933 4703 984 4756 in
1007 4701 1181 4768 caelo,
1215 4705 1493 4759 miraculis
1543 4717 1732 4776 petens
1765 4708 1924 4779 digna
1968 4724 2080 4765 coe-

481 4795 746 4851 lestibus:
781 4805 839 4850 ut
859 4796 1044 4852 mundi
1072 4797 1341 4854 elementa
1375 4807 1630 4856 mutaret.

560 4890 648 4946 10.
691 4892 936 4962 Denique
961 4903 1017 4947 ut
1046 4891 1217 4963 ipsius
1260 4893 1365 4948 loci
1407 4894 1603 4951 seriem
1646 4911 2078 4956 recenseamus:

483 4984 719 5040 instabat
750 4985 986 5054 Pharao,
1021 4995 1078 5042 et
1104 4987 1404 5044 innumeris
1429 4988 1810 5062 Egyptiorum
1851 4993 2081 5064 stipatus

482 5080 761 5147 curribus,
783 5080 1010 5151 urgebat
1030 5081 1288 5137 Hebraeos
1311 5100 1325 5137 :
1353 5084 1478 5141 hinc
1497 5084 1863 5140 circumfusus
1883 5085 2077 5155 hostis,

483 5170 611 5226 inde
641 5170 963 5227 interfusum
993 5188 1142 5228 mare
1174 5175 1386 5245 plebem
1441 5176 1538 5231 Dei
1591 5177 1883 5232 clauserat.
1929 5177 2081 5231 Nulla

482 5266 540 5322 in
569 5267 736 5322 armis
768 5267 988 5334 ﬁducia,
1031 5281 1156 5338 Spes
1209 5270 1357 5324 nulla
1408 5270 1460 5324 in
1514 5271 1742 5327 viribus.
1792 5271 2082 5342 Strepebat

563 5409 776 5484 nRom.
808 5411 940 5467 etlit.
969 5411 1106 5476 sola,
1139 5410 1334 5466 (ἔναεὶιὶ
1355 5427 1474 5467 voce
1500 5421 1608 5467 erat
1633 5411 1861 5484 Moyses,
1887 5429 1979 5468 nec
2002 5413 2076 5467 lo-

487 5483 745 5554 quebatur
765 5499 784 5536 :
815 5484 934 5551 plus
964 5485 1198 5538 omnibus
1221 5495 1390 5537 tamen
1419 5483 1746 5538 audiebatur.
1803 5483 1871 5538 Et
1921 5484 2080 5554 paulo

487 5553 629 5624 post,
662 5553 752 5626 ubi
774 5555 964 5626 eadem
997 5555 1154 5621 edit.,
1175 5566 1222 5609 et
1242 5555 1395 5608 corde
1418 5571 1519 5608 non
1536 5553 2075 5626 intelligunt.Vet.....

488 5641 591 5678 non
613 5625 854 5680 audiunt.
883 5625 1010 5679 Mss.
1042 5630 1298 5680 omittunt
1323 5640 1530 5694 vocem,
1564 5625 1746 5690 corde,
1780 5642 1843 5682 ex
1886 5628 2080 5695 quibus

490 5696 599 5749 duo
621 5696 796 5766 solum
829 5711 958 5766 pro,
984 5697 1074 5751 sed
1097 5714 1198 5751 non
1235 5697 1487 5761 audiunt,
1516 5697 1798 5762 exhibent,
1845 5697 1935 5752 sed
1979 5713 2080 5751 non

490 5765 794 5845 exaudiunt.
833 5767 984 5821 Haud
1018 5768 1199 5830 tnale;
1239 5768 1380 5823 idem
1405 5768 1550 5823 enim
1603 5779 1687 5824 est
1723 5784 1786 5823 ac
1816 5783 1924 5824 non
1955 5783 2086 5822 con-

490 5844 751 5885 st‘ttttttttl.

487 5845 751 5892 sPttttttttl.

2187 4729 2267 4766 me
2292 4710 2461 4783 (Emi.
2476 4727 2624 4777 xxtx,
2649 4711 2738 4781 15)
2751 4751 2764 4764 .
2793 4709 3038 4779 Qniergo
3053 4709 3576 4779 appropinquaverit
3593 4705 3769 4768 corde,

2188 4805 2308 4876 ipse
2332 4803 2547 4860 auditur
2573 4819 2603 4858 a
2631 4804 2878 4859 Domino.
2926 4802 3034 4857 Cor
3077 4816 3211 4872 ergo
3261 4803 3414 4872 prius
3452 4800 3692 4865 clamet,
3723 4809 3772 4853 ttt

2189 4913 2371 4954 sermo
2401 4897 2572 4968 possit
2599 4896 2794 4952 audiri.

2263 4990 2351 5046 15.
2396 4989 2502 5045 Sed
2534 5003 2640 5044 non
2671 4988 2804 5042 satis
2833 4995 2918 5043 est
2961 4987 3200 5042 clamare
3229 4985 3296 5040 ad
3333 4985 3646 5050 Dominum,
3686 4984 3771 5039 sed

2189 5082 2351 5138 etiam
2376 5082 2618 5152 justitias
2643 5081 2762 5151 ejus
2785 5081 3098 5152 exquirere.
3127 5080 3378 5150 Exquirit
3397 5088 3582 5134 autem
3622 5078 3772 5149 justi-

2192 5177 2314 5244 tias,
2341 5175 2433 5246 qui
2462 5175 2514 5229 id
2542 5174 2682 5245 quod
2715 5176 2767 5228 in
2791 5173 3047 5227 omnibus
3068 5172 3357 5237 creaturis,
3390 5181 3446 5228 et
3477 5171 3709 5227 maxime
3725 5170 3769 5223 itt

2190 5269 2562 5326 animantibus
2585 5266 2966 5335 rationalibus,
2991 5266 3260 5321 veletiam
3281 5263 3750 5320 irrationabilibus

2259 5410 2286 5450 ι)
2315 5410 2520 5465 Omnes
2549 5407 2707 5472 edit.,
2746 5407 2810 5460 Et
2840 5423 2962 5461 voce
2995 5423 3109 5460 vere
3143 5424 3330 5477 magna
3370 5406 3645 5461 clamabat.
3675 5402 3769 5477 sed

2187 5497 2333 5544 cum.
2363 5498 2503 5543 voce,
2533 5481 2586 5535 in
2619 5479 2781 5534 nullis
2819 5478 3121 5548 reperiatur
3152 5475 3307 5536 mss.
3341 5495 3550 5548 magna,
3585 5477 3672 5532 hic
3695 5475 3768 5529 vi-

2187 5555 2349 5610 detur
2377 5567 2498 5606 esse
2522 5557 2572 5606 in
2596 5549 2784 5606 eodem
2813 5565 2967 5615 casu,
2997 5565 3102 5619 quo
3134 5548 3272 5604 infra
3327 5549 3544 5610 dicitur.
3597 5561 3769 5617 magna

2190 5643 2302 5687 ora,
2333 5634 2437 5679 etc.
2468 5623 2676 5677 Rursus
2706 5621 2840 5676 edit.
2873 5620 3030 5676 Rom.
3063 5637 3184 5676 cum
3214 5631 3362 5688 parte
3391 5635 3550 5678 ntss..
3586 5623 3768 5689 fructus

2189 5694 2506 5765 infunditur.
2549 5694 2684 5765 Aliae
2711 5691 2846 5755 edit,
2881 5707 3009 5747 cum
3042 5691 3266 5758 reliquis
3295 5705 3452 5765 ηιξε.Ρ
3484 5688 3767 5765 βαριυνξ-ἰηξ

2194 5757 2453 5838 funditur.
2511 5764 2701 5838 Melius
2733 5804 2747 5829 ,
2804 5777 2956 5838 (ιιιιιιΔ
2997 5757 3245 5838 videatur
3301 5757 3496 5838 alludi'
3529 5761 3598 5815 ad
3647 5757 3766 5814 illud

2193 5833 2509 5906 Scripltn‘a‘,
2543 5835 2608 5889 Et
2635 5845 2858 5891 torrente
2876 5834 3147 5904 voluptatis
3176 5845 3277 5890 tua:
3301 5833 3498 5897 potabis
3525 5849 3630 5885 eos.
