3948 6384
166 349 281 406 1475

170 478 186 500 ο
201 468 366 533 jmtum
388 466 479 523 est,
501 456 858 528 providentiae
885 453 1145 513 adscribit
1168 455 1556 513 divinae.Unde
1579 463 1688 510 tur-
1717 461 1768 515 A

168 558 247 610 luti
272 554 476 608 studium
505 550 800 621 pudicitiae,
833 565 952 620 qua:
975 565 1230 619 compare
1252 550 1476 617 amisso,
1495 563 1696 604 concu-

171 645 276 701 bitui
309 643 562 714 indulgere
591 657 716 700 ,non
761 642 952 697 novit:
998 640 1141 711 quod
1192 640 1441 696 homines
1479 654 1698 696 servare

166 758 250 796 non
279 737 515 809 possunt?
542 735 698 791 Unde
721 735 994 804 plerisque
1039 734 1408 788 animantibus
1448 741 1559 786 tam
1601 746 1695 788 so-

167 837 256 892 bria
276 842 436 906 partus
447 847 573 888 cura
598 831 856 886 servandi
881 847 895 896 ;
916 840 974 885 ut
993 830 1083 885 ubi
1105 829 1480 900 conceptionis
1501 840 1698 882 munus

163 929 444 999 agnoverint,
472 925 542 979 ibi
571 925 777 979 coitum
797 939 902 977 non
931 930 1123 992 putent
1151 937 1272 978 esse
1297 919 1652 992 repetendum
1679 935 1694 984 ;

165 1038 215 1078 ne
240 1030 542 1091 receptarum
592 1017 858 1072 seminum
893 1015 984 1070 liat
1025 1015 1328 1070 adulterina
1369 1011 1699 1085 permixtio?

161 1113 342 1170 l’htenix
367 1113 536 1168 coitus
557 1123 856 1180 corporeos
882 1108 1117 1178 ignorat,
1144 1105 1392 1162 libidinis
1431 1104 1610 1160 nescit
1635 1103 1700 1157 il-

164 1207 388 1271 lecebras,
426 1203 519 1259 sed
551 1202 618 1258 de
658 1218 757 1257 suo
805 1200 1041 1270 resurgit
1090 1213 1222 1269 rogo
1257 1215 1270 1252 :
1313 1197 1418 1252 sibi
1457 1197 1572 1251 avis
1608 1210 1703 1252 su-

162 1313 344 1372 pCI‘SleS,
369 1300 476 1369 ipsa
499 1306 555 1353 et
582 1297 666 1353 sui
692 1296 865 1352 haeres
887 1295 1158 1364 corporis,
1185 1299 1242 1346 et
1261 1289 1461 1347 cineris
1483 1290 1568 1346 sui
1597 1290 1670 1347 foe
1685 1319 1700 1331 -

163 1404 242 1447 lllS.
271 1391 442 1461 Aquila
470 1405 539 1445 ne
572 1389 875 1459 degeneres
901 1395 1091 1457 partus
1120 1383 1341 1448 nutriat,
1370 1382 1616 1452 diligenti
1638 1381 1703 1436 li-

159 1483 536 1539 lnatexamine:
595 1490 650 1536 et
698 1479 877 1534 adhuc
908 1487 1124 1534 teneros
1175 1475 1338 1532 fastus
1381 1477 1468 1546 pio
1527 1489 1704 1546 ungue

160 1575 414 1648 suspendit,
441 1575 690 1643 solisque
719 1571 880 1627 oﬂ‘ert
911 1570 1116 1633 radiis;
1145 1581 1202 1624 ut
1249 1569 1293 1623 si
1335 1568 1475 1624 forte
1515 1568 1704 1622 oculos

158 1683 257 1723 suos
301 1667 344 1721 vi
399 1665 623 1736 fulgoris
673 1662 984 1720 iullcxcrint
1019 1705 1032 1727 ,
1084 1671 1354 1731 tamquam
1404 1660 1704 1729 degeneres

158 1761 297 1814 laxato
323 1759 370 1814 in
394 1772 644 1828 prmceps
668 1771 846 1826 ungue
871 1754 1111 1810 dimittat
1143 1772 1156 1806 ;
1199 1755 1283 1809 sin
1325 1753 1536 1826 1213
1581 1767 1705 1808 vero

1199 333 1263 392 1N
1309 330 1631 393 I’SALMUM
1671 332 1878 391 CXVIII
1918 327 2298 389 EXPOSITIO.

3251 331 3392 390 ΝΗ

1873 454 1956 507 l7.
1984 452 2092 510 Sed
2116 453 2250 505 forte
2277 449 2424 504 dicas
2451 467 2464 503 :
2487 448 2770 516 Quonmdo
2797 450 3059 520 scriptum
3090 458 3174 506 est
3204 467 3217 505 :
3245 453 3400 508 Tem-

1799 565 1894 618 pus
1922 546 2174 608 omnibus,
2213 555 2263 599 et
2307 554 2503 615 tempus
2527 542 2678 616 ξωηηὶ
2717 543 2793 600 rei
2831 547 2924 599 sub
2960 547 3083 601 caelo
3121 557 3192 602 est
3220 545 3397 618 (Eccl.

1803 657 1891 706 ιιι,
1925 639 2013 710 l)?
2045 638 2154 694 Sed
2187 638 2450 694 Dominus
2477 636 2638 694 Jesus
2673 652 2835 709 supra
2861 638 3058 695 coelum
3087 651 3200 704 est,
3246 640 3398 694 nullo

1800 731 2247 798 circumscriptus
2273 738 2357 786 est
2399 739 2665 800 tempore.
2687 728 2915 785 Claudat
2939 745 3001 787 os
3023 745 3180 786 suum
3208 731 3397 786 ariana

1802 825 2048 897 perﬁdia.
2083 823 2329 894 Tempus,
2362 824 2567 895 inquit,
2599 825 2739 879 onmi
2764 824 2842 880 rei
2871 825 2965 880 sub
2991 825 3115 880 caelo
3144 842 3163 879 :
3193 835 3397 895 quanto

1802 919 1974 990 magis
2003 917 2105 974 sub
2139 918 2250 973 Deo
2283 924 2519 988 tempus,
2546 934 2651 974 non
2673 934 2835 988 supra
2869 919 3074 975 Deum?
3104 919 3398 977 Generatio

1802 1029 1870 1069 ex
1903 1013 2063 1068 Patre
2090 1027 2198 1068 non
2231 1014 2390 1069 habet
2420 1021 2666 1082 tempus;
2715 1028 2894 1084 neque
2922 1013 3068 1068 enim
3109 1028 3244 1084 opus
3272 1020 3400 1070 ante

1803 1118 2081 1163 auctorem
2103 1150 2117 1172 ,
2167 1105 2263 1162 sed
2293 1115 2484 1163 auctor
2514 1121 2675 1176 supra
2703 1107 2887 1178 operis
2926 1107 3235 1163 exordium.
3270 1106 3403 1164 For—

1807 1210 1952 1255 tasse
1987 1199 2248 1268 obiiciant
2291 1200 2419 1268 quia
2448 1197 2586 1254 dixit
2634 1217 2648 1253 :
2693 1199 2915 1269 Tempus
2961 1217 3128 1254 meum
3167 1201 3400 1255 nondum

1805 1290 2006 1346 advenit
2041 1288 2222 1363 (Joan.
2255 1305 2328 1344 vn
2349 1330 2363 1354 ,
2395 1288 2473 1361 6).
2506 1289 2575 1344 Et
2600 1291 2796 1346 iterum
2831 1289 2968 1346 dixit
2998 1309 3012 1346 :
3045 1289 3203 1345 Pater
3224 1333 3239 1358 ,
3269 1293 3402 1347 venit

1806 1385 1934 1438 liora
1969 1383 2154 1456 (Joan.
2196 1400 2345 1452 xvu,
2397 1383 2474 1456 1).
2508 1383 2614 1440 Sed
2663 1385 2779 1440 hmo
2820 1384 2950 1440 hora
2995 1394 3080 1442 est
3109 1387 3400 1456 passionis.

1806 1474 1900 1532 Est
1926 1476 2088 1532 etiam
2117 1486 2330 1547 tempus
2358 1477 2639 1548 virginalis
2664 1477 3038 1548 conceptionis
3068 1497 3079 1532 :
3106 1477 3239 1534 Ecce
3261 1480 3404 1552 virgo

1807 1570 1860 1624 in
1887 1580 2030 1625 utero
2053 1570 2268 1642 accipiet
2299 1569 2472 1641 (Esai.
2502 1586 2574 1624 vu
2593 1613 2607 1637 ,
2643 1571 2733 1643 14)
2765 1589 2778 1624 ;
2810 1572 2932 1642 quia
2962 1573 3113 1645 virgo
3139 1573 3239 1629 sub
3267 1583 3407 1630 tem-

1809 1677 1963 1734 pore,
1994 1673 2049 1717 et
2077 1662 2199 1717 ideo
2230 1662 2543 1732 praescripta
2579 1673 2740 1718 aelate
2765 1663 3034 1736 concepit.

1883 1754 1969 1809 18.
2000 1753 2102 1822 Qui
2140 1763 2294 1824 rogat
2325 1755 2536 1825 itaque,
2584 1770 2800 1825 semper
2841 1766 2996 1827 roget
3038 1774 3052 1810 :
3102 1765 3158 1812 et
3201 1756 3246 1812 si
3293 1772 3404 1814 non

154 1862 318 1908 natura:
340 1852 582 1923 vigorem
616 1849 884 1906 constanti
917 1847 1207 1902 adversum
1239 1846 1423 1902 radios
1451 1846 1586 1902 solis
1606 1845 1702 1901 ob.
1730 1849 1780 1910 B
1807 1861 2024 1916 semper
2056 1856 2306 1917 precatur
2327 1887 2341 1910 ,
2388 1857 2635 1917 paratum
2666 1862 2881 1919 semper
2909 1847 3104 1905 habeat
3133 1851 3405 1920 precantis

154 1953 241 1999 tu:u
287 1944 561 2015 potuerint
615 1942 931 2007 vindicare,
995 1939 1172 2012 digna:
1212 1938 1453 1994 indolem
1503 1937 1708 1994 sobolis

151 2051 282 2091 onere
305 2044 450 2107 grato
471 2041 746 2105 reportet.

204 2129 273 2184 14.
310 2129 564 2184 Volatilia
597 2128 720 2184 coeli
760 2127 944 2183 omnia
988 2142 1093 2182 non
1134 2133 1354 2190 serunt,
1390 2138 1566 2195 neque
1597 2138 1710 2178 me-

150 2231 258 2289 lunt,
281 2233 327 2278 et
359 2223 510 2277 Deus
541 2221 714 2291 pascit
744 2220 834 2275 illa
870 2238 883 2275 :
917 2220 1040 2289 quia
1069 2217 1308 2288 justitias
1340 2216 1556 2272 Domini
1608 2231 1708 2271 cu-

146 2314 369 2381 stmliunt,
402 2314 550 2370 nihil
582 2313 686 2368 sibi
712 2313 990 2384 proprium
1019 2310 1345 2367 vindicando
1384 2327 1398 2364 :
1434 2311 1528 2366 sed
1566 2310 1711 2380 ligno

145 2405 400 2476 iriietilero,
429 2406 586 2479 quod
611 2404 822 2460 Domini
850 2403 1049 2475 iudicio
1071 2418 1414 2458 communem
1440 2402 1505 2457 ad
1529 2417 1709 2458 escam

143 2500 294 2556 datum
322 2513 429 2567 est,
480 2501 694 2560 famem
729 2499 973 2555 relevare
1008 2507 1282 2554 contenta.
1316 2497 1397 2551 Ex
1431 2495 1513 2551 his
1547 2496 1712 2568 igitur

142 2610 217 2650 nos
241 2597 634 2667 cognoscimus,
661 2609 824 2664 quam
855 2592 1052 2646 divina:
1076 2589 1322 2646 subsidia
1353 2587 1708 2659 providentia:

142 2687 412 2744 hominibus
458 2703 578 2744 non
626 2686 910 2751 deessent,
957 2685 1000 2738 si
1052 2683 1144 2737 Dei
1182 2682 1447 2749 justitiam
1494 2695 1714 2736 servare

144 2785 391 2839 vellemus.
421 2784 534 2854 Qui
565 2782 664 2838 alit
688 2795 818 2836 aves
838 2821 853 2845 ,
894 2795 1000 2834 non
1037 2777 1210 2833 aleret
1245 2776 1494 2832 homines
1515 2815 1530 2840 ,
1577 2789 1714 2843 quos

138 2879 188 2929 ad
217 2879 490 2950 imaginem
531 2885 586 2931 et
613 2871 1023 2930 similitudinem
1057 2869 1142 2925 sui
1171 2868 1335 2924 fecit?
1366 2867 1556 2922 Nonne
1596 2867 1716 2937 plu—

142 2969 199 3023 ris
233 2985 409 3026 sumus
435 2971 496 3025 ill
512 2969 602 3024 is?
642 2965 859 3022 Natura:
890 2963 1248 3034 praerogativa
1295 2960 1463 3032 pluris
1495 2973 1712 3023 sumus,

140 3065 213 3118 sed
255 3064 546 3120 inferiores
573 3060 603 3099 ι’
632 3057 939 3116 devotionis
981 3056 1186 3128 gratia,
1221 3063 1276 3110 ct
1318 3052 1714 3124 praevaricatio-

140 3158 206 3211 nis
233 3157 514 3229 iniustitia.

1807 1938 2080 1994 aﬂ‘ectum.
2135 1939 2497 1995 Pernoctabat
2544 1939 2596 1994 in
2646 1942 2896 1996 oratione
2945 1941 3205 1997 Dominus
3248 1943 3407 1998 Jesus

1810 2031 1965 2100 (Luc.
1996 2050 2085 2098 vr,
2119 2034 2207 2103 12)
2233 2076 2248 2101 ,
2275 2049 2383 2090 ιιοιι
2410 2034 2655 2105 indigens
2688 2035 3014 2105 precationis
3040 2036 3240 2092 auxilio
3260 2077 3276 2103 ,
3309 2035 3408 2092 sed

1809 2133 2054 2182 statuens
2083 2127 2175 2182 tibi
2205 2128 2527 2183 imitationis
2564 2129 2893 2200 exemplum.
2939 2128 3034 2186 llle
3083 2146 3179 2201 pro
3225 2140 3278 2187 te
3317 2145 3411 2186 ro-

1809 2233 1942 2290 gans
1992 2220 2376 2289 pernoctabat,
2409 2228 2470 2274 ut
2502 2228 2554 2274 ιιι
2595 2219 2868 2289 disceres,
2902 2222 3177 2291 quomodo
3222 2237 3321 2293 pro
3359 2231 3414 2279 te

1810 2328 2054 2382 rogares.
2097 2312 2285 2368 Redde
2322 2313 2486 2384 igitur
2526 2313 2577 2368 ei
2618 2314 2760 2384 quod
2800 2330 2898 2384 pro
2928 2323 2980 2371 te
3008 2314 3226 2371 detulit.
3269 2314 3413 2374 Audi

1811 2421 1976 2475 supra
2006 2405 2276 2461 dicentem
2320 2404 2648 2476 Pr0phetam
2690 2425 2702 2462 :
2742 2405 2918 2461 Media
2957 2416 3103 2462 nocte
3141 2408 3414 2478 surgebam

1812 2498 1881 2552 ad
1905 2498 2252 2568 conﬁtendum
2281 2498 2371 2553 tibi
2399 2499 2606 2567 (Serm.
2641 2502 2695 2566 8,
2725 2517 2772 2554 v.
2804 2501 2922 2573 63).
2957 2502 3024 2556 Et
3057 2514 3109 2557 tu
3139 2516 3299 2574 surge
3326 2504 3414 2559 vel

1815 2589 1989 2644 media
2023 2601 2200 2656 nocte,
2238 2589 2451 2663 121EI
2480 2591 2526 2646 si
2549 2608 2653 2646 non
2687 2601 2840 2662 potes
2869 2600 2978 2648 tota
3013 2608 3226 2664 semper
3254 2603 3418 2651 nocte

1815 2683 2075 2753 vigilare;
2125 2692 2181 2737 ut
2225 2683 2350 2738 dum
2383 2697 2507 2738 oras
2537 2692 2729 2748 nocte,
2775 2684 2886 2740 veri
2917 2682 3048 2742 solis
3080 2687 3286 2755 pectori
3322 2693 3417 2742 tuo

1814 2775 2070 2844 Splendor
2098 2775 2347 2840 irradiet;
2389 2775 2513 2846 quia
2543 2775 2721 2831 omnis
2761 2776 2940 2832 anima
2982 2792 3104 2848 qua:
3130 2775 3407 2833 Christum

1817 2867 2046 2936 cogitat,
2082 2867 2134 2921 in
2180 2866 2384 2921 lumine
2430 2876 2452 2905 ε
2497 2881 2716 2939 semper
2753 2875 2840 2923 est
2883 2883 2898 2923 :
2945 2867 3064 2923 dies
3105 2867 3281 2935 lucet,
3324 2868 3422 2925 tibi

1818 2977 2037 3030 semper
2065 2961 2314 3016 Christus
2343 2961 2564 3032 aspirat.
2600 2960 2706 3017 Sed
2749 2961 2870 3031 quia
2909 2976 3144 3033 sequens
3175 2963 3419 3019 versicu-

1819 3055 1903 3111 lus
1933 3055 2000 3110 de
2028 3063 2270 3124 tempore
2295 3053 2550 3125 precandi
2582 3053 2868 3110 evidenter
2896 3055 3204 3126 expressit,
3237 3057 3289 3110 in
3319 3057 3422 3113 isto

1822 3149 2091 3205 versiculo
2117 3157 2334 3204 actuum
2368 3148 2544 3217 magis
2606 3162 2943 3220 aperumque
2972 3149 3232 3217 arbitror,
3260 3164 3422 3220 quam

197 3255 273 3308 15.
306 3252 486 3326 (Vers.
553 3248 700 3320 M6.)
737 3247 994 3319 Sequitur
1025 3259 1215 3300 versus
1249 3241 1518 3299 secundus
1549 3257 1562 3294 :
1596 3239 1716 3294 (31η-
1744 3238 1790 3302 C
1822 3241 2081 3297 orationis
2113 3252 2324 3311 tempus
2356 3239 2786 3311 intelligendum.

141 3347 249 3400 inani
274 3347 339 3400 ad
366 3356 433 3413 te,
466 3346 623 3402 salva
645 3359 725 3397 me
756 3359 774 3396 :
805 3350 848 3396 et
877 3338 1166 3394 custodiam
1195 3334 1440 3390 mandata
1469 3344 1576 3389 tua.
1607 3331 1684 3387 Re
1702 3361 1715 3371 -

138 3441 254 3508 petit
279 3439 418 3510 quod
448 3438 528 3494 ad
557 3435 847 3492 Dominum
877 3430 1223 3496 clamaverit,
1258 3439 1311 3484 et
1347 3425 1626 3482 custodem
1659 3438 1719 3480 se

139 3531 373 3597 promittit
399 3527 720 3586 celestium
751 3533 1112 3587 statutorum,
1147 3535 1266 3592 qua:
1297 3519 1438 3575 caelo
1465 3527 1719 3587 terraque

137 3624 340 3679 testibus
373 3621 650 3678 Dominus
703 3619 847 3674 Deus
892 3615 1105 3678 sanxit;
1157 3621 1217 3667 ut
1270 3610 1721 3682 praevaricatores

138 3719 510 3775 elementorum
559 3713 888 3771 testimoniis
932 3719 1250 3781 arguantur.
1289 3704 1571 3774 Quomodo
1611 3719 1724 3760 coe-

138 3809 230 3866 lum
255 3814 531 3884 aspiciant
569 3805 1032 3879 prtcvaricationis
1072 3818 1185 3858 suae
1224 3799 1540 3856 conscium?
1577 3798 1725 3866 Quo-

141 3903 279 3958 modo
308 3905 530 3961 iructus
561 3901 632 3957 de
660 3911 802 3956 terra
833 3905 1172 3968 exspectent,
1202 3910 1322 3965 qua:
1354 3892 1506 3948 novit
1543 3891 1725 3960 ingra-

138 3997 248 4051 tos?
291 3997 424 4054 Vide
470 3996 650 4069 igitur
695 4008 856 4065 quam
903 4007 1010 4046 non
1063 4003 1226 4060 parva
1271 3987 1552 4058 promittat
1588 3985 1722 4040 Pro-

140 4091 298 4157 pheta.
350 4092 407 4147 ln
466 4087 764 4147 clamando
821 4084 997 4140 ﬁdelis
1054 4092 1109 4139 et
1161 4089 1444 4152 promptus
1502 4078 1726 4135 allectus

135 4184 440 4252 exprimitur
471 4201 485 4236 :
529 4183 583 4236 in
609 4176 972 4236 custodiendo
1004 4173 1310 4230 testimonia
1331 4215 1346 4240 ,
1377 4169 1728 4228 continentiae

136 4273 310 4339 virtus,
339 4273 600 4346 obsequii
622 4269 884 4327 sedulitas
905 4267 1237 4323 declaratur.

203 4367 280 4420 ιιι.
314 4367 499 4439 (Vers.
557 4361 715 4434 M7.)
746 4361 1006 4432 Sequitur
1037 4372 1226 4414 versus
1258 4357 1451 4412 tertius
1479 4373 1492 4409 :
1527 4355 1728 4409 Antiei-

137 4459 240 4526 pari
257 4459 311 4512 in
330 4457 646 4513 maturitate
664 4495 678 4520 ,
709 4462 755 4507 et
777 4450 1060 4507 exclamavi
1094 4465 1112 4504 :
1140 4450 1195 4502 in
1217 4448 1370 4502 verba
1389 4457 1477 4502 tua
1504 4446 1726 4518 speravi.

134 4551 340 4609 Grrecus
367 4557 424 4611 iv
450 4553 628 4628 ἁωρίᾳ
655 4547 822 4610 dixit,
867 4543 1010 4616 quod
1037 4553 1120 4600 est
1140 4584 1155 4611 ,
1185 4551 1313 4598 ante
1345 4543 1534 4598 horam
1560 4581 1574 4607 ,
1604 4547 1732 4595 ante

1895 3336 1982 3389 19.
2016 3334 2306 3389 Prtecurrit
2338 3333 2514 3388 aetatis
2547 3333 2912 3389 maturitatem
2937 3333 3179 3404 quisquis
3210 3334 3262 3389 in
3293 3334 3424 3392 ado-

1823 3427 2076 3483 lescentia
2109 3427 2318 3498 positus
2349 3427 2575 3482 senilem
2602 3428 2916 3498 gravitatem
2951 3428 3157 3497 induit,
3189 3439 3243 3486 et
3268 3430 3425 3501 juve-

1823 3518 1961 3573 niles
1987 3533 2159 3573 annos
2188 3529 2441 3574 veterana
2471 3519 2704 3588 quadam
2748 3520 3080 3576 continentia
3111 3522 3287 3595 regit,
3317 3524 3426 3582 fer-

1823 3627 2118 3683 vorcmque
2148 3613 2372 3668 virentis
2409 3614 2656 3684 corporis
2699 3615 2890 3670 incana
2949 3631 3160 3672 morum
3199 3620 3426 3675 maturi-

1825 3714 1934 3760 tate
1977 3704 2274 3776 componit.
2324 3703 2460 3760 Nam
2499 3705 2627 3776 quid
2671 3715 2850 3777 potest
2897 3706 3098 3763 habere
3138 3709 3348 3776 laudis,
3381 3711 3429 3767 si

1825 3797 2042 3853 ell'etum
2073 3811 2275 3866 corpus
2309 3797 2698 3868 voluptatibus,
2732 3808 2787 3856 et
2810 3800 2920 3870 jam
2975 3801 3272 3858 senectutis
3300 3804 3428 3874 gelu

1829 3891 2102 3960 frigidum,
2130 3890 2196 3945 ad
2224 3905 2345 3946 sera
2375 3890 2680 3946 devotionis
2707 3890 2908 3957 ofﬁcia,
2936 3892 3186 3962 deposito
3204 3895 3314 3963 jam
3336 3910 3428 3952 se-

1827 3983 1985 4054 gnior
2032 3984 2252 4054 vigore,
2285 3984 2606 4038 convertat?
2637 3982 2752 4039 Non
2797 3992 2884 4040 est
2920 3999 3156 4054 corona,
3191 3986 3292 4041 nisi
3333 3987 3428 4044 ubi

1830 4077 1992 4133 fuerit
2037 4075 2358 4133 diiﬁcilioris
2403 4076 2545 4131 lucta
2586 4076 2902 4132 certaminis
2947 4096 2960 4131 :
3001 4079 3068 4134 ad
3111 4094 3272 4151 quam
3316 4082 3425 4138 rari

1831 4173 2094 4243 attingere
2136 4179 2392 4241 possunt,
2440 4187 2546 4226 non
2591 4186 2783 4227 omnes
2811 4173 2900 4244 qui
2947 4174 3176 4244 ingressi
3225 4174 3426 4231 iuerint

1832 4265 2089 4330 stadium,
2120 4263 2421 4334 pervenire.
2455 4263 2546 4319 llle
2592 4263 2900 4332 laudabilis,
2934 4266 3019 4322 cui
3051 4275 3136 4322 est
3163 4266 3217 4322 in
3243 4267 3428 4338 seipso

1834 4368 1960 4415 ante
2002 4368 2276 4414 certamen
2301 4399 2315 4425 ,
2355 4358 2446 4428 qui
2491 4373 2710 4413 carnem
2742 4373 2894 4414 suam
2927 4359 3282 4416 reluctantem
3327 4363 3432 4420 sibi

1835 4452 2033 4508 mentis
2071 4459 2288 4507 coercet
2331 4451 2591 4522 imperio,
2627 4467 2786 4522 parca
2831 4451 3137 4523 frugalitate
3170 4457 3428 4526 castigat,

1836 4553 1891 4599 et
1931 4543 2174 4600 servituti
2207 4543 2431 4614 redigit;
2479 4557 2546 4598 ne
2576 4543 2838 4598 eﬂ‘renata
2884 4545 3133 4601 libertate
3162 4545 3430 4616 luxuriet,

135 4650 352 4716 tempus.
394 4645 507 4712 Qui
549 4655 685 4712 ergo
715 4638 1000 4694 Dominum
1047 4635 1403 4706 deprecatur,
1448 4648 1556 4688 non
1586 4631 1733 4688 velut
1758 4633 1810 4693 D
1835 4647 1998 4709 atque
2038 4637 2298 4694 indomita
2338 4637 2553 4691 fervens
2596 4635 2926 4706 cupiditate,
2974 4637 3213 4694 habenas
3260 4640 3428 4696 animi

135 4736 442 4806 przcscripta
481 4731 760 4805 praecipua
793 4736 1037 4799 tempora
1069 4725 1447 4797 prtestoletur,
1479 4725 1731 4780 nesciens

136 4827 181 4878 in
209 4825 691 4884 obsecrationibus
717 4821 931 4878 Domini
961 4830 1173 4888 tempus
1199 4834 1322 4875 esse
1351 4817 1568 4888 aliquod
1586 4858 1602 4881 ,
1633 4817 1733 4874 sed

134 4934 338 4992 seraper
366 4921 424 4975 in
458 4920 597 4990 ipsis
623 4921 714 4973 sit.
747 4917 874 4972 Sive
898 4914 1308 4980 manducamus,
1333 4913 1447 4967 sive
1475 4911 1731 4978 bibimus,

130 5013 400 5068 Christum
421 5011 838 5075 annuutiemus,
860 5007 1131 5063 Christum
1159 5020 1434 5076 rogemus,
1459 5003 1734 5061 Christum

133 5107 464 5177 cogitemus,
513 5103 796 5160 Christum
839 5101 1128 5171 loquamur
1169 5115 1184 5152 :
1234 5097 1289 5153 in
1336 5096 1504 5154 corde
1549 5105 1736 5153 nostro

130 5215 376 5274 seraper,
410 5214 640 5271 semper
665 5200 719 5254 in
749 5213 844 5254 ore
870 5197 942 5252 sit
962 5194 1232 5252 Christus.

201 5351 227 5379 -"
251 5343 342 5399 Sic
366 5357 574 5399 omnes
595 5357 724 5397 mss.
757 5356 820 5395 ac
842 5350 952 5395 vet.
983 5337 1114 5394 edit.
1137 5339 1188 5393 in
1212 5352 1461 5407 corpore.
1490 5337 1613 5392 Fra.
1639 5350 1705 5389 au
1726 5367 1733 5376 α

134 5424 310 5468 temet
341 5415 482 5471 Gill.
516 5413 572 5467 in
619 5428 804 5483 marg.
840 5412 1050 5465 insitum
1097 5420 1195 5474 est,
1227 5408 1368 5480 quod
1399 5409 1475 5483 _in
1511 5417 1735 5483 _textum

134 5487 412 5540 transtulit
435 5485 602 5539 Rom.
630 5478 761 5540 edit:
786 5482 892 5538 Sed
918 5490 1062 5536 recta
1092 5491 1175 5536 est
1196 5478 1374 5535 nostra
1399 5478 1589 5544 lectio;
1615 5493 1735 5534 cum

131 5554 214 5608 hic
243 5558 440 5627 utique
463 5556 791 5627 doceamur,
819 5554 1112 5627 quomodo
1137 5550 1496 5627 Dei_justitiae
1532 5549 1583 5627 in
1615 5548 1734 5604 ani-

129 5621 409 5695 mantibus
465 5627 722 5682 omnibus
775 5621 1164 5695 investiganda:
1216 5624 1367 5695 sint:
1422 5621 1736 5695 quod_tu_rn

126 5694 242 5768 fieri
271 5698 621 5765 declaratur,
646 5699 862 5768 quando
900 5688 1001 5751 ad-
1015 5711 1140 5768 eum
1161 5688 1455 5768 _refertur;
1475 5688 1736 5768 quidquid

119 5767 252 5835 justi
279 5770 335 5824 in
370 5770 491 5824 illis
521 5764 1003 5837 deprehendimus.
1037 5765 1236 5820 Confer
1264 5775 1466 5837 autem,
1491 5764 1537 5817 si
1560 5771 1736 5826 vaCaI,

123 5853 245 5911 qua:
267 5840 556 5897 continuo
598 5835 883 5895 traduntur
907 5880 921 5905 ,
965 5853 1088 5893 cum
1123 5837 1214 5892 lib.
1251 5852 1281 5889 v
1321 5835 1578 5892 Hexaem.
1611 5848 1730 5904 cap.

1839 4730 2079 4801 regentis
2108 4729 2413 4797 abrumpat.
2459 4727 2516 4781 In
2565 4727 2696 4783 hora
2725 4740 2807 4782 est
2837 4743 2968 4799 ergo
2996 4744 3162 4785 senex
3181 4770 3196 4795 ,
3227 4730 3275 4786 si
3312 4747 3433 4788 mtt-

1840 4825 1929 4880 nia
1970 4823 2169 4879 sobriae
2208 4821 2537 4877 maturitatis
2573 4831 2826 4878 exerceat
2870 4839 2884 4875 :
2922 4834 3047 4880 ante
3078 4825 3266 4882 horam
3298 4843 3437 4898 pm-

1841 4929 2066 4972 currens
2108 4912 2357 4984 iuvenis,
2399 4913 2444 4967 si
2490 4912 2649 4969 senili
2690 4913 2930 4984 pondere
2973 4915 3240 4974 incentiva
3280 4934 3433 4977 com-

1841 5008 2042 5079 primat
2064 5006 2422 5076 voluptatum,
2441 5019 2506 5061 ac
2535 5004 2792 5062 ferventis
2816 5006 3101 5066 illecebras
3126 5012 3438 5083 cupiditatis

1843 5100 2123 5170 extinguat
2160 5115 2174 5152 :
2207 5096 2382 5151 Bonus
2426 5107 2498 5151 est
2540 5098 2686 5153 enim
2737 5096 2992 5156 Dominus
3035 5104 3432 5177 sustinentibus,

1845 5190 2146 5249 Hieremias
2173 5189 2308 5246 dicit
2345 5189 2561 5262 (Thren.
2592 5205 2671 5259 tu,
2702 5189 2820 5260 25).
2847 5191 2936 5261 Et,
2967 5191 3170 5250 Bonum
3207 5205 3280 5252 est
3304 5200 3438 5270 viro,

1847 5332 1936 5393 18,
1967 5330 2035 5386 19
2065 5328 2232 5384 et22.

1920 5402 1944 5440 δ
1978 5401 2179 5479 Omnes
2221 5398 2466 5479 edit._ac
2501 5401 2610 5479 duo
2648 5415 2780 5479 mss.
2802 5442 2818 5466 ,
2849 5403 3192 5479 diminutione
3232 5411 3434 5479 gratior.

1845 5472 2018 5550 .U‘nus,
2046 5470 2408 5550 diminutionis
2437 5473 2624 5540 gratia.
2660 5470 3438 5550 Reliqui,_devotionisbratia;

1844 5543 1898 5600 id
1929 5541 2418 5623 esitobedientia,
2464 5559 2586 5613 qua:
2628 5559 2758 5601 sane
2802 5541 2856 5600 in
2905 5544 3079 5602 brutis
3118 5541 3294 5621 major
3322 5541 3437 5623 est,

1845 5631 2004 5687 quam
2041 5615 2095 5670 in
2125 5614 2365 5687 homine.

1923 5698 1945 5726 ο
1977 5687 2134 5741 Rom.
2165 5686 2335 5752 edit.,
2379 5702 2578 5756 semper
2621 5697 2696 5742 εει
2744 5703 2763 5743 :
2802 5687 2943 5743 Nam
2989 5689 3092 5745 diei
3138 5692 3304 5748 lucem
3348 5695 3443 5749 tibi

1844 5758 2332 5831 Christusgaspirat.
2353 5757 2468 5813 Duo
2491 5773 2649 5831 mss..
2678 5768 2968 5831 semperest
2994 5761 3118 5817 diei.
3150 5762 3341 5822 Lucem
3377 5767 3441 5822 ti-

1843 5830 1914 5896 bi,
1943 5841 2047 5889 etc.
2084 5829 2205 5887 Vct.
2250 5827 2380 5887 edit.
2413 5839 2467 5888 et
2495 5830 2690 5905 reliqui
2718 5827 2846 5889 mss.
2882 5841 2940 5888 ut
2968 5833 3025 5889 in
3050 5843 3220 5897 textu.
