3948 6382
527 332 665 395 1475

524 456 615 523 qui
663 470 818 529 grave
856 455 1081 526 portavit
1127 458 1318 529 jugum
1347 470 1379 509 a
1397 457 1671 523 juventute

526 548 806 619 gnlariter,
845 556 895 603 et
914 548 1119 613 silebit;
1144 549 1266 619 quia
1301 550 1417 603 tulit
1444 552 1625 619 iugum
1652 548 1791 604 verbi
1813 547 1977 619 (Ibid.
2008 547 2125 616 ετ).

526 638 629 706 Qui
662 640 806 695 enim
847 655 876 692 a
915 641 1198 707 iuventute
1223 641 1412 712 jugnm
1453 641 1787 711 portaverit,
1820 648 1877 696 et
1899 639 2130 695 habenis

524 732 724 786 maturi
759 732 1145 789 moderaminis
1172 734 1444 791 teneriora
1468 735 1661 791 volens
1688 734 1829 791 colla
1871 732 2131 790 subdide-

526 825 618 887 rit,
647 822 859 879 sedebit
886 825 1260 896 singulariter,
1289 834 1533 882 remotus
1554 842 1584 881 a
1604 827 1835 897 strepitu
1864 825 2128 901 interpel-

528 916 752 971 lantium
790 919 1133 987 passionum,
1168 931 1228 976 et
1253 922 1471 991 quietus
1510 921 1698 976 silebit
1728 937 1745 974 :
1777 921 1861 976 cui
1904 933 2129 975 necesse

521 1006 634 1076 jam
662 1023 768 1063 non
796 1009 867 1064 sit
888 1008 1099 1080 jurgari
1135 1026 1259 1067 cum
1290 1026 1552 1083 corpore,
1577 1004 1859 1068 decertare
1884 1026 2009 1067 cum
2038 1025 2130 1065 va-

524 1100 622 1155 riis
647 1101 1070 1172 cupiditatibus;
1098 1103 1222 1174 quia
1257 1105 1378 1159 tulit
1409 1105 1597 1177 jugum
1628 1105 1777 1160 verbi
1803 1107 1981 1159 anima
2009 1119 2129 1175 quae

523 1193 723 1261 quaerit
765 1194 958 1261 Deum,
990 1210 1113 1265 qua:
1138 1197 1383 1266 captivas
1404 1196 1506 1251 sibi
1532 1196 1657 1251 fecit
1683 1209 1875 1252 omnes
1903 1194 2130 1251 delicias

519 1285 843 1356 juventutis.
878 1288 1034 1345 Unde
1062 1289 1297 1347 fortasse
1325 1299 1381 1346 et
1412 1291 1541 1345 illud
1583 1291 1923 1347 Dominicum
1958 1308 1973 1346 :
2003 1279 2129 1345 Non

524 1379 803 1449 clamabit,
843 1397 1005 1452 neque
1032 1382 1334 1447 contendet,
1366 1398 1530 1452 neque
1564 1382 1743 1437 audiet
1779 1383 2049 1452 quisquam
2076 1382 2131 1435 in

524 1469 710 1539 plateis
739 1485 912 1527 vocem
938 1475 1057 1544 ejus
1077 1471 1309 1542 (Matth.
1328 1487 1437 1539 xu,
1471 1471 1569 1538 l9;
1602 1488 1665 1527 ea:
1695 1472 1843 1527 Esai.
1875 1487 2017 1536 χιιι,
2043 1469 2125 1543 2),

525 1579 633 1619 non
663 1564 842 1619 solum
871 1565 939 1619 ad
971 1564 1307 1621 defensionis
1334 1566 1635 1633 silentium,
1664 1566 2130 1635 absolutionisque

524 1664 919 1725 contemptum,
952 1667 1009 1715 et
1040 1659 1388 1714 tolerantiam
1420 1657 1711 1728 passionis,
1744 1657 1840 1714 sed
1868 1658 2030 1714 etiam
2060 1658 2128 1712 ad

520 1750 961 1819 compressiones
984 1752 1228 1807 omnium
1259 1751 1509 1824 accipere
1546 1767 1836 1823 possumus
1867 1766 2128 1822 corpora-

520 1843 654 1898 lium
693 1845 1055 1915 voluptatum.
1098 1846 1253 1903 Unde
1285 1858 1343 1903 et
1382 1846 1508 1902 alibi
1542 1846 1803 1916 scriptum
1833 1855 1916 1901 est
1947 1862 1961 1898 :
1994 1844 2131 1912 Quia

1854 334 1939 392 SA
1949 328 2109 392 NCTI
2145 328 2469 394 AMBROSII

1723 472 1735 506 :
1785 454 1979 509 sedebit
2015 456 2128 509 sin-
2155 456 2204 516 Α
2232 463 2349 512 erat
2374 454 2514 526 ejus,
2533 468 2696 525 quem
2730 452 2948 523 semper
2976 451 3266 523 epulantur
3291 450 3455 508 corda
3489 459 3823 507 sanctorum.

3702 334 3821 395 “76

2304 549 2421 619 (22.
2461 548 2612 605 Vers.
2637 546 2792 619 148.)
2821 547 3076 618 Sequitur
3102 560 3293 603 versus
3317 556 3546 617 quartus
3580 564 3594 599 :
3624 546 3826 602 Prtere-

2233 651 2419 698 nertutt
2472 642 2614 696 oculi
2658 642 2759 696 mei
2808 655 2960 695 mane
3007 640 3249 696 meditari
3292 640 3444 694 verba
3494 650 3607 694 tua.
3663 639 3826 709 Supra

2231 738 2386 806 (vers.
2419 734 2549 807 147)
2580 734 2657 789 ait
2696 751 2710 788 :
2746 732 2981 789 Prteveru
3010 736 3061 789 ἐν
3089 736 3276 810 ampla,
3307 731 3409 788 hoc
3432 739 3552 797 est,
3580 741 3713 787 ante
3739 731 3830 787 bo-

2230 844 2357 897 ras,
2387 839 2517 885 ante
2547 837 2798 899 tempus;
2842 827 2929 882 hic
2956 828 3064 891 ait,
3103 842 3254 881 mane
3282 841 3302 879 :
3341 825 3489 880 aliud
3520 823 3831 896 signiﬁcans

2235 930 2446 991 tempus
2466 920 2661 976 orandi
2704 927 2869 991 atque
2922 917 3191 989 psallendi
3228 917 3494 984 Domino;
3518 925 3582 973 ut
3607 917 3682 973 sit
3705 916 3831 978 illud

2234 1015 2413 1084 prius,
2461 1012 2758 1069 secundum
2794 1012 2941 1084 quod
2981 1011 3104 1067 ait:
3146 1009 3325 1065 Hedia
3373 1020 3520 1065 nocte
3563 1009 3833 1082 surgebam

2231 1106 2521 1179 (Seruus,
2560 1122 2612 1161 υ.
2644 1106 2772 1175 65);
2803 1104 2907 1160 hoc
2940 1113 3122 1160 autem
3160 1102 3313 1173 juxta
3358 1102 3491 1158 illud
3540 1120 3554 1157 :
3603 1100 3833 1157 Prteveni

2230 1201 2477 1255 orientem
2497 1199 2695 1266 solem,-
2716 1212 2883 1270 grave
2905 1204 2993 1253 est
3016 1197 3187 1262 enim,
3210 1198 3256 1251 si
3287 1205 3338 1251 te
3363 1195 3600 1251 otiosum
3622 1193 3679 1250 in
3702 1204 3837 1250 stra-

2232 1294 2304 1348 tis
2334 1291 2519 1348 radius
2547 1292 2680 1347 solis
2720 1291 2948 1347 orientis
2994 1287 3366 1345 inverecunde
3393 1287 3603 1359 pudore
3630 1302 3834 1343 conve-

2230 1386 2376 1450 niat,
2417 1392 2477 1440 et
2513 1384 2604 1439 lux
2653 1383 2801 1439 clara
2842 1382 2998 1439 feriat
3033 1382 3225 1438 oculos
3264 1380 3613 1438 somnulenta
3662 1378 3837 1435 adhuc

2231 1484 2451 1546 torpore
2491 1476 2801 1545 depressos.
2851 1476 3042 1545 Arguit
3084 1489 3184 1529 nos
3224 1474 3357 1529 tanti
3405 1473 3673 1541 temporis
3712 1487 3839 1542 spa-

2232 1571 2365 1625 tium
2394 1570 2511 1624 sine
2533 1569 2696 1624 ullius
2725 1568 3032 1625 devotionis
3057 1582 3284 1623 munere
3302 1608 3317 1634 ,
3344 1583 3408 1622 ac
3437 1566 3694 1624 sacrificii
3723 1568 3833 1637 spi-

2230 1662 2406 1717 ritalis
2459 1661 2765 1724 oblatione,
2824 1660 3011 1717 leriata
3068 1673 3232 1716 nocte
3286 1661 3691 1716 transmissum.
3747 1660 3836 1717 An

2233 1753 2441 1817 nescis,
2473 1765 2507 1808 o
2535 1752 2699 1808 homo
2721 1792 2736 1816 ,
2770 1751 2913 1823 quod
2942 1750 3207 1821 primitias
3232 1752 3311 1806 tui
3350 1750 3535 1807 cordis
3572 1766 3636 1807 ac
3684 1752 3835 1807 vocis

2228 1847 2473 1918 quotidie
2504 1847 2614 1902 Deo
2645 1845 2885 1901 debeas?
2926 1845 3255 1913 Quotidiaua
3294 1845 3389 1900 tibi
3418 1846 3655 1913 messis,
3702 1859 3842 1915 quo—

524 1950 793 2009 peoeatum
827 1957 932 1995 non
974 1941 1094 2013 fecit
1122 1941 1168 2013 (l
1195 1941 1313 1997 Pet.
1344 1954 1416 2008 ιι,
1447 1941 1565 2013 22).
1598 1940 1769 1996 Recte
1796 1940 1959 2011 igitur
1985 1950 2130 1996 taee-
2158 1962 2206 2023 B
2232 1940 2473 2011 tidianns
2496 1948 2580 1994 est
2608 1938 2835 1995 fluctus.
2868 1938 3110 1994 Occurre
3135 1952 3267 2009 ergo
3307 1936 3374 1993 ad
3404 1937 3541 1994 solis
3568 1947 3749 2006 ortus,
3785 1947 3843 1992 ut

522 2033 618 2087 bat
657 2032 710 2087 in
746 2033 943 2089 mortis
969 2034 1215 2103 periculo
1250 2035 1613 2100 constitutus,
1644 2032 1738 2103 qui
1779 2030 1973 2087 mortis
2000 2045 2130 2088 acu—

525 2124 670 2179 lmtm
700 2140 807 2180 non
836 2124 1085 2182 timebat.

598 2261 690 2317 20.
719 2258 787 2318 In
818 2262 988 2330 verba,
1021 2262 1216 2334 inquit,
1247 2272 1335 2318 tua
1362 2264 1582 2335 speravi.
1615 2260 1838 2318 Graecus
1868 2261 2131 2321 ἑπὴλπισα

523 2353 696 2425 dixit,
734 2355 877 2428 quod
906 2365 985 2413 est
1026 2357 1097 2413 'ad
1123 2355 1451 2429 sperandum
1485 2371 1706 2426 semper
1748 2369 2034 2423 crescere,
2075 2362 2131 2410 et

494 2464 679 2521 spem
718 2449 836 2521 spei
878 2448 1198 2521 adjungere.
1230 2450 1417 2507 Justus
1456 2465 1675 2523 semper
1713 2457 1929 2521 sperat,
1975 2456 2030 2504 et
2073 2448 2129 2504 in

522 2541 766 2598 adversis
801 2541 1046 2613 positus,
1092 2550 1149 2597 et
1190 2539 1565 2612 frequentibus
1598 2538 1837 2596 afﬂictus
1875 2537 2132 2595 aerumnis

523 2634 818 2707 desperare
849 2649 955 2691 non
989 2634 1140 2692 novit
1178 2652 1191 2687 :
1236 2634 1331 2690 sed
1358 2651 1465 2706 quo
1496 2634 1742 2707 graviora
1773 2632 2128 2700 toleraverit,

523 2728 696 2799 magis
724 2736 942 2799 sperat,
983 2735 1038 2783 et
1062 2726 1319 2799 sperandi
1348 2731 1516 2783 sumit
1555 2725 1891 2798 profectum,
1935 2740 2130 2782 secun-

521 2820 650 2875 dum
679 2821 811 2877 illud
841 2822 1121 2877 oraculum
1152 2840 1164 2876 :
1192 2819 1565 2888 Consolamini,
1594 2820 1935 2877 consulamini
1959 2836 2127 2892 papu-

523 2913 631 2965 lum
659 2910 979 2981 meum,dicit
1007 2912 1273 2969 Dominus
1302 2931 1320 2968 .'
1352 2913 1658 2971 Sacerdotes
1680 2913 1950 2985 loquimini
1969 2912 2131 2983 justi—

523 3005 647 3057 tiam
672 3005 726 3058 in
753 3022 841 3059 cor
872 3003 1223 3075 Hierusalem,
1253 3006 1595 3060 consolamini
1614 3023 1763 3073 eam;
1790 3007 1911 3075 quia
1936 3005 2131 3076 repleta

517 3108 590 3151 es:
616 3096 858 3167 deiectio,
889 3109 935 3152 ct
963 3100 1192 3154 solutum
1216 3110 1288 3154 est
1320 3109 1584 3171 peccatum
1616 3102 1763 3171 ejus;
1787 3099 1909 3167 quia
1938 3097 2128 3169 recepit

523 3191 586 3244 de
626 3207 785 3245 manu
828 3189 1044 3246 Domini
1074 3191 1307 3263 duplicia
1337 3201 1552 3263 peccata
1591 3208 1688 3246 sua
1727 3188 1910 3260 (Esai.
1953 3205 2058 3258 ιι,
2096 3190 2119 3244 1

521 3296 567 3340 et
598 3285 679 3358 2).
714 3286 886 3355 Quam
923 3287 1036 3342 cito
1068 3286 1202 3342 dixit
1243 3284 1635 3357 plenitudinem
1667 3284 1987 3356 dejectionis
2030 3299 2120 3339 so-

519 3378 782 3436 lutionem
820 3395 942 3435 esse
981 3379 1221 3451 peccati,
1254 3388 1309 3435 et
1340 3378 1591 3450 repetivit
1616 3393 1835 3433 causam
1867 3377 2121 3433 consola-

519 3471 683 3526 tionis
709 3487 776 3527 eo
800 3472 982 3543 majus
1012 3487 1136 3528 esse
1164 3470 1630 3527 reconciliationis
1656 3469 1866 3544 1215
1890 3470 2115 3540 insigne,

521 3579 629 3634 quo
660 3564 1003 3619 numerosior
1028 3564 1187 3620 fuerit
1218 3578 1399 3634 poena,
1432 3578 1592 3635 quam
1623 3564 1804 3634 culpa.

592 3703 686 3758 21.
719 3701 824 3757 Job
873 3712 951 3757 tot
986 3710 1242 3772 gravatus
1282 3700 1752 3756 incommodorum
1806 3701 2120 3757 acerbitati-

508 3801 652 3866 bus,
694 3799 783 3869 pio
822 3812 974 3868 spem
1007 3797 1317 3853 cumulabat
1349 3796 1578 3864 ail'ectu,
1621 3796 1910 3853 discretam
1950 3812 1979 3851 a
2018 3796 2119 3866 piis

510 3906 733 3948 causam
780 3905 1033 3947 asserens
1075 3891 1388 3961 impiorum,
1436 3904 1665 3960 quorum
1699 3888 1879 3943 lumen
1906 3888 2116 3945 exstin-

512 3996 709 4057 guctur
731 3983 876 4058 (Job.
909 3998 1070 4051 mu,
1105 3983 1185 4056 5).
1212 3981 1329 4038 Lux
1357 3994 1537 4037 autem
1558 4023 1573 4049 ,
1619 3981 1918 4037 secundum
1963 3980 2120 4037 Salo-

516 4093 735 4134 mouem
765 4094 964 4146 semper
1001 4086 1088 4132 est
1096 4077 1259 4150 justis
1287 4074 1473 4148 (Prov.
1508 4090 1600 4130 xm
1619 4116 1635 4142 ,
1667 4074 1748 4146 9).
1773 4073 1933 4130 Unde
1957 4074 2115 4129 colli-

512 4171 660 4240 gitur
704 4170 828 4239 quia
870 4169 1050 4239 justus
1098 4183 1315 4237 semper
1358 4169 1410 4222 in
1454 4168 1619 4223 verba
1663 4166 1758 4223 Dei
1802 4177 2015 4238 sperat,
2059 4179 2116 4223 et

514 4276 666 4331 spem
693 4261 883 4328 adjicit
916 4260 1053 4328 spei.
1087 4259 1242 4326 Quod
1272 4258 1581 4313 evidentius
1609 4261 1876 4327 expressit
1903 4258 2112 4326 Esaias,

512 4352 700 4407 dicens
732 4373 744 4405 :
779 4349 1187 4404 Tribulalionem
1211 4365 1367 4419 super
1390 4348 1771 4403 tribulationem
1799 4359 1825 4387 ει
1855 4360 2112 4421 exspecta,

511 4462 655 4518 spem
680 4460 835 4517 super
861 4459 1003 4516 spent
1023 4442 1197 4517 (Esai.
1228 4457 1419 4507 xxvut,
1453 4441 1564 4511 10).
1599 4442 1682 4496 Ad
1710 4444 2037 4512 perlaetatos
2059 4456 2115 4499 et

510 4537 773 4592 abductos
817 4535 888 4590 ab
932 4534 1193 4590 uberibus
1234 4533 1579 4604 loquebatur,
1627 4533 1732 4588 hoc
1759 4545 1878 4603 est,
1911 4535 1979 4590 ad
2017 4551 2113 4591 eos

508 4630 602 4700 qui
652 4631 824 4700 prima
865 4627 1105 4684 infantia:
1144 4626 1402 4683 alimenta
1440 4628 1799 4695 transissent,
1839 4627 1964 4683 cibo
1997 4629 2110 4698 jam

2235 2042 2287 2088 te
2327 2032 2514 2087 oriens
2541 2031 2780 2086 inveniat
2799 2032 2912 2101 jam
2946 2037 3231 2101 paratum;
3263 2046 3330 2086 ne
3360 2031 3568 2086 lumina
3594 2040 3688 2085 tua
3718 2045 3841 2085 ma-

2229 2124 2359 2180 dido
2383 2124 2559 2181 adhuc
2584 2137 2783 2196 sopore
2808 2125 3106 2195 mergentia
3130 2125 3338 2196 primus
3355 2123 3466 2180 diei
3486 2122 3670 2196 fulgur
3694 2138 3834 2181 exa-

2228 2220 2384 2291 gitet.

2301 2312 2394 2367 25.
2425 2312 2454 2352 δ
2482 2313 2550 2368 lu
2579 2312 2739 2368 cubili
2775 2328 2888 2368 meo
2908 2353 2923 2379 ,
2953 2314 3010 2368 in
3039 2313 3275 2368 noctibus
3315 2312 3526 2384 quaaioi
3560 2327 3716 2384 quem
3758 2313 3844 2369 di-

2231 2406 2355 2461 leaa't
2398 2407 2574 2460 animo
2615 2422 2730 2461 mea
2765 2405 2944 2479 (Cant.
2984 2420 3079 2475 ιιι,
3124 2404 3202 2477 1),
3244 2404 3381 2461 dicit
3409 2405 3677 2463 Ecclesia.
3712 2406 3843 2462 Ideo

2229 2497 2435 2553 meruit
2464 2513 2588 2553 eum
2621 2498 2890 2563 invenire,
2924 2497 3047 2553 ideo
3072 2496 3189 2566 ejus
3232 2496 3465 2568 gratiam
3496 2498 3842 2567 promereri;

2236 2590 2361 2660 quia
2392 2590 2557 2646 etiam
2598 2591 2654 2645 in
2681 2590 2851 2647 cubili
2887 2588 3166 2661 quaesivit,
3196 2589 3449 2660 quesivit
3474 2591 3530 2645 in
3565 2589 3843 2645 noctibus.

2232 2683 2529 2754 Propterea
2560 2683 2775 2754 copiam
2816 2685 2935 2753 ejus
2983 2681 3176 2755 adepta
3216 2683 3270 2737 in
3316 2682 3719 2751 posterioribus
3763 2683 3848 2738 lo-

2229 2775 2415 2847 quitur
2442 2775 2508 2831 ad
2538 2776 2813 2846 Sponsum
2861 2791 2875 2829 :
2912 2774 3079 2844 Veni,
3108 2779 3270 2847 frater
3298 2790 3471 2842 meus,
3506 2792 3762 2832 executus
3789 2777 3844 2830 in

2230 2885 2434 2938 agrum,
2476 2869 2859 2941 requiescamus
2898 2869 2952 2923 in
2992 2868 3218 2923 castellis
3239 2909 3254 2935 ,
3286 2868 3522 2923 diluculo
3562 2884 3847 2943 surgamus

2229 2962 2285 3016 in
2325 2962 2498 3017 vineas
2539 2960 2725 3033 (Cant.
2769 2975 2876 3026 vn,
2926 2961 3039 3031 li).
3082 2960 3336 3017 Advertis
3375 2960 3845 3031 quemadmodum

2228 3056 2440 3126 Sponsa
2467 3054 2705 3112 Verbum
2736 3055 2926 3111 invitet
2956 3055 3081 3122 Dei;
3122 3065 3183 3109 ut
3219 3056 3400 3110 veniat
3436 3054 3492 3110 in
3522 3065 3738 3123 terras,
3788 3065 3849 3111 et

2231 3149 2381 3203 tollat
2413 3156 2632 3219 peccata
2663 3147 2890 3203 mundi?
2934 3149 3076 3218 Ager
3105 3147 3195 3203 hic
3223 3155 3342 3203 erat
3380 3155 3513 3204 ante
3548 3149 3846 3217 desertus,

2228 3240 2475 3295 sentibus
2502 3250 2810 3296 nostrorum
2848 3239 3131 3309 squalidus
3172 3240 3533 3308 delictorum,
3576 3240 3849 3297 horridus

2226 3436 2390 3496 petuo
2441 3440 2555 3480 suae
2600 3425 2938 3492 pomeritatis
2972 3425 3219 3480 haeredes
3264 3424 3572 3495 stringebat
3614 3425 3842 3481 exsilia.

2224 3520 2323 3576 illo
2353 3535 2483 3591 ergo
2515 3519 2664 3575 ducit
2697 3519 2939 3575 Ecclesia
2965 3518 3281 3584 Christum,
3308 3526 3370 3573 ut
3406 3519 3583 3575 Adam
3615 3520 3845 3577 liberet.

2223 3613 2433 3669 Deinde
2459 3612 2741 3668 exsulibus
2770 3611 3056 3680 absolutis,
3083 3612 3250 3684 cmpit
3285 3611 3473 3667 mundi
3506 3611 3671 3667 istius
3701 3628 3849 3684 ager

2218 3705 2451 3762 idoneos
2489 3706 2693 3763 habere
2718 3706 2959 3761 cultores
3001 3721 3017 3760 :
3063 3714 3120 3761 et
3152 3705 3248 3775 qui
3274 3716 3393 3760 erat
3420 3714 3550 3760 ante
3574 3704 3848 3775 jejunus,

2220 3799 2395 3855 lactus
2414 3809 2499 3855 est
2526 3798 2655 3854 vitis
2671 3808 2891 3855 internae
2912 3800 3250 3870 plantationo
3295 3799 3582 3856 fecundus.
3616 3798 3735 3855 Nec
3757 3809 3851 3853 ta—

2220 3908 2346 3949 men
2380 3892 2458 3950 Sic
2497 3891 2834 3961 spiritalibus
2880 3892 3004 3947 laeta
3044 3891 3358 3962 palmitibus
3382 3899 3654 3962 evagatur
3681 3909 3700 3947 :
3736 3891 3853 3948 sed

2219 3987 2286 4043 ad
2332 3986 2430 4042 has
2455 3986 2645 4042 vineas
2670 3995 2829 4041 vocat
2863 3984 3137 4041 Christum
3159 4024 3176 4053 ,
3218 3985 3308 4041 ubi
3348 3984 3651 4056 psallentes
3678 3984 3810 4041 sint
3832 4026 3850 4050 ,

2219 4086 2275 4134 et
2299 4087 2519 4133 orantes
2543 4119 2557 4145 ,
2591 4077 2680 4134 ubi
2712 4077 2966 4134 noctibus
2997 4092 3063 4134 ac
3106 4077 3299 4134 diebus
3327 4076 3542 4132 fructus
3572 4077 3855 4157 innoxius

2219 4180 2555 4244 perseveret.
2630 4224 2635 4229 .
3520 4168 3537 4177 ’

2295 4265 2508 4337 1216
2526 4264 2618 4319 24.
2637 4265 2662 4319 l
2673 4266 2743 4332 bi,
2761 4266 2957 4336 inquit,
2976 4266 3107 4321 dabo
3126 4266 3283 4320 ubera
3300 4282 3414 4321 mea
3434 4266 3550 4333 tibi,
3570 4265 3856 4322 dederunt

2217 4360 2576 4429 mandragorte
2599 4358 2811 4414 odorem
2846 4358 3011 4432 (Ibid.
3039 4360 3149 4433 l3).
3180 4372 3202 4399 ο
3227 4360 3477 4433 Plerique
3498 4362 3850 4418 discernunt

2148 3341 2193 3403 c
2226 3334 2420 3403 spinis.
2452 3331 2744 3388 Castellum
2774 3340 2926 3398 erat,
2961 3333 3016 3387 in
3055 3346 3164 3403 quo
3190 3332 3467 3403 relegatus
3492 3333 3675 3390 Adam
3714 3349 3851 3403 ραι·-
3946 3344 3948 3347 ·

2216 4450 2504 4520 quemdam
2548 4452 2690 4507 inter
2730 4452 3117 4523 mandragoras
3148 4466 3372 4520 sexum;
3419 4463 3479 4508 ut
3532 4465 3590 4510 et
3638 4470 3853 4512 mares
3946 4520 3948 4525 ι

2216 4551 2407 4614 putent
2448 4558 2572 4599 esse
2594 4553 2670 4600 et
2714 4544 2947 4601 feminas
2968 4584 2983 4609 ,
3012 4544 3114 4600 sed
3145 4542 3373 4603 feminas
3390 4548 3582 4616 gravis
3606 4546 3849 4604 odoris.
3946 4560 3948 4563 '

2216 4635 2495 4706 Signiﬁcat
2523 4650 2654 4706 ergo
2681 4644 2872 4706 gentes
2896 4650 3020 4707 qua:
3044 4644 3174 4691 ante
3197 4636 3459 4702 (ciebant,
3483 4652 3607 4693 cum
3628 4651 3861 4695 essent

510 4725 720 4781 habiles
748 4723 985 4779 fortiori.
1023 4722 1287 4793 Exemplo
1313 4722 1420 4787 sit,
1453 4722 1599 4792 quod
1625 4722 1927 4778 ablactatus
1953 4719 2112 4778 ‘lsaac
2140 4732 2192 4795 Ι)
2216 4727 2544 4784 inﬁrmiores
2588 4728 2798 4783 evirata
2839 4728 3073 4799 quadam
3122 4714 3498 4785 imbecillitate
3538 4728 3814 4801 perﬁdi:
3836 4772 3856 4796 ,

508 4818 813 4891 patriarcha
846 4826 1026 4873 tantus
1053 4817 1321 4883 evaserit;
1347 4824 1407 4871 ut
1429 4814 1609 4872 adhuc
1626 4815 1774 4872 inter
1803 4814 2110 4871 rudimenta

507 4912 784 4983 primaevae
815 4909 1026 4980 positus
1051 4910 1259 4974 atatis,
1291 4922 1631 4979 nequaquam
1664 4918 1842 4964 tamen
1869 4907 2108 4980 gladium

505 5004 716 5059 ferituri
760 5002 1006 5073 parentis
1053 5001 1331 5057 horruerit
1377 5000 1532 5073 (Gen.
1586 5016 1718 5070 nu,
1764 5001 1878 5074 ιθ).
1917 5002 2109 5057 Plures

484 5100 647 5155 utilius
674 5097 866 5154 habuit
893 5096 1191 5162 Abraham,
1217 5095 1423 5151 nullum
1453 5095 1746 5150 ablactavit
1782 5094 1981 5162 alium,
2009 5094 2108 5152 sed

498 5198 557 5251 in
580 5195 691 5250 hoc
712 5192 820 5249 fcio
834 5192 1045 5248 secisse
1070 5190 1266 5262 legitur
1283 5191 1502 5261 epulum
1518 5204 1782 5261 magnum
1806 5189 1966 5263 (Gen.
1994 5206 2108 5257 xxi,

504 5287 663 5361 8).Et
675 5288 812 5344 bene
832 5300 1082 5357 magnum
1099 5284 1319 5355 epulum
1337 5283 1615 5355 Scriptura
1632 5283 1790 5351 dixit,
1804 5286 1927 5356 quia
1943 5292 2101 5356 typus

578 5441 603 5469 α
634 5428 806 5487 Nullae
845 5428 978 5485 edit.
1021 5433 1321 5500 agnoscunt
1360 5440 1582 5493 vocem,
1627 5436 1893 5500 exspecta,
1939 5443 2103 5500 quam

506 5511 689 5558 tamen
718 5516 850 5558 mss.
880 5497 1073 5554 omnes
1097 5497 1389 5564 exhibent,
1423 5499 1661 5569 exceptis
1693 5497 1880 5569 paucis
1907 5497 1998 5554 ubi
2028 5500 2105 5556 le-

504 5574 683 5643 gitur,
729 5583 1006 5641 cxspectat.
1053 5569 1378 5643 Perperam;
1412 5568 1557 5643 LXX
1603 5568 1748 5625 enim
1789 5580 2105 5643 constanter

507 5640 731 5719 legunt,
761 5640 954 5719 ﬁliaiam
996 5640 1285 5719 ἐπὶ-θλίψιν
1307 5641 1611 5719 προεδέχου
1631 5682 1645 5707 ,
1679 5653 1787 5697 etc.
1815 5640 2015 5719 Verum
2049 5643 2102 5696 in

504 5712 657 5784 tcitu
685 5712 939 5780 hebraco,
968 5721 1023 5769 et
1044 5712 1167 5767 aliis
1193 5712 1537 5784 versio‘nibus
1563 5728 1671 5784 non
1703 5726 1868 5784 parva
1890 5723 1973 5768 est
1999 5713 2107 5768 hoc

505 5782 628 5854 loco
653 5784 970 5848 diversitas,
1001 5797 1162 5854 quam
1190 5782 1246 5854 in
1277 5781 1465 5839 Bibliis
1492 5781 1911 5854 polyglﬁvidere
1932 5792 2042 5854 est.

510 5920 513 5923 λ
580 5853 607 5891 ι’
636 5855 783 5909 Edit.
805 5853 1027 5921 omnes,
1048 5854 1105 5906 in
1131 5853 1368 5908 cubiculo
1386 5868 1518 5908 meo.
1549 5853 1705 5922 Mss.,
1725 5853 1777 5909 in
1800 5853 1956 5908 cubili
1968 5870 2104 5925 meo,

2213 4822 2340 4877 boni
2374 4820 2559 4877 odoris
2587 4822 2823 4876 fructum
2853 4820 2998 4877 ferre
3020 4821 3285 4893 erupisse,
3316 4831 3602 4893 postquam
3632 4823 3695 4878 in
3738 4825 3864 4881 ad-

2208 4924 2430 4971 ventum
2473 4914 2688 4971 Dumini
2728 4906 3111 4973 Crediderunt.
3156 4916 3415 4988 Legimus
3454 4920 3619 4973 etiam
3666 4920 3865 4989 quod
3946 4906 3948 4921 ¹

2213 5008 2604 5079 mandragorae
2642 5008 2921 5077 acceperit
2960 5016 3144 5063 sancta
3176 5007 3383 5064 Rachel
3416 5022 3453 5063 a
3495 5022 3701 5066 sorore
3734 5027 3869 5069 sua

2211 5101 2305 5156 Lia
2329 5110 2426 5166 ;‘ut
2452 5099 2784 5156 concederet
2809 5100 2863 5156 ei
2892 5102 2981 5156 illa
3010 5110 3171 5157 nocte
3204 5100 3449 5158 dormire
3474 5118 3602 5158 cum
3624 5112 3869 5161 sancto

2211 5193 2382 5249 Jacob
2412 5192 2567 5264 (Gen.
2618 5209 2745 5259 xxx,
2795 5195 2863 5249 14
2903 5203 2951 5263 et
2996 5195 3153 5266 seq).
3194 5193 3585 5266 Mandrogoras
3620 5195 3869 5255 Ruben

2213 5286 2604 5357 primogenitus
2632 5284 2893 5341 attulerat
2931 5286 3090 5340 matri
3123 5300 3235 5341 sua:
3259 5285 3402 5353 Liat,
3433 5302 3559 5358 quae
3585 5287 3872 5360 lippien-

2209 5427 2562 5513 qtiodmelius
2571 5428 2865 5513 respondet
2880 5432 3351 5513 grmcojnlaoirm
3362 5427 3838 5513 μεουάιῃιιᾲῐιΧΧ
3850 5474 3866 5488 .

2288 5498 2589 5568 cSequitur
2618 5498 2719 5557 hoc
2751 5498 3136 5567 loco'Sanctus
3176 5498 3373 5557 noster
3388 5498 3670 5567 imprimis
3704 5518 3870 5558 sen-

2212 5572 2440 5626 tentiam
2471 5572 2920 5644 Diorscoridisglib.
2950 5587 3032 5637 tv,
3057 5571 3252 5644 cap.7,
3285 5574 3359 5629 ita
3387 5582 3571 5644 tamen
3593 5580 3655 5644 ut
3689 5572 3873 5631 alio-

2213 5658 2333 5697 rum
2367 5656 2473 5715 non
2503 5643 2733 5715 rejiciat.
2776 5642 2884 5699 llas
2917 5644 3104 5700 videre
3128 5642 3261 5699 licet
3299 5644 3447 5715 κιρῃύ
3492 5642 3871 5704 Matbiotmu

2212 5714 2267 5768 in
2298 5712 2678 5769 eumdem'lib.
2705 5725 2759 5770 et
2788 5729 2911 5784 cap.
2944 5715 3118 5780 Disc.;
3150 5715 3242 5770 sed
3272 5712 3546 5770 etCritici
3573 5715 3751 5773 sacri
3784 5716 3877 5776 de

2215 5785 2589 5856 mandragoris
2619 5785 2865 5856 nonnihil
2890 5785 3053 5841 etiam
3077 5785 3364 5842 traduntin
3395 5800 3519 5856 cap.
3546 5800 3664 5841 xxx
3684 5784 3875 5847 Gen.

2216 5800 2437 5839 manara
2477 5800 2589 5842 OI‘IS
2619 5800 2864 5841 nonmnu
2890 5800 2927 5841 et

2216 5869 2365 5912 vers.
2397 5800 2483 5922 if;
2513 5871 2649 5927 quos
2679 5855 2927 5914 consule.
