3948 6332
192 310 327 369 ΗΤῚ

1283 313 1349 368 IN
1389 306 1718 371 psALuun
1756 306 1966 370 cxvm
2004 297 2388 374 Exposmo.

3331 306 3472 382 me

188 417 323 473 tibus
367 419 538 476 oculis
563 463 576 486 ,
629 418 931 495 Synagogae
979 424 1203 495 ﬁguram
1264 435 1291 464 ει
1347 428 1592 498 accepit;
1648 429 1773 499 quia
1804 434 1847 487 Λ
1880 429 2097 498 poribus
2126 431 2406 501 largiatur,
2436 430 2645 488 debiles
2674 433 2939 501 sublevet,
2971 444 3215 492 mortuos
3240 436 3474 493 honoret

190 508 375 566 Christi
404 513 631 583 gratiam
662 512 852 572 videre
891 533 996 572 non
1030 520 1240 589 potuit,
1283 518 1536 577 hebetato
1579 513 1774 578 debilis
1876 523 2066 577 tumuli
2093 525 2392 592 sepultura.
2428 525 2522 579 llis
2547 526 2804 595 operibus
2834 527 3071 583 charitas
3100 532 3380 600 qumritur,
3411 539 3471 584 ut

196 605 380 659 mentis
425 604 633 661 obtutu.
689 606 809 677 Quo
854 607 1163 667 declaratur
1202 612 1344 682 quod
1395 616 1598 670 lructus
1636 630 1771 687 quos

189 709 306 752 ante
342 696 622 769 Synagoga
663 714 691 753 τι
735 701 1091 774 primogenito
1126 702 1222 759 Dei
1272 706 1379 760 ﬁlio
1420 718 1767 780 susceperat,

183 790 435 848 Ecclesiae
464 796 734 849 concessit
761 812 772 848 :
802 797 898 851 sed
926 798 1050 868 quia
1078 796 1219 854 illius
1251 798 1424 856 noctis
1443 803 1610 870 potita
1638 819 1767 859 con—

181 884 346 937 eubitu
387 885 576 953 genuit
604 883 697 939 Lia
739 869 852 942 suae
880 888 1215 959 posteritatis
1239 869 1542 961 literedem,
1573 892 1768 964 imple-

180 976 247 1032 vit
271 978 610 1050 mysterium.
633 981 913 1049 quoniam,
948 982 1295 1041 credentibus
1325 986 1620 1059 apostolis,
1670 1005 1763 1046 re-

178 1070 340 1141 liquiae
383 1068 699 1130 Iudaeorum
730 1090 830 1146 per
854 1075 1176 1134 electionem
1200 1080 1388 1149 gratia
1412 1076 1580 1136 salva:
1606 1081 1762 1138 facta:

175 1170 304 1216 sunt.

231 1255 315 1312 25.
341 1252 502 1312 Unde
527 1257 608 1312 ait
637 1257 918 1316 Ecclesia:
948 1254 1103 1316 Nova
1123 1272 1170 1317 et
1191 1272 1379 1332 vetera,
1405 1265 1567 1335 frater
1588 1278 1751 1332 meus,

173 1347 343 1401 servari
368 1348 460 1402 tibi
487 1348 671 1417 (Cant.
706 1366 801 1419 vn,
832 1350 945 1424 15).
982 1352 1110 1421 Quis
1146 1353 1289 1409 dabit
1332 1365 1379 1409 te
1407 1358 1620 1428 fratrem
1649 1358 1757 1412 lac-

175 1450 337 1494 tentem
362 1440 522 1495 ubera
550 1444 731 1498 matris
759 1444 923 1498 mete?
947 1444 1222 1501 lnveniens
1243 1456 1292 1501 te
1310 1448 1461 1518 foris,
1482 1449 1755 1505 osculabar

171 1543 225 1598 te,
249 1542 291 1589 et
308 1534 516 1606 quidem
543 1553 649 1592 non
665 1549 904 1609 spernent
930 1557 1029 1596 me.
1057 1540 1329 1598 Assuntam
1354 1554 1420 1611 te,
1434 1555 1482 1599 et
1508 1547 1753 1602 inducam

166 1625 212 1679 in
227 1627 421 1680 domum
446 1628 634 1683 matris
654 1641 803 1698 metu,
827 1639 874 1684 et
910 1632 965 1685 in
1006 1642 1257 1688 secretum
1298 1636 1412 1706 ejus
1432 1651 1547 1707 qua:
1570 1654 1745 1693 conce-

166 1714 228 1784 pit
260 1732 334 1771 me
372 1733 390 1771 :
434 1716 514 1772 ibi
554 1719 758 1775 docebis
784 1737 864 1777 me
896 1720 1068 1795 (Cant.
1101 1738 1227 1793 vm,
1263 1725 1289 1779 l
1323 1734 1379 1782 et
1414 1725 1496 1799 2).
1528 1728 1746 1785 [labens

1876 627 2037 669 nemo
2080 617 2252 684 possit
2296 632 2323 670 a
2370 616 2591 673 Christo
2634 619 2718 673 vel
2766 619 3009 689 periculo
3049 621 3243 676 mortis
3286 619 3469 677 avelli.

1874 705 2030 764 Unde
2058 707 2152 764 ille
2178 708 2253 763 ait
2287 726 2299 762 :
2335 710 2466 776 Quis
2493 725 2588 765 nos
2613 711 2872 782 separabit
2898 727 2931 765 α
2958 710 3196 767 Christo?
3220 711 3467 766 Tribulu-

1872 799 1965 863 tio,
1991 814 2058 853 an
2085 801 2426 871 angustia....
2459 818 2527 855 an
2555 803 2841 871 persecutio
2873 802 3058 875 (Rom.
3084 819 3180 859 vnt
3200 844 3214 869 ,
3244 803 3370 872 35)?
3401 802 3471 858 Et

1868 886 2009 945 infra
2040 907 2053 943 :
2084 890 2305 960 Conﬁdo
2332 893 2466 947 enim
2490 894 2615 963 quia
2645 909 2804 964 neque
2832 910 2968 950 mors
2989 935 3004 961 ,
3036 910 3201 966 neque
3228 896 3356 961 vita,
3381 911 3472 951 ne-

1865 994 1964 1048 que
1987 985 2160 1054 angeli
2195 985 2386 1054 (Ibid.,
2415 985 2531 1057 58).

1934 1093 2027 1150 29.
2055 1094 2131 1151 Ea
2162 1099 2345 1169 Specie
2372 1099 2535 1156 etiam
2577 1101 2726 1158 zelus
2752 1103 2923 1160 durus
2953 1117 3036 1161 εει
3065 1105 3368 1174 cbaritatis,
3408 1120 3465 1165 et

1862 1187 1962 1242 alae
1993 1188 2132 1259 ejus,
2166 1191 2270 1246 alte
2298 1192 2460 1263 ignis.
2503 1193 2676 1251 Habet
2721 1197 2834 1251 alas
2863 1198 3003 1253 sicut
3026 1198 3305 1267 columba;
3336 1211 3465 1257 sunt

1861 1282 2007 1335 enim
2030 1297 2224 1354 penum
2246 1285 2515 1342 columbae
2541 1288 2928 1360 deargemataa,
2954 1292 3151 1361 quibus
3169 1295 3345 1349 evolat
3368 1295 3460 1365 qui

1859 1370 2059 1442 diligit,
2090 1373 2313 1432 dicens:
2350 1376 2483 1432 Ecce
2511 1381 2750 1452 elongavi
2779 1384 3007 1456 fugiens,
3032 1396 3080 1439 et
3099 1387 3266 1440 mansi
3293 1386 3346 1440 in
3376 1405 3459 1443 δυη-

1858 1463 2079 1520 titudine
2106 1465 2281 1537 (Psal.
2307 1484 2413 1537 Liv,
2441 1469 2533 1544 8):
2567 1472 2661 1529 sed
2696 1476 2794 1530 alae
2821 1477 3120 1558 charitatis,
3164 1478 3265 1534 alte
3295 1480 3455 1550 ignis,

1856 1554 2055 1624 quibus
2099 1558 2411 1617 dilectionis
2456 1561 2755 1622 inflammat
2790 1554 3066 1625 ardorem.
3097 1569 3211 1626 Hoc
3254 1587 3456 1643 vapore

1852 1643 2127 1706 ferventes
2152 1652 2281 1709 fecit
2302 1654 2564 1712 Dominus
2586 1661 2813 1730 angelus
2840 1677 2966 1717 suos
2994 1664 3242 1731 Spiritus,
3275 1675 3329 1719 et
3355 1667 3457 1721 mi—

1855 1739 2055 1798 nistros
2095 1758 2223 1801 suos
2274 1747 2449 1819 ignem
2503 1764 2772 1819 urentem,
2821 1755 2916 1809 sed
2952 1770 3059 1810 non
3102 1767 3447 1813 exurentem.

164 1807 301 1875 igitur
328 1809 782 1868 informationem
815 1828 1078 1870 nevarum
1121 1825 1179 1872 et
1220 1826 1468 1874 veterum
1495 1820 1745 1890 Scriplu-
1773 1814 1823 1877 Β
1848 1830 2103 1905 Legimus
2147 1847 2200 1893 et
2229 1807 2372 1894 alam
2404 1843 2612 1912 templi,
2642 1807 2803 1915 supra
2844 1863 3005 1918 quam
3049 1849 3297 1906 diabolus
3335 1863 3448 1907 ten-

160 1915 351 1968 rarum,
384 1918 491 1959 nec
523 1902 917 1976 despicabilem
942 1923 1006 1966 se
1031 1924 1154 1968 esse
1180 1914 1425 1969 sentiens
1446 1955 1461 1982 ,
1503 1928 1611 1970 non
1649 1930 1744 1972 so-

160 1992 251 2049 lum
273 1996 617 2054 orationibus
640 2000 699 2055 in
723 2010 941 2059 secreto
966 2003 1146 2059 cordis
1172 2003 1409 2061 Verbum
1440 2016 1620 2075 tenet,
1652 2020 1745 2066 vc-

157 2100 255 2140 rum
282 2090 439 2144 etiam
466 2088 837 2161 psallentibns
878 2093 1033 2151 ebori
1072 2096 1294 2153 vocibus
1333 2099 1481 2155 velut
1519 2102 1744 2171 quibus-

156 2177 259 2233 dam
285 2194 401 2235 eum
427 2182 651 2238 osculis
678 2183 872 2253 gratia:
894 2185 1199 2242 osculatur.

210 2294 519 2369 26.1taquc
551 2298 819 2356 malorum
849 2313 1229 2374 granatorum,
1266 2305 1368 2361 hoc
1408 2313 1523 2372 est,
1552 2305 1736 2363 diver-

151 2405 308 2445 sorum
334 2403 387 2447 et
427 2392 919 2452 innumerabilium
954 2396 1227 2453 fructuum
1252 2441 1266 2464 ,
1313 2409 1363 2456 et
1395 2403 1676 2472 praecipue
1707 2402 1735 2441 ι’

153 2479 253 2536 lidei
292 2480 579 2552 odoribus,
609 2488 817 2556 gratiae,
847 2490 1153 2560 sapientia),
1182 2503 1236 2548 et
1260 2491 1469 2564 glorize,
1500 2496 1738 2566 vitaeque

149 2582 338 2631 aeternis
365 2576 607 2634 subnixa
650 2579 887 2648 divitiis,
937 2598 1058 2654 qua:
1109 2593 1240 2639 sunt
1268 2586 1409 2641 circa
1454 2587 1733 2643 sinistram

146 2674 191 2718 et
214 2666 475 2725 dexteram
514 2670 741 2742 Sponsi,
790 2689 885 2745 per
911 2676 1123 2733 animas
1152 2687 1368 2734 sanctas
1399 2676 1730 2735 laudantium

147 2762 605 2832 congregationum
634 2764 914 2833 plausibus
937 2767 1141 2824 excitat
1166 2768 1464 2837 Christum,
1497 2771 1688 2826 dicens
1713 2789 1726 2825 :

148 2848 368 2922 Adjuraui
388 2871 509 2920 vos,
536 2855 666 2923 filia:
686 2855 1047 2925 Hierusalem,
1078 2877 1141 2915 ne
1163 2862 1417 2916 suscitetis
1442 2871 1488 2917 et
1512 2864 1731 2918 resusci-

146 2944 240 2998 tetis
260 2940 609 3016 dilectionem,
642 2967 904 3023 usquequo
933 2953 1151 3009 voluerit
1180 2954 1350 3022 (ibid.
1382 2955 1459 3023 ι).

200 3036 293 3114 27.)
314 3061 465 3120 Unde
504 3080 625 3123 eam
650 3069 919 3125 mirantur
947 3069 1076 3125 tilia:
1106 3071 1445 3129 Hierusalem
1466 3117 1480 3139 ,
1523 3086 1729 3133 sancta:

1844 1930 1972 1979 laus
1998 1927 2127 1982 fecit
2162 1931 2459 1988 ascendere
2486 1933 2845 2003 Salvatorem,
2875 1955 2995 2010 (ιιιιθ
3022 1950 3140 1996 erat
3165 1943 3219 1998 in
3254 1945 3440 2013 templi

1846 2014 2083 2074 culmine
2112 2021 2324 2093 (Matth.
2369 2040 2442 2090 tv,
2477 2024 2555 2099 5).
2604 2026 2741 2085 Sunt
2786 2046 2914 2103 ergo
2941 2042 2963 2071 ο
2988 2033 3198 2105 fastigia
3235 2034 3441 2105 pinum,

1845 2121 1975 2165 sunt
2019 2114 2254 2169 culmina
2280 2117 2585 2189 cliaritatis,
2618 2137 2738 2191 quae
2760 2139 3016 2193 vaporem
3049 2127 3236 2197 gratim
3262 2137 3451 2200 pecto-

1838 2196 1996 2259 ribus
2024 2205 2277 2264 immanis
2302 2212 2524 2268 adolere
2559 2227 2996 2285 consueverunt;
3029 2229 3087 2275 ut
3110 2219 3276 2276 multa
3307 2239 3445 2294 aqua

1834 2300 2166 2372 extinguere
2195 2314 2358 2375 atque
2385 2309 2676 2368 excludere
2698 2329 2805 2369 non
2829 2325 2991 2387 queat
3016 2314 3358 2385 cbaritatem,
3387 2332 3442 2379 ct

1841 2388 2065 2449 flumina
2096 2411 2215 2453 eam
2250 2402 2590 2460 smcularium
2625 2415 3005 2478 tempestatum
3048 2412 3194 2467 nulla
3223 2415 3444 2471 conclu—

1841 2482 1993 2540 dant.

1912 2599 2005 2655 50.
2047 2602 2182 2659 tium
2233 2620 2363 2678 ergo
2410 2616 2558 2664 tanta
2608 2611 2866 2668 Ecclesia:
2904 2618 3101 2686 gratia,
3145 2626 3292 2678 tanta
3338 2639 3438 2680 nos

1843 2694 2060 2758 pra-mia
2090 2696 2399 2755 devotionis
2430 2702 2679 2772 invitent,
2726 2711 3129 2776 prmveniamus
3168 2718 3436 2773 orientem

1839 2783 2033 2850 solem,
2069 2804 2424 2847 occurramus
2461 2794 2527 2848 ad
2568 2796 2688 2866 ejus
2716 2808 2890 2868 ortus,
2934 2812 3224 2877 antequam
3248 2809 3434 2867 dicat:

1840 2874 1978 2931 Ecce
2019 2880 2201 2936 adsum
2244 2883 2412 2955 (Esai.
2441 2902 2591 2951 Lvnt.
2636 2889 2714 2960 9).
2751 2892 2875 2948 Vult
2924 2911 2984 2950 se
3023 2874 3306 2967 ιιι-’ωνρηίτί
3339 2902 3433 2958 Sol

1831 2967 2078 3037 justitim,
2107 2982 2164 3028 et
2204 2988 2257 3029 ut
2300 2981 2682 3047 prteveuiatnr,
2730 2997 3034 3056 exspectat.
3079 2989 3216 3047 Audi
3248 3010 3440 3066 quem-

1835 3060 2131 3119 admodum
2170 3078 2470 3137 exspectet,
2503 3067 2556 3127 et
2583 3074 2771 3144 cupiat
2805 3082 3098 3147 prmveniri
3132 3060 3317 3141 :Dieit
3340 3107 3439 3144 an-

145 3153 313 3210 auima:
344 3158 809 3228 patriarcharum,
838 3171 896 3217 et
922 3164 1339 3233 prophetarum,
1373 3176 1802 3258 veterumquec
1835 3154 1953 3258 9⁸ίῆ
1979 3153 2231 3258 Ρενᾳῃα-ηιξ
2251 3156 2596 3258 Εεέίεδίαθηο·
2632 3169 2741 3239 Αθθ
2765 3172 3114 3241 Ροεηίίεηιίαυι
3146 3192 3166 3230 -'
3192 3188 3434 3236 ειειενωη

140 3242 396 3316 iustorum,
426 3249 523 3305 vel
550 3251 806 3308 ccelcstes
834 3255 1114 3322 potentiae,
1167 3256 1411 3313 dicentes
1444 3275 1459 3314 :
1496 3260 1626 3325 Quae
1654 3273 1727 3316 est

144 3335 235 3392 hac
250 3357 356 3410 qua:
374 3345 616 3399 ascendit
641 3346 900 3413 dealbata,
924 3350 1151 3404 innitens
1169 3368 1326 3422 super
1336 3355 1557 3423 fratrem
1572 3372 1727 3410 suum

148 3426 306 3499 (Ibid,
328 3432 424 3503 5)?
454 3435 569 3490 hoc
597 3445 703 3501 est,
736 3438 935 3495 talibus
963 3440 1403 3497 solemnitatibus
1427 3443 1595 3515 fulget
1617 3446 1722 3502 Ec-

140 3520 281 3579 clesia
310 3543 323 3578 :
346 3534 407 3582 et
430 3543 563 3598 qua:
603 3540 729 3586 ante
750 3546 852 3601 per
879 3531 1024 3588 diem
1053 3533 1203 3589 fusca
1229 3536 1501 3606 erat,jam
1528 3538 1721 3609 splen-

141 3615 217 3670 det
240 3614 293 3672 in
322 3622 583 3676 noctibus
613 3631 669 3678 et
696 3622 922 3680 relucet.
959 3622 964 3627 ’

196 3708 274 3765 28.
311 3709 430 3783 ipse
469 3729 694 3787 quoque
731 3716 995 3776 Dominus
1036 3728 1186 3777 tanto
1222 3738 1449 3779 munere
1478 3725 1719 3794 psallen-

142 3801 248 3856 tium
272 3802 582 3862 delectatus
608 3807 683 3863 ait
716 3827 729 3862 :
760 3809 910 3864 Pone
950 3829 1030 3866 me
1067 3824 1123 3867 ut
1161 3814 1491 3883 signaculum
1530 3817 1581 3871 in
1625 3835 1718 3873 cor

138 3899 290 3964 tuum,
316 3907 371 3951 ut
408 3899 657 3970 sigillum
685 3902 738 3955 in
770 3903 1037 3958 brachium
1065 3915 1246 3971 tuum;
1275 3908 1397 3978 quia
1427 3909 1604 3964 valida
1642 3919 1720 3965 est

138 3998 182 4039 ιιι
200 4006 320 4046 mors
340 3994 600 4061 Charitas,
625 4001 791 4051 durus
812 3999 945 4053 sicut
968 4000 1127 4071 inferi
1147 4001 1310 4057 zelus.
1332 4000 1446 4058 Alte
1463 4007 1599 4076 ejus,
1615 4008 1716 4060 alte

136 4078 250 4146 ignis
285 4093 329 4136 et
368 4087 605 4154 ﬂamma:
636 4103 655 4141 :
683 4105 817 4157 aqua
855 4091 1018 4144 nmlta
1058 4092 1330 4148 excludere
1373 4111 1477 4148 non
1520 4098 1715 4165 poterit

136 4172 410 4232 duritatem
435 4222 450 4247 ,
491 4189 539 4232 et
568 4181 789 4250 ﬂumina
818 4199 922 4237 non
955 4184 1283 4241 inundabuut
1312 4204 1425 4242 eam
1444 4186 1647 4260 ,(llu'd.,
1678 4189 1712 4244 6

135 4273 174 4317 et
199 4266 266 4338 7).
296 4269 422 4339 Quia
458 4272 595 4326 vidit
630 4281 831 4329 tantam
875 4276 1219 4334 devotionem
1251 4279 1549 4347 Ecclesia),
1594 4281 1711 4337 ido-

131 4371 245 4413 neos
279 4372 425 4430 putat
465 4380 598 4421 esse
622 4366 734 4435 jam
767 4369 997 4437 populos
1023 4370 1118 4441 qui
1149 4371 1203 4425 in
1237 4374 1404 4428 corde
1437 4382 1623 4429 nostro
1651 4384 1710 4431 et

135 4449 179 4503 in
204 4451 413 4512 brachio
438 4460 780 4531 signaculum
810 4463 927 4533 ejus
955 4474 1174 4534 portare
1202 4469 1492 4536 possimus.
1526 4470 1710 4541 Ipsum

133 4542 254 4599 enim
281 4546 435 4606 Pater
458 4548 703 4623 signavit
732 4554 874 4610 Deus
908 4573 921 4609 :
965 4565 1019 4611 et.
1057 4559 1146 4628 qui
1189 4561 1559 4617 testimonium
1591 4562 1713 4632 ejus

1839 3250 2039 3305 veniam
2069 3252 2161 3307 tibi
2184 3256 2284 3309 cito
2317 3255 2504 3329 (Apoc.
2534 3277 2590 3330 ιι,
2628 3263 2694 3316 12
2721 3273 2769 3317 et
2798 3265 2907 3337 l6).
2932 3266 3066 3323 Dicit
3087 3273 3269 3344 angelo
3300 3274 3437 3330 Lao-

1839 3342 2092 3401 dicetc....
2125 3347 2399 3406 At'mulare
2419 3369 2560 3425 ergo,
2585 3365 2631 3409 et
2662 3359 3013 3429 paenitentiam
3030 3381 3125 3435 age
3195 3366 3326 3422 Ecce
3352 3378 3433 3425 sto

1835 3438 1905 3491 ad
1917 3440 2165 3509 januant,
2197 3454 2244 3495 et
2268 3446 2421 3515 pulso
2438 3463 2459 3512 ;
2489 3458 2539 3502 et
2575 3449 2621 3502 si
2645 3453 2761 3519 quis
2786 3454 3013 3510 audierit
3038 3474 3211 3514 vocem
3239 3479 3427 3533 meam,

1832 3541 1877 3583 et
1894 3534 2150 3602 aperuerit
2172 3536 2418 3605 januam,
2450 3541 2651 3597 intrabo
2668 3544 2738 3598 ad
2761 3562 2880 3601 eum
2905 3547 3095 3619 (Apoc.
3122 3569 3205 3620 ut,
3242 3555 3330 3622 l4,
3360 3559 3429 3615 l9

1833 3633 1879 3677 ct
1923 3624 2038 3696 ~20).
2084 3627 2303 3684 Poterat
2350 3632 2592 3692 intrare:
2627 3636 2859 3711 denique
2910 3659 3010 3701 nec
3054 3661 3429 3720 resurgentem

1831 3732 1953 3771 eum
1986 3734 2106 3773 cum
2138 3736 2368 3791 corpore
2399 3726 2501 3779 ulla
2528 3728 2834 3787 clausurum
2868 3736 3143 3794 valvarum
3171 3747 3429 3815 repagula

1825 3807 2066 3864 retinere
2095 3820 2404 3881 potuerunt,
2437 3812 2621 3872 subito
2673 3835 2733 3876 se
2768 3826 3083 3893 apostolicis
3134 3807 3428 3899 penetrali-

1828 3898 1929 3953 bus
1979 3901 2304 3971 improvisus
2351 3907 2548 3963 infudit
2576 3909 2759 3982 (Jaan.
2794 3930 2881 3977 xx.
2934 3918 3025 3988 19)
3056 3937 3072 3973 :
3105 3898 3200 3977 sed
3246 3927 3427 3984 studia

1823 3991 2130 4048 devotionis
2184 4006 2287 4051 tua:
2333 3998 2611 4058 desiderat
2655 4009 2922 4075 experiri;
2982 4016 3258 4083 apostolos
3306 4019 3420 4090 jam

1825 4083 2083 4152 probatos
2111 4087 2366 4145 habebat.
2399 4091 2507 4148 Aut
2533 4094 2692 4163 forte,
2720 4098 2774 4152 in
2801 4106 3184 4171 persecutione
3216 4083 3421 4180 praeve-

1822 4181 1901 4234 nit
1931 4200 1943 4234 :
1976 4181 2063 4236 ubi
2099 4186 2462 4256 tranquillitas
2506 4201 2612 4256 est,
2643 4198 2930 4263 prteveniri
2973 4200 3140 4272 cupit.
3175 4203 3420 4264 Prazveni

1820 4284 1971 4331 certe
2000 4275 2143 4333 hunc
2188 4295 2347 4351 quem
2383 4284 2535 4340 vides
2556 4286 2752 4344 solem.
2787 4290 2959 4364 Surge
3001 4299 3088 4365 qui
3127 4298 3341 4367 dormis,
3373 4314 3422 4359 et

1820 4383 2040 4440 exsurge
2068 4388 2099 4425 a
2124 4376 2384 4440 mortuis;
2425 4386 2481 4431 ut
2511 4379 2777 4436 illucescat
2805 4384 2899 4440 tibi
2928 4386 3165 4446 Christus
3192 4393 3415 4465 (Ep/tes.

1822 4474 1910 4525 xv,
1948 4460 2060 4533 M).
2112 4463 2169 4519 Si
2211 4462 2358 4522 hunc
2400 4468 2575 4524 solem
2619 4477 2953 4541 prteveneris
2997 4460 3286 4551 antequam
3317 4487 3420 4542 iste

1820 4564 2036 4625 surgat,
2068 4555 2300 4626 aspicies
2329 4559 2605 4616 Christum
2644 4564 3065 4624 illuminantem.
3110 4572 3231 4641 Ipse
3265 4576 3417 4644 prius

133 4636 333 4708 accepit,
357 4642 617 4714 signavit;
651 4646 777 4715 quia
808 4646 952 4702 Deus
983 4664 1143 4705 verax
1179 4660 1263 4705 est
1294 4669 1307 4705 ε
1340 4662 1389 4706 ct
1425 4653 1544 4708 ideo
1573 4628 1708 4723 οὑο-
1736 4628 1794 4689 D
1823 4646 1874 4700 ἰιι
1902 4648 1975 4701 tui
2007 4649 2189 4703 COi‘diS
2220 4649 2487 4707 ἰΙΙιιρθςοίι
2516 4670 2716 4712 areano
2747 4677 2758 4711 τ
2792 4659 2906 4729 ipse
2941 4663 3033 4717 [illi
3062 4663 3265 4722 dicenti
3294 4688 3305 4722 ἰ
3336 4670 3418 4727 De

134 4739 294 4785 rantes
315 4733 493 4791 cibum
516 4749 937 4806 permanentem
960 4736 1021 4795 in
1069 4744 1232 4797 vitam
1270 4747 1488 4818 1217
1538 4756 1700 4803 :eter-

135 4820 494 4895 mm,§ignati
545 4839 675 4882 sunt
718 4829 784 4885 ad
840 4832 1128 4902 imaginem
1182 4844 1239 4890 et
1284 4836 1701 4894 similitudinem

130 4906 341 5004 {IIII-isti,
382 4920 471 4989 qui
521 4928 607 4976 est
651 4922 828 4995 imago
870 4925 1162 4983 invisibilis
1211 4930 1324 4985 Dei.
1375 4931 1529 4988 Sicut
1571 4948 1705 5004 ergo

124 4997 433 5065 Darem
460 5018 587 5081 est,
628 5018 691 5069 “et
716 5021 780 5070 tu
809 5014 961 5088 signa
1005 5018 1060 5073 in
1106 5029 1202 5075 tuo
1232 5032 1394 5078 sensu
1439 5027 1495 5079 et
1534 4997 1701 5096 opere

128 5097 421 5173 Veritatem;
469 5116 524 5160 ut
570 5121 634 5163 os
674 5117 825 5164 tuum
874 5126 983 5167 non
1030 5112 1287 5183 loquatur
1323 5117 1700 5185 mendacium,

122 5198 415 5281 llius-tus
448 5215 560 5257 non
579 5212 850 5271 operetur
866 5221 1045 5275 copem
1068 5209 1378 5274 'ltom'rnum,
1418 5226 1544 5281 quae
1573 5223 1703 5270 sunt

116 5278 489 5349 Minius
512 5295 734 5362 mundi,
764 5296 873 5354 sed
894 5297 1003 5379 illa
1021 5297 1260 5371 qum-Dei
1289 5278 1538 5371 smitam
1564 5320 1699 5376 pau-

170 5488 612 5589 ΖἏἯῬ
625 5500 1326 5589 a.f‘£'f?l’§1.W‘°mﬁi"
1342 5505 1494 5589 ’θείῖΞ-
1513 5522 1690 5589 ⁴α¹¹³³τ

184 5638 461 5692 m'
474 5638 876 5698 “dminus.
1199 5638 1211 5648 ’
1286 5638 1293 5644 ’
1338 5638 1359 5649 ’

472 5720 542 5764 sc
556 5712 722 5767 mulsi
912 5713 1024 5792 silici
1039 5722 1231 5775 Romam
1246 5731 1364 5778 nec
1378 5720 1487 5792 ipsi
1516 5722 1693 5791 patrui,

126 5766 685 5853 mmmam,
704 5766 1141 5854 agitantia:

1816 4749 1966 4795 nocte
1999 4740 2179 4811 vigilat
2204 4742 2273 4794 ad
2300 4751 2348 4797 te
2369 4744 2585 4814 spiritus
2629 4764 2770 4804 meus
2793 4750 2964 4822 (Esai.
3000 4770 3144 4823 xxvs,
3190 4759 3268 4831 9),
3304 4778 3417 4819 ma-

1820 4831 2052 4884 tutinum
2084 4829 2261 4886 lumen
2292 4835 2630 4904 temporibus
2670 4838 2831 4895 faciet
2871 4843 3159 4912 splendere
3192 4829 3414 4907 noctur-

1818 4923 1924 4989 nis,
1965 4922 2010 4976 si
2041 4923 2318 4981 mediteris
2358 4927 2520 4982 verba
2572 4928 2692 4986 Dei.
2728 4931 2863 4986 Dum
2918 4937 3062 4991 enim
3112 4941 3415 5011 meditaris,

1819 5015 1909 5069 lux
1940 5026 2024 5071 est
2055 5033 2068 5070 :
2097 5025 2153 5073 et
2190 5018 2381 5073 videns
2412 5019 2583 5076 lucem
2619 5036 2729 5078 non
2763 5030 3043 5095 temporis.
3075 5033 3169 5088 sed
3198 5039 3412 5107 gratim,

1815 5108 1965 5165 dices
1994 5110 2121 5181 quia
2147 5110 2268 5166 Lua:
2310 5124 2571 5184 prazcepta
2597 5117 2929 5192 tua(1bid.).
2974 5120 3111 5181 Cum
3150 5139 3328 5185 autem
3362 5143 3416 5188 te

1818 5203 2172 5259 meditantem
2216 5205 2382 5261 verba
2410 5207 2596 5266 divina
2640 5213 2761 5270 dies
2794 5218 3009 5291 1218
3038 5220 3326 5291 invirnerit,
3354 5226 3418 5283 et

1820 5312 1927 5357 tam
1957 5308 2168 5370 gratum
2188 5312 2333 5370 opus
2368 5300 2583 5372 orandi,
2616 5311 3082 5381 atquepsallendi
3107 5316 3421 5376 delectave-

1889 5519 1911 5545 ο
1934 5506 2137 5592 Omnes
2158 5508 2293 5592 edit.
2334 5521 2389 5592 e_t
2409 5515 2564 5592 pauci
2597 5532 2754 5592 mssﬂ
2788 5520 3002 5592 fastigia
3041 5527 3268 5587 pietatis.
3302 5531 3411 5588 Alii

1804 5592 1921 5662 ἠπ
1939 5580 2106 5674 mm}?
2120 5582 2325 5674 Ρξυτθεξν
2346 5580 2558 5674 Ῑςτριδθία
2568 5589 2677 5657 pia.
2690 5580 2907 5674 fieiiqui
2918 5580 3412 5674 dedit)

1811 5649 2004 5742 pinnae.
2043 5650 2263 5742 Optima
2288 5649 2626 5742 lectioofcu'm
2663 5649 2929 5742 refer-siut
2964 5666 3035 5721 ad
3074 5649 3408 5742 illudsi-iiii;

1812 5724 2075 5814 Wi’m'
2095 5722 2313 5814 "sit"?
2334 5726 2542 5814 ξίέιτειηι
2558 5732 2743 5814 empti
2761 5749 2779 5787 -
2800 5748 2967 5805 quam
2994 5722 3205 5808 mea

1806 5792 1985 5847 calum
2014 5792 2177 5850 vocat
2198 5795 2424 5867 Vulgata
2452 5802 2652 5855 vet-sio.
