3948 6312
497 255 640 316 N79

1828 231 2074 296 SANCTI
2110 227 2436 291 AMBROSII

3664 213 3806 272 ιιεο

497 375 570 431 rit
601 383 746 427 tuam
777 377 1039 433 mentem,
1072 367 1273 425 iterum
1295 365 1447 423 dices
1472 364 1538 420 ad
1555 363 1841 420 Dominum
1872 362 2055 417 .lesum
2084 375 2097 411 :
2128 360 2178 416 Α
2205 362 2409 424 quentes
2440 365 2517 404 ηιε
2539 347 2826 420 iniquitate,
2852 345 2956 400 hoc
2983 349 3092 406 est,
3125 339 3214 413 qui
3245 349 3369 433 eum
3399 334 3687 433 iniquitate
3714 349 3812 387 me

505 470 691 525 Exitus
719 465 1015 528 matutinos,
1044 473 1094 516 et
1122 477 1329 530 vespere
1347 459 1623 516 delectabis
1649 457 1825 530 (Psal.
1851 457 1996 518 inv,
2018 450 2098 523 9).

576 563 666 617 3|.
714 559 798 614 An
839 571 968 614 vero
1000 556 1185 627 Moyse
1233 556 1494 626 magistro
1518 564 1543 592 α
1574 567 1703 609 usus
1752 549 1980 622 populus
2008 547 2102 602 .lu-

512 653 778 716 dteorum,
803 648 1044 722 quotidie
1071 649 1123 703 in
1147 647 1456 704 senioribus
1477 647 1614 710 suis.
1643 645 1736 716 qui
1763 643 1829 698 ad
1859 642 1963 697 hoc
1987 654 2104 694 mu-

511 760 614 801 nus
641 742 804 800 electi
836 751 983 806 sunt,
1021 740 1276 795 noctibus
1311 755 1375 795 ac
1409 738 1603 794 diebus
1642 739 1761 793 sine
1793 734 1901 790 ulla
1925 746 2106 788 cessa-

513 841 660 895 tione
709 844 961 892 recenset
991 835 1316 904 ‘Scripturas
1354 833 1611 889 divinas:
1645 840 1701 887 et
1724 831 1768 885 si
1796 826 1923 900 quid
1962 825 2106 882 aliud

512 933 785 988 seniorem
831 927 1276 1000 interrogaveris,
1311 927 1487 982 nescit
1517 925 1620 980 nisi
1647 924 1943 992 Scriptura:
1970 919 2110 975 divi-

508 1040 594 1080 nae
639 1023 839 1080 seriem
881 1021 1146 1078 resultare
1179 1018 1378 1092 (Exod.
1407 1034 1562 1086 xvm,
1588 1016 1654 1072 14
1679 1026 1728 1072 et
1753 1016 1910 1086 seq.).
1943 1015 2112 1070 Vacat

515 1117 627 1173 illic
652 1132 836 1174 sermo
861 1116 930 1171 de
957 1115 1183 1181 sarculo,
1209 1115 1325 1170 sola
1350 1112 1461 1168 illic
1476 1113 1756 1183 Scriptura
1783 1109 2109 1176 contexitur,

519 1211 861 1282 singulorum
889 1208 990 1264 sibi
1020 1223 1116 1279 per
1149 1207 1296 1262 vices
1325 1221 1419 1261 ora
1447 1204 1775 1268 succedunt;
1808 1218 1876 1257 ne
1897 1200 2115 1271 quando

521 1317 676 1360 sacer
705 1302 800 1358 ille
829 1314 998 1357 sonus
1023 1299 1400 1354 mandatorum
1424 1297 1730 1354 caelestium
1762 1294 1986 1350 ferietur
2017 1312 2032 1346 :
2062 1301 2118 1348 et

523 1403 579 1448 tu
625 1393 958 1460 Christiane,
991 1391 1218 1457 dormis,
1246 1389 1333 1446 cui
1379 1392 1637 1460 magister
1658 1397 1742 1443 est
1765 1387 2040 1452 Christus;
2063 1395 2120 1442 et

519 1501 629 1542 non
661 1483 872 1540 vereris
907 1500 975 1538 ne
996 1482 1065 1538 de
1093 1492 1143 1538 te
1171 1482 1380 1538 dicatur
1406 1501 1420 1537 :
1447 1481 1684 1552 Populus
1709 1479 1811 1535 iste
1834 1493 1935 1534 nec
1963 1477 2119 1533 labiis

525 1593 614 1634 me
657 1575 925 1634 honorat?
953 1575 1172 1632 Judaaus
1211 1576 1298 1632 vel
1332 1575 1513 1640 labiis,
1548 1581 1603 1628 tu
1641 1588 1770 1628 vero
1807 1588 1909 1627 nec
1937 1571 2117 1626 labiis.

519 1670 578 1728 Si
610 1669 756 1725 illius
777 1670 869 1740 qui
895 1669 979 1723 vel
1007 1667 1164 1723 labiis
1187 1667 1441 1733 honorat,
1479 1681 1574 1720 cor
1602 1665 1764 1735 longe
1791 1671 1877 1719 est
1904 1679 1934 1718 a
1965 1662 2076 1718 Deo
2103 1679 2117 1715 :

2207 444 2694 518 persequebantur.
2735 441 2952 509 Quanto
3004 435 3175 506 magis
3215 432 3351 490 mihi
3399 429 3813 502 appropinqua-

2206 552 2422 608 verunt,
2461 551 2612 598 tanto
2641 540 2876 610 amplius
2913 553 2972 594 se
3011 537 3182 607 alege
3228 544 3316 588 tua
3363 535 3808 602 separaverunt;

2207 637 2461 708 quoniam
2501 634 2593 706 qui
2633 633 2859 689 fratrem
2904 646 3060 686 suum
3105 624 3474 698 persequitur,
3501 639 3530 676 a
3557 621 3681 691 lege
3718 633 3814 672 se—

2209 729 2471 784 cernitur.
2500 728 2612 783 Lex
2661 726 2807 781 enim
2846 723 2985 780 dicit
3023 720 3268 791 :Diliges
3301 717 3580 772 Dominum
3633 711 3815 766 Deum

2213 831 2449 876 tuum....
2498 820 2683 890 diliges
2731 817 3025 887 proximum
3065 824 3205 868 tuum
3238 811 3418 883 (Deut.
3463 824 3536 872 vr,
3562 807 3642 878 5).
3687 805 3816 861 Non

2211 929 2340 984 ergo
2384 912 2594 968 oderim
2646 911 2891 975 fratrem,
2931 923 2999 964 ne
3029 907 3242 961 dicatur
3283 902 3415 960 mihi
3443 920 3456 958 :
3481 900 3543 958 Si
3593 905 3820 972 fratrem

2215 1015 2354 1060 tunnt
2388 1005 2600 1078 1219
2621 1020 2720 1058 non
2751 1001 2947 1072 diligis,
2987 1016 3139 1072 quem
3166 998 3306 1052 rides
3337 995 3633 1067 :quomodo
3670 1001 3822 1062 potes

2215 1100 2384 1156 Deum
2408 1100 2644 1171 diligere,
2668 1113 2816 1168 quem
2858 1112 2958 1149 non
2991 1094 3133 1149 vides
3182 1091 3229 1164 (l
3254 1089 3412 1145 Joan.
3437 1105 3512 1154 tv,
3541 1085 3634 1154 20)
3659 1085 3684 1138 ?
3710 1085 3828 1141 Ne-

2217 1193 2324 1249 scis
2357 1192 2576 1246 fratrem
2606 1199 2755 1245 tuum
2804 1203 3042 1244 mercem
3093 1199 3215 1242 esse
3240 1181 3528 1254 sanguinis
3569 1177 3827 1234 Christi?

2217 1286 2449 1342 Mercem
2483 1299 2613 1356 ergo
2649 1299 2756 1339 non
2793 1281 2972 1353 diligis
2999 1278 3222 1344 Christi,
3257 1278 3301 1334 si
3342 1276 3564 1332 fratrem
3589 1289 3697 1330 non
3735 1273 3833 1329 di-

2218 1380 2360 1450 ligis.

2293 1469 2386 1526 55.
2415 1471 2559 1541 Ergo
2607 1477 2923 1539 persecutor
2973 1467 3104 1522 mihi
3149 1465 3578 1536 appropinquat,
3627 1471 3686 1516 ut
3728 1477 3835 1518 no-

2222 1577 2345 1624 ceat
2379 1585 2391 1620 :
2425 1567 2522 1623 sed
2551 1567 2596 1622 is
2618 1581 2677 1621 se
2705 1583 2733 1620 a
2765 1567 2886 1637 lege
2916 1565 3298 1628 disterminat;
3325 1579 3446 1635 quae
3467 1561 3612 1618 enim
3642 1562 3834 1631 portio

2219 1663 2448 1734 justitite
2476 1679 2598 1720 cum
2633 1661 2958 1733 iniquitate?
2985 1661 3086 1728 Qui
3117 1669 3294 1714 autem
3321 1674 3350 1712 a
3379 1658 3495 1729 lege
3519 1657 3616 1712 Dei
3641 1671 3704 1711 se
3733 1671 3834 1712 se-

518 1761 793 1834 quomodo
823 1769 1002 1832 potest
1041 1775 1138 1816 cor
1163 1768 1314 1816 tuum
1347 1774 1519 1830 prope
1544 1772 1690 1824 esse,
1721 1758 1812 1828 qui
1845 1758 2011 1811 etiam
2040 1756 2119 1812 la-
2148 1767 2198 1827 Β
2225 1765 2398 1828 parat,
2430 1766 2644 1827 separat
2676 1772 2736 1810 se
2773 1755 2842 1810 ab
2885 1763 3086 1809 interna
3118 1753 3264 1818 vita;
3295 1752 3381 1807 lex
3411 1752 3556 1806 enim
3585 1750 3693 1805 vita
3718 1759 3835 1806 est.

521 1855 631 1912 hiis
658 1870 764 1910 non
801 1854 1074 1909 honoras?
1113 1851 1381 1921 Quamdiu
1419 1861 1471 1907 te
1511 1865 1760 1919 somnus,
1791 1849 2047 1919 quamdiu
2071 1857 2124 1904 te

527 1947 805 2003 saecularia
829 1953 1045 2013 tenent,
1065 1945 1325 2016 quamdiu
1362 1942 1761 2000 sollicitudines
1791 1941 1949 1998 istius
1976 1941 2122 2006 vitae,

527 2039 790 2110 quamdiu
823 2038 1080 2094 terrena?

597 2131 688 2186 32.
723 2131 914 2187 Divide
936 2131 1132 2187 saltem
1160 2130 1276 2187 Deo
1293 2138 1349 2186 et
1378 2130 1582 2186 saeculo
1613 2138 1857 2200 tempora
1886 2137 1975 2183 tua
2001 2145 2015 2182 :
2042 2128 2127 2182 vel

531 2223 750 2296 quando
783 2238 890 2280 non
923 2231 1079 2294 potes
1122 2238 1286 2293 agere
1319 2221 1372 2276 in
1413 2221 1630 2292 publico
1659 2237 1780 2296 qua:
1809 2229 1935 2276 sunt
1973 2219 2129 2274 istius

532 2317 742 2384 mundi.
767 2327 824 2374 et
855 2315 1094 2372 tenebrae
1126 2315 1422 2387 prohibent
1448 2315 1643 2382 noctis,
1667 2315 1781 2370 Deo
1803 2322 2016 2379 vacato,
2050 2314 2132 2367 in-

531 2410 692 2482 dulge
713 2410 1088 2473 orationibus;
1116 2417 1172 2464 et
1195 2425 1261 2463 ne
1283 2406 1680 2476 obdormiscas,
1707 2406 1922 2478 psallito
1948 2422 1961 2458 :
1988 2420 2132 2461 som—

536 2521 662 2560 num
694 2513 845 2560 tuum
867 2502 1008 2559 bona
1033 2501 1222 2558 fraude
1247 2501 1517 2556 fraudato.
1551 2501 1708 2557 Mane
1740 2499 1956 2565 festina,
1984 2509 2038 2554 et
2065 2497 2132 2552 ad

533 2599 837 2656 Ecclesium
861 2597 1012 2653 defer
1034 2596 1303 2668 primitias
1329 2595 1400 2666 pii
1425 2596 1533 2650 voti
1557 2613 1570 2650 :
1591 2604 1649 2650 et
1675 2602 1883 2665 postea,
1911 2593 1957 2648 si
1979 2600 2136 2648 vocat

537 2693 822 2750 saecularis
849 2691 1170 2758 necessitas,
1200 2705 1310 2746 non
1341 2689 1648 2747 exeluderis
1675 2688 1859 2745 dicere
1888 2704 1902 2742 :
1931 2687 2136 2743 Prtere-

533 2795 720 2841 nerunt
767 2785 904 2840 oculi
941 2785 1044 2840 mei
1071 2799 1242 2849 mane,
1269 2783 1510 2839 meditari
1545 2783 1699 2838 verba
1744 2791 1836 2836 tua
1865 2797 1884 2836 :
1909 2796 2137 2836 securus

535 2878 803 2951 procedes
843 2877 910 2933 ad
959 2889 1082 2932 tuos
1121 2885 1297 2932 actus.
1331 2876 1502 2944 Quam
1529 2874 1829 2946 jucundum
1882 2874 2139 2930 inchoare

535 2971 604 3029 ab
647 2971 863 3045 hymnis
915 2979 968 3026 et
1011 2970 1262 3035 canticis,
1312 2985 1344 3024 a
1373 2968 1401 3007 ι)
1433 2968 1864 3024 beatitudinibus
1909 2981 2048 3038 quas
2084 2965 2137 3021 in

536 3063 834 3136 Evangelio
863 3062 1000 3134 legis
1041 3059 1256 3134 (Manli.
1300 3061 1398 3131 v)?
1428 3060 1602 3129 Quam
1636 3073 1956 3130 prosperum
2005 3067 2063 3112 ut
2089 3065 2143 3112 te

2229 1852 2472 1923 Denique
2515 1849 2812 1907 ostendens
2845 1848 3113 1918 Propheta
3165 1847 3339 1918 legem
3379 1845 3498 1910 Dei,
3527 1845 3603 1900 ait
3635 1863 3648 1898 :
3683 1845 3837 1900 Ecce

2227 1946 2332 2002 ista
2361 1956 2450 2000 est
2474 1944 2603 2010 vita,
2636 1942 2892 2014 quoniam
2915 1942 3005 2012 qui
3028 1940 3159 1994 facit
3185 1955 3306 2010 quae
3331 1938 3464 2008 legis
3494 1946 3644 2003 sunt,
3681 1936 3841 1990 vivet

2229 2039 2282 2094 in
2326 2037 2406 2094 eis
2447 2037 2631 2110 (Leuit.
2676 2052 2830 2103 xvnt,
2875 2037 2932 2105 5)
2966 2033 3146 2105 :quod
3196 2033 3302 2104 legi
3341 2031 3596 2088 convenit
3643 2028 3839 2101 utique

2229 2133 2480 2204 Spiritali.
2513 2131 2581 2186 Et
2611 2132 2842 2186 fortasse
2870 2130 2962 2201 qui
2995 2129 3127 2184 mihi
3175 2127 3612 2198 appropinquat;
3649 2133 3712 2179 ut
3738 2139 3840 2179 no—

2231 2235 2350 2282 ceat
2370 2225 2526 2292 mihi,
2551 2224 2680 2280 dum
2705 2233 2989 2294 separatur
3009 2238 3038 2277 a
3057 2223 3198 2292 lege,
3222 2228 3504 2290 separatur
3526 2234 3556 2272 a
3578 2216 3836 2282 Christo;

2233 2318 2358 2389 quia
2407 2318 2662 2372 Christus
2714 2325 2798 2372 est
2844 2315 2971 2372 vita.
3031 2316 3142 2386 Ego
3197 2323 3375 2369 autem
3429 2313 3475 2368 si
3519 2310 3838 2367 adhteream

2233 2413 2471 2481 Christo,
2506 2427 2606 2469 nec
2633 2412 2762 2468 mihi
2786 2413 3215 2482 appropinquat;
3247 2411 3370 2481 quia
3392 2408 3608 2463 etiamsi
3641 2423 3841 2478 corpo-

2236 2505 2314 2562 ris
2342 2507 2449 2561 mei
2480 2505 2682 2562 habeat
2717 2514 3062 2571 potestatem,
3109 2505 3306 2559 animae
3347 2511 3528 2558 tamen
3559 2516 3700 2557 mea:
3743 2517 3844 2556 no-

2243 2615 2371 2656 cere
2403 2613 2511 2654 non
2559 2598 2778 2669 poterit.
2823 2599 3065 2668 Denique
3095 2607 3469 2667 persecutores
3515 2603 3841 2666 martyrum,

2239 2709 2398 2765 quam
2431 2695 2593 2762 longe
2621 2693 2689 2748 ab
2724 2709 2916 2749 eorum
2950 2693 3160 2748 meritis
3181 2690 3416 2762 separati
3445 2692 3603 2745 sunt!

2313 2787 2404 2842 56.
2440 2785 2623 2860 (Vers.
2659 2784 2810 2856 151.)
2841 2784 2950 2841 Sed
2976 2783 3114 2839 forte
3143 2784 3292 2838 dicas
3318 2802 3330 2838 :
3353 2782 3642 2852 Quomodo
3670 2781 3844 2839 sancti

2242 2878 2523 2934 adlimrent
2541 2878 2682 2934 Deo?
2707 2877 2776 2932 Et
2797 2876 2920 2932 ideo
2942 2878 3188 2946 sequitur
3205 2894 3217 2930 :
3234 2875 3407 2946 Prope
3425 2892 3478 2930 es
3495 2885 3570 2940 tu,
3599 2873 3844 2940 Domine,

2245 2981 2294 3026 et
2343 2971 2516 3025 omnia
2560 2979 2820 3040 praecepta
2867 2979 2959 3025 tua
2988 2970 3200 3024 veritas.
3248 2969 3423 3039 Pr0pe
3464 2979 3546 3024 est
3580 2969 3847 3024 Dominus

2246 3063 2520 3126 omnibus,
2552 3063 2647 3133 qui
2672 3063 2874 3134 ubique
2904 3059 3096 3118 adesti
3133 3077 3232 3117 nec
3271 3061 3459 3134 fugere
3498 3077 3623 3117 eum
3654 3077 3849 3133 possu-

541 3172 723 3215 Sermo
765 3155 966 3213 ChriSli
1012 3153 1327 3221 benedical.
1377 3164 1430 3210 et
1459 3153 1586 3208 dum
1635 3161 1886 3208 recantas
1929 3152 2141 3206 Domini
2171 3165 2218 3229 ο
2249 3171 2388 3220 mus,
2443 3155 2487 3210 si
2534 3155 2862 3211 olfendimus
2891 3175 2906 3210 :
2935 3170 3034 3211 nec
3073 3156 3283 3220 fallere,
3334 3155 3379 3211 si
3432 3154 3846 3227 delinquimus:

544 3249 981 3315 benedictiones,
1009 3246 1247 3304 studium
1269 3245 1499 3316 alicujus
1532 3245 1748 3300 virtutis
1767 3258 2018 3300 assumas
2045 3259 2059 3309 ;
2087 3251 2144 3297 ut

541 3345 713 3401 etiam
766 3344 820 3399 in
868 3353 921 3399 te
977 3339 1376 3398 benedictionis
1423 3339 1622 3395 divinae
1672 3339 1926 3394 meritum
1984 3351 2143 3393 reco-

543 3452 793 3509 gnoscas.

617 3530 708 3586 55.
747 3529 931 3602 (Vers.
960 3527 1114 3596 M9.)
1141 3526 1399 3597 Sequitur
1432 3541 1622 3582 versus
1649 3525 1870 3596 quintus
1901 3544 1914 3580 :
1957 3523 2145 3580 Vocem

549 3644 714 3684 meam
736 3626 932 3683 exaudi
955 3625 1238 3680 secundum
1264 3624 1670 3678 misericordiam
1697 3632 1860 3686 tuam,
1890 3620 2104 3676 Domine
2129 3636 2147 3673 :

543 3733 591 3778 et
607 3723 888 3778 secundum
901 3720 1164 3795 judicium
1186 3729 1334 3774 tuum
1358 3717 1560 3786 uiviﬁca
1583 3733 1683 3772 me.
1709 3716 1938 3786 Semper
1960 3715 2145 3779 homo,

554 3816 770 3873 etiamsi
795 3825 1040 3881 sanctus,
1067 3822 1124 3870 et
1147 3812 1326 3884 justus
1347 3811 1438 3876 sit,
1464 3810 1626 3866 debet
1655 3825 1813 3865 orare
1837 3826 1852 3875 ;
1888 3819 1948 3864 ut
1983 3824 2150 3864 exau-

555 3908 668 3965 diat
689 3923 812 3964 eum
845 3905 1111 3962 Dominus
1149 3903 1450 3960 secundum
1502 3900 1930 3958 misericordiam
1972 3915 2148 3966 suam,

548 4017 657 4058 non
678 3999 938 4058 secudum
973 3998 1169 4054 merita
1197 3995 1417 4052 virtutis
1448 3993 1716 4064 alicujus;
1745 3992 1869 4064 quia
1900 4006 2023 4048 rara
2052 3991 2152 4046 vir-

552 4103 662 4160 tus,
694 4095 863 4150 multa
887 4100 1107 4163 peccata
1138 4108 1151 4144 :
1186 4102 1242 4146 et
1270 4090 1570 4146 secundum
1594 4088 1857 4159 judicium
1887 4103 2067 4154 suum,
2095 4097 2154 4141 ut

549 4185 780 4241 infirmis
809 4199 967 4254 opem
1001 4183 1156 4238 ferat.
1199 4181 1269 4236 Et
1307 4180 1541 4236 maxime
1574 4180 1676 4235 hoc
1705 4180 1967 4236 debemus
1993 4194 2150 4234 orare

547 4293 672 4334 cum
701 4276 976 4348 aliquibus
1007 4289 1269 4345 urgemur
1298 4273 1565 4328 adversis.
1600 4272 1756 4328 Unde
1786 4288 1892 4327 non
1915 4271 2089 4327 otiose
2120 4286 2150 4325 a

546 4381 737 4426 sancto
765 4367 933 4424 David
985 4365 1264 4438 praemissa
1298 4374 1385 4421 est
1409 4363 1606 4419 diviute
1638 4364 2032 4420 misericordia:
2056 4379 2151 4434 po-

550 4463 794 4518 stulatio.

2251 3262 2352 3302 nec
2402 3246 2721 3311 amittimus,
2775 3249 2820 3302 si
2869 3247 3134 3303 colamus.
3182 3246 3401 3318 Spectat
3452 3247 3636 3303 omnia
3682 3247 3846 3313 Deus,

2249 3341 2432 3396 omnia
2458 3341 2626 3409 videt,
2657 3342 2863 3396 assistit
2883 3341 3334 3412 singulis,'dieens
3358 3359 3369 3394 :
3397 3339 3537 3395 Deus
3553 3341 3847 3410 appropin-

2248 3451 2410 3504 quans
2443 3450 2537 3505 ego
2582 3449 2696 3488 sum
2723 3433 2936 3505 (Jerem.
2971 3449 3135 3501 χχιιι,
3189 3432 3321 3505 25)?
3349 3432 3418 3487 Et
3447 3433 3725 3502 quomodo
3754 3447 3851 3502 pn-

2251 3537 2356 3583 test
2377 3526 2570 3582 deesse
2593 3525 2791 3582 alicubi
2817 3527 2984 3593 Deus,
3015 3540 3136 3582 cum
3169 3525 3237 3580 de
3255 3525 3458 3595 Spiritu
3490 3524 3580 3578 Dei
3614 3525 3849 3596 legeris;

2252 3619 2482 3687 Spiritus
2510 3618 2719 3673 Domini
2743 3619 2956 3688 replevit
2985 3619 3158 3674 orbem
3197 3628 3449 3673 terrarum
3487 3617 3643 3688 (Sap.
3680 3633 3720 3682 ι,
3753 3618 3853 3686 7)?

2251 3712 2387 3782 Quia
2417 3712 2505 3766 ubi
2539 3711 2752 3766 Domini
2783 3709 3040 3780 Spiritus,
3076 3711 3147 3765 ibi
3179 3711 3439 3766 Dominus
3463 3711 3626 3766 Deus.
3651 3707 3855 3764 Caelum

2251 3813 2298 3859 et
2329 3815 2518 3858 terram
2555 3819 2649 3875 ego
2691 3803 2942 3873 compleo,
2986 3801 3111 3856 dicit
3139 3800 3392 3856 Dominus
3437 3799 3652 3872 (Jerem.
3694 3815 3854 3868 nm,

2251 3896 2365 3966 24).
2398 3895 2499 3952 Ubi
2544 3896 2704 3966 igitur
2737 3894 2918 3950 deficit
2952 3896 3044 3965 qui
3087 3895 3272 3965 implet
3309 3893 3526 3950 omnia?
3579 3897 3686 3948 Aut
3715 3909 3856 3962 quo-

2253 3991 2417 4047 modo
2466 3991 2535 4047 de
2580 3989 2917 4059 plenitudine
2951 3989 3069 4059 ejus
3124 4004 3226 4046 nos
3268 4005 3458 4046 omnes
3498 3989 3853 4060 accepimus,

2254 4087 2357 4142 nisi
2380 4085 2634 4141 omnibus
2667 4086 3101 4156 appropinquet?

2326 4179 2415 4234 57.
2467 4179 2709 4250 Denique
2753 4179 2921 4234 David
2965 4179 3145 4236 sciens
3176 4180 3328 4235 illum
3369 4179 3566 4249 ubique
3621 4193 3772 4243 esse,
3809 4189 3858 4235 et

2255 4272 2482 4342 implere
2504 4271 2729 4338 caelum.
2771 4282 2825 4328 et
2849 4282 3070 4339 terram,
3097 4281 3153 4328 et
3179 4273 3371 4340 maria,
3401 4273 3477 4326 ait
3509 4289 3522 4325 :
3561 4273 3680 4338 Quo
3710 4273 3800 4328 ibo
3829 4292 3859 4325 ιι

2256 4366 2461 4437 Spiritu
2506 4377 2593 4421 tuo
2616 4409 2629 4432 ,
2667 4376 2714 4423 et
2741 4385 2839 4438 quo
2877 4385 2911 4422 α
2939 4368 3073 4438 facie
3108 4377 3196 4421 tua
3226 4367 3462 4438 fugiant?
3485 4365 3546 4423 Si
3572 4368 3858 4421 ascendere

2255 4463 2308 4516 in
2335 4461 2540 4527 cazlum,
2568 4475 2622 4516 tu
2645 4462 2714 4516 ibi
2737 4479 2791 4518 es
2821 4479 2840 4517 :
2864 4462 2910 4516 si
2932 4461 3246 4517 descendero
3281 4462 3336 4514 in
3375 4463 3658 4532 infernum,
3694 4462 3859 4515 ades:

622 4555 712 4610 δι.
756 4552 937 4624 (Vers.
970 4552 1120 4623 150.)
1169 4550 1427 4622 Sequitur
1471 4551 1617 4608 enim
1656 4569 1670 4605 :
1695 4551 2151 4623 Appropinquave-
2180 4555 2234 4615 D
2257 4556 2302 4609 si
2323 4572 2590 4626 sumpsero
2616 4563 2812 4627 pennas
2843 4573 2980 4610 meas
3009 4566 3128 4609 ante
3149 4556 3337 4621 lucent,
3361 4564 3407 4608 et
3434 4554 3656 4609 habitem
3691 4557 3750 4610 in
3776 4573 3862 4609 no-

550 4656 670 4700 runt
693 4655 1052 4715 persequentes
1082 4661 1161 4700 nte
1184 4645 1361 4714 inique
1383 4662 1402 4699 .'
1429 4662 1462 4698 a
1483 4643 1593 4712 lege
1621 4653 1791 4698 autem
1819 4653 1910 4698 tua
1939 4643 2151 4715 elonga-

551 4748 750 4796 verunt.
787 4739 1012 4795 Graecus
1042 4739 1121 4794 sic
1160 4737 1341 4809 posuit
1366 4755 1378 4791 :
1401 4738 1960 4810 Appropinquaverunt
1990 4753 2160 4809 perse-

625 4959 762 5014 GSic
791 4971 983 5012 omnes
1023 4969 1158 5010 mss.
1203 4952 1351 5009 Edit.
1396 4959 1604 5017 autem,
1637 4967 1761 5006 usus
1810 4962 1882 5006 est
1927 4952 2150 5024 populus

551 5032 861 5088 Judworum
898 5025 1128 5094 quotidie
1153 5025 1206 5079 in
1254 5024 1587 5094 sermonibus
1606 5024 1733 5086 suis.
1759 5040 1792 5076 a
1816 5040 1966 5094 inane
1993 5039 2153 5093 usque

552 5103 622 5158 ad
651 5093 918 5170 uesperam
930 5097 1196 5170 judicium
1219 5093 1645 5170 Deioperiendo.
1680 5093 1832 5170 Quod
1861 5093 2037 5170 uidens
2063 5111 2152 5170 co_-_

550 5165 749 5247 gnatus
771 5174 884 5243 ejus
918 5165 1028 5247 esse
1065 5165 1728 5247 intolerabile,l_consilium
1771 5165 1938 5247 dedit_
1966 5166 2156 5238 negotii

552 5236 971 5301 consummandi.
999 5239 1190 5312 partito
1217 5253 1330 5312 cum
1354 5237 1474 5291 aliis
1502 5251 1679 5303 onere,
1706 5237 1795 5307 qui
1825 5236 1894 5290 ad
1917 5236 2014 5290 hoc
2037 5236 2160 5290 nm-

552 5331 651 5370 nus
679 5314 826 5368 electi
849 5309 1069 5367 sunt.M
1078 5323 1226 5364 erum
1258 5309 1554 5378 glossema.

623 5385 651 5423 δ
675 5383 1056 5445 Beatitudines,
1097 5395 1194 5435 seu
1227 5379 1606 5432 benedictiones
1629 5385 1788 5433 vocat
1826 5378 2146 5433 Ambrosius

553 5455 790 5526 priorem
810 5453 1078 5526 imprimis
1098 5458 1309 5526 partem
1329 5450 1602 5526 sermonis
1625 5449 1967 5526 illiusquem
1990 5447 2148 5526 Chri-

560 5519 678 5583 stus
706 5525 774 5580 ad
795 5519 1240 5595 discipulos—suos
1264 5521 1526 5595 ittmonte
1552 5520 1759 5595 habuit;
1788 5519 1953 5574 immo
1967 5530 2024 5573 et
2049 5519 2147 5574 ali—

552 5597 771 5668 quando
792 5591 960 5668 totam
994 5595 1140 5649 illam
1167 5592 1561 5668 divinissimam
1595 5591 1939 5668 concionem,
1976 5600 2034 5644 ut
2071 5605 2141 5644 ex

554 5660 676 5737 éjus
723 5669 776 5722 in
831 5667 1033 5737 Lucam
1070 5663 1280 5737 praefat.
1308 5664 1606 5737 observare
1655 5672 1771 5737 est.
1799 5660 1940 5737 illas
1960 5671 2142 5716 autem

553 5732 918 5794 beatitudines
938 5736 1006 5790 iis
1031 5736 1194 5792 etiam
1214 5734 1408 5789 diebus
1431 5734 1627 5804 quibus
1648 5732 1943 5789 ChriStiani
1972 5746 2146 5788 saecu-

2257 4646 2463 4700 vissimo
2492 4648 2685 4714 maris;
2713 4647 2899 4703 etenim
2928 4648 2999 4702 ibi
3020 4664 3202 4702 ntanus
3227 4657 3316 4702 tua
3344 4647 3559 4702 deducet
3587 4665 3690 4714 me,
3716 4658 3768 4702 et
3793 4659 3858 4702 te-

2262 4741 2395 4796 nebit
2440 4757 2520 4796 me
2558 4743 2769 4798 dextera
2811 4751 2900 4797 tua
2951 4741 3125 4812 (Psal.
3157 4757 3425 4810 cxxxvm,
3453 4740 3628 4812 7-10).
3683 4741 3856 4811 Quam

2259 4951 2464 5006 laribus
2495 4950 2759 5026 vacabant
2781 4951 3040 5026 negotiis,
3062 4951 3119 5026 in_
3159 4951 3329 5026 prima
3352 4950 3628 5026 Ecclesiae
3666 4951 3863 5026 synaxi

2261 5021 2530 5078 reCanlari
2551 5023 2927 5089 consuevisse,
2956 5032 3013 5076 ut
3032 5023 3155 5078 inde
3182 5023 3597 5077 stimularentur
3613 5023 3680 5078 ad
3704 5021 3864 5080 exer~

2259 5093 2436 5149 cenda
2483 5093 2870 5149 misericordiae
2924 5109 3113 5164 opera,
3158 5109 3224 5148 ex
3255 5093 3358 5150 hoc
3395 5094 3516 5148 loco
3559 5110 3667 5148 non
3726 5094 3863 5150 male

2261 5167 2537 5232 conjicere
2557 5166 2715 5236 nobis
2736 5165 3004 5220 videmur.
3039 5164 3107 5219 Et
3131 5166 3269 5220 forte
3292 5165 3586 5236 peculiaris
3606 5181 3670 5222 ea
3707 5167 3864 5223 fuerit

2262 5236 2524 5307 Ecclesia:
2547 5235 2766 5290 Mediol.
2797 5237 3165 5307 consuetudo;
3198 5236 3250 5291 in
3281 5235 3404 5291 aliis
3425 5237 3694 5307 siquidem
3733 5239 3863 5292 bene

2266 5307 2451 5362 multis
2483 5306 2625 5361 hanc
2649 5307 2967 5361 matutinam
3006 5306 3442 5378 Christianorum
3477 5306 3862 5378 congregatio-

2259 5393 2381 5432 nem
2428 5379 2659 5448 legimus
2692 5395 2706 5431 :
2739 5379 2836 5433 sed
2890 5395 2956 5431 att
3003 5378 3074 5432 illi
3104 5377 3446 5447 Evangelicm
3497 5377 3863 5436 beatitudine-5

2259 5461 2365 5503 tam
2395 5464 2542 5518 saepe
2568 5449 2955 5514 recitarentur,
2985 5449 3189 5503 nullum
3225 5451 3370 5503 ullihi
3399 5449 3862 5518 deprehendimus

2251 5521 2568 5590 vestigium.
2632 5521 2899 5574 Caeterum
2952 5520 3099 5588 quod
3143 5520 3294 5575 addit
3341 5521 3669 5577 Ambrosius
3724 5534 3782 5576 ut
3823 5530 3862 5570 te

2248 5607 2413 5664 sermo
2459 5590 2651 5664 Clu-isti
2692 5591 2980 5664 benedicat,
3030 5607 3098 5647 eo
3145 5607 3312 5646 sensu
3360 5591 3582 5664 dicitur,
3635 5608 3753 5664 quo
3814 5593 3860 5644 in

2248 5661 2380 5716 Luc.
2407 5678 2460 5716 vt
2485 5661 2555 5717 de
2574 5662 2792 5717 Christo
2813 5678 2938 5716 eum
2963 5676 3271 5718 sermonem
3302 5663 3598 5731 incipiente
3625 5661 3747 5719 :Et
3786 5663 3863 5718 bc-

2249 5732 2585 5788 nedictionem
2629 5733 2692 5789 de
2721 5734 2961 5790 thesauro
3001 5732 3291 5790 divinitatis
3333 5745 3700 5805 prompturus,
3763 5745 3861 5793 etc.
