3948 6376
213 312 350 370 “Si

1314 312 1381 369 IN
1418 310 1739 371 PSALMUM
1778 310 1991 371 CXVIII
2027 310 2412 372 EXPOSITIO.

3373 320 3397 376 I
3408 320 3515 380 4‘82

204 423 318 480 cito
348 422 678 494 significavit
702 422 899 494 ubique
925 423 1093 480 Deum
1126 437 1271 491 eSse,
1301 434 1398 482 tlet
1429 427 1517 482 ubi
1541 442 1617 483 εει
1647 429 1809 494 Deus,
1840 434 1885 490 Α
1918 429 2130 484 causati
2153 432 2345 499 pote:it
2371 429 2509 498 quod
2535 428 2616 484 Sol
2640 430 2871 500 justiti'c
2903 432 3135 491 noluerit
3168 434 3393 504 intrare,
3426 451 3519 495 aut

204 516 285 572 ibi
317 517 571 585 spiritum
596 517 714 585 ejus
742 532 867 571 esse
902 532 1253 587 pneseutem,
1286 531 1339 573 et
1375 522 1703 589 ubicumque
1732 533 1816 577 est

210 608 310 663 Dei
341 609 590 677 spiritus,
618 610 688 664 ibi
719 609 890 664 Deum
920 626 1064 666 csso.
1094 612 1213 679 Quo
1246 612 1365 666 loco
1396 613 1687 667 individua:
1726 631 1819 667 cu-

208 702 338 774 pula
369 702 653 757 Trinitatis
704 719 961 773 extiressa
1003 715 1109 760 est.
1163 705 1443 777 Siquidem
1480 706 1597 762 haec
1632 723 1728 775 per
1756 722 1818 763 os

210 794 504 863 Propheta:
532 796 747 852 locutus
774 806 859 851 e-t
883 798 972 852 Dei
999 797 1187 862 Filius,
1239 800 1289 853 iu
1324 815 1549 869 persona
1582 800 1817 854 hominis

208 886 450 951 locutus,
479 888 571 955 qui
613 905 708 957 per
739 890 1166 947 incarnationem
1198 892 1477 947 descendit
1516 894 1569 947 in
1618 903 1815 957 terras,

212 995 318 1049 per
346 981 811 1038 resurrectionem
842 984 1091 1039 ascendit
1120 986 1171 1039 in
1198 986 1419 1048 C(lfillm,
1454 1001 1549 1056 per
1571 986 1819 1055 corporis

216 1083 454 1127 mortem
503 1075 1127 1145 penetravitinfernum,
1177 1085 1237 1131 ttt
1278 1076 1513 1132 solveret
1545 1077 1816 1146 alligatos.

214 1170 329 1222 Aut
372 1168 417 1222 si
472 1168 540 1222 ad
589 1169 917 1237 Propltetam
957 1170 1184 1228 referas.
1234 1170 1470 1226 adverlis
1499 1185 1819 1239 extiressttm

215 1258 363 1330 quod
390 1259 588 1327 ubique
612 1277 807 1315 manus
829 1270 884 1316 et
907 1261 1141 1317 dextera
1179 1263 1273 1317 Dei
1305 1262 1551 1317 Christus
1578 1262 1815 1329 assistat,

214 1351 310 1405 ubi
344 1352 504 1406 Pater
537 1353 698 1420 Deus,
731 1361 786 1407 et
812 1364 1033 1408 sanctus
1064 1353 1153 1408 Dei
1180 1355 1436 1424 Spiritus.

292 1444 386 1498 58.
419 1444 506 1500 An
546 1460 667 1499 cum
722 1445 789 1500 de
833 1446 952 1501 sole
989 1445 1241 1501 dubitare
1271 1461 1627 1515 nequeamus,
1673 1444 1818 1516 quod

212 1536 557 1605 procedente
588 1536 677 1593 die
718 1549 832 1593 toto
883 1540 1016 1593 urbe
1068 1538 1253 1594 radios
1292 1540 1559 1594 diffundat
1586 1555 1735 1604 suos,
1768 1548 1823 1593 et

214 1627 485 1683 omnibus
511 1630 689 1684 lumen
720 1629 990 1696 infundat,
1021 1647 1181 1698 quem
1212 1632 1371 1685 etiam
1406 1632 1481 1685 illi
1514 1632 1603 1700 qtti
1638 1630 1822 1686 vidi-re

216 1738 337 1776 non
385 1731 630 1790 possmtt.
666 1723 908 1777 Sentium
941 1734 1119 1778 tamen
1166 1725 1311 1777 aeris
1344 1724 1513 1790 ipsius
1546 1725 1658 1778 I'Otu
1699 1738 1823 1777 esse

1920 521 2286 576 iulirtnitatem
2310 523 2531 578 luminis
2547 526 2787 580 caelestis
2807 530 3075 597 arguere?
3099 530 3513 599 Pulsujauuatn

1923 622 2067 668 lnam
2099 615 2190 668 Dei
2227 615 2482 669 Vettium.
2511 617 2572 671 Si
2600 620 2811 685 quiin...
2845 621 2969 673 utilti
3004 624 3282 689 aperuerit,
3316 624 3510 692 inquit,

1918 708 2121 760 intrabo
2150 708 2337 780 (Apoc.
2386 724 2466 771 ιιι,
2495 708 2610 779 20).
2642 710 2697 765 Si
2741 713 2863 781 quis
2894 728 3023 779 ergo
3065 730 3172 767 ttou
3220 716 3513 783 aperuerit,

1921 800 2181 870 numquid
2232 819 2336 855 non
2372 803 2746 870 ingredientis,
2796 813 2852 858 et
2895 821 2998 859 non
3033 808 3203 877 magis“
3243 824 3347 861 non
3388 824 3517 878 ape-

1920 894 2112 948 rictttis
2138 904 2222 950 est
2252 896 2454 964 culpa?
2484 895 2624 950 Nihil
2668 898 2887 967 quidem
2923 899 3033 954 lico
3065 913 3141 956 est
3174 902 3516 970 obaeratum,

1920 983 2057 1039 nihil
2084 986 2327 1042 clausum
2359 1000 2565 1042 mlcrtm
2587 990 2774 1043 lutniui
2814 993 2939 1044 :sed
2973 1005 3155 1062 portas
3180 996 3397 1049 malitia:
3427 996 3519 1052 de—

1921 1077 2175 1146 dignatur
2223 1080 2459 1149 aperire,
2493 1084 2771 1137 conclavia
2817 1097 2922 1139 n0u
2952 1085 3067 1139 vult
3105 1100 3392 1156 penetrare
3426 1104 3519 1146 ne—

1922 1170 2127 1239 quilim.

1993 1262 2086 1317 41.
2118 1262 2200 1317 An
2225 1280 2357 1322 vero
2381 1281 2502 1320 cum
2531 1268 2723 1324 animm
2752 1280 2952 1325 nostra:
2978 1272 3134 1343 vigor
3159 1285 3370 1343 putrem
3402 1292 3524 1331 cor-

1923 1358 2072 1426 poris
2094 1357 2327 1429 refugiat
2351 1362 2679 1429 portionem,
2710 1365 2852 1433 quod
2881 1366 2999 1435 ejus-
3028 1371 3257 1435 gratiam
3280 1374 3522 1441 eorrupti

1922 1457 2072 1503 artus
2124 1453 2330 1505 sentire
2381 1469 2486 1507 non
2534 1455 2773 1524 possint;
2815 1456 2958 1512 Deus
3005 1472 3278 1519 corruptze
3326 1464 3523 1518 anitum

1925 1544 2171 1598 membra
2203 1545 2446 1615 qua-dam
2492 1548 2750 1617 dignatur
2783 1549 3071 1605 habitare?
3098 1553 3308 1609 Auimze
3342 1566 3527 1612 tamen

1926 1636 2080 1704 vigor
2103 1653 2201 1704 per
2228 1652 2429 1707 corpus
2456 1655 2619 1695 omne
2650 1640 2993 1706 diffunditur,
3022 1644 3138 1699 sive
3167 1661 3381 1709 manus,
3414 1650 3530 1703 sive

1927 1744 2041 1798 pes,
2084 1731 2198 1785 sive
2236 1733 2438 1802 digitus
2493 1733 2768 1803 particeps
2810 1750 3006 1789 sensus
3050 1746 3128 1789 est
3158 1755 3169 1789 :
3203 1737 3293 1792 Dei
3350 1748 3531 1805 potest

216 1812 601 1885 praesentem?
633 1812 729 1869 Ubi
761 1815 907 1868 enim
950 1814 1105 1869 deest
1144 1815 1293 1869 calor
1335 1814 1516 1870 illius?
1544 1818 1662 1881 Quo
1692 1814 1823 1868 radii
1856 1816 1903 1875 B
1930 1820 2124 1874 alicubi
2166 1821 2356 1877 det-sse
2398 1825 2689 1891 sapientia,
2728 1824 2927 1879 alicubi
2956 1826 3073 1894 ejus
3101 1827 3294 1883 deesse
3325 1830 3527 1900 majus-

217 1908 349 1979 ejus
391 1925 497 1963 non
532 1907 879 1977 perveniunt,
908 1923 1032 1964 cum
1079 1909 1340 1965 discussis
1376 1908 1551 1963 noctis
1602 1918 1696 1963 aut
1727 1926 1826 1962 nu-

214 2002 374 2057 bium
420 2002 682 2066 teuebris,
727 2001 999 2057 illuminat
1031 2002 1242 2057 terras?
1280 2002 1336 2057 lu
1374 2002 1516 2057 cmlo
1546 2002 1737 2072 fulget,
1772 2002 1823 2057 in

217 2100 365 2153 mari
393 2098 601 2161 rutilat,
628 2097 801 2153 fervet
833 2098 887 2151 in
927 2099 1086 2151 terris
1130 2098 1205 2151 De
1228 2097 1344 2152 sole
1374 2113 1506 2167 ergo
1533 2112 1639 2151 nou
1670 2095 1827 2150 dubi-

217 2197 335 2246 tas.
368 2187 510 2258 quod
544 2187 744 2257 ultique
773 2188 1118 2258 resplendeat
1146 2204 1159 2241 :
1193 2188 1261 2242 de
1287 2188 1393 2241 Deo
1419 2188 1655 2244 dubitas.
1680 2187 1827 2256 quod

217 2282 432 2351 ubique
477 2281 675 2350 fulgeat
712 2280 971 2349 Splendor
998 2282 1188 2350 gloriae
1228 2281 1367 2346 ejus,
1396 2292 1449 2336 et
1481 2281 1660 2350 imago
1701 2280 1829 2335 sub-

218 2373 486 2429 stantia?
518 2372 655 2441 Quid
704 2390 810 2428 nou
859 2382 1110 2444 penetret
1161 2374 1376 2446 1220
1426 2374 1655 2429 Verbum
1705 2372 1825 2438 Dei,

224 2468 870 2538 Spleudurteterttus,qui
896 2468 1060 2523 etiam
1086 2470 1295 2521 occulta
1322 2468 1519 2521 mentis
1537 2467 1825 2531 illuminat,

220 2578 357 2634 qua!
393 2578 499 2616 non
546 2570 727 2631 patest
773 2562 875 2616 iSte
921 2562 1001 2615 sol
1048 2573 1365 2629 penetrare;
1405 2559 1637 2615 \‘erbum
1681 2559 1827 2614 enim

222 2655 328 2711 Dei
371 2654 581 2725 gladius
626 2655 890 2725 Spiritalis
927 2664 1034 2719 est,
1064 2670 1233 2725 usque
1276 2653 1341 2708 ad
1376 2653 1674 2708 div.si0ttes
1713 2653 1829 2707 ani-

221 2766 359 2815 mm,
389 2760 549 2817 atque
589 2762 829 2813 artumn,
859 2748 1335 2818 medullarumque
1384 2749 1726 2817 perveniens.
1754 2744 1830 2799 De

220 2856 341 2912 quo
372 2841 500 2895 dicit
533 2841 756 2896 Simenu
783 2841 966 2909 justus
997 2841 1062 2893 ad
1100 2840 1319 2895 Mariam
1352 2856 1364 2893 :
1404 2838 1465 2892 Et
1499 2851 1641 2891 tuum
1667 2838 1831 2909 ipsius

220 2936 460 2987 animum
487 2934 818 3000 pertransiait
864 2933 1106 3006 gladius:
1138 2946 1191 2984 ut
1233 2932 1521 2986 revclentur
1550 2931 1831 2983 multorum

220 3026 471 3081 cordium
498 3026 832 3096 cogitationes
860 3024 1013 3095 (Luc.
1050 3040 1106 3087 u,
1138 3024 1252 3094 '55).

301 3117 396 3174 '59.
428 3120 681 3173 Peuetrat
706 3134 837 3184 ergo
869 3119 1131 3183 animum,
1164 3125 1220 3171 et
1256 3117 1409 3187 quasi
1436 3115 1642 3172 candor
1669 3124 1830 3171 reter-

222 3227 316 3267 naa
350 3210 486 3266 lucis
519 3211 773 3265 illustrat.
818 3209 925 3266 Sed
968 3211 1217 3279 quamvis
1254 3209 1449 3264 diffuse
1493 3224 1588 3279 per
1612 3224 1826 3273 omnes,
1854 3193 1900 3255 C

224 3314 282 3359 et
322 3304 379 3357 in
426 3319 638 3367 omnes,
671 3313 726 3359 et
774 3318 935 3368 supra
984 3318 1174 3358 omnes
1218 3313 1514 3373 pOtestates
1558 3303 1663 3365 sit;
1703 3301 1827 3371 quia

224 3395 490 3452 omnibus
531 3408 685 3451 ortus
724 3411 790 3450 ex
842 3395 1066 3463 Virgine
1114 3411 1219 3460 ρει,
1270 3405 1325 3451 et
1359 3395 1517 3449 bonis
1563 3403 1619 3450 et
1672 3396 1831 3450 malis

226 3491 395 3562 (sicut
424 3501 479 3546 et
510 3492 682 3545 ξομ-ιιι
709 3504 865 3545 suum
906 3490 1039 3544 oriri
1066 3490 1221 3559 jubet
1249 3504 1413 3556 super
1440 3490 1609 3542 bonos
1635 3499 1687 3540 et
1717 3503 1830 3542 ma-

224 3581 340 3652 lus)
380 3582 533 3637 illum
567 3593 744 3637 tamen
784 3582 927 3637 fovet
955 3583 1043 3652 qui
1079 3582 1476 3651 appropinquat
1516 3581 1637 3635 sibi.
1680 3580 1828 3636 Sicut

224 3674 379 3731 enim
406 3690 435 3727 a
473 3690 531 3729 se
569 3674 829 3745 fulgorem
864 3673 997 3728 solis
1025 3674 1286 3738 excludit,
1316 3676 1407 3745 qui
1439 3672 1706 3728 fenestras
1733 3672 1830 3726 do-

226 3783 356 3824 mus
400 3783 514 3823 suae
552 3768 844 3832 clauserit,
879 3767 1166 3837 lucumque
1216 3768 1568 3822 tenebrosum
1621 3767 1674 3820 in
1721 3780 1828 3835 quo

224 3859 565 3928 diversetur,
582 3860 837 3931 elegerit;
866 3860 939 3914 ita
973 3860 1145 3929 quise
1169 3860 1428 3914 averterit
1466 3875 1494 3912 a
1523 3860 1638 3913 sole
1671 3856 1829 3928 justi-

223 3952 340 4017 tiac,
374 3968 479 4006 non
506 3953 1049 4020 potestspleudorem
1088 3952 1207 4021 ejus
1244 3951 1529 4019 adspicere
1552 3969 1563 4003 ε
1586 3951 1640 4005 iu
1678 3962 1830 4006 leue-

224 4044 347 4100 bris
378 4045 643 4109 ambulat,
670 4051 726 4099 et
749 4045 800 4098 iu
836 4043 1079 4097 omnium
1122 4044 1242 4099 luce
1279 4045 1395 4112 ipse
1418 4043 1521 4095 sibi
1547 4057 1711 4097 causa
1744 4052 1829 4097 est

223 4139 515 4191 ea'citatis.
567 4134 713 4190 Tuas
752 4136 918 4202 igitur
964 4135 1038 4189 illi
1077 4135 1225 4203 aperi
1270 4134 1569 4198 fenestras;
1618 4146 1675 4187 ut
1716 4143 1827 4187 tota

222 4228 426 4283 dOmtts
456 4238 543 4281 ma
584 4226 697 4281 veri
733 4226 944 4296 fulgore
981 4226 1113 4280 solis
1147 4225 1369 4282 illuceat
1412 4244 1426 4280 :
1456 4224 1606 4291 aperi
1640 4224 1829 4278 oculos

223 4330 375 4385 tuas,
430 4332 488 4375 ut
529 4319 720 4375 videas
754 4324 1021 4375 orientem
1080 4321 1175 4374 tibi
1229 4320 1401 4375 solem
1432 4320 1677 4388 iustitiae.
1721 4317 1827 4374 Sed

222 4431 364 4472 cave
401 4432 469 4470 ue
504 4431 602 4469 eos
644 4416 753 4471 ulla
782 4416 994 4481 stipula:
1028 4414 1234 4469 festuca
1275 4414 1575 4485 perturbet.
1603 4413 1661 4470 Si
1698 4409 1826 4481 qttid

222 4510 409 4567 sordis
451 4510 504 4565 in
534 4510 699 4565 oculo
732 4510 895 4565 fuerit
933 4509 1130 4563 mentis
1180 4520 1308 4572 tuae,
1352 4523 1458 4562 non
1506 4507 1712 4575 poteris
1744 4505 1829 4561 itt-

1928 1913 2046 1966 tas?
2072 1913 2215 1969 Sane
2247 1915 2512 1984 fugientes
2557 1931 2662 1969 non
2699 1918 2915 1975 retinet.
2952 1934 3057 1972 non
3092 1920 3238 1987 cogit
3281 1922 3479 1978 invitos
3512 1942 3526 1979 :

1929 2005 2024 2061 sed
2059 2023 2233 2075 neque
2259 2008 2463 2062 fastidit
2488 2010 2988 2079 appropinquantes
3014 2022 3104 2066 :et
3131 2014 3281 2069 illius
3308 2017 3527 2085 quidem

1929 2096 2125 2161 virtus,
2166 2099 2307 2153 illius
2356 2099 2595 2153 Verbum
2632 2102 2773 2155 Deus
2820 2103 3072 2158 omnibus
3113 2121 3282 2174 prope
3312 2120 3392 2161 est
3421 2127 3433 2162 :
3461 2108 3531 2163 In

1928 2189 2042 2258 ipso
2072 2191 2215 2243 enim
2246 2202 2481 2246 constant
2514 2194 2706 2257 omnia,
2749 2203 2797 2247 et
2832 2195 2942 2262 ipse
2982 2207 3053 2249 est
3094 2208 3251 2264 caput
3296 2200 3531 2265 corporis

1931 2279 2179 2336 Ecclesia!
2223 2282 2444 2352 (Coloss.
2471 2301 2509 2343 ι,
2548 2286 2612 2339 i7
2651 2296 2697 2339 et
2726 2285 2836 2357 ta),
2886 2290 2937 2340 in
2978 2305 3079 2357 quo
3135 2291 3301 2344 omnis
3336 2291 3533 2346 innabi-

1931 2372 2051 2426 tatb
2100 2376 2367 2443 plenitudo
2394 2375 2614 2441 (Coloss.
2664 2393 2721 2434 ιι.
2755 2378 2832 2445 9).
2881 2379 2987 2432 Sed
3027 2382 3314 2448 plerosque.
3360 2383 3428 2435 ab
3467 2398 3534 2438 eo

1933 2482 2153 2545 peccata
2187 2479 2505 2533 secernunt,
2544 2468 2612 2524 de
2655 2471 2852 2537 quibus
2900 2472 3103 2525 dictum
3142 2484 3224 2527 est
3257 2473 3423 2529 :Ecce
3449 2477 3537 2542 qui

1930 2560 2176 2632 elongtmt
2222 2577 2275 2614 se
2320 2579 2352 2615 a
2393 2573 2461 2624 te,
2510 2561 2747 2631 peribunt
2796 2562 2950 2633 (Paul
3006 2580 3177 2620 Lxxu.
3219 2564 3337 2631 ‘27).
3386 2566 3541 2622 Ulltie

1931 2663 2150 2706 sanctus
2183 2653 2449 2721 Propheta
2478 2657 2555 2706 ait
2591 2674 2603 2706 :
2636 2653 2773 2707 Mihi
2806 2666 2976 2707 autem
3011 2658 3279 2710 adluat-ere
3309 2655 3419 2711 Deo
3443 2659 3533 2713 bo-

1932 2758 2146 2801 numest
2171 2746 2361 2813 (Ibid.,
2386 2748 2503 2817 28).
2540 2747 2602 2801 Et
2637 2749 2924 2807 Apostolus
2947 2749 3242 2804 ostendens
3267 2768 3371 2804 non
3405 2768 3530 2808 e~se

1932 2837 2091 2905 longe
2141 2838 2308 2891 Deum
2353 2838 2422 2892 ab
2458 2854 2786 2907 unoquoque
2825 2849 3069 2893 nostrum
3106 2860 3118 2896 :
3154 2840 3223 2895 In
3266 2843 3401 2913 ipso,
3450 2843 3532 2897 itt-

1931 2932 2070 2999 quit,
2108 2932 2343 2995 vicimus,
2390 2943 2437 2984 et
2476 2948 2754 2996 movemur,
2802 2942 2848 2985 et
2898 2950 3077 2987 sumus
3122 2935 3260 3003 (Act.
3300 2952 3429 3000 xvu,
3459 2938 3529 2992 27

1932 3032 1979 3075 et
2014 3022 2131 3092 9.8).
2175 3023 2403 3077 Vitalem
2449 3023 2649 3079 etenim
2692 3026 2946 3077 omnibus
2973 3026 3196 3094 gratiam
3240 3028 3534 3085 subminis-

1934 3125 2103 3179 trans,
2138 3121 2347 3190 1221
2375 3117 2628 3171 omnibus
2670 3132 2869 3188 praesul
2896 3126 2979 3171 est
3016 3134 3244 3175 munere
3274 3120 3531 3178 bonitatis

1932 3226 2043 3265 suae
2071 3228 2082 3261 :
2117 3214 2211 3264 sed
2244 3210 2493 3277 preprior
2520 3221 2605 3265 est
2643 3211 2750 3265 illis
2779 3213 2867 3282 qui
2900 3213 3135 3266 c0utritu
3180 3222 3307 3267 sunt
3337 3216 3525 3269 corde.

2002 3301 2091 3355 49..
2134 3301 2289 3368 Quod
2347 3310 2503 3357 vetus
2546 3318 2763 3373 quoque
2822 3320 2919 3373 per
2966 3307 3250 3373 :en‘gmata
3304 3306 3529 3364 ltiStot-ia

1931 3393 2111 3447 docet.
2158 3394 2373 3463 Moyses
2410 3394 2461 3447 itt
2512 3394 2713 3447 montis
2763 3394 2912 3449 Siuai
2957 3397 3249 3465 stupercilo
3297 3408 3443 3463 erat,
3478 3409 3535 3456 et

1931 3486 2085 3539 solus
2112 3497 2228 3540 erat
2274 3500 2287 3536 :
2322 3484 2556 3554 populus
2586 3486 2637 3537 in
2668 3487 2808 3540 valle
2837 3528 2851 3551 ,
2881 3488 2932 3539 iu
2965 3488 3074 3540 imo
3108 3489 3306 3542 montis
3336 3506 3348 3543 :
3383 3505 3535 3558 pres-

1932 3581 2103 3653 byteri
2139 3581 2192 3634 iu
2224 3589 2375 3650 parte
2405 3579 2603 3633 montis
2628 3594 2789 3648 supra
2823 3584 3013 3635 merita
3050 3582 3255 3649 plebis.
3287 3584 3380 3637 sed
3416 3586 3533 3650 pitt-

1929 3672 2069 3728 rimo
2093 3672 2378 3727 intervallo
2401 3688 2430 3726 a
2462 3671 2633 3744 Moysi
2664 3672 2873 3728 meritis
2901 3674 3135 3742 separati
3169 3673 3365 3743 (Exod.
3394 3692 3479 3731 xu
3504 3720 3518 3743 ,

1928 3766 2000 3823 20
2022 3778 2066 3820 et
2096 3784 2203 3837 seq.
2230 3764 2270 3838 ).
2315 3765 2429 3819 Non
2460 3780 2652 3819 omnes
2704 3766 2755 3817 in
2810 3767 3052 3829 vertice,
3103 3782 3279 3836 neque
3326 3769 3376 3821 iu
3421 3769 3532 3825 imo

1930 3872 2143 3921 omnes,
2177 3856 2272 3911 sed
2309 3856 2573 3925 populus:
2626 3855 2840 3925 Moyses
2882 3856 3031 3908 solus
3064 3857 3113 3909 in
3146 3859 3350 3911 vertice
3401 3859 3529 3913 Sina

1933 3951 2153 4008 montis.
2183 3950 2272 4019 qui
2306 3949 2493 4003 Latina
2544 3948 2992 4016 interpretatione
3032 3948 3256 4014 dicitur,
3291 3952 3525 4006 tentatio.

1931 4044 1999 4099 Et
2028 4055 2081 4097 ttt
2129 4044 2174 4097 si
2206 4058 2370 4111 supra
2406 4044 2737 4097 tentatioues
2787 4045 3134 4107 ascenderis,
3186 4052 3237 4098 et
3290 4047 3529 4100 contrito

1931 4136 2095 4191 corde
2117 4135 2377 4211 detttlcris
2401 4149 2641 4203 precem,
2661 4136 2771 4187 lteo
2795 4134 3081 4200 proximus
3103 4135 3241 4189 eris:
3265 4137 3308 4189 si
3331 4138 3531 4190 mundo

1927 4227 2091 4284 c0rtle
2118 4227 2313 4291 fueris,
2343 4237 2396 4279 et
2425 4241 2477 4279 tu
2508 4225 2674 4278 Deum
2706 4224 2942 4289 videbis;
2978 4224 3124 4279 Beati
3155 4227 3299 4282 enim
3329 4228 3521 4282 mundo

1932 4322 2127 4387 corde;
2154 4322 2274 4384 quia
2302 4321 2401 4384 ipsi
2436 4320 2599 4373 Deum
2625 4319 2864 4371 videbunt
2890 4318 3085 4390 (.‘llattlt
3131 4335 3193 4381 v,
3224 4318 3304 4391 ὃ).

2002 4415 2093 4469 45.
2134 4413 2235 4480 Qui
2269 4427 2400 4480 ergo
2432 4412 2542 4465 Deo
2574 4414 2850 4479 proximus
2889 4420 3003 4473 est,
3035 4410 3164 4464 dicit
3195 4426 3208 4461 :
3242 4409 3411 4478 Prope
3436 4429 3487 4465 es
3511 4451 3526 4478 ,

1932 4504 2177 4570 Domine,
2210 4515 2256 4557 et
2303 4504 2477 4557 omnia
2525 4513 2778 4572 ρνωτρριιι
2805 4511 2894 4554 tua
2925 4501 3132 4553 veritas.
3173 4499 3394 4553 Juda-us
3429 4501 3532 4558 hoc

222 4602 405 4656 tueri:
438 4602 483 4655 si
516 4602 646 4673 quid
686 4600 1045 4671 (egritudinis,
1085 4601 1202 4667 plus
1240 4598 1514 4668 gravabit;
1548 4597 1827 4651 confusam
1853 4601 1907 4661 Β
1936 4614 2041 4653 nou
2068 4605 2246 4667 potest
2270 4597 2455 4650 dicere
2476 4635 2491 4658 ,
2519 4593 2608 4662 qui
2640 4608 2745 4646 non
2776 4592 2966 4659 recipit
2996 4591 3287 4644 Dominum
3320 4592 3528 4659 .Iesum;

224 4694 513 4749 oculorum
536 4693 709 4747 aciem
734 4691 822 4745 lux
848 4692 994 4757 ferit,
1021 4690 1391 4760 majoretnque
1413 4690 1659 4744 dolorem
1682 4688 1829 4744 exci-

225 4795 325 4841 tat.
358 4785 441 4841 St
470 4799 605 4853 ergo
641 4784 873 4854 simplex
903 4783 1096 4837 oculus
1130 4795 1285 4838 tuus:
1316 4797 1383 4836 ne
1407 4781 1630 4849 incipiat
1657 4790 1826 4833 tutum

225 4893 431 4945 corpus
454 4888 605 4931 tuutn
633 4892 757 4933 e~se
780 4878 1150 4941 tenebrosum,
1179 4882 1234 4929 et
1260 4874 1476 4930 vacillet
1516 4875 1568 4929 iu
1600 4872 1825 4939 lumine,

223 4973 368 5027 sicut
396 4982 518 5025 sunt
542 4986 811 5026 ramorum
834 4969 1079 5035 vestigia.

290 5066 387 5120 40.
419 5063 689 5129 Numquid
711 5063 756 5117 si
782 5062 903 5133 quis
921 5063 1057 5115 osda
1080 5060 1274 5114 domus
1303 5073 1415 5113 sute
1439 5058 1676 5122 claudat,
1698 5055 1829 5110 solis

224 5170 309 5216 est
340 5158 500 5228 culpa
538 5158 681 5226 quod
719 5171 826 5210 non
869 5155 1140 5208 illutniuet
1171 5152 1390 5206 domum
1424 5151 1577 5220 ejus?
1622 5151 1760 5220 Ergo
1786 5148 1831 5203 si

224 5254 356 5323 quis
381 5258 727 5313 peccatorum
752 5262 974 5299 suorum
1000 5246 1273 5313 repagulis
1292 5243 1650 5299 ubsetaudatu
1684 5257 1834 5295 meu-

227 5353 340 5398 tem
373 5339 647 5410 propriam
672 5337 1022 5408 iudicaverit.
1055 5345 1109 5390 ct
1136 5334 1294 5390 Verbi
1336 5352 1365 5388 a
1395 5349 1454 5389 se
1483 5334 1831 5403 Splemim'em

222 5432 433 5491 stultus
452 5439 684 5496 avertat,
708 5445 772 5485 ac
803 5430 904 5483 sibi
934 5427 1128 5483 inferat
1150 5428 1478 5497 IlISipielltiiB
1501 5426 1831 5490 caecitatem;

302 5604 329 5631 ι
348 5592 555 5648 Omnes
583 5592 743 5651 edit.,
775 5600 821 5644 et
844 5590 929 5644 ubi
951 5602 1022 5643 est
1044 5590 1138 5643 ι)ρὶ
1159 5590 1392 5654 spiritus,
1423 5587 1494 5640 ibi
1518 5587 1681 5641 neum
1709 5602 1842 5647 esse,

223 5673 277 5723 et
304 5665 394 5719 ubi
422 5677 494 5719 est
540 5663 701 5726 Deus,
723 5664 791 5715 ibi
816 5664 1054 5733 spiritum
1078 5659 1173 5716 Dei
1203 5676 1310 5714 esse
1340 5668 1665 5733 praesentem.
1704 5662 1832 5710 Mss.

220 5737 436 5805 aliquot
465 5751 574 5791 nou
602 5736 780 5789 minus
802 5731 1130 5802 praepostere
1151 5749 1167 5797 ;
1191 5734 1285 5787 sed
1315 5731 1404 5785 alii
1436 5731 1617 5800 plures
1656 5744 1719 5784 ac
1744 5746 1841 5799 pu-

224 5808 426 5873 tiores,
456 5814 518 5864 ut
548 5807 600 5864 iu
626 5816 799 5862 thtu.

755 5898 1036 5960 ΡΑτιιοι.
1096 5896 1237 5960 XV.

1932 4690 2204 4758 separavit
2226 4689 2370 4741 enim
2393 4701 2483 4746 se,
2514 4699 2614 4739 nec
2646 4685 2696 4737 in
2724 4684 3040 4745 veritatem,
3074 4682 3170 4736 sed
3201 4683 3251 4736 iu
3284 4686 3529 4741 umbram

1933 4783 2126 4839 credit.
2161 4780 2447 4845 Quomodo
2490 4778 2617 4831 dicit
2652 4795 2664 4831 :
2707 4775 2975 4847 Prwcrpta
3024 4784 3114 4828 tua
3163 4777 3529 4843 t'erilas;cum

1932 4876 2102 4945 gratia
2133 4882 2188 4928 et
2210 4871 2411 4925 veritas
2440 4886 2534 4938 per
2564 4868 2747 4923 Jesum
2788 4867 3062 4920 Chrisuttu
3098 4866 3232 4920 facta
3266 4868 3335 4920 sit
3357 4910 3371 4932 ,
3406 4885 3529 4925 cum

1934 4981 2056 5020 eum
2087 4979 2191 5017 ιιοιι
2242 4968 2531 5030 agnoscat,
2561 4958 2652 5026 qui
2687 4959 2916 5011 Veritate
2964 4966 3019 5011 et
3057 4957 3393 5022 plenitmliue
3423 4961 3533 5014 cir-

1934 5053 2286 5111 cutncisit‘mis
2312 5068 2422 5105 suae
2456 5060 2625 5103 totum
2660 5052 2921 5102 tuttndttttt
2958 5048 3230 5101 redeunt?

2008 5143 2098 5198 4i.
2142 5142 2329 5207 (Vcrs.
2379 5141 2481 5195 15").
2511 5141 2528 5208 )
2561 5144 2794 5193 Octavus
2838 5153 3026 5191 versus
3058 5147 3140 5190 est
3193 5152 3206 5189 :
3244 5135 3406 5192 Initio
3454 5157 3542 5194 co-

1936 5236 2087 5307 gnovi
2110 5237 2173 5287 de
2200 5232 2502 5287 tcstitttoniis
2526 5232 2624 5284 tuis
2650 5247 2663 5295 ;
2688 5231 2808 5299 quia
2834 5230 2887 5282 in
2917 5240 3160 5283 wtrrnum
3200 5232 3429 5287 fundasti
3457 5248 3537 5287 ea.

1939 5330 2017 5385 De
2048 5327 2374 5383 testimoniis
2395 5367 2408 5389 ,
2445 5325 2617 5395 inquit
2640 5368 2651 5383 ,
2680 5325 2785 5376 tuis
2817 5322 2886 5377 ab
2920 5322 3075 5375 initio
3097 5338 3141 5372 ct
3164 5323 3458 5392 gnitionem
3484 5337 3540 5380 et

1940 5423 2103 5478 [idem
2123 5421 2391 5490 assumpsi
2416 5462 2430 5486 ,
2460 5416 2606 5489 quod
2637 5434 2686 5470 ιιι
2710 5427 2973 5469 a-teruum
2998 5414 3218 5467 fundata
3243 5426 3403 5481 sunt;
3431 5427 3543 5472 tes-

2025 5581 2270 5639 bOmnes
2300 5581 2461 5642 edit.,
2495 5578 2760 5649 plenitudo
2790 5574 3094 5629 dirinitatis.
3127 5573 3232 5629 Sed
3264 5590 3387 5633 vos.
3419 5577 3551 5630 divi-

1946 5656 2141 5710 uitatis.
2179 5657 2245 5705 ab
2268 5655 2517 5705 omnibus
2546 5667 2673 5702 mss.
2702 5649 2874 5707 abest,
2904 5664 3003 5700 nec
3031 5662 3361 5717 tuagnOpere
3389 5650 3546 5703 vide-

1949 5737 2034 5782 tur
2063 5725 2422 5784 Ambrosiauo
2447 5720 2628 5779 sensui
2658 5717 2987 5776 necessaria.

2979 5876 3056 5939 10
