3948 6402
436 379 464 437 1
476 376 580 438 Δ85

1757 362 2006 426 SANCTI
2042 356 2364 425 AMBROSII

3600 358 3746 426 M84

434 494 724 552 timonium
756 490 901 548 enim
925 486 1088 544 fidele
1113 495 1217 552 est,
1242 492 1295 541 et
1320 487 1540 555 praestat
1563 473 1807 555 parvulis
1828 484 2043 555 sapicn-
2067 486 2123 546 Α
2148 482 2318 538 clest'te
2347 478 2570 551 (Colass.
2602 492 2619 534 ι
2647 520 2661 545 ,
2694 478 2762 536 i7
2791 487 2839 533 et
2872 478 2984 549 18).
3016 470 3129 534 Hoc
3153 483 3320 549 caput
3346 477 3438 550 qui
3458 479 3745 547 amiserit,

434 591 590 644 tiam.
624 587 687 644 Si
708 583 1100 657 cognovissent
1129 577 1299 634 Adam
1328 587 1384 635 et
1410 578 1522 633 Eva
1550 578 1694 649 quod
1724 576 1879 649 quasi
1913 591 2036 648 par-

2144 575 2361 632 vivendi
2390 589 2547 631 usum
2579 571 2784 629 habere
2807 588 2914 628 non
2936 572 3157 643 poterit.
3189 569 3303 627 [ioc
3329 572 3449 628 solo
3471 572 3743 631 distamus

433 683 577 738 vulis
606 681 729 736 data
758 686 944 735 essent
973 673 1216 730 cautiora
1245 682 1561 744 praecepta;
1594 688 1663 729 ne
1708 672 2039 743 usurparent
2140 687 2170 728 a
2220 670 2429 739 bestiis,
2464 669 2529 727 ad
2578 669 2868 742 imaginem
2902 668 2998 725 Dei
3026 678 3082 725 et
3122 662 3536 725 similitudinem
3568 668 3745 724 virtu-

431 773 537 829 sibi
565 771 850 828 scientiam
895 766 1019 824 boni
1048 774 1104 823 et
1132 758 1487 837 mali,quam
1516 771 1671 821 recto
1717 760 2035 821 discrimine
2138 773 2254 820 tum
2300 763 2486 835 vigore
2528 754 2766 819 formati.
2822 760 2985 818 Fides
3038 770 3136 818 nos
3171 759 3238 815 ab
3284 760 3743 818 irrationabiiium

430 868 662 927 delinire
690 883 797 924 non
849 874 1113 937 possent,
1165 858 1403 935 paradisi
1433 861 1726 923 iucolatum
1759 861 1816 916 in
1841 866 2035 931 perpc-
2138 852 2406 931 pecudum
2428 857 2836 929 comparatione
2866 853 3128 912 Secernit.
3156 853 3270 911 Hoc
3297 865 3487 926 caput,
3514 855 3743 913 humani

428 973 579 1019 tuum
609 959 886 1017 vindicare
931 959 1255 1029 potuissent.
1287 956 1342 1012 Si
1387 954 1738 1012 considerent
1781 950 2032 1008 homines

424 1054 550 1126 quia
581 1053 803 1125 sanguis
837 1050 1078 1109 hominis
1110 1048 1177 1104 ad
1206 1046 1374 1104 Deum
1397 1046 1599 1102 clamat
1623 1086 1639 1113 ,
1673 1059 1871 1101 manus
1900 1057 2030 1115 pro-

424 1148 573 1219 prias
593 1162 625 1202 a
655 1160 789 1201 nece
813 1136 1049 1200 hominis
1076 1136 1445 1198 abstinebant.
1469 1139 1528 1197 Si
1549 1137 1860 1196 custodiant
1890 1146 2030 1209 pras-

422 1248 579 1310 cepta
608 1254 730 1311 qua:
757 1236 908 1292 dedit
935 1236 1194 1291 Dominus
1219 1248 1401 1289 coram
1431 1233 1571 1289 coelo
1600 1240 1657 1288 et
1701 1241 1843 1288 terra
1868 1239 1895 1268 α
1919 1239 2028 1287 tes-

421 1329 589 1399 tibus,
622 1332 811 1388 dicens
841 1348 855 1383 :
883 1329 1053 1395 Audi,
1082 1328 1288 1394 emtum,
1319 1334 1368 1382 et
1395 1324 1611 1380 auribus
1639 1325 1866 1398 percipe,
1889 1328 2026 1379 terra

419 1422 597 1492 (Esai.
625 1439 677 1489 ι,
704 1420 764 1492 2)
799 1440 813 1478 :
846 1421 1084 1477 scientes
1109 1420 1235 1492 quia
1272 1416 1530 1489 quidquid
1580 1414 1766 1489 liagitii
1797 1412 2024 1471 commi-

416 1519 626 1584 serint,
658 1516 927 1572 adversus
955 1514 1127 1585 legem
1158 1506 1374 1568 Domini
1405 1510 1632 1575 fecisse,
1663 1510 1981 1582 angelorum
2003 1549 2018 1575 ,

413 1614 471 1669 et
498 1608 862 1676 Potestatum,
920 1616 1235 1665 sanctorum
1281 1620 1498 1677 quoque
1549 1602 1833 1659 hominum
1864 1600 2023 1658 testi-

412 1706 616 1762 moniis
646 1713 979 1777 arguantur,
1013 1716 1177 1771 supra
1212 1695 1327 1754 haec
1354 1696 1667 1755 testimonia
1694 1694 2016 1751 fundamen-

410 1811 523 1857 tum
555 1799 661 1856 sibi
686 1789 1026 1855 eonstituent
1049 1836 1063 1862 ,
1093 1794 1218 1866 quia
1246 1804 1449 1848 aeterna
1480 1794 1795 1862 suntatque
1822 1802 2017 1860 perpe-

2136 957 2376 1017 servate,
2396 952 2708 1021 serpentes;
2728 947 2941 1006 etiamsi
2964 940 3146 1005 omnia
3169 946 3415 1005 membra
3437 949 3743 1019 ctedantur,

2135 1049 2307 1097 tutum
2341 1044 2529 1098 uratur
2556 1054 2758 1113 corpus
2786 1039 3057 1097 incendiis
3080 1082 3094 1108 ,
3130 1050 3413 1114 mergatur
3440 1038 3738 1112 profundo.

2133 1134 2469 1190 evisceretur
2495 1142 2523 1188 a
2569 1128 2760 1190 bestiis
2782 1178 2797 1201 ,
2847 1134 2953 1190 hoc
2980 1141 3161 1189 tamen
3212 1128 3392 1205 capite
3417 1131 3695 1189 custodito
3720 1177 3737 1202 ,

2130 1225 2243 1282 vita
2274 1226 2481 1297 integra
2505 1269 2520 1295 ,
2552 1224 2699 1282 salus
2726 1233 2838 1282 tuta
2869 1233 2983 1292 est;
3011 1232 3174 1282 nemo
3203 1225 3350 1283 enim
3383 1230 3569 1298 potest
3612 1241 3741 1298 per-

2129 1319 2210 1375 ire
2232 1363 2247 1388 ,
2283 1316 2371 1375 cui
2397 1333 2504 1374 non
2539 1316 2785 1375 sublatus
2805 1326 2893 1375 est
2920 1317 3192 1375 Christus.
3492 1304 3495 1307 ’

2198 1415 2255 1470 3.
2296 1412 2395 1469 Est
2427 1422 2483 1469 et
2509 1420 2672 1484 caput
2699 1420 2911 1468 summa
2937 1408 3104 1468 smdil
3133 1421 3300 1482 atque
3320 1411 3503 1484 operis
3531 1410 3730 1479 nostri,

2126 1516 2335 1560 summa
2363 1503 2568 1576 negotii
2594 1546 2610 1570 ,
2639 1518 2849 1561 summa
2879 1504 3029 1575 spei,
3054 1514 3264 1560 summa
3284 1504 3567 1561 virtutum.
3595 1500 3731 1561 Om-

2125 1596 2212 1653 nis
2236 1604 2416 1653 autem
2465 1606 2677 1652 summa
2710 1600 2796 1653 est
2824 1594 2993 1653 studii
3022 1597 3223 1663 nostri;
3254 1606 3313 1652 ut
3350 1596 3522 1653 simus
3549 1597 3728 1654 itumi-

2123 1689 2202 1746 les
2227 1729 2243 1757 ,
2271 1686 2552 1746 veritatem
2586 1700 2881 1761 sequamur
2904 1734 2919 1758 ,
2943 1705 3098 1761 quam
3141 1704 3244 1745 non
3290 1684 3425 1745 uidet
3475 1686 3731 1747 extollens

2121 1797 2198 1849 se,
2230 1778 2663 1853 frustrainﬂatus
2708 1790 2878 1835 mente
2920 1782 3093 1836 carnis
3141 1792 3272 1848 suae,
3303 1789 3351 1836 et
3398 1793 3503 1837 non
3552 1788 3732 1839 tenens

408 1903 524 1949 tua.
558 1894 626 1949 Et
674 1907 775 1948 nos
821 1905 951 1961 ergo
1001 1903 1139 1958 opus
1179 1894 1423 1942 nostrum
1471 1876 1801 1940 :edilicemus
1849 1894 2016 1952 supra
2049 1878 2099 1940 B
2125 1880 2281 1944 caput
2312 1871 2535 1946 (Coloss.
2569 1887 2643 1941 tt,
2671 1872 2738 1929 i8
2769 1881 2819 1926 et
2843 1869 2953 1943 19).
2976 1871 3133 1941 Quod
3176 1871 3375 1929 sithoc
3421 1882 3584 1944 caput
3611 1874 3730 1930 evi-

410 1989 828 2046 fundamentum
853 1983 1289 2041 testimoniorum
1313 1974 1620 2037 cmlestium
1646 1992 1661 2043 ;
1694 1984 1755 2033 ut
1780 1990 1892 2031 non
1922 1988 2014 2028 ar-

415 2080 544 2137 deat
568 2074 711 2134 sicut
731 2077 935 2148 lignum
966 2083 1060 2131 aut
1088 2071 1287 2145 stipula
1339 2088 1352 2126 ι
1392 2069 1489 2126 scd
1520 2069 1663 2126 sicut
1681 2083 1869 2125 aurum
1893 2080 2017 2139 pro-

412 2171 603 2238 betur;
628 2180 687 2226 ut
713 2178 924 2225 aeterno
950 2174 1172 2222 maneat
1196 2162 1384 2219 nixum
1406 2154 1746 2218 fundamine.

872 2297 1107 2356 SERMO
1146 2293 1546 2354 VlGESlMUS.

1092 2418 1143 2471 'l.
1167 2408 1370 2469 Resch.

476 2532 528 2591 1.
569 2524 764 2602 Incipit
809 2529 991 2585 littera
1025 2526 1286 2597 vigesima
1307 2525 1410 2581 Res
1430 2568 1445 2592 ,
1471 2537 1594 2595 qua:
1619 2521 1808 2579 Latina
1840 2520 2010 2577 inter-

407 2626 718 2696 pretatione
761 2631 917 2692 caput
970 2619 1194 2685 dicitur,
1250 2619 1335 2673 vel
1384 2618 1659 2689 primatus.
1692 2613 1871 2686 Caput
1900 2620 2007 2679 est,

404 2727 466 2771 ut
496 2716 724 2770 formam
757 2713 978 2784 generis
1015 2706 1238 2765 humani
1269 2706 1684 2764 consideremus
1704 2747 1720 2774 ,
1749 2704 1899 2776 quod
1930 2702 2011 2759 Γο-

400 2820 493 2865 vet
521 2808 765 2864 membra
788 2807 991 2869 omnia,
1021 2812 1076 2860 et
1105 2801 1293 2874 dirigit
1320 2812 1480 2871 atque
1512 2800 1707 2871 itnplet
1731 2798 2002 2854 Sensibus.

400 2899 599 2956 Sensus
628 2898 772 2953 enim
805 2898 1055 2967 sapientis
1102 2896 1157 2949 in
1199 2895 1370 2964 capite
1413 2897 1528 2967 ejus
1575 2891 1748 2966 (Eccl.
1783 2905 1855 2957 tt,
1888 2885 2003 2960 14).

394 2992 527 3050 inde
551 2986 749 3049 ductus
771 3004 1055 3054 venarum,
1088 2995 1408 3056 meatusque
1441 2985 1693 3055 spiritus,
1722 2984 2003 3055 sanguinis

399 3087 548 3142 vires
598 3084 651 3140 in
683 3084 850 3139 totius
893 3090 1078 3152 partes
1105 3080 1355 3151 corporis
1401 3079 1736 3134 derivantur.
1786 3078 2006 3133 Lustrat

396 3178 605 3245 omnia,
650 3184 811 3232 ornat
851 3174 1052 3229 omnia.
1102 3172 1330 3227 Sublato
1361 3171 1563 3241 capite,
1613 3184 1817 3241 corpus
1875 3170 2000 3226 sine

2119 1966 2312 2022 denter
2340 1966 2613 2038 expressit
2658 1965 2847 2022 dicens
2878 1981 2892 2019 :
2922 1963 3009 2021 Ea:
3057 1980 3158 2037 quo
3203 1978 3355 2023 omne
3407 1983 3594 2037 corpus
3625 1983 3722 2039 per

2117 2060 2593 2132 compaginationes
2621 2069 2670 2115 et
2699 2059 3056 2134 colligationes
3083 2054 3530 2116 subministratum
3558 2068 3609 2116 et
3632 2077 3723 2117 co-

2117 2153 2356 2225 pulatum
2382 2154 2567 2210 crescit
2592 2155 2648 2210 in
2675 2153 3051 2209 incrementum
3074 2149 3177 2208 Dei
3200 2151 3392 2225 (Ibid.,
3425 2152 3539 2226 i9).
3571 2148 3644 2209 Et
3667 2152 3723 2210 in

2115 2244 2293 2301 Esaiae
2314 2242 2453 2302 libro
2475 2245 2606 2302 dicit
2630 2245 2894 2302 Dominus
2941 2260 3039 2317 per
3066 2244 3398 2316 Prophetam
3425 2264 3438 2299 :
3470 2245 3726 2317 Aufer-am

2114 2356 2147 2393 a
2169 2335 2358 2394 Iudaea
2385 2346 2541 2412 caput
2570 2348 2619 2394 et
2643 2340 2886 2409 caudam,
2918 2339 3123 2395 initium
3156 2348 3205 2395 et
3233 2334 3390 2410 ﬁnem
3423 2336 3597 2411 (Esai.
3630 2356 3687 2397 rx
3707 2381 3723 2407 ,

2116 2426 2253 2500 i4).
2334 2428 2447 2486 Hoc
2522 2434 2683 2498 caput
2735 2426 2926 2487 Iudaea
2996 2430 3142 2502 quod
3220 2432 3441 2489 tenebat
3503 2431 3721 2502 amisit,

2116 2530 2237 2590 qua:
2268 2518 2454 2578 Iesum
2489 2520 2778 2578 Dominum
2809 2536 2921 2578 non
2954 2520 3184 2592 recepit.
3211 2520 3317 2580 Ubi
3348 2520 3483 2581 ﬁdes
3503 2530 3631 2591 est,
3665 2530 3725 2581 et

2112 2615 2365 2683 initium,
2418 2626 2475 2673 et
2520 2617 2683 2675 linem
2732 2616 3013 2674 habemus.
3046 2613 3151 2674 Ubi
3180 2615 3438 2688 perﬁdia,
3483 2628 3589 2674 nec
3619 2614 3727 2673 ini-

2116 2711 2274 2777 tium,
2310 2720 2410 2767 nec
2455 2710 2580 2767 linis
2608 2715 2710 2769 est.
2736 2708 2980 2768 Ecclesia
3006 2710 3333 2782 principium
3366 2708 3567 2779 habet,
3595 2727 3726 2783 qua:

2109 2803 2387 2861 Christum
2413 2802 2610 2872 habet;
2640 2802 2890 2860 Christus
2919 2803 3064 2859 enim
3093 2802 3357 2860 Ecclesiae
3384 2802 3715 2874 principium

2109 2900 2228 2965 est,
2261 2892 2660 2970 primogenitus
2684 2913 2751 2955 ex
2781 2894 3032 2954 mortuis.
3066 2894 3244 2955 [labet
3273 2905 3328 2954 et
3353 2897 3516 2953 linem
3543 2915 3558 2962 ;
3590 2898 3723 2968 quia

2106 2990 2229 3063 ipse
2257 2996 2343 3047 est
2387 2992 2596 3062 primus
2623 3000 2678 3049 et
2704 2990 3053 3050 novissimus.
3101 2991 3224 3063 ipse
3263 2999 3349 3048 est
3396 2990 3519 3047 linis
3559 2989 3725 3063 Legis

2106 3085 2175 3140 ad
2196 3085 2463 3157 justitiam
2513 3086 2661 3142 omni
2707 3086 2974 3143 credenti.
3019 3086 3304 3158 Synagoga
3354 3094 3457 3142 nec
3498 3084 3720 3141 initium

2105 3192 2210 3233 nec
2236 3177 2396 3232 tinem
2426 3177 2622 3245 habet;
2652 3179 2778 3249 quia
2809 3188 2910 3236 nec
2949 3178 3002 3234 in
3036 3174 3304 3250 principio
3336 3178 3544 3236 invenit
3564 3179 3722 3251 quod

395 3272 620 3328 nomine
647 3281 763 3337 est,
797 3282 903 3323 non
930 3266 1266 3338 agnoscitur,
1293 3280 1392 3320 nec
1422 3263 1531 3319 ulla
1555 3272 1807 3334 superest
1835 3279 2000 3319 usura
2027 3259 2072 3322 C
2106 3280 2385 3340 sequatur,
2414 3282 2518 3327 nec
2559 3267 2612 3326 in
2647 3271 2755 3328 line
2781 3270 2929 3344 quod
2969 3279 3173 3342 speret.
3206 3266 3429 3327 lnﬂatus
3459 3287 3594 3344 ergo
3621 3287 3720 3329 ca-

399 3358 640 3418 vivendi.
664 3361 961 3430 Propterea
1005 3356 1098 3429 qui
1126 3357 1182 3412 in
1222 3355 1402 3427 aliquo
1436 3359 1647 3433 1222
1672 3358 2003 3412 damnantur

399 3455 634 3511 crimine
659 3496 673 3518 ,
706 3468 775 3508 eo
796 3451 939 3523 quod
963 3462 1343 3507 ornamentum
1370 3454 1457 3506 est
1488 3458 1652 3506 totius
1702 3451 1950 3522 corporis
1980 3494 1996 3517 ,

398 3546 427 3587 δ
450 3547 627 3616 capite
655 3545 979 3600 abdicantur
1008 3562 1021 3599 :
1053 3551 1110 3600 et
1137 3543 1263 3614 quia
1302 3543 1445 3615 turpi
1472 3543 1553 3599 vel
1586 3543 1821 3599 seelesto
1848 3552 2002 3598 reatu

398 3638 653 3695 belluinze
686 3636 928 3693 ieditatis
958 3634 1222 3700 illuviem,
1246 3634 1333 3690 vel
1370 3634 1618 3691 bestialis
1649 3635 2003 3690 immanitatis

393 3731 686 3787 horrorem
714 3729 1092 3784 commississe
1116 3727 1317 3784 detecti
1346 3738 1472 3783 sunt
1496 3771 1512 3797 ,
1548 3736 1818 3799 tamquam
1850 3728 1886 3783 ii
1910 3726 2002 3799 qui

395 3821 680 3894 proposito
713 3819 969 3875 humana:
998 3816 1390 3876 moderationis
1411 3818 1741 3886 exciderint,
1770 3821 2000 3877 formam

398 3930 617 3986 quoque
643 3914 893 3970 humanie
925 3912 1255 3969 conditionis
1273 3908 1534 3984 jubentur
1555 3930 1776 3971 exuere.
1805 3914 2004 3970 Reciso

398 4011 545 4066 enim
600 4009 800 4081 capite,
860 4006 1055 4079 reliqui
1113 4008 1361 4077 corpOris
1418 4016 1644 4063 truncus
1702 4007 2001 4063 bestiarum

400 4104 620 4174 corpori
660 4111 1032 4172 comparatur,
1072 4112 1129 4157 et
1178 4100 1466 4172 sapientiae
1508 4116 1638 4158 arce
1683 4100 1999 4159 fraudatur:

400 4194 526 4265 quia
554 4192 835 4263 sapientia:
861 4209 969 4247 non
999 4190 1175 4262 potuit
1198 4200 1384 4247 tenere
1406 4190 1705 4247 rationem.
1727 4192 2005 4264 Sepelitur

404 4288 569 4356 igitur
596 4285 715 4340 sine
742 4285 943 4339 decore
960 4299 1060 4339 suo
1081 4297 1281 4353 corpus
1306 4300 1319 4348 ;
1342 4282 1398 4337 in
1423 4284 1602 4353 capite
1627 4284 1828 4339 etenim
1851 4282 2004 4356 vigor

404 4378 553 4444 vitae,
581 4377 634 4431 in
661 4375 841 4445 capite
871 4384 956 4431 est
1000 4375 1178 4446 gratia
1206 4375 1531 4429 venustatis.

476 4468 533 4525 Ξ.
575 4462 773 4524 Fertur
811 4464 1062 4535 coluber,
1086 4482 1214 4522 cum
1246 4475 1469 4538 urgetur
1512 4467 1795 4537 periculo,
1840 4478 2004 4539 caput

403 4577 617 4635 semper
648 4560 1018 4629 abscondere,
1055 4568 1109 4615 et
1154 4560 1207 4615 in
1236 4560 1429 4616 orhem
1454 4575 1514 4615 se
1557 4558 1857 4631 colligens,
1905 4560 2003 4617 ob-

2104 3368 2199 3434 put
2229 3372 2336 3417 non
2378 3370 2557 3429 tenet,
2594 3360 2699 3420 hoc
2735 3373 2860 3432 est,
2902 3364 3049 3419 illam
3095 3363 3299 3421 Christi
3345 3363 3717 3422 humilitatem

2101 3469 2206 3525 qua
2236 3452 2518 3510 descendit
2546 3469 2717 3526 usque
2744 3454 2811 3510 ad
2842 3468 3058 3512 crucem
3079 3498 3094 3522 ,
3132 3450 3417 3512 descendit
3444 3466 3622 3527 usque
3641 3452 3713 3513 ad

2102 3546 2331 3603 inferos.
2361 3544 2490 3604 Ideo
2535 3544 2757 3604 Judaeus
2786 3562 2894 3603 non
2927 3547 3187 3618 credidit;
3235 3542 3358 3620 quia
3387 3544 3725 3621 contempsit

2102 3636 2379 3694 dicentem
2444 3656 2457 3693 :
2504 3634 2697 3695 Discite
2718 3654 2749 3693 a
2778 3654 2878 3704 me,
2910 3640 3035 3710 quia
3055 3640 3195 3696 mitis
3228 3650 3342 3695 sum
3365 3683 3381 3707 ,
3422 3648 3472 3695 et
3500 3638 3725 3699 humilis

2103 3730 2258 3785 corde
2290 3727 2507 3804 (Matth.
2556 3745 2639 3796 xx,
2669 3730 2786 3805 29).
2836 3728 2964 3789 Haec
2991 3730 3275 3789 humilitas
3302 3733 3566 3789 virtutum
3593 3746 3722 3790 om-

2102 3820 2253 3876 nium
2281 3830 2446 3892 caput
2488 3832 2611 3890 est,
2638 3832 2757 3892 qum
2781 3831 2955 3880 totum
2998 3825 3147 3883 velut
3186 3822 3461 3897 quoddam
3494 3834 3725 3884 nostro-

2103 3929 2222 3970 rum
2251 3924 2472 3971 actutim
2504 3914 2650 3971 l‘ovet
2670 3926 2891 3987 corpus.
3699 3943 3703 3946 ν

2088 4042 2090 4045 -
2175 4008 2230 4064 4.
2272 4006 2529 4077 Quamvis
2552 4004 2800 4063 iniit-mus
2823 4004 3021 4081 aliquis
3042 4008 3147 4075 sit,
3176 4022 3403 4082 pauper,
3436 4006 3719 4082 ignobilis,

2104 4111 2286 4159 tamen
2317 4103 2363 4156 si
2387 4117 2494 4157 non
2522 4116 2580 4157 se
2601 4101 2827 4158 extollat
2854 4110 2908 4157 et
2937 4100 3193 4173 praeferat
3220 4144 3234 4169 ,
3260 4102 3375 4173 ipsa
3408 4116 3468 4158 se
3490 4102 3725 4158 humili-

2107 4202 2215 4250 tate
2244 4193 2611 4250 commendat.
2648 4193 2944 4265 Sitaliquis
2974 4194 3250 4266 praedives
3274 4202 3331 4251 et
3366 4186 3580 4268 1223
3612 4210 3722 4251 no-

2105 4282 2272 4353 bilis,
2308 4284 2450 4341 idem
2497 4285 2542 4340 si
2590 4282 2928 4340 nobilitatem
2972 4286 3191 4356 generis
3235 4292 3289 4341 et
3332 4284 3554 4341 divitias
3582 4294 3720 4343 suas

2101 4376 2291 4446 jactet,
2339 4370 2631 4433 insolentia
2673 4376 2757 4432 sui
2798 4377 2918 4433 vilis
2948 4383 3052 4433 est.
3098 4375 3180 4434 Sit
3211 4372 3410 4449 aliquis
3437 4377 3718 4437 laeundus

2105 4478 2164 4526 et
2191 4466 2370 4535 fertis,
2398 4470 2489 4540 qui
2515 4479 2725 4526 tumore
2747 4468 3015 4527 facundiae
3044 4486 3108 4527 ac
3137 4466 3354 4527 virtutis
3382 4470 3562 4528 elatus
3584 4473 3715 4544 plu-

2107 4560 2306 4616 rimum
2334 4558 2440 4616 sibi
2475 4569 2729 4631 arroget:
2765 4574 2945 4617 nonne
2974 4560 3026 4618 ei
3048 4568 3271 4632 propter
3294 4561 3717 4632 verecundiam,

395 4633 540 4724 jecta
566 4650 763 4721 reliqui
791 4662 942 4723 parte
963 4652 1210 4722 corporis
1231 4692 1245 4719 ,
1278 4650 1381 4707 hoc
1401 4651 1576 4707 solum
1601 4650 1735 4706 tueri
1761 4667 1778 4718 ;
1810 4656 1833 4691 ε
1856 4652 2000 4721 quod
2026 4633 2083 4695 Ῑ)
2107 4661 2163 4708 et
2186 4648 2451 4721 insipiens
2495 4651 2814 4722 plerumque
2846 4661 2903 4707 et
2928 4651 3198 4707 invalidus
3220 4650 3534 4708 antefertur
3557 4654 3581 4706 γ
3603 4653 3723 4709 Dc-

404 4745 545 4800 illisa
574 4743 784 4799 feratur
822 4742 1064 4799 membra
1093 4752 1325 4811 caetera,
1369 4743 1521 4800 salvo
1563 4743 1757 4815 capitis
1782 4738 1996 4815 vigore,

406 4848 684 4904 reparare.
717 4833 831 4889 Hoc
858 4843 914 4889 et
938 4843 992 4888 tu
1022 4834 1305 4890 moraliter
1325 4844 1489 4904 caput
1516 4849 1671 4890 serva
1689 4877 1703 4901 ,
1745 4832 1849 4890 hoc
1875 4849 1997 4891 ser-

399 4930 526 4981 vato
568 4934 625 4982 et
649 4925 897 4998 mystice.
933 4922 1217 4998 Mysticum
1259 4940 1421 4996 caput
1444 4924 1695 4982 Christus
1717 4934 1839 4993 est;
1871 4926 1998 4998 quia

402 5018 593 5074 Omnia
622 5019 674 5073 in
696 5019 809 5090 ipso
832 5026 1099 5083 constant,
1129 5026 1177 5073 et
1205 5019 1317 5089 ipse
1344 5027 1419 5073 est
1446 5029 1601 5091 caput
1628 5019 1863 5090 corporis
1893 5016 1993 5075 Ec—

468 5201 684 5275 !Rom.
718 5201 851 5257 edit.
882 5200 996 5255 sola
1016 5199 1268 5275 ,Atestibus
1297 5196 1472 5275 (unde
1497 5199 1629 5275 dixit
1672 5199 1982 5275 Propheta;

394 5273 553 5332 Audi.
587 5272 837 5329 rictum...
873 5272 1056 5343 terra.)
1105 5268 1317 5327 Verum~
1335 5286 1440 5327 non
1471 5273 1608 5326 satis
1639 5268 1871 5341 apparet
1893 5272 1980 5327 cui

2108 4743 2273 4815 nique
2298 4740 2605 4799 Phariszeus
2647 4742 2700 4798 lu
2748 4740 3044 4814 Evangelio
3087 4738 3118 4781 τι
3146 4758 3271 4800 cum
3323 4742 3624 4801 abstemius
3656 4753 3725 4803 et

2104 4850 2302 4908 parcus
2330 4847 2479 4893 esset
2502 4834 2667 4893 alieni
2686 4878 2700 4903 ,
2731 4836 2975 4893 liberalis
3007 4837 3124 4903 sui,
3154 4852 3260 4893 non
3303 4836 3525 4908 rehtgus
3562 4838 3720 4909 jeju-

2104 4928 2215 4995 nii,
2268 4932 2329 4984 ut
2371 4928 2488 4998 ipse
2537 4928 2788 4994 dicebat;
2846 4939 3024 4985 tamen
3075 4937 3298 4998 promer
3342 4927 3718 4999 jactautiam,

2104 5020 2267 5075 etiam
2317 5019 2409 5074 illa
2440 5034 2560 5090 qua:
2591 5019 2794 5076 habere
2839 5028 3072 5090 poterat,
3119 5019 3304 5076 amisit
3325 5019 3484 5091 (Luc.
3523 5033 3669 5079 xvm
3699 5066 3722 5095 ,

2091 5200 2186 5256 sed
2217 5207 2272 5274 et
2314 5199 2499 5274 exsilii
2506 5215 2596 5274 Lac
2623 5200 2909 5274 servitutis
2961 5214 3117 5272 paena
3140 5243 3169 5274 ,ν
3200 5203 3448 5274 capitalis
3479 5208 3723 5267 nomine

2087 5273 2448 5351 censebatur."
2481 5271 2638 5351 Vide_
2664 5271 2904 5351 Brissqn.
2947 5274 3017 5329 de
3053 5273 3214 5330 Verb.
3247 5271 3431 5347 signif.
3473 5276 3572 5333 lib.
3622 5296 3717 5351 nt,

387 5343 534 5415 bono
565 5360 625 5397 ea
660 5343 886 5398 mutatio
906 5341 1124 5397 inductu
1155 5344 1260 5407 sit;
1289 5357 1410 5398 cum
1431 5343 1603 5399 Deum
1629 5344 1681 5397 in
1709 5343 1981 5415 Propheta
2086 5343 2153 5399 ad
2182 5357 2373 5409 voces,
2407 5341 2673 5413 Capitalia
2701 5344 2940 5399 erimina.

386 5414 629 5470 locutum
658 5415 839 5484 quivis
864 5414 1152 5485 intelligat.

448 5508 477 5547 ιι
506 5510 624 5565 Alia
665 5509 884 5579 quidem
917 5522 1073 5566 erant
1101 5520 1304 5578 pratter
1329 5509 1524 5579 capitis
1548 5523 1763 5579 poenam
1795 5516 1980 5564 extre-

373 5596 462 5636 ma
496 5580 783 5649 supplicia,
813 5590 874 5636 ut
898 5597 1164 5637 venarum
1193 5580 1387 5648 sectio,
1419 5596 1714 5648 venenum,
1753 5580 1968 5643 bestiae,

372 5652 642 5722 laqiteus:
676 5666 863 5708 verum
905 5652 1122 5707 omissis
1167 5652 1412 5722 reliquis,
1442 5651 1530 5706 hic
1572 5650 1721 5707 illam
1762 5657 1969 5705 tantum

371 5721 470 5775 Vir
498 5730 716 5775 sanctus
741 5731 1163 5788 commemorat,
1196 5721 1435 5788 velquia
1463 5722 1516 5777 in
1534 5736 1652 5778 rem
1680 5735 1831 5776 suam
1856 5736 1967 5774 ma-

368 5792 450 5869 gis
504 5789 770 5869 faciebat,
818 5794 903 5869 vel
959 5791 1098 5869 forte
1130 5791 1254 5869 quia
1304 5792 1354 5845 id
1400 5793 1664 5869 temporis
1693 5792 1815 5846 aliis
1842 5799 1963 5869 erat

363 5861 725 5931 frequentior,
766 5862 851 5920 vel
901 5861 1119 5923 tandem
1164 5862 1290 5931 quia
1340 5877 1452 5920 non
1507 5862 1685 5919 solum
1729 5861 1955 5927 mortis,

2160 5447 2183 5475 ο
2213 5436 2341 5508 Mss.
2372 5435 2599 5508 aliquot.
2617 5451 2680 5490 ac
2695 5445 2806 5492 vet.
2824 5437 2986 5502 edit.,
3008 5436 3342 5504 Quodilltesa
3367 5438 3718 5508 feratur.....

2083 5500 2348 5577 reparare.
2379 5500 2540 5579 Rom.
2571 5507 2684 5579 sola
2711 5548 2727 5571 ,
2754 5507 2895 5574 quod
2927 5500 3053 5563 (eis
3082 5500 3391 5578 ferantur":
3426 5516 3719 5579 reparari.

2083 5578 2192 5632 Alii
2236 5592 2369 5648 mss.
2416 5576 2614 5648 majori
2658 5592 2903 5642 numero,
2958 5587 3013 5633 et
3073 5576 3497 5648 meliorinota,
3534 5592 3601 5639 ut
3654 5585 3725 5644 in

2080 5621 2255 5731 lexin...
2287 5645 2490 5704 Confer
2508 5621 2697 5773 J:‘igtem
2730 5621 3440 5713 tiddé'toéhin'cvdhi'niiiéf
3463 5621 3522 5708 in
3537 5621 3711 5712 ἲῖεθῗῖ

2077 5731 2295 5773 xxxvu.
2334 5732 2484 5772 num.
2546 5728 2551 5731 '
2597 5757 2608 5771 .

2154 5733 2295 5783 xvu,
2334 5732 2484 5772 num.
2524 5732 2608 5773 te.

2146 5788 2172 5824 ά
2204 5788 2329 5869 Era.
2363 5800 2423 5869 et
2446 5787 2902 5869 seq_.~edil.,_cum
2943 5788 3226 5869 abstinens.
3267 5789 3406 5869 .Am.
3438 5801 3506 5869 et
3530 5809 3713 5869 mss,

2071 5875 2189 5915 cum
2210 5858 2506 5914 abstemius.
2535 5857 2651 5917 Non
2672 5858 2853 5928 male;
2880 5874 3026 5932 saepe
3050 5859 3197 5917 enim
3226 5859 3523 5920 absterritus
3542 5857 3711 5926 idem'
