3948 6410
54 5440 63 5477 i

54 5506 69 5551 Γ

54 5566 79 5703 E

1933 68 2455 96 ___________________

277 410 304 466 i
324 409 416 466 tas
1384 408 1452 469 ΙΝ
1490 406 1821 471 PSALMUM
1853 398 2069 469 CXVIII
2105 404 2490 468 EXPOSITIO.
3448 409 3587 477 i486

280 527 353 583 to
377 535 425 582 st
453 527 616 599 ιαμ).
666 525 817 583 Nihil
846 528 896 584 ei
943 534 1025 585 tot
1048 540 1251 599 genera
1282 528 1546 584 virtutum
1588 540 1697 585 uno
1750 527 1885 583 vitio
1906 532 1959 601 Α
1989 525 2156 595 sapias
2193 538 2331 592 sure,
2359 522 2501 580 alius
2532 523 2587 580 in
2617 521 3185 585 administrationibus
3204 535 3260 585 et
3284 527 3588 589 honoribus

277 618 597 677 decolorata
617 621 884 693 prodesse
923 630 1239 693 potuerunt.
1269 621 1601 678 Publicanus
1623 621 1718 693 qui
1743 620 1884 676 nihil
1986 618 2253 689 gloriatur
2284 636 2297 673 :
2324 619 2506 691 justus
2527 619 2580 674 in
2605 617 2912 677 humilitate
2940 620 3237 693 gloriatur;
3266 624 3409 682 bona
3433 614 3582 682 enim

282 714 616 770 enumerare
661 722 879 785 poterat
920 713 1063 785 quod
1112 722 1298 785 posset
1353 713 1609 785 probari;
1662 720 1888 785 propter
1989 712 2185 785 gloria,
2218 713 2439 771 ChriSto
2470 730 2595 772 esse
2625 714 2950 787 subjectum.
2985 714 3056 774 Ut
3085 718 3227 775 scias
3249 728 3430 776 autem
3459 721 3589 793 quia

284 804 655 862 humilitatem
707 814 887 863 tamen
935 804 1265 875 justiticatus
1320 805 1527 877 magis,
1580 816 1742 876 quam
1793 804 1890 861 ille
1986 807 2196 878 jactare
2229 823 2335 864 non
2367 824 2428 866 se
2476 810 2691 878 cupiat,
2725 810 2823 867 sed
2874 808 3091 869 Domini
3140 813 3196 869 in
3247 828 3309 871 se
3356 816 3588 886 gratiam

287 898 635 964 Pharisens,
684 899 969 957 descendit
1021 914 1053 955 e
1111 899 1346 971 templo,
1401 898 1700 955 secundum
1745 895 1888 968 quod
1991 913 2316 971 provocare,
2348 902 2479 959 alibi
2508 902 2651 960 idem
2683 903 2955 976 Propheta
2987 906 3110 963 ait:
3160 906 3294 963 Vide
3323 908 3593 965 humilita-

289 990 558 1059 scriptum
582 999 669 1044 est
709 990 765 1044 in
798 990 1067 1061 Propheta
1101 1007 1116 1046 :
1159 989 1296 1057 Quia
1325 990 1544 1046 humiles
1573 989 1758 1062 spiritu
1786 989 1895 1045 sal.

290 1082 437 1138 uti:
465 1080 633 1155 (Psat.
666 1096 836 1139 xum
858 1122 872 1145 .
898 1083 1011 1155 19).
1623 1138 1627 1143 .

371 1173 424 1229 ὄλ
469 1174 581 1229 Hoc
625 1185 808 1229 autem
839 1188 961 1230 esse
986 1183 1149 1245 caput
1190 1175 1333 1245 quod
1363 1172 1482 1230 haec
1511 1172 1688 1230 littera
1715 1171 1896 1243 expri‘

296 1274 417 1320 mat
431 1304 446 1331 ,
475 1265 754 1322 evidenter
771 1268 937 1322 etiam
962 1264 1018 1319 in
1047 1264 1332 1321 Hieremias
1357 1262 1592 1321 Threnis
1612 1265 1892 1319 docemur.

294 1358 439 1415 Nam
466 1359 685 1430 palata
712 1358 816 1414 hac
854 1358 1034 1414 littera
1061 1358 1138 1413 ait
1176 1358 1444 1429 Propheta
1474 1373 1487 1412 ε
1520 1357 1752 1428 Spiritus
1780 1363 1898 1410 ante

297 1452 495 1525 faciem
516 1462 749 1509 nostram
772 1451 1008 1507 Christus
1043 1450 1394 1518 Damim...,
1443 1451 1537 1507 sub
1582 1449 1764 1504 umbra
1784 1451 1899 1522 ejus

295 1544 358 1599 in
389 1543 622 1616 gmtibss
662 1544 888 1599 sinemus
918 1542 1135 1615 (Thren.
1165 1558 1237 1613 tv,
1272 1543 1388 1615 20).
1424 1542 1538 1599 Hoc
1580 1553 1711 1613 ergo
1735 1546 1902 1611 caput

296 1652 439 1693 vere
464 1646 577 1703 est,
601 1637 747 1707 quod
774 1637 1016 1693 ninnium
1044 1644 1207 1707 caput
1232 1644 1337 1692 est.

383 1730 438 1786 6.
478 1730 804 1787 Diximnsde
829 1731 1024 1800 capite,
1048 1730 1295 1786 dicamus
1310 1738 1365 1786 et
1383 1728 1455 1786 de
1479 1729 1735 1801 primatu,
1757 1724 1903 1799 quod

302 1824 436 1880 licet
458 1837 715 1880 sermone
734 1824 903 1880 distet
928 1838 992 1880 ac
1018 1824 1196 1880 littera
1222 1839 1237 1890 ;
1272 1836 1433 1879 sensu
1468 1829 1650 1877 tamen
1672 1819 1729 1876 in
1750 1833 1903 1875 eam-

302 1917 436 1973 dem
482 1919 762 1973 concurrit
803 1916 1238 1988 intelligentiam.
1290 1916 1562 1972 Primatns
1604 1914 1747 1972 enim
1780 1911 1904 1983 legi-

304 2026 439 2066 mus
485 2009 541 2065 in
589 2012 760 2068 veteri
808 2011 1160 2068 Testamento
1193 2008 1347 2081 ((ιεη.
1382 2020 1510 2076 xxv,
1536 2006 1650 2078 85),
1683 2016 1818 2076 quos
1847 2004 1904 2060 in

306 2103 693 2176 primogenitis
726 2103 868 2159 Esau
898 2103 1051 2158 fratri
1078 2116 1178 2159 suo
1197 2103 1395 2165 cessit;
1424 2110 1481 2157 et
1508 2100 1635 2155 ideo
1657 2106 1907 2154 vocatum

306 2208 403 2257 est
428 2215 622 2256 nomen
652 2199 773 2271 eius
805 2198 1002 2264 Edam,
1030 2198 1134 2253 hoc
1153 2207 1268 2263 est,
1299 2203 1551 2251 terrenus
1572 2201 1629 2250 et
1655 2189 1903 2249 callidus.

309 2292 410 2349 isti
434 2302 561 2348 sum
581 2299 764 2348 autem
796 2290 1015 2357 fratres,
1042 2289 1111 2346 de
1135 2290 1329 2360 quibus
1356 2295 1578 2359 rogatus
1617 2294 1701 2342 est
1720 2285 1909 2342 Doml‘

308 2400 425 2441 nus
447 2387 518 2439 ab
543 2384 691 2439 Isaac
729 2393 885 2454 patre
908 2394 1098 2438 eorum
1125 2397 1141 2447 ;
1186 2390 1246 2436 nt
1272 2380 1429 2436 daret
1455 2380 1507 2436 ei
1536 2392 1650 2455 suae
1680 2375 1913 2449 posteri-s

308 2478 448 2534 satis
476 2476 719 2532 heredes
738 2477 810 2531 de
838 2474 1082 2530 Rebecca
1114 2486 1287 2528 uxore
1314 2487 1435 2539 sua,
1456 2458 1576 2544 quae
1599 2485 1695 2541 per
1720 2470 1912 2540 viginti

307 2584 493 2626 annos
518 2568 723 2624 nullum
751 2566 978 2623 dederat
1002 2565 1371 2637 generationis
1408 2564 1640 2633 insigne.
1672 2561 1914 2618 Exaudi-

307 2665 394 2720 vit
424 2678 569 2725 eum,
596 2670 652 2717 et
670 2660 923 2732 concepit
960 2660 1231 2725 Rebecca,
1275 2668 1331 2713 et
1360 2657 1569 2728 rogavit
1600 2655 1909 2723 Dominum,

311 2766 342 2796 ⁸
374 2772 508 2815 eum
534 2758 741 2826 jactare
769 2769 832 2810 se
860 2752 1069 2823 parvuli
1103 2751 1420 2807 viderentur
1463 2749 1517 2804 in
1546 2757 1703 2804 utero
1751 2747 1871 2817 ejus
1895 2787 1911 2814 ,

307 2861 370 2908 et
396 2864 717 2919 responsum
744 2847 958 2916 accepit
985 2862 998 2900 :
1028 2843 1163 2900 Duae
1188 2854 1362 2916 gentes
1383 2843 1438 2896 in
1465 2850 1616 2896 utero
1639 2851 1728 2894 tuo
1755 2847 1877 2894 sunt
1897 2878 1911 2903 ,

309 2953 363 3000 et
386 2945 495 2998 duo
524 2941 703 3013 pepuli
729 2939 798 2994 ab
820 2950 964 2994 utero
1010 2949 1099 2992 tuo
1143 2935 1538 3009 separabantur,
1592 2942 1639 2987 et
1686 2931 1915 3001 populus

311 3038 573 3109 populant
620 3034 925 3106 superabit,
968 3042 1017 3086 st
1066 3035 1237 3105 major
1284 3029 1470 3085 seruiet
1501 3026 1691 3082 ntinori
1723 3024 1914 3098 (Ibid.,

308 3132 442 3194 Β).
488 3129 679 3185 Nonne
725 3135 972 3200 apertum
1021 3133 1108 3181 est
1135 3125 1490 3196 mysterium,
1529 3122 1666 3177 duos
1710 3120 1917 3191 signifi-

311 3226 439 3282 cari
458 3224 707 3295 populos,
725 3222 833 3277 hoc
851 3230 937 3275 est
957 3258 971 3285 ,
1000 3218 1257 3290 populum
1284 3216 1595 3285 Iudaeorum
1619 3215 1915 3279 seniorem,

313 3329 373 3376 et
396 3317 767 3373 Christianum
800 3314 1060 3385 populum
1081 3314 1375 3384 iuniorem,
1409 3311 1498 3380 qui
1541 3319 1764 3379 propter
1794 3321 1919 3362 cos-

315 3424 502 3468 turam
551 3410 715 3467 lentis
761 3409 1027 3479 primatus
1063 3406 1246 3460 fratris
1275 3402 1484 3473 accepit
1509 3400 1918 3467 senioris?Quo

316 3504 532 3563 iudicio
581 3502 866 3559 evidenter
901 3499 1231 3569 caprimitur
1275 3495 1417 3567 quod
1460 3493 1691 3566 populus
1738 3490 1922 3548 senior

315 3602 416 3657 ille
439 3608 686 3655 terrenus
715 3605 935 3668 propter
958 3590 1433 3660 intemperantiam
1464 3587 1626 3660 gulm,
1661 3585 1921 3656 primatus

316 3707 469 3764 qms
512 3690 730 3756 habuit,
777 3687 961 3744 amisit
998 3683 1271 3756 :populns
1307 3689 1490 3736 autem
1536 3676 1799 3733 Ecclesiae
1826 3689 1923 3745 per

320 3786 683 3843 sobrietatem
714 3792 771 3838 et
800 3779 1195 3837 continentiam
1214 3816 1228 3841 ,
1277 3775 1543 3841 primatus
1573 3783 1709 3842 quos
1732 3764 1925 3824 ordine

320 3893 436 3935 non
466 3875 703 3931 habebat
726 3874 929 3936 aetatis,
961 3880 1016 3927 et
1050 3867 1411 3925 concessione
1454 3864 1718 3926 fraterna,
1745 3866 1801 3915 et
1838 3858 1925 3928 pio

322 3975 475 4027 furto
502 3979 747 4039 paterna
782 3962 1182 4021 benedictionis
1205 3958 1425 4029 eripuit.
1461 3950 1601 4024 Quid
1648 3960 1735 4009 est
1764 3951 1927 4022 igitur

322 4062 475 4134 quod
504 4060 736 4131 populus
774 4054 959 4126 rapuit
981 4052 1342 4115 Christianus,
1378 4046 1483 4103 nisi
1518 4045 1806 4100 Dominum
1834 4041 1924 4097 Je-

324 4153 500 4210 sumt
531 4155 572 4206 Α
603 4150 798 4207 diebus
824 4147 968 4203 enim
1012 4145 1238 4202 Joannis
1276 4141 1535 4211 Baptistae
1566 4150 1792 4206 regnum
1818 4146 1929 4190 οω-

328 4248 511 4301 lorum
538 4241 772 4313 cogitur,
805 4248 863 4295 et
887 4244 1146 4308 cogentes
1183 4232 1442 4304 diripiunt
1462 4229 1622 4294 illud,
1647 4226 1789 4282 sicut
1815 4226 1930 4295 ipse

328 4335 599 4393 Dominus
636 4329 943 4388 declaravit
987 4327 1208 4399 (Matth.
1262 4340 1352 4390 at,
1405 4320 1521 4391 Η).
1574 4320 1718 4375 Bona
1751 4318 1929 4382 fraus,

329 4429 641 4501 qumvitam
670 4424 886 4480 furatur
916 4430 1204 4477 aeternum.
1236 4414 1344 4473 Sed
1376 4415 1632 4487 quoniam
1656 4411 1789 4467 satis
1812 4409 1930 4464 dice

334 4534 457 4578 tuus
491 4520 562 4575 de
590 4520 793 4573 litterae
823 4513 983 4584 liuius
1010 4507 1557 4582 interpretationibus
1579 4505 1931 4570 arbitramur,

331 4613 757 4673 consideremus
806 4623 873 4665 ea
921 4623 1040 4679 qua:
1081 4605 1209 4661 huic
1259 4605 1457 4659 littera:
1509 4598 1782 4671 Propheta
1811 4595 1936 4652 sub-

327 4708 492 4780 iecit.

1994 998 2095 1045 tem
2113 1008 2287 1048 meam
2315 1002 2363 1049 et
2405 992 2632 1052 laborem
2661 1011 2850 1051 meum.
2875 995 3020 1070 Ergo
3040 999 3194 1070 quasi
3225 1000 3273 1056 is
3298 1001 3386 1071 qui
3411 1000 3593 1057 humi-

1995 1084 2215 1143 liaverit
2252 1100 2348 1144 cor
2370 1102 2551 1155 suum,
2584 1089 2741 1160 quasi
2785 1089 2835 1146 is
2857 1093 2950 1163 qui
2981 1092 3275 1163 plurimum
3306 1093 3596 1153 laborave-

1994 1178 2097 1244 rit,
2128 1178 2203 1234 ibi
2233 1179 2339 1235 sibi
2392 1180 2595 1236 dimitti
2646 1192 2871 1251 peccata
2917 1183 3225 1253 desiderat,
3254 1184 3344 1242 hic
3390 1187 3505 1244 erui
3537 1201 3598 1245 se

1996 1276 2270 1340 precatur.

2072 1361 2125 1418 8.
2166 1361 2452 1420 Constitue
2481 1362 2719 1437 aliquem
2746 1366 3087 1425 sacerdotem
3115 1380 3217 1439 pro
3245 1367 3480 1426 ministri
3511 1384 3601 1426 sa-

2001 1452 2114 1509 lute
2149 1453 2467 1523 sollicitum,
2514 1468 2677 1527 quem
2708 1456 2998 1528 probatum
3024 1458 3279 1516 advertat
3310 1460 3421 1517 Deo
3456 1477 3469 1515 :
3499 1462 3603 1517 ali-

2001 1556 2163 1616 quem
2222 1553 2429 1617 patrem
2483 1559 2583 1617 pro
2620 1545 2733 1603 ﬁlio
2794 1549 2851 1605 in
2910 1550 3234 1621 aegritudine
3295 1552 3599 1609 constituto

2003 1636 2195 1708 gravi:
2225 1636 2465 1709 aliquam
2494 1637 2753 1695 feminam
2783 1641 2870 1696 vel
2913 1654 3014 1712 pro
3063 1641 3210 1710 filio,
3237 1641 3322 1699 vel
3356 1658 3454 1714 pro
3476 1645 3598 1701 viro

2005 1734 2281 1798 maestam,
2305 1729 2648 1787 orationibus
2674 1729 3050 1800 incubantem,
3066 1732 3383 1791 fundentem
3406 1734 3606 1794 uberes

2008 1820 2277 1893 lacrymas
2329 1821 2580 1878 noctibus
2622 1835 2686 1879 ac
2738 1823 2971 1893 diebus,
3027 1824 3403 1884 humiliantem
3443 1843 3504 1884 se
3543 1840 3609 1884 ac

2007 1919 2343 1970 sternentem
2366 1913 2510 1981 solo,
2538 1913 2989 1986 multiplicantem
3011 1916 3241 1988 jejunia,
3274 1927 3331 1976 et
3350 1919 3493 1990 quod
3524 1917 3612 1976 his

2010 2005 2229 2077 gravius
2250 2014 2363 2072 est,
2411 2005 2613 2062 mentis
2640 2012 2806 2078 atque
2836 2005 3006 2063 animi
3037 2007 3229 2066 dolore
3278 2010 3609 2079 confectam,

2011 2096 2188 2153 morbi
2231 2111 2297 2152 ac
2348 2097 2579 2168 periculi
2638 2098 2905 2156 dilatione
2949 2106 3263 2172 torpentem
3306 2099 3492 2158 dicere
3542 2102 3611 2159 ad

2015 2190 2302 2246 Dominum
2332 2206 2348 2257 ;
2382 2190 2516 2246 Vide
2544 2190 2889 2248 humilitatem
2915 2206 3106 2261 meum,
3137 2204 3187 2250 et
3211 2210 3334 2251 erue
3358 2210 3459 2252 me.

2082 2287 2138 2342 9.
2178 2284 2475 2342 Considera
2531 2287 2697 2343 etiam
2749 2291 2876 2359 quia
2930 2290 3164 2360 spiritali
3194 2291 3432 2362 quodam
3485 2291 3615 2347 oleo

2013 2378 2320 2436 caelestium
2372 2386 2767 2450 pmceptomm
2821 2380 2975 2454 ungit
3031 2397 3133 2439 nos
3181 2393 3346 2455 atque
3393 2388 3620 2441 exercet

2015 2473 2260 2545 quotidie
2293 2475 2578 2545 Scriptura
2607 2476 2820 2543 divina,
2852 2486 2907 2533 ct
2935 2478 3199 2535 Dominus
3239 2489 3430 2536 noster
3453 2481 3624 2551 pluri—

2015 2579 2136 2622 mos
2191 2566 2260 2622 ad
2316 2565 2601 2623 subeunda
2653 2568 2957 2625 certamina
3011 2573 3255 2641 gestiens
3284 2584 3618 2643 provocare,

2015 2658 2231 2716 diversa
2291 2660 2478 2732 posuit
2514 2661 2736 2732 prtemia
2782 2672 3134 2719 coronarum.
3176 2660 3501 2731 Considera,
3535 2665 3620 2719 in—

2016 2762 2212 2821 quam,
2263 2750 2467 2807 Christi
2512 2750 2777 2808 athletam
2826 2753 3127 2810 innumeris
3176 2757 3621 2813 contentionibus

2016 2842 2299 2915 fatigatum
2316 2887 2332 2913 ,
2362 2858 2426 2900 ac
2452 2858 2619 2914 prope
2645 2844 2755 2914 jam
2775 2842 2991 2902 lassatis
3018 2846 3224 2903 viribus
3244 2847 3615 2917 resistentem,

2018 2934 2250 3005 periculi
2281 2938 2426 2990 mole
2467 2936 2780 3003 turbatum;
2809 2951 2931 2994 cum
2956 2937 3136 2995 videat
3161 2940 3262 2995 sibi
3304 2955 3411 2995 non
3441 2940 3620 2996 solum

2022 3026 2289 3083 adversus
2313 3040 2533 3083 carnem
2562 3036 2619 3084 et
2641 3030 2979 3102 sanguinem,
3014 3030 3111 3087 sed
3156 3033 3319 3087 etiam
3351 3033 3620 3091 adversus

2019 3118 2296 3190 spiritales
2346 3121 2651 3191 nequitias,
2699 3138 2818 3193 quae
2843 3133 2970 3179 sunt
3010 3123 3063 3179 in
3106 3125 3460 3192 caelestibus,
3491 3138 3619 3184 esse

2019 3211 2325 3278 luctamen,
2359 3211 2577 3269 dicere:
2629 3210 2760 3270 Vide
2802 3216 3147 3273 humilitatem
3192 3234 3378 3285 meam,
3421 3229 3471 3277 et
3499 3232 3622 3275 erue

2022 3320 2135 3373 me;
2166 3306 2411 3377 quoniam
2438 3307 2599 3379 legent
2628 3316 2771 3362 tuam
2799 3325 2901 3365 non
2930 3322 3045 3365 sum
3080 3307 3309 3378 oblitus;
3336 3320 3443 3368 non
3475 3314 3622 3369 enim

2022 3399 2200 3470 potuit
2246 3399 2530 3467 oblivisci,
2563 3400 2654 3471 qui
2707 3400 3009 3459 secundum
3041 3402 3159 3474 ejus
3200 3410 3476 3475 praecepta
3506 3420 3625 3462 cera

2021 3492 2176 3546 tavit.

2096 3576 2185 3637 to.
2226 3580 2497 3638 Contuere
2523 3583 2687 3639 etiam
2706 3582 2943 3655 aliquem
2973 3585 3028 3640 in
3058 3588 3328 3660 martyrio
3356 3588 3627 3646 constitu-

2024 3682 2161 3740 tum,
2192 3670 2572 3744 frequentibus
2616 3674 2876 3733 amictum
2921 3678 3215 3749 Supplicis,
3268 3690 3539 3737 retrnsum
3570 3683 3626 3738 in

2028 3768 2313 3833 tenebras,
2337 3768 2494 3838 gravi
2527 3767 2756 3825 fractum
2789 3770 3031 3840 pondere
3056 3781 3375 3830 catenarum
3396 3815 3413 3841 ,
3446 3773 3629 3831 nervis

2027 3872 2187 3915 crura
2233 3860 2567 3927 distentum,
2623 3862 2984 3917 evisceratum
3028 3865 3283 3933 equuleo,
3340 3880 3630 3922 exaratum

2028 3948 2271 4021 ungulis,
2304 3950 2559 4006 adustum
2584 3952 2949 4009 candentibus
2981 3953 3222 4022 laminis,
3276 3968 3633 4025 persevcran-

2029 4043 2098 4098 tis
2129 4042 2253 4098 fidei
2284 4045 2492 4110 virum,
2539 4045 2635 4100 sed
2659 4045 2772 4116 jam
2816 4046 3088 4103 taediantis
3129 4050 3294 4104 animi
3326 4051 3470 4121 quod
3503 4051 3631 4108 diu-

2032 4135 2139 4189 tius
2158 4134 2442 4190 differatur
2472 4148 2643 4191 sacrac
2673 4139 2868 4194 mortis
2888 4150 3115 4207 curena,
3147 4140 3420 4198 dicentem
3452 4160 3467 4199 :
3503 4141 3633 4200 Vide

2032 4227 2377 4283 humilitatem
2406 4242 2593 4295 meam,
2625 4239 2675 4285 et
2707 4246 2832 4286 erue
2855 4246 2973 4298 me;
3021 4235 3264 4301 quoniam
3293 4236 3453 4309 legem
3490 4248 3634 4294 tuam

2034 4334 2134 4375 non
2164 4336 2280 4376 sum
2310 4320 2523 4375 oblitas.
2568 4319 2685 4377 Non
2718 4322 2896 4379 solum
2948 4325 3093 4381 enim
3146 4329 3199 4383 in
3231 4329 3426 4385 studiis
3470 4340 3636 4402 atque

2034 4410 2366 4482 propositis,
2400 4412 2498 4468 sed
2549 4413 2715 4469 etiam
2749 4414 2802 4468 in
2843 4418 3238 4473 tentationihus
3269 4418 3634 4479 humilitatem

2036 4503 2352 4576 dicipossc,
2400 4505 2731 4561 testimoniis
2762 4505 3168 4576 Scripturarum
3209 4509 3491 4566 docemur.
3544 4513 3636 4567 Si-

2037 4596 2259 4666 quidem
2302 4597 2502 4651 lectum
2532 4605 2618 4652 est
2646 4613 2658 4649 :
2690 4594 2942 4651 Homines
2971 4600 3311 4669 acceptabiles
3340 4603 3394 4656 in
3426 4602 3641 4671 fornace

1964 4726 2018 4786 D
2039 4686 2348 4742 humilitatis
2371 4684 2566 4757 (Ereti.
2600 4698 2665 4754 ιι,
2708 4687 2742 4743 5
2761 4684 2813 4786 λς
2841 4693 3203 4753 ταπεινώσεως
3236 4693 3384 4748 enim
3412 4692 3639 4752 Graecus

410 4801 469 4856 7.
513 4798 694 4870 (Vers.
728 4792 881 4864 155.)
926 4792 1139 4849 Primus
1184 4791 1365 4859 itaque
1391 4800 1583 4843 versus
1617 4791 1702 4841 est
1748 4799 1761 4836 :
1808 4779 1936 4834 Vide
1964 4775 2011 4786 ”
2043 4778 2222 4844 dixit,
2253 4777 2396 4849 quod
2446 4785 2577 4870 est,
2611 4775 2935 4834 humilitatis.
2980 4779 3093 4835 Hoc
3143 4781 3266 4837 ideo
3306 4785 3463 4854 posui
3513 4786 3642 4856 quia

336 4895 692 4951 haesitantem
721 4902 891 4944 meam
915 4926 929 4954 ,
956 4895 1006 4941 et
1052 4898 1174 4941 τηε
1198 4898 1310 4949 me;
1337 4881 1582 4951 quoniam
1606 4879 1769 4949 legent
1797 4884 1938 4929 tuam

335 5004 447 5044 non
477 5002 592 5041 sum
612 4983 826 5039 obiit".
857 4979 1115 5034 Fortasse
1140 4976 1288 5031 dicat
1308 4973 1503 5044 aliquis
1528 4989 1542 5026 :
1573 4971 1847 5026 Gloriatur
1869 4967 1938 5023 de

336 5094 401 5137 se
420 5078 718 5149 Propheta.
757 5074 825 5127 Et
843 5072 891 5126 si
920 5070 1201 5141 gloriatur»,
1234 5066 1498 5139 gloriatur
1526 5065 1579 5119 in
1609 5060 1940 5118 infirmitati-

338 5174 445 5229 bus
470 5172 613 5234 suis,
645 5170 701 5223 in
734 5164 936 5236 quibus
974 5171 1031 5218 et
1073 5159 1367 5231 Apostolus
1390 5158 1676 5229 gloriatur,
1707 5155 1895 5209 dicens
1924 5170 1939 5206 :

337 5260 703 5321 Ghriﬁoriu
732 5254 1125 5327 inﬁrmitatibus
1152 5251 1279 5305 meis
1307 5249 1375 5320 (ll
1398 5249 1521 5305 Cor.
1542 5262 1619 5302 ιιι
1641 5286 1655 5313 ,
1679 5244 1756 5315 5).
1794 5244 1944 5299 Alius

258 5366 267 5367 ’
340 5356 399 5411 in
428 5352 671 5418 divitiis,
711 5345 933 5421 ιω
952 5344 1091 5401 alius
1120 5344 1177 5400 in
1207 5341 1382 5398 titulis
1403 5338 1706 5396 nobilitatis
1728 5350 1792 5392 ac
1818 5349 1945 5408 pro—

338 5553 674 5630 simpliciter
721 5558 881 5609 sonat
932 5554 1095 5622 atque
1139 5545 1436 5611 abstinens,
1471 5550 1529 5599 ut
1556 5550 1705 5615 patet
1748 5556 1812 5598 ex
1856 5540 1954 5597 illo

340 5628 569 5689 Horltii
600 5645 614 5682 :

602 5740 657 5791 Si
675 5739 809 5791 forte
826 5742 881 5788 tu
901 5738 1067 5788 medio
1089 5736 1359 5801 positorum
1382 5732 1655 5784 abstemius
1675 5729 1851 5780 herbis

608 5802 747 5855 Vivis
760 5808 817 5853 et
840 5802 1016 5851 urtica.

348 5913 523 5975 [inde
558 5910 715 5968 nobis
742 5909 904 5966 val-de
943 5917 1193 5977 suspecta
1227 5915 1309 5962 est
1336 5906 1435 5961 illa
1490 5901 1751 5957 Varronis
1799 5897 1965 5968 origi-

2048 4872 2267 4944 plurimi
2316 4870 2519 4925 habent
2563 4869 2778 4939 Latini,
2806 4870 2861 4926 in
2900 4871 3113 4943 fornace
3148 4875 3470 4947 afﬂictionis.
3495 4879 3647 4936 Lati-

2049 4981 2153 5022 nus
2182 4963 2477 5033 discernit,
2511 4962 2738 5020 Graecus
2786 4978 2893 5021 non
2939 4977 3194 5039 separat;
3230 4975 3542 5036 ταπείνωσις
3591 4982 3649 5030 et

2049 5057 2327 5113 humilitas
2377 5054 2593 5112 virtutis
2621 5055 2824 5112 dicitur
2848 5100 2863 5124 ,
2894 5066 2951 5113 et
2978 5057 3263 5117 humilitas
3312 5061 3642 5121 alﬂictionis.

2049 5154 2194 5211 Nihil
2219 5153 2447 5224 impedit
2475 5154 2519 5209 si
2550 5150 2778 5209 Latinus
2820 5162 3072 5224 separat;
3118 5169 3223 5212 non
3249 5156 3393 5212 enim
3421 5157 3647 5218 Gre-cus

2051 5262 2120 5305 ex
2150 5246 2346 5303 Latino
2374 5247 2649 5302 transtulit
2673 5288 2686 5314 ,
2712 5246 2805 5302 sed
2828 5245 3053 5303 Latinus
3078 5262 3149 5305 ex
3177 5249 3392 5307 Graeco.

2127 5339 2216 5395 ii.
2258 5337 2502 5409 Denique
2523 5348 2578 5395 et
2596 5336 2825 5395 Περὶ)τωί
2840 5340 3096 5410 quamdiu
3128 5342 3182 5397 in
3202 5339 3443 5415 Egypto
3469 5354 3648 5418 erant,

2059 5540 2231 5606 natio,
2265 5552 2370 5608 qua
2406 5538 2604 5595 dicitur
2628 5539 2926 5607 abstemius,
2974 5534 3092 5600 ﬁeri
3129 5543 3200 5601 ab
3239 5545 3549 5605 abstinentia
3580 5561 3656 5607 te-

2062 5612 2184 5694 meti
2204 5648 2221 5676 ,
2242 5610 2302 5694 id
2328 5618 2413 5666 est
2436 5651 2465 5694 ,Α
2502 5609 2650 5676 vini;
2677 5614 2993 5694 praesertim
3020 5626 3142 5669 cum
3174 5616 3484 5676 inveniatur
3507 5623 3653 5694 apud

2063 5683 2323 5753 probatos
2349 5691 2622 5748 auctores,
2650 5682 2756 5753 nini
2780 5680 3077 5739 abstemius.

2139 5762 2164 5790 α
2195 5753 2322 5823 Era.
2356 5761 2413 5809 et
2452 5768 2568 5821 seq.
2598 5751 2761 5821 edit.,
2800 5769 2917 5809 cum
2954 5756 3140 5812 luctari
3182 5759 3317 5814 inter
3342 5778 3416 5817 se.
3448 5764 3572 5821 Am.
3603 5774 3661 5823 et

2067 5821 2406 5951 patginmésq
2432 5840 2549 5881 cum
2574 5823 2761 5880 luctari
2801 5841 2872 5882 se.
2909 5826 3016 5884 Alii
3047 5843 3244 5902 magno
3264 5848 3515 5908 numero,
3542 5821 3661 5894 eum

2070 5910 2152 5951 tat:
2352 5936 2364 5948 .
3338 5911 3343 5916 ’

2061 5910 2265 5967 ιασωνε
2292 5910 2364 5951 se.
3338 5911 3343 5916 '
