3948 6384
1873 40 1982 54 -'—.‘--
1997 48 2485 68 ς--α--νν-σμ.-ω-ν,δ--

459 369 598 431 1187

1793 362 2039 423 SANC’I'I
2077 362 2400 427 AMBROSII

3615 369 3756 429 I488

455 493 512 546 in
547 489 769 543 fornace
798 488 954 540 erant
997 483 1192 544 ferrea,
1226 479 1332 535 hoe
1369 484 1484 546 est,
1526 480 1581 534 in
1613 478 1833 537 fornace
1877 490 2050 537 tettla-
2079 486 2129 544 Α
2159 481 2213 537 iu
2241 497 2306 538 eo
2335 483 2477 553 quod
2506 492 2736 540 exurere
2757 487 2963 552 posset,
2991 483 3217 539 invenit.
3243 483 3488 555 Denique
3515 484 3614 538 soli
3643 487 3754 543 ele-

457 583 645 640 tiuuis.
679 581 730 634 itt
760 580 975 632 fornace
1001 574 1475 636 afﬂit:ti0ttis,cum
1505 572 1659 628 duris
1680 572 2054 643 afﬂigerentur

459 673 722 742 imperiis.
752 669 902 726 Unde
924 676 981 722 et
1005 668 1264 736 scriptum
1290 672 1373 719 est
1398 683 1409 716 :
1444 663 1580 728 Quia
1606 664 1782 718 eduxit
1807 681 1891 718 eos
1919 663 2056 717 Deus

463 766 526 821 de
557 768 768 830 fornace
795 762 964 831 ferrea
984 800 1001 826 ,
1035 776 1100 814 ea:
1126 758 1384 830 A‘Igypto.
1427 756 1645 829 (Jerem.
1675 772 1732 810 XI
1760 796 1775 821 ,
1805 755 1885 826 Δ).
1924 754 2057 810 For-

460 875 563 914 nax
593 869 709 914 erat
737 857 948 922 ferrea;
975 857 1096 924 quia
1118 855 1318 909 nullius
1341 853 1517 907 adhuc
1545 853 1597 906 in
1628 850 1864 924 Egypto
1889 865 2054 915 Opera

457 953 717 1006 virtutum
751 949 903 1020 plena
934 948 1221 1012 lttrebant,
1248 947 1445 1000 nullius
1474 959 1666 999 aurum
1702 946 1810 998 illic
1843 941 2055 1016 1225

458 1045 638 1101 fuerat
690 1043 1134 1112 comprobatum,
1187 1040 1383 1095 nullius
1442 1038 1720 1110 plumbum
1760 1035 2056 1105 iniquitatis

458 1152 735 1198 exustum.
754 1142 895 1195 Dura
912 1139 1124 1204 fornax,
1141 1136 1330 1192 l'ornax
1349 1135 1538 1191 mortis
1563 1141 1843 1205 perpetuac
1862 1148 1876 1184 :
1893 1144 2054 1200 quam

456 1233 734 1290 fornacem
759 1232 940 1286 nullus
963 1237 1179 1300 poterat
1204 1227 1437 1282 evadere
1483 1242 1604 1297 qum
1635 1238 1827 1278 omnes
1855 1237 2054 1278 constt-

458 1336 668 1391 meret,
721 1325 773 1377 iit
818 1337 925 1389 qua
971 1322 1120 1376 solus
1145 1321 1302 1375 dolor
1327 1328 1472 1373 esset
1499 1325 1555 1371 et
1582 1317 1778 1371 luctus.
1827 1316 1894 1369 At
1926 1327 2056 1369 vero

457 1417 650 1473 foruax
678 1417 729 1469 itt
755 1431 858 1487 qua
889 1416 1150 1480 Ananias,
1181 1412 1424 1475 Azarias,
1457 1410 1638 1465 Mi<ael
1668 1409 1924 1480 hymnum
1952 1407 2055 1459 Do-

453 1511 608 1566 mino
653 1508 924 1565 canebant
973 1505 1137 1577 (Dan.
1183 1520 1270 1570 Ill,
1315 1501 1444 1574 5!);
1490 1501 1683 1554 fornax
1732 1513 1894 1552 aurea
1925 1496 2050 1561 illa,

457 1619 568 1659 non
600 1602 777 1658 ferrea
813 1619 826 1654 :
862 1615 959 1669 per
1008 1614 1170 1668 quam
1226 1604 1340 1649 toto
1370 1595 1504 1648 orbe
1532 1591 1797 1663 sapientia
1827 1589 1931 1644 lide
1959 1588 2056 1644 de-

455 1695 693 1750 votionis
743 1692 942 1748 illuxit.
992 1691 1121 1744 Erat
1167 1687 1384 1760 quidem
1413 1686 1577 1742 etiam
1613 1685 1727 1738 haec
1757 1683 1945 1736 loruax
1999 1679 2052 1735 itt

455 1789 779 1861 Babylonia,
823 1787 914 1841 ubi
947 1800 1136 1839 aurum
1173 1798 1278 1838 non
1307 1788 1426 1836 erat
1471 1778 1737 1849 spiritale,
1781 1776 1881 1831 nisi
1915 1775 2054 1829 forte

2158 584 2297 628 vatae
2326 584 2455 629 sunt
2478 585 2648 644 porta:
2673 576 2962 632 :eternales
2985 617 3001 640 ,
3039 586 3095 630 ttt
3126 576 3376 633 introiret
3405 593 3499 633 rex
3533 578 3750 648 gloriae,

2159 682 2265 720 non
2295 682 2422 721 rens
2448 682 2648 723 causae.
2696 668 2765 722 Et
2794 667 2880 723 hic
2909 667 3125 737 quidem
3159 678 3388 724 mortem
3431 683 3560 724 raro
3608 669 3755 724 illius

2157 763 2423 827 gustavit;
2459 775 2634 830 neque
2662 761 2806 814 enim
2837 760 2999 815 aliter
3027 771 3210 828 posset
3243 776 3550 832 resurgere.
3596 761 3753 829 Quod

2159 846 2285 917 legi,
2317 863 2590 919 praesumo
2617 867 2631 904 :
2659 848 2801 917 quod
2834 865 2940 903 non
2974 849 3098 919 legi,
3133 859 3421 906 veneratus
3451 852 3754 908 scientibus

2159 937 2478 1010 derelinquo
2504 957 2518 992 :
2551 957 2714 994 unum
2741 940 3032 1006 confitens,
3061 944 3186 1008 quia
3219 941 3477 1013 quidquid
3507 958 3637 996 caro
3665 941 3758 997 illa

2158 1029 2359 1097 subiit,
2403 1031 2523 1086 ideo
2556 1033 2755 1096 subiit,
2784 1043 2840 1086 ιιι
2870 1034 3010 1087 viatn
3034 1035 3249 1087 caneris
3271 1033 3354 1088 vel
3385 1031 3756 1102 triumphandi

2159 1137 2256 1192 per
2277 1124 2521 1194 martyrii
2547 1124 2880 1197 pas~ionetn,
2900 1127 2981 1181 vel
3005 1127 3323 1183 transeundi
3354 1129 3404 1181 in
3439 1129 3752 1198 paradisum

2158 1217 2270 1269 suis
2299 1217 2538 1289 ve~tigiis
2577 1221 2913 1276 infortuaret.
2967 1220 3138 1274 Nemo
3178 1235 3311 1292 ergo
3353 1222 3454 1277 sibi
3500 1232 3754 1293 arroget,

2159 1322 2317 1362 nemo
2343 1307 2412 1363 de
2445 1311 2685 1368 meritis.
2718 1326 2880 1366 nemo
2909 1312 2977 1366 de
3007 1321 3279 1384 potestate
3309 1328 3368 1369 se
3392 1314 3554 1380 jactet
3592 1332 3606 1368 :
3659 1315 3756 1371 sed

2158 1415 2351 1455 omnes
2385 1403 2597 1474 1226
2624 1418 2912 1472 speremus
2939 1419 3033 1474 per
3066 1405 3349 1459 Dominum
3376 1404 3560 1461 Jesum
3593 1407 3757 1464 mise-

2157 1494 2447 1549 ricordiam
2496 1497 2776 1563 invenire;
2831 1499 3088 1567 quoniam
3131 1513 3323 1552 omnes
3362 1510 3487 1554 ante
3516 1499 3756 1555 tribunal

2157 1585 2274 1656 ejus
2304 1585 2592 1642 stabimus.
2631 1588 2709 1643 De
2741 1589 2832 1643 illo
2863 1589 3078 1644 veniam
3100 1631 3114 1653 ,
3147 1590 3215 1644 de
3245 1590 3336 1646 illo
3364 1592 3755 1662 indulgentiam

2156 1679 2444 1746 postulaho
2469 1695 2484 1740 ;
2515 1696 2634 1750 quze
2664 1682 2810 1736 enim
2838 1697 2965 1749 Spes
2994 1682 3098 1736 alia
3134 1685 3511 1750 peccatoribus
3531 1687 3556 1739 ?

2230 1769 2318 1823 15.
2362 1768 2430 1824 Ει
2456 1772 2547 1841 qui
2578 1787 2639 1827 se
2671 1772 2757 1828 hic
2786 1789 2977 1828 aurum
3013 1784 3194 1841 putat,
3242 1774 3402 1831 habet
3431 1777 3711 1846 plumbum
3739 1797 3752 1834 :

456 1884 766 1952 captivum;
809 1878 1076 1950 Captivam
1120 1876 1266 1932 enim
1297 1872 1550 1927 Dominus
1592 1871 1741 1925 duxit
1781 1868 2053 1938 captivita-
2085 1868 2132 1928 Β
2159 1869 2216 1916 ει
2244 1861 2337 1929 qui
2370 1874 2517 1931 putat
2562 1878 2621 1919 se
2645 1879 2873 1935 granum
2903 1865 3102 1931 tritici,
3133 1866 3299 1922 habet
3336 1869 3586 1938 stipulam
3629 1885 3754 1939 quas

459 1984 558 2031 tem
589 1974 806 2046 (Ephes.
841 1987 922 2038 tv,
949 1972 1024 2038 8).
1060 1970 1174 2024 Iloe
1218 1976 1337 2024 erat
1365 1980 1554 2020 aurum
1606 1964 1658 2016 itt
1685 1961 1784 2016 Dei
1809 1958 2012 2017 sanctis
2033 1999 2049 2025 ,

455 2069 552 2140 qui
577 2065 776 2136 captivi
801 2073 959 2120 erant
986 2063 1127 2130 apud
1175 2059 1504 2131 Babylonios
1528 2070 1759 2126 corpore
1800 2071 1814 2107 :
1861 2055 2054 2122 spiritu

458 2170 642 2216 autem
671 2159 826 2215 liberi
859 2156 1000 2227 apud
1025 2157 1219 2220 Deum,
1245 2153 1404 2209 siiluti
1446 2150 1682 2206 vinculis
1726 2146 2054 2218 eaptisitatis

457 2253 755 2316 humanm,
806 2250 936 2321 jugo
998 2249 1189 2319 gratia:
1237 2244 1498 2316 spiritalis
1547 2239 1757 2296 innexi.
1817 2239 1886 2294 Et
1944 2237 2056 2292 for-

453 2353 604 2401 tasse
633 2343 824 2398 eadem
855 2342 1043 2396 l'ornax
1073 2339 1249 2395 l‘errea
1273 2334 1558 2408 l'ragilibus
1575 2344 1660 2389 est
1682 2373 1698 2400 ,
1739 2345 1902 2388 aurea
1933 2345 2054 2401 per—

455 2436 862 2495 sever-antibus.

530 2526 616 2582 I2.
641 2526 846 2580 Omnes
871 2531 1088 2593 oportet
1117 2538 1215 2592 per
1243 2521 1421 2594 ignem
1455 2518 1696 2590 probari,
1727 2517 2057 2589 quicumque

453 2619 521 2676 ad
563 2619 872 2689 paradisum
907 2616 1084 2670 redire
1129 2614 1477 2679 desiderant;
1534 2628 1640 2668 non
1686 2610 1830 2666 enim
1879 2610 2056 2663 otiose

453 2712 720 2778 scriptum
760 2718 868 2774 est,
897 2707 1040 2776 quod
1069 2705 1264 2776 ejvctis
1294 2705 1464 2759 Adam
1497 2714 1552 2759 et
1582 2704 1690 2758 Eva
1721 2702 1790 2756 de
1821 2697 2055 2767 paradisi

455 2805 616 2866 sede.
646 2804 826 2873 posuit
855 2802 997 2856 Deus
1025 2801 1077 2854 in
1106 2799 1254 2855 exitu
1289 2796 1522 2868 paradisi
1559 2795 1795 2867 ghdimn
1838 2793 2054 2862 igneum

453 2897 770 2952 versatilem
798 2894 950 2963 (Gen.
980 2910 1057 2952 ιιι.
1078 2892 1194 2964 24).
1227 2892 1428 2947 Omnes
1451 2896 1670 2958 oportet
1699 2887 1930 2942 transire
1958 2899 2058 2955 per

454 2991 728 3055 ﬂammas,
752 2992 866 3043 sive
910 2988 1001 3042 ile
1034 2986 1270 3042 Joannes
1303 2985 1644 3054 Evangelista
1674 2982 1766 3043 sit,
1798 2997 1958 3050 quem
1984 2978 2055 3033 ita

453 3082 645 3139 dilexit
669 3079 951 3138 Dominus.
974 3088 1032 3131 ιιι
1052 3077 1122 3131 de
1139 3075 1426 3130 eodieerct
1445 3074 1510 3126 ad
1535 3073 1754 3128 Petrum
1781 3088 1794 3124 :
1827 3071 1921 3124 Sic
1941 3084 2057 3124 eum

451 3175 570 3230 ttolo
600 3187 902 3227 manere....
930 3168 1054 3240 quid
1075 3167 1144 3222 ad
1167 3167 1258 3222 te?
1291 3165 1367 3219 Tu
1395 3181 1474 3217 tne
1492 3179 1702 3230 sequere
1733 3159 1913 3230 (Joatt.
1941 3175 2052 3224 ut,

2157 1953 2328 2024 possit
2366 1960 2544 2010 exuri.
2595 1957 2703 2014 Sed
2758 1958 2846 2014 hic
2889 1960 2988 2014 sibi
3035 1961 3189 2015 multi
3236 1977 3424 2018 aurum
3475 1963 3748 2019 videntur.

2154 2048 2271 2103 Non
2305 2049 2414 2104 illis
2444 2051 2660 2108 invideo
2691 2071 2705 2108 :
2740 2053 2834 2108 sed
2863 2063 3042 2108 tamen
3073 2071 3266 2110 aurum
3319 2057 3749 2125 exammahitur,

2156 2154 2424 2198 uretttrut
2453 2145 2620 2214 possit
2652 2146 2894 2206 probari.
2916 2147 3005 2204 Sic
3027 2149 3171 2203 enim
3201 2149 3462 2216 scriptum
3479 2158 3568 2206 est
3592 2168 3606 2204 :
3634 2151 3755 2206 Sic-

2156 2245 2212 2289 ttt
2243 2253 2427 2290 aurum
2464 2240 2516 2289 in
2546 2238 2853 2306 conﬂatorio
2899 2239 3124 2309 probabo
3153 2241 3272 2295 illos
3298 2239 3486 2312 (Zttclt.
3516 2257 3635 2302 xm.
3671 2241 3754 2312 9).

2155 2327 2298 2397 Ergo
2319 2327 2637 2397 advertant,
2678 2329 2802 2401 quia
2841 2331 3299 2386 examinabuntur
3333 2347 3545 2389 omnes.
3594 2333 3748 2390 Multi

2155 2436 2286 2492 ergo
2312 2425 2403 2493 qui
2434 2438 2494 2479 se
2524 2441 2712 2480 aurum
2746 2435 2962 2493 putant,
3009 2439 3064 2483 et
3107 2428 3208 2497 ipsi
3253 2429 3620 2487 humilitatem
3667 2447 3755 2488 se-

2154 2527 2416 2587 quantur;
2447 2529 2501 2572 ttt
2538 2519 2664 2574 vitia
2701 2535 2794 2574 sua
2819 2521 3147 2591 decoqttant.
3177 2523 3282 2578 Sed
3318 2523 3406 2578 hic
3433 2523 3615 2580 inanis
3638 2525 3759 2596 jac-

2156 2613 2324 2662 tantia
2373 2619 2487 2674 est;
2539 2610 2662 2665 ideo
2707 2611 2892 2666 multis
2927 2612 3018 2682 qui
3050 2627 3110 2667 se
3142 2629 3348 2669 massas
3379 2625 3567 2686 putant
3593 2618 3718 2673 auri
3741 2658 3756 2682 ,

2158 2698 2286 2754 dicit
2314 2702 2613 2768 sapientior
2639 2704 2753 2756 auri
2791 2718 2968 2759 maSsa
2999 2723 3012 2760 :
3043 2706 3243 2762 Omnes
3270 2723 3370 2763 nos
3410 2712 3600 2764 l'ornax
3633 2726 3762 2781 pro-

2158 2791 2223 2846 ba
2235 2792 2329 2847 bit.
2360 2793 2500 2864 Ergo
2525 2796 2648 2865 quia
2671 2797 3017 2853 examinandi
3039 2813 3247 2865 sumus,
3273 2800 3352 2856 sic
3373 2816 3472 2856 nos
3498 2817 3756 2874 agamus;

2159 2897 2212 2937 ιιι
2237 2884 2444 2954 judicio
2476 2888 2694 2956 probari
2727 2904 3035 2945 mereamur
3064 2893 3268 2948 divino.
3317 2893 3625 2951 Teneamus
3671 2897 3763 2954 hic

2156 2978 2318 3048 positi
2347 2977 2737 3046 humilitatem;
2772 2991 2830 3036 ιιι
2856 2997 2978 3038 cum
3003 2986 3369 3057 unusquisque
3390 2997 3638 3042 nostrum
3667 3004 3761 3045 ve-

2160 3069 2302 3124 nerit
2327 3070 2394 3124 ad
2423 3071 2685 3141 judicium
2715 3073 2848 3140 Dei,
2871 3076 2938 3130 ad
2965 3075 3090 3132 illos
3121 3079 3272 3149 ignes
3300 3094 3435 3150 quos
3473 3083 3765 3138 transituri

2160 3177 2348 3218 sumus
2369 3204 2384 3229 ,
2419 3164 2563 3219 dicat
2588 3185 2602 3219 ;
2639 3163 2771 3219 Vide
2799 3166 3144 3225 humilitatem
3171 3188 3369 3237 meam,
3400 3184 3447 3226 et
3474 3189 3600 3228 erue
3637 3185 3765 3241 me;

452 3266 577 3336 22).
629 3265 704 3320 De
733 3273 907 3318 tnorte
934 3261 1051 3329 ejus
1079 3259 1246 3327 aliqui
1282 3257 1696 3318 dubitaverunt,
1730 3253 1799 3307 de
1825 3255 2054 3306 transitu
2084 3242 2131 3306 C
2164 3269 2283 3308 nam
2313 3254 2356 3309 si
2383 3257 2646 3324 superbus
2679 3256 2870 3324 fuerit,
2913 3261 2957 3314 si
2985 3245 3281 3332 arrogans,
3332 3264 3377 3317 si
3424 3277 3723 3322 contumax
3747 3308 3763 3334 ,

450 3375 553 3434 per
583 3361 762 3428 ignem
791 3356 1041 3411 dubitare
1076 3368 1181 3406 non
1214 3365 1530 3421 possumus;
1564 3349 1685 3415 quia
1719 3347 1774 3402 in
1809 3343 2059 3415 paradiso

454 3465 561 3516 est,
592 3466 692 3506 nec
721 3458 1005 3516 separatur
1025 3464 1052 3498 a
1082 3443 1321 3500 Christo.
1351 3443 1478 3499 Sive
1502 3441 1592 3496 ille
1626 3443 1698 3494 sit
1729 3439 1942 3503 Petrus,
1966 3435 2059 3504 qui

451 3543 638 3598 claves
657 3538 862 3608 accepit
893 3536 1047 3607 regni
1068 3538 1355 3597 caelorum,
1384 3533 1474 3599 qui
1501 3545 1663 3602 supra
1693 3545 1840 3584 mare
1869 3527 2059 3581 ambu-

452 3635 581 3693 lavit
609 3676 625 3700 ,
662 3643 879 3702 oportet
929 3642 986 3684 ut
1021 3629 1207 3684 dicit:
1253 3626 1606 3680 Tt-ansitrintus
1659 3641 1748 3695 per
1796 3624 1965 3693 ignem
2009 3629 2059 3675 et

451 3737 727 3800 aqttant,et
748 3722 998 3778 induxisli
1029 3738 1120 3775 nos
1151 3721 1206 3774 in
1234 3719 1560 3791 refrigerium
1589 3714 1762 3788 (Psal.
1790 3729 1915 3778 va,
1945 3711 2054 3782 12).

456 3820 568 3878 Sed
603 3817 797 3874 JOantti
823 3817 931 3871 cito
958 3814 1265 3870 versabitur
1297 3826 1486 3882 igneus
1515 3809 1755 3880 gladius;
1799 3809 1920 3878 quia
1951 3822 2057 3860 non

454 3897 732 3969 invenitur
755 3913 805 3964 itt
828 3926 894 3965 eo
916 3908 1171 3978 iniquitas
1184 3922 1345 3976 quem
1365 3904 1554 3958 dilexit
1576 3905 1822 3973 aequitas.
1849 3900 1906 3957 Si
1927 3898 2057 3970 quid

451 4007 507 4063 in
535 4023 602 4063 eo
625 4005 739 4059 vitii
773 4001 991 4057 humani
1021 4001 1123 4054 fuit
1142 4040 1156 4063 ,
1188 3998 1426 4053 charitas
1449 3997 1630 4050 dit-ina
1656 3994 1914 4058 decoxit;
1949 3991 2059 4046 Alte

454 4102 602 4158 enim
625 4103 739 4173 ejus
760 4098 894 4150 sicut
923 4096 1023 4149 alte
1047 4095 1182 4165 ignis
1212 4092 1389 4163 (Cant.
1417 4107 1530 4154 vttt,
1559 4090 1636 4161 ϐ).

533 4191 622 4245 15.
653 4189 754 4255 Qui
781 4186 1026 4240 habuerit
1064 4186 1150 4238 hie
1180 4182 1469 4236 charitatis
1507 4183 1707 4250 ignem,
1743 4179 1852 4235 illic
1877 4179 2055 4249 ignem

457 4280 620 4354 gladii
655 4280 847 4333 timere
875 4293 982 4329 non
1017 4275 1235 4342 poterit.
1269 4272 1376 4341 Ipsi
1411 4273 1569 4325 Petro
1593 4273 1682 4340 qui
1714 4275 1874 4326 toties
1910 4287 2056 4325 mor-

456 4383 568 4431 tem
600 4387 753 4426 suaut
787 4383 886 4435 pro
911 4366 1132 4423 Chri-to
1159 4364 1374 4429 obtulit,
1403 4363 1549 4418 dicet
1579 4380 1590 4416 :
1620 4362 1832 4427 Transi,
1861 4379 2058 4417 recant-

460 4464 522 4520 be
547 4463 702 4538 (Luc.
736 4476 872 4525 xvu,
898 4459 977 4532 7).
1025 4456 1132 4514 Sed
1164 4457 1257 4512 ille
1279 4454 1459 4510 dicet:
1503 4455 1629 4524 Igne
1652 4471 1750 4510 nos
1780 4458 2058 4511 examina-

457 4561 574 4626 vit,
604 4560 746 4612 sicut
778 4557 897 4625 igne
919 4553 1262 4608 examinatur
1288 4559 1605 4621 argentum;
1641 4550 1844 4605 etenim
1873 4551 1923 4604 in
1948 4565 2056 4620 quo

2160 3363 2266 3401 non
2303 3349 2500 3415 poterit
2534 3348 2634 3406 hoc
2661 3349 2865 3407 dicere.
2892 3352 3065 3409 Nemo
3090 3365 3271 3410 autem
3295 3355 3437 3412 dicet
3461 3373 3474 3410 :
3506 3355 3648 3414 Vide
3669 3373 3770 3413 δυο

2162 3438 2406 3508 perbiam
2432 3455 2606 3494 meam
2636 3459 2649 3496 :
2690 3443 2786 3497 sed
2816 3444 2931 3497 vide
2959 3443 3302 3514 humilitatem
3326 3464 3486 3502 nteant
3510 3463 3532 3514 ;
3559 3459 3619 3504 ut
3644 3449 3768 3520 ejus

2158 3534 2330 3599 gratia
2359 3531 2475 3584 crtti
2507 3532 2576 3584 ab
2608 3533 2700 3586 illo
2736 3534 2857 3603 igne
2886 3546 3176 3591 mereatur.

2234 3629 2324 3683 16.
2361 3629 2459 3683 Est
2482 3645 2612 3702 ergo
2635 3630 2911 3686 humilitas
2943 3633 3145 3689 laboris
3177 3644 3231 3688 et
3263 3635 3596 3707 fatigationis
3623 3654 3636 3690 :
3678 3643 3771 3692 est

2160 3730 2216 3776 et
2241 3720 2518 3775 humilitas
2543 3723 2754 3777 virtutis
2781 3732 2943 3794 atque
2976 3726 3260 3794 pr0positi,
3283 3743 3441 3796 qttam
3473 3730 3526 3782 in
3556 3742 3768 3784 secun-

2160 3812 2246 3867 dis
2265 3822 2319 3867 et
2349 3814 2648 3883 prosperis.
2667 3825 2720 3870 et
2745 3816 2797 3870 itt
2825 3816 2938 3869 0tio
2959 3817 3168 3886 positus
3193 3826 3342 3872 tenot
3362 3820 3563 3887 justus.
3597 3818 3766 3875 Nullo

2162 3904 2290 3960 licet
2315 3905 2740 3971 l'raetuslaborc,
2757 3907 2956 3960 nullius
2977 3910 3293 3963 certaminis
3312 3909 3509 3965 dubius
3530 3925 3767 3977 eventu,

2161 3997 2425 4054 humilem
2453 3999 2708 4054 omnibus
2738 3999 2989 4056 amictum
3022 4004 3266 4062 exhibet.
3308 4017 3408 4058 nec
3451 4017 3548 4057 sua
3579 4005 3769 4059 extol-

2161 4091 2277 4147 lere
2303 4093 2485 4148 stndet
2513 4110 2525 4147 :
2557 4092 2652 4148 sed
2687 4095 2854 4164 magis
2881 4096 3127 4150 minuere
3157 4097 3340 4166 operis
3369 4097 3450 4150 sui
3491 4099 3734 4166 pretium
3753 4138 3770 4163 ,

2159 4193 2217 4239 et
2245 4187 2420 4240 meriti
2448 4187 2530 4239 sui
2557 4186 2810 4256 gratiam.
2857 4187 2994 4242 Audi
3020 4188 3224 4256 justum
3255 4187 3631 4244 humiliantettt
3663 4205 3728 4245 se
3755 4207 3772 4247 :

2161 4274 2277 4350 Ego
2306 4295 2439 4336 sum.
2471 4278 2664 4345 ittqttit,
2699 4279 2942 4333 minimus
2965 4281 3316 4348 apostolorum
3340 4280 3382 4350 (Ι
3404 4279 3527 4337 Cor.
3559 4298 3655 4346 xv,
3685 4283 3770 4354 9).

2160 4368 2255 4425 Ille
2285 4386 2379 4425 Vas
2404 4371 2691 4427 electionis
2715 4372 2935 4438 tlivimc,
2969 4373 3061 4429 ille
3085 4377 3327 4446 gentium
3358 4375 3557 4430 doctor
3591 4376 3773 4432 mini-

2159 4480 2306 4520 mum
2356 4481 2479 4521 esse
2521 4480 2582 4520 se
2607 4466 2781 4533 dicit,
2813 4467 3090 4538 indignmn
3133 4469 3251 4538 ejus
3290 4468 3452 4523 oiiicii
3497 4472 3734 4526 nomine
3758 4513 3774 4537 ,

2159 4563 2301 4626 quod
2325 4559 2440 4612 suis
2461 4559 2719 4629 operibus
2740 4560 3095 4628 prirlerebat;
3123 4561 3366 4627 nihilque
3387 4561 3491 4617 sibi
3515 4572 3775 4633 arrogat,

458 4621 599 4722 aqua
629 4621 820 4704 multa'
839 4645 1133 4701 excludere
1163 4660 1269 4697 non
1309 4643 1482 4714 potuit
1510 4642 1831 4698 charitatem
1858 4684 1873 4706 ,
1914 4659 2053 4712 qno-
2079 4621 2132 4682 Ῑ)
2157 4621 2251 4704 sed
2285 4656 2455 4704 totum
2481 4621 2670 4721 gratia:
2695 4621 2791 4707 Dei
2818 4650 3060 4722 deputat.
3084 4621 3208 4708 'Hoc
3241 4621 3427 4724 uiique
3453 4653 3619 4711 decet
3647 4621 3780 4728 ius.

458 4743 626 4802 modo
653 4757 776 4796 eum
810 4739 950 4807 ignis
979 4735 1278 4792 excludet?
1305 4735 1410 4791 Sed
1455 4735 1545 4790 ille
1575 4734 1974 4790 examinabitur
2001 4745 2058 4790 ιιι

457 4842 741 4904 argentum
769 4873 785 4897 ,
833 4846 935 4900 ego
986 4829 1342 4885 examinabor
1387 4837 1447 4880 ιιι
1499 4827 1777 4896 plumbum
1820 4843 1834 4882 :
1881 4827 2056 4884 donec

457 4927 738 5000 plumbum
787 4923 1057 4987 tahesCat,
1099 4920 1322 4974 ardebo.
1374 4917 1432 4974 Si
1475 4919 1610 4973 nihil
1643 4919 1850 4990 argenti
1879 4919 1932 4974 iu
1968 4935 2053 4976 me

460 5022 742 5077 inventum
769 5017 954 5078 fuerit,
985 5017 1087 5070 heu
1112 5015 1228 5068 me!
1254 5015 1306 5069 in
1332 5014 1518 5067 ultima
1543 5013 1744 5068 inferni
1772 5015 2054 5083 detrudar,

457 5127 554 5174 aut
583 5124 641 5169 ttt
669 5112 869 5181 stipula
903 5121 1048 5162 tottts
1076 5124 1300 5164 exurar.
1333 5107 1389 5162 Si
1421 5109 1546 5177 qttid
1579 5109 1860 5163 inventum
1887 5109 1938 5163 itt
1969 5125 2054 5164 me

456 5207 622 5265 fuerit
649 5207 763 5260 auri
791 5204 876 5259 vel
902 5203 1132 5272 argenti,
1170 5218 1274 5256 non
1307 5216 1402 5268 per
1429 5216 1580 5254 meos
1605 5213 1793 5266 aetus,
1834 5201 1928 5257 si-d
1961 5216 2056 5271 per

458 5297 892 5358 miserictirdiam
935 5305 990 5350 et
1027 5293 1254 5364 gratiam
1283 5292 1516 5354 tlht'isti.
1569 5309 1662 5359 per
1693 5294 2051 5349 ministerium

452 5392 780 5452 sacerdOtii,
813 5375 988 5442 dicant
1022 5387 1252 5439 fortase
1281 5399 1384 5455 ego
1427 5401 1440 5437 :
1475 5383 1682 5438 Etenim
1719 5387 1808 5455 qui
1847 5395 2056 5457 sperant

453 5489 511 5543 in
539 5497 606 5552 te,
641 5502 744 5538 non
771 5481 1155 5550 confundentur
1184 5478 1355 5549 (Paul.
1392 5494 1538 5538 xxiv.
1567 5477 1646 5548 5).

532 5578 620 5634 14.
666 5575 764 5631 Illo
806 5572 971 5642 igitur
1011 5572 1170 5640 igneo
1217 5568 1397 5639 gladio
1444 5569 1701 5633 iniquitas
1744 5579 2048 5637 exurelur,

457 5687 580 5744 quae
623 5669 777 5725 sedet
820 5680 988 5736 super
1036 5663 1299 5717 talentum
1353 5660 1687 5730 plumbeum.
1743 5662 1869 5717 Ideo
1913 5677 2051 5718 unus

455 5761 636 5831 ignem
664 5760 811 5813 illttttt
842 5753 1052 5812 sentire
1082 5768 1187 5808 non
1220 5753 1420 5822 potuit,
1467 5752 1560 5822 qui
1601 5764 1684 5808 est
1711 5752 1922 5822 justitia
1957 5754 2047 5809 Dei

451 5852 707 5910 Christus
726 5891 742 5916 ,
767 5849 891 5918 quia
916 5853 1199 5916 peccatum
1227 5859 1337 5901 non
1365 5843 1522 5907 fecit;
1560 5845 1701 5900 nihil
1733 5847 1879 5901 enim
1908 5845 2051 5916 ignis

2159 4749 2292 4796 tum.
2388 4795 2391 4798 ι

2234 4834 2322 4890 17.
2358 4832 2470 4889 Hac
2498 4833 2804 4891 humilitate
2834 4837 3106 4891 Abraham
3133 4845 3288 4906 pater
3321 4837 3444 4892 ﬁdei
3477 4855 3780 4909 nuncupa-

2160 4933 2245 4981 tus
2271 4936 2354 4982 est
2379 4969 2393 4993 ,
2427 4928 2516 4997 qtti
2543 4944 2664 4982 rum
2695 4929 2883 4984 divino
2915 4931 3335 5002 participat-stur
3357 4931 3624 5000 alloquio,
3661 4943 3785 4988 ter-

2158 5034 2272 5073 ram
2305 5033 2364 5074 se
2391 5035 2512 5075 es~e
2539 5019 2776 5084 dicebat,
2801 5030 2857 5076 et
2895 5022 3081 5077 limum
3113 5022 3269 5091 (Gen.
3306 5039 3461 5089 ιιι-ιιι,
3491 5023 3614 5093 27).
3648 5024 3785 5095 Ipse

2157 5126 2370 5182 quoque
2403 5113 2664 5166 Dominus
2693 5114 2768 5167 ait
2793 5132 2807 5168 :
2846 5112 2960 5183 Ego
2985 5125 3156 5169 autem
3186 5131 3299 5168 sum
3329 5115 3546 5176 vermis.
3582 5127 3635 5169 et
3670 5134 3785 5170 non

2158 5205 2315 5258 Itomo
2339 5221 2356 5259 :
2380 5206 2714 5278 approbriuttt
2747 5207 3012 5261 hominum
3032 5249 3045 5272 ,
3069 5217 3115 5260 et
3135 5208 3358 5278 obiectio
3389 5207 3555 5275 piabit
3584 5207 3783 5280 (Psal.

2157 5313 2273 5362 χχι,
2301 5299 2392 5363 7),
2437 5313 2558 5353 cmn
2585 5299 2656 5354 de
2695 5301 2778 5354 sui
2815 5301 3061 5369 corporis
3099 5301 3351 5369 passione
3401 5299 3785 5371 loqueretur:

2158 5393 2248 5459 qui
2282 5406 2386 5442 non
2421 5407 2544 5460 quae
2579 5407 2674 5445 sua
2717 5402 2842 5446 sunt
2881 5393 3161 5462 qttmsivit,
3204 5392 3302 5446 sed
3345 5408 3465 5460 quae
3503 5395 3786 5452 aliorum.

2157 5479 2324 5549 Cujus
2353 5496 2451 5532 um
2489 5483 2790 5538 itttilatttres
2813 5485 2925 5537 vttlt
2953 5483 3068 5538 lieri
3101 5483 3422 5552 Apostolus,
3449 5495 3619 5556 alque
3647 5489 3791 5543 hur-

2159 5579 2303 5627 tatttr
2330 5573 2556 5629 dicens:
2603 5575 2715 5630 Hoc
2742 5578 2876 5630 enim
2905 5580 3085 5632 sentite
3111 5578 3165 5632 in
3207 5578 3387 5643 vobis,
3439 5583 3585 5650 quod
3625 5594 3682 5638 et
3730 5587 3788 5640 in

2159 5665 2364 5720 Christo
2385 5666 2417 5719 ,Ι
2425 5683 2514 5721 esu
2538 5683 2555 5722 :
2575 5669 2662 5738 qui
2684 5685 2801 5723 cuttt
2828 5670 2882 5724 in
2905 5673 3075 5741 forma
3104 5669 3199 5724 Dei
3220 5681 3372 5734 esset,
3393 5687 3500 5725 non
3521 5677 3787 5742 rapinam

2157 5758 2434 5812 arbitratus
2463 5770 2672 5814 estesse
2699 5777 2755 5815 se
2791 5763 3040 5833 a’qualem
3086 5747 3194 5817 Deo
3216 5803 3230 5827 ,
3281 5763 3374 5816 sed
3419 5767 3788 5838 semetipsum

2156 5849 2436 5904 exinanivil
2465 5855 2689 5920 formam
2723 5853 2855 5909 servi
2890 5855 3149 5925 accipiens
3188 5853 3429 5925 (Philip.
3455 5873 3496 5912 ιι
3515 5897 3531 5924 ,
3566 5858 3602 5914 5
3622 5887 3656 5901 ι
3687 5861 3783 5934 7).
