3948 6382
254 377 374 434 1189

1288 374 1355 429 IN
1394 372 1729 431 PSALMUM
1765 374 1983 432 CXVIII
2020 374 2404 434 EXPOSITIO.

3368 386 3513 443 N90

244 491 343 548 Nec
362 504 453 546 nos
476 490 629 561 igitur
649 492 981 549 nobilitatem
1004 495 1247 565 generis,
1271 508 1375 549 nec
1394 494 1610 549 divitias
1633 496 1817 564 requi-
1841 508 1893 570 Α
1921 496 2149 568 Expedit
2169 514 2329 552 unum
2357 498 2614 555 hominem
2640 502 2774 555 mori
2804 516 2899 573 pro
2930 504 3124 571 populo
3158 500 3339 569 (Joan.
3363 518 3514 571 svnt,

246 599 430 649 ramus,
453 584 496 638 si
533 585 773 640 volumus
815 583 1088 642 Christum
1138 587 1312 657 sequi.
1356 585 1666 641 Exiuanivit
1706 602 1765 643 se
1790 630 1806 654 ,

244 693 354 733 cum
381 687 520 732 esset
557 678 607 731 in
641 678 732 733 Dei
777 680 988 742 lovma;
1030 695 1154 735 Cum
1183 681 1339 735 dives
1380 692 1559 749 t't-set,
1606 698 1812 754 panper

243 771 396 827 factus
422 782 523 825 est.
553 771 669 826 Noli
697 784 745 826 et
774 782 827 826 ιιι
855 785 1206 829 contemnere
1235 775 1501 841 plebeium
1522 817 1536 839 ,
1564 776 1687 842 quia
1715 790 1812 830 tto-

242 862 351 917 bilis
371 877 463 925 es;
494 863 600 917 noli
620 863 902 935 despicere
925 880 1168 928 servum,
1199 867 1320 936 quia
1357 876 1548 935 potens
1570 883 1666 930 es;
1702 867 1814 921 noli

242 971 505 1026 pauperem
538 956 800 1022 fastidire,
823 958 946 1029 quia
973 960 1124 1013 dives
1153 976 1232 1015 es.
1263 959 1531 1027 Numquid
1557 959 1809 1024 nobilior,

241 1048 475 1119 numquid
508 1052 812 1117 potentior,
842 1053 1101 1118 nttmquid
1131 1054 1295 1108 ditior
1340 1054 1555 1108 Christo
1584 1056 1689 1109 es?
1720 1055 1813 1109 Ille

241 1156 328 1212 pro
352 1155 400 1197 te
427 1144 661 1211 suscepit
688 1145 809 1205 illa.
852 1160 975 1214 qua;
1004 1156 1060 1199 tu
1088 1145 1346 1215 despicis.
1379 1145 1473 1200 Ille
1506 1162 1605 1217 pro
1639 1157 1688 1200 te
1717 1146 1816 1200 litt-

239 1234 444 1288 miliavit
473 1250 532 1289 se
555 1251 725 1305 usque
744 1236 810 1290 ad
842 1247 1071 1291 mortetn
1098 1280 1113 1304 ,
1162 1250 1212 1293 et
1245 1248 1476 1293 mortem
1505 1240 1709 1303 crucis;
1756 1245 1816 1293 ut

238 1339 331 1384 tua
374 1329 576 1395 lapsum
625 1330 867 1384 aboleret
906 1332 1212 1401 superbiai;
1248 1342 1303 1385 ιιι
1349 1330 1488 1402 qttod
1518 1347 1613 1400 per
1653 1330 1815 1385 unius

238 1421 789 1477 Adteiuobedientiam
816 1422 1242 1492 perdideramus.
1270 1439 1367 1494 per
1398 1425 1560 1477 unius
1602 1421 1817 1477 Domini

233 1513 346 1569 lesu
388 1513 749 1569 obedientiam
799 1515 1166 1585 reciperemus
1194 1533 1207 1569 :
1238 1513 1461 1583 Pr0pter
1489 1515 1625 1577 quod
1651 1512 1814 1581 Deus,

233 1604 413 1674 inquit,
459 1606 612 1659 illum
651 1605 931 1671 exultavit,
975 1618 1024 1663 et
1054 1608 1195 1660 dedit
1233 1607 1309 1661 illi
1341 1623 1523 1660 nomen
1562 1604 1701 1676 quod
1743 1616 1817 1659 est

232 1712 368 1764 super
402 1712 549 1752 omne
597 1713 819 1763 nomen;
859 1706 917 1751 ut
966 1700 1019 1751 in
1063 1698 1271 1752 nomine
1314 1699 1442 1752 .Iesu
1491 1714 1640 1751 omne
1684 1714 1819 1767 genu

232 1789 453 1856 ﬂectatur
491 1829 505 1844 .
534 1829 548 1843 .
580 1829 592 1843 .
620 1830 634 1844 .
660 1830 672 1844 .
702 1791 943 1862 quaniain
986 1788 1241 1845 Dominus
1264 1789 1417 1846 Jesus
1448 1791 1501 1844 in
1545 1790 1714 1861 gloria
1743 1798 1818 1845 est

231 1877 317 1933 Dei
340 1878 511 1934 Patris
541 1879 771 1953 (Philip.
807 1897 875 1946 tt,
900 1882 934 1937 9
964 1912 978 1922 -
1010 1880 1123 1952 11).

1919 591 2031 654 14).
2054 591 2337 645 Suscitain
2360 603 2623 651 mortuos.
2640 593 2831 647 dit-ens
2855 612 2868 646 :
2910 593 3109 649 Solvite
3135 597 3379 667 templum
3395 597 3513 664 hoc,

1916 697 1962 741 et
1992 687 2044 739 in
2086 686 2257 739 triduo
2277 687 2538 740 suscitabo
2563 687 2698 740 illud
2725 687 2907 756 (Joan.
2939 688 3139 757 ".19);
3174 691 3225 743 itt
3249 691 3343 744 illo
3369 694 3516 747 enim

1916 777 2123 845 templo
2152 777 2413 831 Dominici
2440 777 2685 843 Corporis
2707 778 2960 833 omnibus
2979 779 3067 847 jus
3093 782 3516 838 resurrectionis

1916 869 2176 923 adcrevit.
2228 869 2595 939 Iit-surgentes
2639 868 2935 939 adaquain
2985 872 3215 940 angelis,
3256 873 3391 925 sicut
3432 872 3516 926 di-

1918 961 2041 1015 xisti
2068 980 2080 1013 :
2114 959 2366 1026 Quoniam
2397 979 2512 1031 qua:
2539 979 2641 1015 non
2673 968 2902 1027 nubunt,
2931 974 2975 1017 et
3006 964 3040 1016 ii
3066 965 3154 1032 qui
3182 981 3284 1017 non
3317 965 3516 1020 ducunt

1917 1070 2124 1114 uxores,
2150 1065 2297 1108 erunt
2329 1056 2462 1107 sicut
2494 1056 2667 1126 angeli
2706 1056 2757 1107 in
2798 1057 2924 1109 caelo
2965 1055 3180 1123 (Matth.
3216 1074 3325 1112 xxn
3347 1101 3359 1116 .
3397 1060 3515 1129 30).

1918 1147 2207 1200 Postremo
2237 1145 2302 1199 ad
2332 1146 2610 1200 dexteram
2644 1147 2735 1201 Dei
2771 1148 2820 1199 itt
2853 1148 2947 1201 illo
2978 1147 3096 1202 Filii
3122 1150 3355 1205 hominis
3377 1150 3517 1205 solio

1918 1239 2219 1299 collocaSIi,
2248 1237 2390 1291 sicut
2419 1239 2533 1307 ipse
2561 1238 2811 1308 dignatus
2842 1253 2901 1294 es
2929 1238 3111 1293 dicere
3138 1256 3152 1294 :
3184 1240 3264 1295 Eo:
3292 1243 3387 1296 hoc
3412 1259 3513 1296 au-

1920 1342 2017 1386 tent
2069 1334 2163 1384 erit
2212 1328 2261 1383 F
2266 1332 2383 1385 ilius
2429 1332 2652 1387 hominis
2691 1332 2875 1389 sedens
2917 1334 2986 1388 ad
3016 1334 3278 1390 dexteram
3309 1338 3516 1393 virtutis

1919 1423 2019 1478 Dei
2046 1423 2201 1493 (Lac.
2235 1440 2372 1487 χχιι,
2406 1424 2521 1494 69).

1991 1541 2080 1597 90.
2102 1541 2258 1598 Unde
2278 1543 2573 1612 Apostolus
2591 1544 2868 1602 admirans
2890 1546 3085 1600 divinae
3108 1548 3248 1603 dona
3276 1550 3517 1619 pietatis,

1921 1637 2079 1692 simul
2112 1637 2409 1692 ostendens
2438 1653 2596 1691 unattt
2629 1637 2805 1692 Patris
2833 1648 2888 1693 et
2920 1639 3040 1693 Filii
3072 1654 3195 1695 esse
3226 1640 3520 1697 liberalita—

1923 1740 2061 1795 tem,
2092 1731 2204 1785 ait:
2237 1728 2381 1784 Deus
2410 1741 2580 1784 autem
2619 1732 2706 1799 qui
2748 1732 2887 1785 dites
2930 1741 3001 1785 est
3047 1733 3101 1785 in
3137 1733 3517 1801 misericordia,

1924 1835 2136 1896 propter
2186 1824 2399 1877 multam
2427 1823 2732 1877 charitutein
2776 1840 2877 1893 qua
2924 1825 3108 1878 dilexit
3154 1841 3247 1879 nos
3293 1825 3515 1895 (Epiros,

1920 1930 1976 1981 tt,
2002 1913 2079 1986 4).
2108 1913 2277 1969 Audis
2309 1915 2360 1968 in
2390 1931 2498 1985 quo
2527 1916 2728 1970 debeas
2748 1957 2763 1979 ,
2795 1915 2984 1971 homo.
3015 1917 3169 1972 dives
3198 1933 3353 1982 esse,
3383 1933 3521 1989 quas

522 1971 953 2082 Hic-{’"smera’
979 1974 1220 2082 ῗδωηξς
1402 1977 1568 2082 leas"
1594 1976 1712 2032 Non
1736 1976 1812 2082 ia:
1844 1974 1888 2033 Β
1921 1971 2122 2066 habere
2157 2021 2180 2049 ο
2211 1971 2437 2065 virtutes
2459 2051 2474 2077 ,
2523 2026 2706 2065 amare
2758 2010 2810 2064 in
2862 2010 3007 2076 Deo,
3045 2012 3097 2065 in
3147 2021 3199 2067 te
3246 1971 3520 2082 pro'ba're:

230 2067 420 2120 boratit
459 2068 761 2138 Apostolus
814 2068 1109 2139 potentiam
1150 2068 1349 2125 Christi
1400 2071 1674 2140 probare:
1716 2070 1812 2125 sed

230 2160 576 2215 obedientiam
601 2162 935 2233 praedicare;
964 2163 1060 2219 sed
1105 2162 1482 2220 demonstrare
1511 2175 1709 2233 quanta
1744 2165 1817 2218 sit

230 2251 525 2309 humilitatis
552 2255 728 2319 gratia
748 2297 760 2321 ,
784 2264 1019 2326 quantus
1046 2257 1164 2325 ejus
1186 2255 1480 2326 profectus.
1521 2258 1578 2313 Si
1608 2257 1817 2326 simpli-

230 2347 361 2403 cibus
388 2346 628 2419 accipias
659 2348 921 2415 auribus,
962 2359 1017 2405 et
1061 2348 1335 2403 Christum
1381 2350 1656 2403 exaltavit.
1707 2348 1814 2404 Sed

229 2437 452 2496 Christus
483 2456 597 2496 non
625 2455 746 2511 quae
775 2455 868 2494 sua
887 2481 903 2507 ,
933 2442 1027 2496 sed
1058 2457 1179 2511 quae
1209 2448 1295 2494 tua
1320 2451 1497 2504 erant,
1523 2442 1607 2496 illa
1640 2441 1819 2496 humi-

227 2532 361 2588 litate
392 2534 696 2603 qtuerebat.
730 2541 756 2569 λ
787 2533 987 2603 Accipe
1010 2547 1140 2603 ergo
1169 2532 1374 2603 argutis
1405 2533 1665 2588 auribus:
1693 2547 1808 2588 nio-

226 2627 407 2694 raliter,
442 2627 537 2682 tibi
579 2627 811 2697 profuit;
853 2628 1103 2698 mystice,
1139 2639 1280 2681 tttant
1311 2628 1540 2682 redemit
1562 2628 1815 2683 salutem.

226 2719 486 2786 Quomodo
512 2720 606 2773 vis
651 2719 931 2789 intellige:
970 2720 1116 2774 salus
1156 2730 1241 2774 est
1266 2731 1375 2774 tua.
1412 2720 1467 2775 Si
1499 2732 1653 2789 putas
1674 2721 1817 2790 quod

225 2808 419 2867 Christo
448 2814 660 2883 profuit
684 2812 957 2868 humilitas
974 2827 1104 2877 sua;
1132 2814 1216 2868 cui
1244 2828 1374 2883 ergo
1398 2828 1504 2867 non
1535 2813 1818 2880 proderit?

227 2904 274 2962 Si
298 2909 434 2961 illum
457 2907 720 2963 exultavit
743 2923 757 2973 ;
781 2922 942 2973 quem
971 2924 1077 2961 non
1101 2908 1357 2978 augebit?
1385 2907 1582 2963 Factus
1607 2917 1694 2963 est
1719 2908 1819 2963 mi-

224 2996 378 3053 nister
394 3000 644 3053 omnium
673 2998 951 3063 Dominus,
975 3008 1029 3053 et
1050 3006 1238 3052 auctor
1257 2999 1499 3052 omnitun
1518 2999 1816 3066 vapulavit,

226 3090 372 3158 pedes
399 3092 567 3155 lavit,
603 3090 896 3145 cruetlixus
941 3101 1057 3155 est,
1092 3100 1335 3144 mortuus
1370 3101 1471 3145 esu
1522 3089 1629 3146 Sed
1654 3091 1705 3144 iu
1734 3090 1819 3145 his

226 3182 455 3237 Omnibus
501 3181 897 3238 detrimentum
927 3182 1136 3237 nullum
1164 3181 1321 3236 video
1346 3182 1651 3237 divinitatis
1679 3182 1817 3252 ejus,

227 3274 504 3343 profectum
547 3275 888 3346 operationis
931 3290 1187 3347 agno~co.
1231 3276 1332 3343 Qui
1382 3276 1511 3330 nihil
1564 3275 1818 3353 habebat,

227 3367 353 3437 quod
395 3368 459 3421 ad
503 3376 836 3439 potestatem
876 3382 1028 3423 suam
1060 3367 1317 3429 adderet,
1348 3366 1535 3421 habuit
1563 3367 1707 3437 quod
1751 3365 1815 3420 ad
1844 3362 1891 3425 C

226 3461 408 3515 cultum
435 3478 553 3516 sua:
582 3460 878 3530 maiestatis
894 3460 1235 3531 adjungeret.
1253 3459 1635 3514 Audeodicere
1656 3476 1669 3512 :
1689 3471 1819 3527 ope-

225 3555 432 3612 rationis
455 3572 575 3611 sua:
607 3569 804 3609 munus
825 3556 1111 3618 amiserat,
1142 3551 1242 3607 nisi
1274 3551 1325 3606 id
1367 3551 1646 3606 humilitas
1669 3564 1821 3604 rece-

227 3649 396 3716 pisset.
445 3650 638 3718 Itaque
686 3662 785 3703 nos
814 3648 1030 3716 quidem
1076 3645 1335 3708 redemit,
1382 3644 1477 3697 sed
1513 3644 1675 3697 etiam
1716 3639 1821 3695 sibi

227 3742 512 3812 acquisivit.
564 3739 712 3795 Nihil
744 3755 873 3809 ergo
915 3738 1191 3791 humilitas
1216 3735 1373 3791 aliert
1403 3733 1694 3803 dispendii.
1728 3732 1823 3788 Ille

226 3833 305 3900 qui
335 3847 391 3887 se
429 3831 773 3895 exinanivit,
806 3832 995 3901 plenus
1023 3838 1125 3885 est.
1177 3829 1274 3883 Ille
1314 3827 1405 3898 qui
1439 3841 1544 3881 non
1578 3826 1821 3895 rapinam

231 3927 505 3980 arbitratus
528 3934 764 3980 estesse
790 3941 849 3978 se
870 3923 1130 3994 aequalem
1158 3923 1288 3985 Deo,
1318 3920 1541 3975 fortnam
1570 3918 1710 3973 servi
1733 3932 1824 3972 ae-

229 4019 506 4088 cipiens.in
532 4018 714 4090 gloria
744 4026 822 4072 cst
858 4016 949 4071 Dei
981 4016 1177 4071 Patris.
1199 4014 1597 4084 Suscepiquem
1616 4010 1824 4065 nescie-

230 4109 357 4179 bam,
381 4111 580 4183 agnovi
611 4126 769 4179 quem
804 4125 907 4164 non
934 4107 1353 4179 cognoscebam,
1377 4104 1641 4159 conliteor
1663 4116 1823 4174 quem

228 4208 497 4275 negabam.
536 4204 647 4275 Ipsi
677 4219 820 4273 genu
845 4205 1093 4272 corporis
1115 4200 1299 4263 ﬂecto,
1324 4197 1427 4269 ipsi
1458 4212 1597 4266 genu
1627 4196 1824 4250 mentis

228 4294 426 4353 inﬂecto
449 4342 463 4365 ,
505 4300 687 4369 ipsum
728 4297 897 4351 adoro
922 4336 936 4361 ,
969 4310 1127 4364 quem
1159 4303 1285 4347 ante
1317 4290 1606 4360 fugiebam.

292 4390 373 4446 19.
415 4390 644 4447 Gratias
675 4388 766 4443 tibi
795 4388 1027 4454 animus.
1060 4385 1290 4441 Domine
1310 4382 1437 4438 Jesu
1459 4424 1472 4446 ,
1498 4380 1643 4453 quod
1669 4394 1825 4434 crea-

230 4484 294 4538 sti
319 4501 432 4544 nns,
466 4485 567 4540 sed
602 4490 818 4537 creatos
846 4482 994 4544 leris,
1029 4480 1238 4546 bestiis,
1268 4479 1433 4531 mutis
1454 4474 1825 4530 animantibus

230 4576 530 4644 pnefecisﬁ.
564 4574 767 4643 Majora
799 4584 923 4627 sunt
956 4570 1281 4626 visitationis
1308 4579 1413 4623 tuae
1436 4581 1684 4622 munera.
1734 4563 1823 4619 Vi-

230 4672 407 4723 sitntos
435 4670 743 4737 majestatis
772 4678 877 4719 une
915 4664 1211 4721 consortiis
1240 4660 1553 4720 honorasti.
1592 4658 1780 4713 dicens
1807 4674 1820 4709 :

1918 2102 2057 2157 inire
2096 2102 2356 2156 benelicia
2402 2102 2792 2157 misericordiae
2835 2102 3223 2173 cltaritatisqne
3252 2104 3515 2160 cmlestis.

1918 2194 1986 2249 Et
2011 2194 2219 2249 addidit
2245 2212 2257 2247 :
2290 2194 2353 2247 Et
2384 2210 2500 2248 cum
2527 2209 2751 2247 essemus
2780 2195 2975 2247 mortui
3007 2195 3262 2262 peccatis,
3300 2196 3523 2249 convivi-

1918 2288 2088 2357 ficnvit
2112 2303 2205 2340 nos
2226 2292 2279 2339 in
2299 2284 2526 2349 Christo,
2548 2287 2700 2356 cujus
2723 2288 2889 2358 gratia
2904 2287 3025 2339 estis
3046 2288 3229 2340 saluati
3253 2302 3270 2341 :
3299 2297 3343 2340 et
3367 2288 3524 2343 simul

1918 2380 2216 2445 suscitavit,
2254 2380 2410 2433 simul
2440 2381 2560 2450 fecit
2602 2383 2776 2434 sedere
2816 2382 2868 2431 in
2898 2378 3214 2444 caelestibus,
3240 2380 3293 2433 in
3317 2377 3522 2436 Christo

1917 2472 2042 2527 Iesu
2084 2471 2300 2544 (lbid.,
2323 2474 2356 2527 5
2382 2483 2431 2527 et
2459 2474 2523 2543 6)
2578 2471 2637 2527 Iit
2667 2471 2888 2525 tllttisto
2916 2471 3100 2541 utique
3146 2475 3444 2527 honoratur
3472 2483 3529 2528 et

1919 2583 2065 2623 caro.
2110 2568 2199 2621 Ille
2231 2568 2393 2634 igitur
2416 2567 2505 2637 qui
2533 2567 2601 2622 ad
2630 2567 2911 2621 dexteram
2947 2566 3039 2619 Dei
3072 2566 3228 2620 sedt-t
3249 2606 3263 2629 ,
3299 2580 3521 2635 propter

1920 2679 2019 2718 nos
2072 2665 2285 2735 1228
2336 2662 2650 2716 humiliatus
2704 2672 2807 2715 est.
2868 2659 3099 2730 Ideoque
3144 2660 3274 2715 dicit
3324 2660 3519 2716 tubis:

1921 2755 2116 2809 Discite
2144 2777 2174 2810 a
2204 2773 2283 2809 me
2309 2758 2431 2825 quin
2459 2756 2595 2808 mitis
2621 2770 2735 2807 sum
2754 2794 2767 2813 .
2794 2763 2839 2806 et
2865 2751 3079 2807 humilis
3104 2753 3262 2806 corde
3289 2750 3521 2824 (Matth.

1921 2865 1993 2912 tu.
2024 2849 2151 2917 29).
2185 2848 2298 2903 Non
2327 2846 2503 2902 dixit:
2549 2846 2751 2901 Discite
2782 2861 2810 2899 a
2844 2861 2962 2903 tne.
2995 2848 3119 2912 quia
3154 2853 3346 2914 potens
3375 2858 3519 2911 sum,

1921 2940 2015 2996 sed
2045 2942 2166 3011 quia
2202 2939 2424 2993 humilis
2461 2940 2655 3002 corde;
2693 2945 2752 2990 tit
2780 2950 2835 2991 tu
2874 2936 3024 2990 illum
3066 2937 3328 3001 imiteris,
3373 2950 3423 2990 ut
3466 2946 3523 2990 tu

1922 3031 1973 3086 ei
2002 3032 2149 3085 dicas
2175 3050 2187 3085 :
2214 3031 2466 3096 Domine,
2496 3029 2676 3082 audivi
2704 3042 2894 3082 vocem
2928 3036 3100 3092 tuam,
3128 3025 3348 3096 impleri
3379 3040 3522 3096 prte-

1921 3132 2138 3191 ceptutn
2165 3134 2334 3177 tuum.
2353 3120 2544 3176 Dixisti
2575 3131 2679 3173 uta
2711 3128 2762 3173 te
2779 3118 3519 3174 disceremushumilitatem:

1923 3217 2209 3272 didicimus
2238 3232 2344 3271 non
2390 3221 2563 3269 solum
2595 3227 2847 3269 sermone.
2879 3222 2972 3267 tuo
2997 3253 3011 3277 ,
3059 3211 3153 3266 St'd
3195 3211 3355 3266 etiam
3401 3220 3523 3267 actu

1928 3320 2040 3377 tuo,
2085 3310 2187 3365 feci
2212 3309 2354 3381 quod
2384 3307 2703 3381 imperaSIi:
2750 3305 2882 3361 Vide
2908 3307 3246 3360 humilitatem
3279 3322 3466 3361 meam.

1993 3422 2083 3475 21.
2125 3421 2343 3476 Athleta
2372 3421 2547 3475 bonus
2572 3419 2813 3475 membra
2845 3435 2940 3473 sua
2973 3427 3275 3483 monstrat;
3308 3429 3365 3473 ut
3391 3434 3525 3475 con-

1925 3515 2250 3572 versationis
2270 3532 2379 3572 suae
2402 3515 2663 3585 approbet
2689 3514 3054 3583 disciplinam.
3079 3513 3339 3568 MOttSll‘al
3358 3514 3526 3569 etiam

1926 3619 2053 3665 tunc
2097 3608 2338 3664 membra
2386 3624 2519 3669 sua.
2576 3606 2792 3671 quando
2824 3617 2947 3677 post
2992 3607 3169 3677 aliqua
3223 3607 3527 3664 certamina

1924 3705 2195 3775 graviora.
2218 3704 2409 3759 iterum
2434 3702 3041 3772 certarecompellitur;
3073 3712 3129 3755 ut
3152 3702 3313 3769 iudex
3332 3703 3525 3757 videns

1924 3797 2125 3852 fessum
2157 3812 2387 3866 corpus,
2430 3810 2769 3864 nequaquam
2800 3810 2924 3848 eum
2967 3804 3179 3848 certare
3210 3795 3523 3864 Compellat.

1927 3889 1994 3944 Et
2026 3899 2081 3944 tu
2104 3888 2333 3943 ostende
2362 3888 2542 3942 cordis
2572 3889 2643 3940 tui
2692 3885 3082 3950 humilitatem;
3115 3894 3171 3939 tit
3199 3886 3390 3941 titulos
3419 3885 3526 3941 vir-

1926 3985 2056 4039 tutis
2082 3982 2356 4038 ostendas.
2383 3980 2621 4036 Ostende
2649 3990 2704 4034 et
2729 3978 2974 4047 corporis
3001 3979 3075 4031 ttti
3104 3979 3437 4042 certamina;
3469 3987 3530 4033 ut

1925 4078 2115 4133 dicas:
2164 4062 2433 4129 Certamen
2463 4072 2655 4126 bonum
2693 4072 2911 4136 certari,
2950 4087 3154 4124 cursum
3180 4072 3529 4125 consummavi

1927 4169 2011 4241 (II
2043 4168 2173 4222 Tim.
2202 4182 2275 4232 tv,
2301 4167 2368 4234 7)
2395 4183 2407 4219 :
2436 4177 2488 4221 et
2520 4164 2713 4220 videns
2739 4164 2995 4232 spiritalis
3022 4162 3187 4233 judex
3216 4159 3244 4198 ά
3274 4162 3528 4219 cettami-

1927 4264 2034 4329 nis,
2064 4275 2323 4316 coronam
2347 4257 2573 4329 jus-tilia:
2594 4257 2890 4324 decernat;
2916 4258 3172 4327 quoniam
3202 4257 3375 4327 legem
3400 4270 3529 4328 ago-

1928 4359 2015 4414 nis
2046 4356 2298 4426 implesti.

1998 4477 2091 4532 22.
2128 4475 2308 4549 (Vers.
2339 4472 2494 4543 154.)
2534 4472 2791 4538 Sequitur
2815 4483 3005 4526 versus
3031 4469 3340 4524 secundus:
3370 4467 3527 4523 ludi-

1928 4587 1987 4625 ca
2022 4570 2282 4641 judicium
2306 4582 2491 4623 meum.
2521 4574 2567 4617 et
2589 4564 2747 4617 libero
2770 4578 2847 4614 me
2871 4578 2889 4617 :
2922 4571 3128 4629 prapter
3148 4560 3353 4613 verbum
3379 4571 3526 4614 tuum

1928 4663 2129 4729 vivi/ica
2150 4676 2248 4713 me.
2277 4655 2553 4711 FeSIiuant
2580 4652 2785 4708 innoxii
2809 4652 2875 4706 ad
2900 4652 3184 4720 judicium,
3207 4662 3255 4704 et
3296 4651 3534 4719 propria:

233 4759 467 4817 Narrabo
496 4776 688 4818 nomen
721 4773 867 4814 tuum
896 4759 1145 4829 fratribus
1184 4759 1311 4811 meis
1340 4754 1514 4823 (Psal.
1545 4770 1661 4819 ut,
1687 4752 1821 4823 25);
1850 4744 1903 4803 D
1930 4753 2255 4809 innocentiae
2307 4748 2529 4801 arbitris
2578 4744 2892 4798 desiderant
2946 4743 3106 4796 citius
3156 4743 3526 4811 comprobari.

234 4869 480 4925 suscepto
510 4859 659 4911 enim
683 4870 915 4925 corpore
940 4855 1105 4909 frater
1124 4869 1186 4909 es
1209 4856 1401 4917 lactus,
1434 4867 1537 4907 nec
1564 4852 1821 4905 Dominus

232 4963 345 5003 esse
387 4949 601 5004 desisti.
628 4947 655 4986 δ
699 4948 871 5018 Major
920 4946 1310 5015 redemptionis
1348 4945 1559 5015 gratia:
1606 4942 1824 5013 pericli-

235 5052 401 5100 tantes
429 5057 609 5101 tnorte
649 5043 868 5114 propria
898 5040 1202 5107 redemiSti,
1238 5041 1376 5095 sicut
1401 5040 1661 5109 scriptum
1694 5046 1778 5093 est
1806 5053 1820 5090 :

299 5238 324 5265 ι
355 5228 487 5284 Voci
517 5228 731 5293 Accipe.
760 5224 1158 5292 praemitti-baut
1186 5222 1496 5292 superiores
1523 5219 1657 5293 edit.
1694 5219 1826 5293 Ego,

232 5300 423 5367 inquit,
467 5302 512 5353 si
543 5290 803 5353 exultabis
831 5300 979 5366 {uero
1004 5312 1037 5349 a
1066 5306 1206 5349 terra
1227 5337 1238 5350 .
1261 5290 1452 5367 omnia
1470 5363 1481 5367 Α
1509 5290 1718 5346 traham
1742 5290 1830 5367 ad

232 5363 307 5423 me
328 5373 524 5439 ipsum.
567 5368 672 5423 Sed
692 5382 765 5439 ea
806 5363 857 5421 in
893 5383 1022 5439 mss.
1054 5367 1309 5439 omnibus
1333 5363 1733 5420 desiderantur.
1764 5363 1833 5417 Et

232 5437 358 5495 sane
380 5444 450 5494 de
480 5442 665 5495 verbis
691 5437 842 5492 Pauli
871 5438 1045 5491 adhuc
1076 5438 1272 5505 agitur.

300 5510 327 5550 δ
369 5512 491 5567 Vel.
517 5511 674 5573 edit.,
707 5507 965 5578 Majorem
990 5510 1357 5579 redemptionis
1384 5507 1613 5579 gratiam;
1633 5506 1833 5569 prwsti-

238 5583 368 5647 tisti;
397 5584 524 5648 quia
571 5577 942 5648 periclitantes.
979 5580 1133 5633 Iiom.
1169 5577 1303 5633 edit.
1346 5577 1400 5633 et
1435 5594 1541 5633 tus~
1601 5577 1743 5630 inter
1775 5591 1834 5630 se

233 5660 567 5719 congruunt,
599 5653 699 5703 nisi
748 5651 892 5718 quod
938 5651 1025 5703 illa
1065 5650 1260 5712 habet,
1294 5652 1414 5718 quin
1444 5648 1791 5716 prriclitaates
1815 5664 1833 5701 :

232 5722 422 5780 borum
453 5736 633 5777 autem
665 5722 831 5787 aliqui
856 5764 871 5785 ,
906 5721 1099 5792 Majori
1144 5722 1511 5791 redemptionis
1539 5719 1705 5789 gratia
1746 5735 1833 5789 pe-

233 5795 535 5850 riclitantes.
567 5793 674 5848 Nec
703 5795 805 5863 ipsi
844 5796 1002 5848 male.

307 5876 328 5902 τ’
370 5864 523 5921 Ειιὶι.
554 5873 689 5930 tint.,
721 5860 955 5920 virtutes.
992 5864 1230 5919 Amorem
1266 5862 1366 5918 Dei
1396 5871 1444 5915 te
1473 5863 1690 5933 probato
1719 5860 1834 5913 imi—

1931 4845 2097 4901 Ilabet
2134 4846 2237 4897 hoc
2265 4855 2394 4894 usus
2420 4838 2584 4892 etiam
2612 4837 2666 4892 itt
2696 4837 2896 4891 saeculo
2916 4876 2929 4894 .
2960 4835 3102 4904 quod
3132 4848 3212 4889 eat
3240 4850 3531 4891 commune

1930 4956 2052 4996 cum
2082 4935 2307 4991 sanctis.
2352 4932 2549 4987 Verum
2584 4931 2628 4986 is
2672 4930 2765 4999 qui
2811 4928 2950 4998 apud
3000 4927 3373 4997 Deumjustns
3419 4936 3528 4993 est,

1934 5033 2098 5091 habet
2136 5030 2296 5087 aliam
2321 5041 2540 5083 causam
2569 5022 2759 5095 iudicii
2789 5037 2896 5077 non
2928 5020 3185 5086 timendi;
3229 5021 3355 5092 quia
3386 5022 3529 5092 apud

1936 5218 2055 5283 tari,
2075 5213 2321 5284 beneﬁcia
2336 5208 2703 5284 misericorditr
2717 5207 3089 5284 _chnritatisque
3108 5207 3351 5284 caelestis.
3374 5206 3534 5284 Boni.

1936 5278 2166 5343 virtutes.
2189 5278 2424 5338 Amorem
2447 5280 2544 5334 Dei
2567 5293 2613 5335 te
2638 5281 2824 5334 habere
2846 5278 3082 5351 probato,
3101 5279 3301 5351 imitare
3322 5280 3539 5351 calestis

1939 5360 2209 5414 charitutis
2250 5353 2594 5408 dulcedinem.
2644 5351 2768 5406 Mss.
2815 5365 2997 5403 autem
3029 5358 3087 5403 ut
3133 5350 3186 5404 itt
3221 5362 3399 5410 textu,
3434 5350 3538 5405 nisi

1939 5431 2081 5503 quod
2124 5428 2305 5503 plures
2329 5425 2650 5503 pra-lerunt,
2680 5424 2912 5487 in.i.'ari;
2945 5422 3114 5502 satius
3138 5432 3313 5503 tamen
3346 5423 3539 5503 estde-

1941 5492 2068 5572 éere
2094 5492 2216 5554 rtttn
2245 5497 2393 5572 aliis,
2423 5496 2646 5559 imitare,
2674 5504 2731 5548 ut
2756 5500 2828 5547 sit
2851 5493 3004 5563 quasi
3036 5492 3316 5547 conclusio
3344 5493 3538 5547 verbo-

1936 5567 2054 5629 rum
2087 5585 2236 5633 sonet
2255 5567 2454 5622 it-ruiu.

2009 5641 2034 5681 ἀ
2064 5644 2185 5697 l'ost
2204 5655 2414 5695 Vocem,
2434 5635 2746 5699 certaminis,
2769 5634 2899 5689 edit.
2919 5634 3237 5707 subneclttnt
3251 5675 3265 5697 ,
3284 5650 3500 5707 agonem
3514 5652 3535 5687 :

1938 5730 2061 5788 qum
2084 5730 2185 5768 Vux
2206 5713 2352 5765 deest
2382 5710 2434 5762 in
2466 5708 2902 5788 II|~S.'0.II|II'IIIII§.‘
2919 5721 3016 5783 nec
3036 5706 3325 5788 admodum
3350 5720 3539 5788 neces:

1940 5774 2080 5842 saria
2120 5796 2239 5849 est;
2268 5795 2454 5849 cump
2494 5779 2789 5852 rtttsipium,
2818 5778 3026 5852 videns,
3046 5782 3173 5852 relet
3192 5778 3233 5847 ri
3268 5787 3439 5852 possit
3467 5774 3537 5830 ad

1940 5858 2070 5913 illud
2104 5848 2435 5911 antecedens
2458 5868 2470 5902 :
2500 5848 2724 5904 Ostende
2749 5858 2794 5902 ct
2822 5850 3053 5918 corporis
3081 5849 3155 5902 tui
3184 5848 3488 5904 certamina.
