3948 6350
1385 39 1390 42 ε
1407 39 1464 44 -——
1485 39 1606 49 ,ἀι-τι
1635 39 1744 50 ηκμιυ
1777 38 2024 52 ,π’-ὐπηρι
2037 40 2303 53 νυνι--.ιι-

421 321 553 380 “Si

1743 318 1992 378 SANCTi
2030 269 2357 380 ᾸΜΒΒΟΒΙΙ

3581 322 3731 377 1499.

419 439 830 500 misericordem
846 438 1086 510 judicent
1103 439 1207 494 sibi
1228 452 1392 494 causa
1415 449 1519 506 est,
1539 439 1682 510 apud
1706 440 2016 512 redempto—
2045 439 2095 502 Α
2121 438 2376 506 operibus
2400 437 2548 502 suis.
2598 446 2826 507 promer
2853 438 3077 494 verbum
3111 447 3289 493 tamen
3337 439 3433 494 Dei
3476 440 3729 496 clemen-

422 547 538 589 rem
561 547 718 590 suum
745 531 861 588 vult
883 531 992 588 cito
1017 539 1073 584 et
1099 538 1284 600 sperat
1309 531 1539 587 absolvi.
1564 531 1852 590 Absolutio
1873 534 2019 588 enim

421 633 630 682 matura
653 633 962 682 sanctorum
991 631 1092 678 est.
1115 620 1270 678 Unde
1301 629 1357 680 et
1380 622 1641 678 Dominus
1663 622 1741 678 ait
1767 637 1862 693 per
1889 623 2024 680 Eze-

423 717 654 773 chieiem
688 715 755 772 ad
801 714 1022 784 angelos
1051 715 1144 784 qui
1188 714 1426 770 ministri
1472 724 1599 771 sunt
1635 716 1900 772 ultionuni
1932 732 1946 770 :
1979 717 2023 770 A

419 811 611 867 sanctis
634 812 759 866 meis
781 810 994 880 incipite
1020 808 1242 882 (Ezech.
1268 826 1350 878 ix,
1375 811 1453 881 6).
1480 811 1601 867 Non
1625 811 1740 867 vult
1764 811 2023 868 Dominus

421 917 709 958 commune
739 903 943 957 sanctis
971 918 1093 958 cum
1120 901 1319 960 diaboli
1344 902 1513 960 sociis
1541 903 1876 958 consortium
1903 917 2026 959 esse

416 994 640 1065 judicii;
675 994 924 1051 diabolus
955 996 1101 1052 enim
1132 1004 1180 1050 et
1215 994 1448 1050 ministri
1484 995 1602 1064 ejus
1629 1009 1752 1050 cum
1791 994 2024 1052 homini-

421 1089 523 1146 bus
545 1106 651 1146 non
682 1090 1117 1160 ilagellabnutur.
1149 1089 1411 1158 Separata
1432 1099 1515 1144 est
1539 1103 1720 1158 pinna,
1746 1087 1836 1142 tibi
1859 1087 2028 1142 distat

425 1192 482 1240 et
510 1185 688 1255 culpa.
714 1184 948 1254 Ideoque
971 1185 1074 1238 alio
1106 1184 1228 1239 loco
1257 1185 1534 1252 Scriptura
1559 1184 1672 1238 ait:
1709 1182 1930 1251 Tempus
1952 1193 2028 1238 est

424 1277 650 1350 incipere
690 1278 952 1348 judicium
979 1295 1009 1334 α
1038 1277 1191 1333 domo
1223 1276 1324 1332 Dei
1351 1276 1578 1349 (iPetr.
1609 1293 1685 1342 tv,
1720 1278 1848 1344 i7).
1879 1276 2027 1344 Quos

427 1371 722 1426 miseratur
753 1371 930 1436 enim,
971 1371 1079 1426 cito
1117 1371 1374 1439 castigat;
1411 1378 1470 1424 ut
1517 1384 1623 1424 non
1662 1369 1866 1426 diutius
1908 1369 2029 1424 alti-

423 1463 640 1518 ciantur
687 1461 854 1517 futuri
899 1461 1304 1532 exspectatione
1346 1460 1574 1530 judicii,
1624 1476 1732 1516 non
1766 1461 2028 1525 prolixius

427 1555 624 1610 misera
650 1563 828 1613 reatus
856 1565 1004 1614 sorte
1026 1563 1402 1620 macerentur;
1431 1563 1492 1607 ut
1514 1554 1882 1626 unusquisque
1903 1555 2029 1608 red-

428 1646 522 1703 dat
561 1649 724 1703 etiam
755 1648 990 1720 duplicia
1036 1658 1256 1719 peccata
1286 1663 1412 1716 sua,
1441 1663 1549 1716 quo
1595 1647 1810 1704 tandem
1854 1649 2029 1718 possit

427 1740 654 1795 absolvi.
690 1742 858 1797 Poena
899 1742 1043 1796 enim
1074 1756 1291 1797 reorum
1351 1741 1598 1812 quaedam
1626 1742 1898 1798 absolutio
1929 1732 2026 1802 de-

429 1831 682 1886 lictorum
712 1842 815 1888 est.

504 1945 595 2002 23.
639 1945 896 2002 Videmus
943 1945 997 2001 in
1035 1945 1140 2002 hoc
1180 1946 1382 2002 sicculo
1413 1946 1650 2004 insertos
1679 1947 1912 2005 nexibus
1939 1962 2030 2004 ca-

435 2047 686 2095 tenarum
721 2053 844 2094 reos
885 2039 938 2094 in
970 2039 1153 2110 specie
1186 2055 1399 2110 pompa:
1427 2041 1751 2098 miserabilis
1781 2041 1905 2097 duci
1931 2060 1944 2097 :
1975 2049 2033 2100 et

433 2146 842 2200 nonnumquam
872 2131 976 2188 hoc
1000 2133 1277 2202 patiuntur
1302 2133 1583 2198 insontes;
1613 2144 1671 2189 ut
1691 2134 2030 2193 tolerabilius

432 2225 502 2278 sit
532 2225 701 2288 mori,
735 2241 895 2296 quam
923 2226 1050 2281 talia
1076 2225 1260 2282 subire
1289 2227 1572 2297 supplicia.
1613 2228 1815 2298 Optant
1842 2229 2031 2298 utique

431 2315 609 2372 audiri
642 2316 778 2372 bene
809 2317 909 2374 sibi
941 2319 1144 2373 conscii
1172 2335 1186 2372 :
1217 2325 1405 2388 optant
1443 2318 1610 2376 etiam
1641 2320 1694 2374 hi
1730 2319 1822 2391 qui
1848 2321 2032 2388 gravi-

434 2406 534 2461 bus
556 2405 775 2480 tiagjtiis
804 2418 1082 2481 urgentur,
1108 2424 1322 2481 pinnam
1342 2410 1532 2466 mortis
1557 2411 1834 2468 celeritate
1857 2420 2031 2469 trans-

428 2501 609 2572 igere:
644 2510 703 2555 ut
748 2501 1023 2574 aliquanta
1051 2503 1371 2573 compendia
1403 2518 1687 2572 pinnarum
1729 2503 2029 2559 lucrentur.

427 2592 565 2662 Spes
597 2602 680 2650 est
711 2595 873 2650 etiam
901 2594 968 2650 de
1009 2595 1210 2666 judicis
1242 2595 1637 2652 misericordia.
1687 2596 1811 2669 Ipso
1841 2596 2035 2652 exsilio

431 2687 668 2742 claustra
695 2689 931 2746 careeris
961 2687 1180 2744 duriora
1213 2697 1359 2756 sunt,
1389 2704 1490 2745 nec
1516 2689 1726 2747 reditus
1758 2691 1810 2745 in
1844 2706 2036 2761 perpe-

433 2786 586 2835 tuum
617 2779 873 2838 omnibus
901 2781 1284 2838 intercluditur
1313 2781 1588 2852 relegatis.
1617 2782 1674 2838 Si
1703 2781 1818 2838 haec
1840 2797 2034 2853 opera-

432 2880 522 2928 tur
569 2874 867 2930 huiuannm
923 2890 1202 2942 examen,
1238 2883 1441 2943 quanto
1488 2874 1656 2946 magis
1699 2873 1899 2930 Christi
1953 2882 2036 2930 est

433 2965 689 3024 omnibus
718 2965 1119 3037 expetendum!
1153 2964 1407 3021 Diﬂ'ertur
1432 2965 1631 3022 diaboli
1655 2965 1946 3036 judicium;
1981 2975 2037 3022 ut

433 3058 506 3112 sit
535 3060 753 3128 semper
785 3058 837 3114 in
874 3057 1051 3128 plenis
1083 3072 1204 3114 rens
1225 3097 1240 3119 .
1275 3072 1489 3127 semper
1530 3057 1891 3128 improbitatis
1921 3073 2035 3113 sua:

433 3148 665 3204 innexus
692 3148 925 3212 catenis,
954 3148 1303 3206 conscientia:
1332 3163 1442 3204 sum
1473 3150 1525 3202 in
1556 3160 1876 3218 perpetuum
1909 3163 2033 3204 sns-

2123 530 2315 586 tiorem
2342 539 2525 600 speret
2553 531 2898 587 sententiam.

2195 623 2289 679 25.
2350 623 2504 680 Alius
2564 632 2789 694 propter
2842 623 3060 682 divitias
3115 624 3303 680 vivere
3358 626 3526 696 cupit,
3585 627 3734 682 alius

2125 725 2347 788 propter
2372 717 2511 774 ﬁlios
2544 735 2556 770 :
2589 717 2678 773 hic
2704 730 2926 788 propter
2953 718 3175 772 verbum
3215 717 3310 772 Dei
3341 717 3604 773 viviticari
3635 734 3734 788 pe-

2126 809 2213 874 tit,
2269 810 2409 862 sicut
2457 806 2677 863 Simeou
2742 808 2954 864 Domini
3001 809 3337 878 exspectavit
3391 809 3728 875 adventum;

2131 899 2312 956 cvidit
2339 900 2482 954 enim
2505 900 2794 954 Dominum
2827 900 2880 954 in
2915 900 3330 969 teruplo,etait:
3364 900 3521 956 Nunc
3549 903 3737 956 dimit—

2127 993 2190 1046 tis
2213 1008 2413 1047 servum
2454 1002 2719 1048 tuum.....
2745 993 2800 1046 in
2828 1009 2992 1061 pace;
3021 994 3142 1061 quia
3183 992 3417 1048 viderunt
3459 995 3600 1048 oculi
3631 995 3736 1048 mei

2129 1083 2356 1140 salutare
2395 1094 2539 1138 tuum
2569 1083 2721 1153 (Luc.
2769 1099 2806 1138 tt
2825 1125 2838 1148 ,
2888 1085 2958 1140 29
2987 1095 3030 1138 et
3059 1084 3152 1156 ’50)
3181 1104 3192 1142 :
3223 1099 3478 1142 asserens
3506 1087 3738 1144 vivendi

2128 1177 2232 1231 sibi
2259 1177 2610 1244 cupiditatem
2637 1176 2799 1232 aliam
2830 1191 2934 1232 non
2982 1178 3170 1243 fuisse,
3204 1179 3305 1236 uisi
3347 1189 3406 1234 ut
3447 1179 3734 1236 Christum

2129 1267 2360 1326 videret.
2413 1268 2656 1339 Denique
2701 1268 2867 1335 vidit,
2920 1277 2976 1326 et
3021 1270 3249 1328 vinculis
3295 1271 3436 1327 solvi
3481 1273 3738 1342 corporis

2131 1362 2443 1430 postulavit.

2199 1453 2290 1510 26.
2336 1453 2634 1509 Possumus
2662 1455 2826 1510 etiam
2857 1454 3208 1524 intelligere:
3241 1453 3437 1511 Judira
3465 1456 3737 1528 judicium

2129 1562 2321 1612 meum,
2343 1548 2495 1615 quasi
2520 1549 2739 1617 gravior
2762 1563 2792 1602 a
2817 1547 2975 1602 nobis
3001 1563 3162 1604 causa
3188 1549 3260 1604 sit
3284 1549 3354 1604 de
3373 1550 3582 1620 judicio
3605 1567 3740 1608 nosv-

2133 1651 2237 1710 tro,
2268 1658 2429 1712 quam
2460 1643 2529 1700 de
2565 1658 2758 1698 errore
2789 1642 3038 1699 dicenda.
3091 1643 3310 1700 Erranti
3340 1646 3485 1700 enim
3517 1646 3738 1702 facilius

2130 1731 2290 1788 datur
2317 1735 2495 1802 venia,
2531 1750 2693 1804 quam
2719 1734 2964 1804 improbe
2997 1736 3048 1790 in
3077 1735 3242 1790 alium
3269 1736 3534 1804 judicanti
3570 1755 3584 1791 :
3619 1737 3733 1794 Ne-

2057 1819 2286 1880 Bcesse
2336 1836 2418 1881 est
2469 1828 2614 1880 enim
2661 1825 3060 1882 eamformam
3106 1828 3162 1882 in
3212 1837 3265 1882 te
3294 1828 3472 1886 redire
3514 1829 3737 1899 judicii,

2131 1934 2293 1989 quam
2319 1921 2372 1978 in
2402 1920 2570 1976 alium
2602 1921 2716 1990 ipse
2738 1921 3139 1976 decernendam
3170 1924 3467 1992 putaveris.

2206 2034 2296 2086 27.
2344 2033 2524 2104 (Vers.
2567 2031 2720 2103 155.)
2761 2033 3018 2104 Sequitur
3047 2049 3238 2089 versus
3275 2034 3511 2090 tertius:
3556 2034 3742 2106 Longe

2135 2134 2208 2180 est
2236 2143 2267 2179 α
2309 2125 2662 2195 peccatoribus
2707 2127 2888 2193 salus;
2927 2127 3174 2196 quoniam
3212 2127 3449 2197 justitias
3479 2137 3601 2183 tuas
3633 2145 3741 2183 mm

2135 2219 2502 2288 exquisierunt.
2550 2219 2795 2288 Quorum
2847 2234 3031 2274 serum
3077 2228 3161 2275 est
3203 2220 3489 2290 judicium,
3542 2237 3742 2278 eorum

2135 2313 2284 2366 salus
2315 2313 2473 2382 longe
2502 2321 2621 2366 est:
2658 2312 2755 2367 sed
2797 2313 2895 2383 ipsi
2929 2323 3055 2368 sunt
3083 2315 3164 2368 sui
3195 2325 3446 2369 auctores
3480 2316 3739 2384 periculi,

2135 2407 2228 2476 qui
2274 2406 2504 2460 Domino
2535 2421 2641 2460 non
2687 2409 3212 2477 apprupinquarunt.
3261 2408 3386 2464 ideo
3431 2408 3560 2465 facti
3610 2420 3745 2466 sunt

2138 2499 2317 2569 longe,
2351 2499 2475 2568 quia
2505 2501 2782 2554 voluntate
2809 2517 2905 2554 sua
2935 2515 2965 2554 a
3003 2502 3199 2556 salutis
3223 2517 3282 2556 se
3313 2501 3486 2572 gratia
3516 2518 3745 2572 separa-

2137 2603 2352 2647 verunt.
2388 2593 2504 2647 Non
2535 2592 2735 2662 refugit
2765 2609 2860 2648 eos
2899 2595 3066 2662 salus,
3099 2597 3194 2650 sed
3228 2597 3330 2665 ipsi
3364 2597 3619 2666 salutem,
3646 2600 3743 2668 qui

2138 2700 2199 2740 se
2232 2686 2644 2755 elongaverunt.
2675 2685 2837 2740 Venit
2863 2687 2929 2740 ad
2959 2687 3197 2754 Judazos,
3230 2687 3326 2742 sed
3354 2688 3458 2757 ipsi
3499 2689 3743 2745 salutem

2139 2792 2247 2833 non
2297 2785 2643 2847 receperunt.
2694 2779 2978 2846 Quomodo
3024 2795 3130 2833 non
3172 2780 3532 2849 receperunt?
3561 2780 3742 2846 Audi,

2139 2870 2295 2925 Jesus
2322 2871 2467 2924 salus
2492 2879 2596 2936 est,
2621 2870 2777 2926 Jesus
2801 2872 2945 2927 illius
2974 2873 3212 2927 hominis
3242 2882 3588 2942 nuncupatus
3615 2883 3702 2929 est
3727 2891 3744 2931 :

2148 2961 2300 3016 Venit
2331 2964 2466 3018 enim
2517 2962 2690 3017 Filius
2738 2964 2959 3018 hominis
2986 2981 3212 3034 quwrerc
3250 2974 3296 3018 et
3326 2965 3526 3018 salvum
3567 2971 3748 3037 facere

2139 3056 2276 3123 quod
2308 3057 2528 3126 perierat
2559 3055 2712 3128 (Luc.
2749 3071 2834 3108 xtx
2857 3099 2871 3121 ,
2907 3056 2996 3127 10)
3028 3075 3040 3109 :
3076 3057 3170 3112 sed
3202 3057 3374 3112 Judaai
3406 3057 3605 3114 dimitti
3635 3060 3746 3115 sibi

2139 3149 2405 3203 latronem
2438 3149 2866 3217 postulaverunt,
2890 3149 3074 3204 Jesum
3110 3151 3741 3222 repudiaveruntUoun.

437 3240 603 3296 tineat
645 3241 762 3311 ipse
795 3239 1084 3311 judicium.
1127 3240 1254 3296 Ideo
1283 3250 1309 3276 ιι
1337 3240 1487 3299 dives
1520 3241 1606 3295 ille
1641 3241 1692 3296 in
1746 3241 2035 3312 Evangelia
2061 3209 2106 3272 Ο
2142 3254 2308 3308 xvm,
2345 3242 2450 3308 f0).

435 3331 823 3402 (Luc.xu,20),
846 3334 1058 3407 1229
1074 3332 1200 3386 licet
1222 3342 1475 3404 peccator
1495 3331 1798 3404 pmnalibus
1813 3330 2036 3406 urgetur

436 3427 732 3495 aerumnis,
765 3435 822 3480 ut
863 3429 1024 3480 citius
1061 3426 1234 3496 possit
1276 3425 1545 3481 evadere:
1578 3425 1823 3481 diabolus
1853 3435 2034 3482 autem

437 3535 777 3591 nequaquam
829 3518 1145 3588 pervenisse
1189 3519 1256 3574 ad
1301 3517 1563 3592 judicium
1607 3519 2032 3586 demonstratur,

437 3627 780 3684 nequaquam
811 3610 989 3666 adhuc
1021 3611 1196 3682 pinnis
1237 3626 1357 3667 esse
1398 3611 1705 3682 subjectus;
1756 3611 1856 3666 nisi
1901 3628 2034 3684 quas

435 3707 554 3777 ipse
587 3713 858 3760 tantorum
895 3705 1148 3760 conscius
1189 3705 1455 3760 scelerum
1496 3705 1655 3760 solvit
1688 3705 1881 3760 timore
1911 3721 2034 3776 per-

432 3808 622 3867 petuo,
652 3812 722 3854 ne
741 3796 1036 3868 aliquando
1058 3813 1282 3854 securus
1312 3797 1401 3852 sit.

500 3906 591 3966 24.
634 3908 804 3966 immo
851 3917 909 3964 ut
953 3909 1131 3968 verius
1176 3909 1376 3976 dicam,
1407 3919 1630 3970 sanctus
1660 3909 1726 3970 ad
1767 3910 2033 3982 judicium

432 3999 613 4068 venit,
666 4000 864 4072 impius
914 4015 1022 4056 non
1071 4001 1260 4058 venit:
1315 4001 1572 4070 Quoniam
1608 4019 1712 4058 non
1760 4013 2035 4076 resurgunt

428 4094 576 4166 impii
605 4094 656 4150 in
674 4095 884 4166 judicio
917 4092 1090 4164 (Psai.
1126 4110 1178 4161 ι,
1206 4092 1284 4167 5).
1316 4094 1413 4151 Hic
1445 4097 1580 4166 petit
1609 4105 1668 4151 ut
1694 4096 2030 4165 absolvatur,

431 4185 572 4241 alius
602 4193 661 4240 ut
696 4184 966 4242 coercitus
995 4183 1315 4240 dimittatur.
1347 4183 1376 4223 ι)
1405 4185 1505 4254 Qui
1534 4196 1714 4244 autem
1751 4203 1856 4244 non
1885 4188 2035 4258 judi-

432 4281 610 4340 catur,
642 4289 751 4328 non
784 4273 1033 4338 credidit,
1080 4275 1176 4329 sed
1207 4275 1501 4345 impietatis
1542 4292 1655 4331 sua:
1679 4278 1884 4348 judicio
1916 4281 2032 4353 ipse

429 4369 674 4441 punitur.
705 4367 862 4437 Apud
903 4367 1259 4436 imperatores
1288 4368 1421 4422 istos
1449 4384 1554 4422 non
1585 4369 1883 4442 puniuntur
1912 4388 2032 4429 sce-

429 4460 562 4518 leris
597 4455 674 4516 rei
715 4454 973 4528 barbari,
1018 4461 1162 4531 quod
1203 4461 1381 4521 insua
1412 4472 1572 4534 gente
1615 4465 2025 4536 commiserint;

430 4553 554 4623 quia
587 4565 694 4608 non
721 4561 849 4608 sunt
877 4552 980 4608 sibi
1009 4552 1232 4618 subditi,
1263 4553 1356 4609 sed
1385 4555 1633 4624 graviore
1659 4557 1881 4614 nomine
1905 4559 2031 4615 hos-

411 4635 512 4702 tes
538 4645 827 4713 habentur,
855 4645 949 4716 qui
979 4645 1096 4701 sine
1125 4646 1549 4718 interrogatione
1582 4651 1773 4721 privati
1804 4653 2028 4709 sceleris

426 4739 744 4808 puniuntur.
781 4739 856 4793 ita
896 4745 954 4792 et
980 4735 1233 4794 Christus
1260 4754 1386 4794 suos
1413 4741 1641 4814 castigat
1665 4759 1799 4814 quos
1828 4744 2025 4816 diligit,

425 4831 638 4886 alienos
669 4840 940 4900 tamquam
963 4830 1205 4901 generali
1233 4832 1582 4890 damnatione
1607 4834 1904 4906 impietatis
1933 4837 2029 4893 ad-

423 4921 646 4977 strictos
692 4935 868 4990 poena:
916 4920 1083 4978 donat
1121 4932 1372 4994 ceterum;
1426 4923 1723 4981 Novissima
1767 4930 2023 4986 enim.....

426 5013 714 5069 destruetur
738 5029 875 5069 mors
903 5013 946 5085 (Ι
969 5011 1089 5069 Cor.
1123 5031 1212 5080 xv,
1239 5015 1334 5087 26)
1361 5035 1374 5070 :
1419 5025 1476 5075 et
1501 5028 1682 5076 tamen
1713 5024 2025 5080 verecunde

424 5104 584 5162 docet
608 5103 878 5176 Propheta
924 5106 1174 5178 exenﬁilo
1205 5109 1326 5178 sui;
1371 5119 1428 5164 ut
1472 5112 1636 5166 etiam
1682 5116 1774 5184 qui
1823 5113 2024 5170 difﬁdit

496 5299 522 5326 α
562 5289 619 5345 Si
648 5287 766 5359 quis
785 5284 1082 5346 contendat
1099 5289 1188 5345 hic
1216 5290 1438 5348 indicari
1465 5284 1688 5350 divitem
1712 5293 1865 5354 illum
1885 5311 2016 5359 epu-

423 5360 605 5417 ionem
635 5361 838 5433 dequo
865 5360 997 5417 Luc.
1021 5377 1116 5419 vui
1145 5363 1398 5433 parabola
1429 5365 1749 5433 instituitur,
1780 5367 1884 5424 hoc
1904 5360 2017 5426 dic-

424 5443 539 5508 tum
565 5431 830 5508 intelligat
874 5433 928 5489 in
965 5431 1231 5508 sententia
1262 5448 1484 5508 eorum,
1524 5434 1593 5492 de
1619 5431 1819 5508 quibus
1848 5439 2016 5494 Euar.

424 5503 477 5555 in
506 5501 648 5556 Psai.
675 5517 714 5561 t,
748 5502 812 5555 ad
833 5518 982 5577 num.
1004 5501 1097 5577 δι,
1129 5503 1376 5577 nonnihil
1400 5501 1832 5565 obserVuvimus.
1860 5511 2016 5577 Quod

424 5587 565 5648 vero
592 5581 819 5648 negatur
848 5574 1095 5648 diabolus
1119 5573 1382 5648 judicium
1411 5577 1588 5634 adhuc
1622 5580 1856 5634 subiisse
1876 5573 1902 5648 ξ
1925 5590 2018 5636 aut

423 5645 645 5710 omnino
679 5643 730 5696 in
757 5644 932 5710 pinnis
951 5659 1095 5710 esse,
1119 5643 1234 5700 haec
1257 5647 1354 5701 fuit
1379 5648 1620 5704 omnium
1653 5660 1764 5704 aut.
1795 5643 2015 5708 Patrum

422 5712 644 5796 Epit-lion,
673 5727 902 5796 quorpm
933 5715 1132 5772 seriem
1167 5719 1298 5773 texit
1331 5717 1568 5776 Maldon.
1597 5719 1663 5776 de
1686 5719 1929 5793 Angelis,
1959 5739 2013 5796 q.

423 5781 476 5846 π.
506 5783 569 5838 de
591 5781 769 5837 Poenis
791 5781 1101 5840 daemonum.

2208 3333 2299 3387 28.
2339 3332 2472 3400 Quis
2503 3343 2683 3387 autem
2718 3342 2800 3388 est
2830 3333 2938 3409 qui
2965 3347 3026 3387 se
3067 3332 3228 3404 longe
3257 3333 3387 3388 facit
3415 3349 3444 3387 a
3478 3335 3738 3402 Domino,

2137 3425 2240 3478 nisi
2269 3425 2361 3495 qui
2391 3441 2494 3478 non
2527 3424 2764 3495 exquirit
2790 3425 3032 3495 justitias
3055 3426 3327 3494 ejusiQui
3352 3427 3742 3496 verojustiiias

2138 3518 2233 3572 Dei
2262 3519 2517 3589 exquirit,
2552 3534 2722 3589 prope
2750 3527 2852 3582 est,
2873 3518 3114 3574 adimeret
3140 3519 3272 3574 Deo.
3317 3521 3382 3575 Et
3423 3520 3544 3576 ideo
3569 3522 3740 3591 justi-

2139 3609 2240 3664 lias
2277 3610 2368 3664 Dei
2398 3610 2766 3679 quaerentibus
2788 3609 2916 3664 dicit
2945 3609 3278 3680 Apostolus:
3334 3611 3433 3665 Vos
3477 3613 3566 3683 qui
3615 3629 3742 3665 em-

2143 3704 2208 3758 tis
2237 3704 2414 3772 longe,
2447 3703 2573 3773 facti
2601 3706 2719 3758 estis
2749 3719 2908 3775 prapc
2943 3705 2997 3757 in
3020 3706 3272 3774 sanguine
3288 3703 3480 3758 Christi
3506 3703 3736 3774 (Epiros.

2137 3813 2207 3861 ll,
2240 3796 2352 3868 15).
2389 3797 2618 3867 Sanguis
2642 3796 2842 3851 Christi
2871 3797 3075 3867 justitia
3102 3806 3204 3851 est.
3241 3797 3482 3864 Denique
3511 3798 3628 3865 ipse
3654 3797 3740 3852 ait

2137 3889 2203 3944 ad
2231 3888 2497 3946 Joannem
2534 3909 2547 3947 ε
2599 3889 2821 3945 Sine....
2855 3906 2947 3944 nos
2978 3891 3190 3962 implere
3219 3905 3420 3944 omnem
3463 3891 3739 3962 justitiam

2136 3982 2353 4056 (Matth.
2382 3999 2469 4049 ιιι,
2507 3983 2623 4054 i5).

2205 4095 2295 4151 29.
2339 4093 2524 4170 (Vers.
2566 4093 2717 4167 156.)
2758 4095 3014 4167 Sequitur
3041 4109 3230 4150 versus
3269 4103 3492 4166 quartus
3520 4113 3532 4150 :
3565 4095 3732 4151 Mise-

2135 4189 2359 4242 ratianes
2399 4198 2500 4242 tua:
2526 4187 2701 4242 multa:
2744 4189 2930 4253 nimis,
2966 4185 3179 4240 Domine
3210 4206 3228 4241 :
3258 4187 3540 4240 secundum
3577 4188 3738 4261 judi-

2135 4281 2274 4333 cium
2301 4289 2445 4333 tuum
2466 4279 2668 4348 vivi/ica
2695 4296 2792 4334 me.
2831 4279 2942 4335 Etsi
2967 4279 3129 4348 longe
3161 4287 3244 4334 est
3285 4293 3313 4331 a
3345 4279 3734 4350 peccatoribus

2135 4371 2318 4435 salus;
2354 4378 2530 4424 tamen
2562 4385 2722 4424 nemo
2745 4371 3014 4440 desperet,
3043 4370 3166 4442 quia
3198 4372 3380 4425 multa:
3411 4379 3539 4425 sunt
3572 4373 3732 4428 mise-

2132 4461 2383 4518 ricordia:
2409 4461 2646 4516 Domini.
2671 4463 2772 4530 Qui
2799 4463 2943 4537 enim
2967 4478 3065 4518 suo
3089 4474 3310 4532 peccato
3334 4472 3587 4534 pereunt,
3619 4465 3734 4519 mi-

2134 4554 2428 4610 sericordia
2460 4554 2674 4610 Domini
2717 4555 3034 4611 liberantur.
3072 4553 3374 4622 Miserebor,
3409 4556 3618 4627 inquit,
3643 4557 3733 4612 cui

2139 4649 2350 4722 1230
2379 4647 2611 4702 misertus
2641 4663 2726 4701 ero
2773 4646 2971 4716 (Exod.
3006 4663 3212 4717 xxxru,
3247 4645 3362 4719 19).
3411 4646 3595 4703 Palam
3630 4665 3730 4720 ap-

2129 4749 2310 4815 paruit
2335 4759 2442 4800 non
2472 4743 2870 4814 quaerentibus,
2899 4743 3112 4798 vocavit
3140 4741 3496 4814 refugientes,
3526 4743 3554 4782 ά
3585 4760 3728 4800 cou-

2133 4838 2373 4908 gregavit
2404 4837 2637 4909 ignaros,
2691 4852 2786 4906 pro
2831 4836 3084 4892 omnibus
3123 4849 3181 4891 se
3211 4836 3408 4890 obtulit
3455 4836 3729 4907 passioni.

2132 4929 2274 4984 Num
2319 4945 2447 5001 ergo
2493 4929 2720 4988 multum
2773 4929 3122 4985 misericors?
3153 4927 3523 4984 Misericordia
3575 4933 3728 4990 enim

2131 5023 2366 5078 hominis
2399 5023 2451 5077 in
2484 5023 2788 5094 proximum
2835 5037 2991 5077 suum
3029 5040 3042 5077 :
3092 5020 3470 5088 misericordia
3503 5022 3727 5082 Domini

2134 5117 2188 5170 in
2252 5130 2470 5171 omnem
2543 5130 2794 5180 carnem;
2863 5124 2922 5169 ut
2974 5115 3151 5170 omnis
3227 5129 3356 5170 caro
3410 5114 3478 5170 ad
3533 5116 3726 5174 Domi-

2192 5297 2220 5339 δ
2260 5299 2421 5374 ξξοιη.
2445 5300 2589 5374 pedit.
2611 5341 2627 5368 ,
2678 5299 2779 5374 Qui
2804 5311 2977 5374 autem
2992 5317 3113 5374 Anon
3149 5300 3311 5355 credit
3335 5341 3351 5364 ,
3382 5317 3486 5356 non
3506 5303 3729 5374 judica-

2121 5382 2223 5425 tur.
2259 5371 2410 5426 Haud
2443 5372 2807 5440 incommode,
2829 5373 2934 5428 nisi
2955 5372 3024 5428 ab
3048 5372 3275 5427 aliarum
3328 5381 3385 5428 et
3423 5371 3557 5430 mss.
3588 5389 3728 5433 con-

2123 5458 2286 5500 sensu
2319 5443 2666 5498 descisceret.

2195 5515 2217 5544 ⁶
2260 5513 2463 5585 Omnes
2514 5511 2682 5585 edit.,
2743 5511 2893 5585 Unde
2943 5523 2992 5568 et
3032 5512 3316 5570 Dominum
3359 5515 3623 5585 accipiens
3667 5519 3723 5576 in

2119 5584 2340 5654 templo,
2389 5585 2495 5640 ait:
2549 5581 2707 5638 Nunc
2748 5584 2999 5652 dimitte,
3032 5594 3138 5640 etc.
3190 5585 3320 5642 Mss.
3368 5581 3498 5642 vero
3556 5596 3616 5644 ut
3666 5589 3722 5652 in

2121 5665 2292 5711 textu.

2187 5723 2216 5763 ἀ
2257 5727 2413 5783 Rom.
2447 5727 2579 5785 edit.
2599 5769 2618 5800 ,
2647 5731 2973 5802 congregavit
3004 5730 3224 5800 igntttos.
