3948 6304
261 266 438 322 4495

1374 268 1439 323 IN
1480 266 1808 332 ΡδΑιιιυιι
1845 269 2057 334 CXVIII
2093 269 2480 334 EXPOSITIO.

3461 281 3600 338 H94

269 392 424 436 nam
478 377 828 446 ascenderet,
882 378 972 438 illa
1023 379 1232 442 Domini
1279 379 1626 442 miseratione
1663 382 1884 444 donata.
1911 387 1967 452 Α
1995 392 2053 444 ιιι
2081 399 2238 444 ovem
2282 385 2483 442 lassam
2525 387 2706 446 crucis
2736 401 2848 448 suae
2899 390 3106 468 1331
3137 389 3378 450 humeris
3410 407 3601 464 super-

351 471 452 527 30.
493 471 602 530 Sed
631 486 755 530 cum
797 472 994 532 dixerit
1034 473 1234 532 multas
1271 488 1394 530 esse
1421 473 1632 532 Domini
1662 476 1888 536 misera-

273 564 490 632 times,
538 566 821 634 quomodo
865 565 1166 623 secundum
1205 566 1410 636 judicia
1458 567 1577 638 ejus
1626 569 1886 630 viviﬁcari

274 659 460 729 petit;
486 658 725 714 maxime
750 673 871 716 cum
901 659 1027 716 alibi
1057 660 1174 732 ipse
1201 660 1347 716 dicat
1379 679 1393 715 :
1429 660 1493 716 Et
1523 678 1625 718 non
1652 664 1812 726 intres
1833 663 1889 717 in

271 749 546 817 iudicium
583 767 700 804 eum
728 767 873 805 seruo
917 760 1004 806 tuo
1048 750 1218 822 (Psal.
1264 767 1439 821 ειμι,
1471 751 1573 823 2)?
1601 753 1707 809 Sed
1741 754 1888 812 aliud

276 850 367 898 est
402 841 538 900 illud
561 843 823 912 judicium
855 843 1240 900 beneficiorum
1269 843 1499 912 Christi,
1543 846 1632 901 cui
1661 860 1888 917 respon-

275 932 422 992 dere
458 949 568 994 non
604 949 896 1006 possumus
924 936 1068 1008 (quis
1108 937 1254 991 enim
1305 946 1484 1006 potest
1528 937 1770 994 debitum
1801 954 1888 994 re-

274 1024 431 1082 ferre
457 1037 692 1091 naturai,
724 1026 966 1084 debitum
1004 1027 1194 1084 salutis
1217 1039 1270 1084 et
1287 1028 1535 1100 gratiae);
1568 1029 1711 1086 aliud
1735 1029 1884 1099 judi-

278 1121 454 1185 cium,
483 1137 593 1191 quo
617 1120 922 1190 fragilitatis
949 1129 1153 1176 nostrae
1181 1119 1543 1176 aestimatione
1571 1135 1880 1178 censemur.

279 1213 336 1269 ιιι
369 1215 477 1269 hoc
501 1213 624 1284 ipso
651 1221 828 1268 tamen
859 1213 1121 1283 judicium
1163 1227 1285 1272 cum
1317 1213 1686 1270 misericordia
1715 1229 1884 1286 copu-

277 1307 588 1372 latumest;
613 1316 668 1362 ut
695 1306 892 1361 veritas
908 1305 1104 1376 judicii
1131 1305 1483 1360 miseratione
1499 1306 1711 1360 Domini
1747 1315 1881 1364 tem-

278 1409 527 1470 petetur.

351 1493 448 1547 51.
489 1493 596 1548 Aut
637 1491 890 1560 fortasse,
930 1493 1054 1564 quia
1100 1491 1358 1550 dixerat:
1391 1492 1586 1549 Judica
1621 1495 1879 1567 judicium

275 1602 452 1640 meum
491 1585 651 1657 (Sup.
701 1603 748 1640 υ.
800 1585 959 1656 ιει);
1009 1586 1131 1643 ideo
1176 1587 1453 1643 subtexuit
1499 1589 1878 1646 miserationes

275 1677 500 1734 Domini
534 1678 756 1734 nimium
786 1679 986 1734 multas
1013 1694 1176 1735 esse:
1211 1693 1379 1749 grave
1409 1689 1492 1736 est
1523 1679 1669 1738 enim
1710 1680 1778 1736 de
1801 1681 1878 1736 al-

1996 489 2224 545 ponens,
2253 476 2326 545 pii
2355 476 2536 532 oneris
2561 476 2839 536 functione
2870 492 3166 542 recrearet.

2065 565 2156 622 54.
2201 566 2451 638 Suscepit
2480 567 2726 624 advocati
2764 584 3050 640 personam
3078 589 3091 626 :
3123 571 3306 641 Ipsum
3332 578 3467 632 enim
3496 581 3596 636 ad-

1993 668 2226 714 vocatum
2256 657 2500 714 habemus
2543 661 2685 733 apud
2719 659 2932 720 Patrem
2964 662 3008 734 (Ι
3035 661 3195 720 Jaan.
3230 683 3296 734 ιι,
3344 668 3420 738 1).
3465 669 3598 725 Per-

1992 749 2244 806 noctabat
2273 751 2327 804 in
2357 751 2598 807 oratione
2627 769 2725 826 pro
2756 752 2913 808 nobis
2936 753 3090 827 (Luc.
3122 773 3202 824 v1,
3235 758 3324 828 12)
3364 777 3379 820 ;
3411 771 3467 815 ut
3497 777 3595 816 tios

1993 856 2092 895 suo
2129 841 2714 916 informaretexemplo
2739 847 3191 914 quemadmodum
3230 849 3439 905 veniam
3470 867 3596 906 nos-

1991 932 2090 987 tris
2129 932 2424 989 debeamus
2449 950 2677 991 exorare
2704 937 2959 1006 peccatis.
2985 937 3104 994 Non
3144 941 3289 996 enim
3320 941 3444 998 ideo
3473 960 3596 1014 pcr-

1991 1036 2256 1093 noclaret,
2305 1029 2455 1098 quasi
2491 1031 2579 1100 qui
2608 1031 2763 1086 aliter
2799 1033 3014 1089 Patrem
3045 1035 3202 1090 nobis
3242 1039 3596 1096 reconciliare

1990 1135 2097 1175 non
2136 1130 2321 1191 posset
2349 1139 2361 1174 :
2394 1122 2488 1176 sed
2523 1132 2578 1177 ut
2599 1124 2774 1195 qualis
2795 1125 3090 1186 advocatus
3108 1144 3228 1184 esse
3258 1130 3474 1200 debeat,
3499 1132 3594 1187 de-

1988 1224 2315 1270 menstraret
2339 1233 2350 1269 :
2371 1216 2543 1287 qualis
2562 1218 2848 1283 Sacerdos,
2868 1227 3043 1274 utnon
3063 1221 3236 1276 solum
3263 1223 3475 1292 diebus,
3497 1225 3592 1279 sed

1987 1310 2148 1364 etiam
2175 1309 2422 1365 noctibus
2453 1327 2550 1381 pro
2575 1328 2738 1383 grege
2773 1312 2973 1386 Christi
3001 1313 3200 1371 debeat
3236 1325 3484 1386 precator
3509 1333 3596 1372 as~

1985 1401 2196 1456 sistere.
2223 1401 2307 1456 An
2336 1403 2659 1472 impetrandi
2697 1405 2888 1475 egebat
2917 1407 3139 1474 auxilio,
3164 1408 3254 1478 qui
3276 1407 3456 1464 facere
3478 1409 3594 1480 ipse

1985 1500 2197 1561 poterat
2238 1493 2381 1563 quod
2414 1495 2660 1564 rogabat,
2701 1496 3156 1570 quemadmodum
3186 1501 3300 1570 ipse
3327 1499 3540 1556 dicebat
3575 1520 3589 1556 :

1984 1585 2098 1658 Ego
2127 1588 2196 1643 ad
2221 1587 2431 1644 Patrem
2461 1589 2590 1644 vado
2611 1606 2629 1644 .°
2652 1601 2697 1644 et
2725 1591 3084 1661 quodcumque
3109 1592 3170 1645 ab
3193 1609 3251 1646 eo
3280 1595 3527 1659 petieritis
3540 1600 3591 1647 in

1984 1681 2191 1736 nomine
2221 1696 2352 1747 meo,
2388 1684 2484 1734 hoc
2513 1684 2705 1753 faciam
2733 1681 2915 1754 (Joan.
2956 1700 3069 1748 xw,
3105 1684 3172 1738 12
3194 1695 3239 1740 et
3266 1685 3395 1756 ιδῃ
3430 1686 3593 1740 Deni-

274 1781 402 1826 tero
425 1769 694 1841 judicare.
732 1771 885 1828 Unde
925 1772 1090 1826 etiam
1134 1773 1397 1842 scriptum
1429 1783 1514 1827 est
1547 1790 1558 1826 :
1590 1771 1770 1830 Nolite
1788 1775 1879 1844 ju-
1911 1777 1956 1838 Β
1986 1789 2092 1844 que
2133 1773 2261 1828 alibi
2302 1774 2395 1840 ait,
2429 1791 2549 1829 cum
2593 1775 2854 1830 Lazarum
2903 1777 3256 1832 resuscitaret
3291 1795 3304 1830 :
3356 1777 3593 1834 Sciebam

273 1865 490 1928 dicare,
535 1873 590 1917 ut
625 1881 726 1920 non
746 1864 1060 1936 judicemini
1107 1863 1262 1935 (Luc.
1298 1881 1379 1931 vr,
1410 1863 1528 1934 57).
1574 1866 1705 1921 Cum
1737 1868 1881 1922 enim

275 1958 660 2028 unusquisque
693 1958 764 2013 sit
789 1973 1010 2014 suorum
1046 1961 1300 2014 conscius
1331 1968 1701 2029 peccatorum,
1747 1975 1884 2030 quo-

273 2051 444 2106 modo
485 2059 664 2120 potest
703 2051 772 2106 de
817 2052 1042 2107 alterius
1085 2052 1331 2122 judicare
1373 2054 1640 2122 peccato?
1668 2052 1882 2109 Judicet

271 2145 356 2214 (3,
389 2154 570 2216 quast.
620 2145 673 2212 7,
707 2161 825 2217 cup.
863 2143 1101 2216 iudicet)
1147 2145 1216 2201 de
1263 2145 1488 2202 alterius
1529 2161 1742 2212 errore,
1787 2146 1880 2216 qui

272 2254 386 2294 non
429 2238 592 2294 habet
625 2239 769 2310 quod
801 2239 855 2298 in
886 2254 945 2294 se
974 2239 1092 2309 ipse
1131 2239 1456 2296 condemnet
1485 2257 1497 2292 :
1525 2239 1733 2309 judicet
1761 2239 1875 2306 ille,

268 2330 370 2401 qui
395 2346 502 2385 non
525 2340 649 2402 agat
678 2330 869 2387 eadem
899 2346 1021 2402 quae
1045 2331 1099 2390 in
1127 2331 1235 2386 alio
1264 2330 1536 2402 putaverit
1563 2331 1832 2402 punienda
1857 2347 1874 2397 ;

270 2439 346 2478 ne
375 2438 495 2478 cum
524 2423 592 2478 de
623 2422 979 2494 aliojudicat,
1017 2424 1071 2479 in
1101 2441 1160 2479 se
1190 2427 1331 2481 l'crat
1360 2426 1474 2495 ipse
1499 2425 1827 2482 sententiam
1858 2443 1872 2478 :

263 2514 480 2584 judicet
509 2515 598 2572 ille
626 2516 718 2586 qui
746 2515 814 2570 ad
856 2516 1319 2587 pronuntiandum
1362 2517 1514 2571 nullo
1553 2517 1702 2586 odio,
1731 2518 1875 2574 nulla

268 2605 596 2673 oﬂ‘ensione,
624 2608 769 2662 nulla
800 2608 1018 2666 levitate
1039 2608 1286 2664 ducatur.
1317 2608 1532 2664 Audisti
1557 2608 1719 2664 hodie
1747 2609 1875 2680 quid

263 2698 436 2769 judex
470 2715 627 2755 verus
666 2709 720 2754 et
747 2700 928 2771 justus
967 2699 1180 2756 locutus
1216 2699 1285 2755 sit
1317 2717 1332 2754 :
1367 2699 1490 2754 Non
1530 2717 1760 2772 possunt,
1794 2702 1876 2758 in-

265 2792 408 2862 quit,
443 2809 534 2862 sga
564 2810 597 2848 τι
625 2809 705 2848 me
727 2793 902 2862 facere
926 2793 1209 2864 quidquam
1235 2791 1418 2862 (Joan.
1453 2808 1505 2858 v,
1532 2792 1648 2862 50).

344 2887 438 2941 33.
480 2886 735 2943 Nonnulli
768 2887 1007 2942 hicretiei
1036 2887 1283 2943 solebant
1326 2885 1454 2944 hinc
1478 2885 1660 2943 facere
1694 2901 1874 2957 quaes-

269 2981 479 3044 tiones,
503 2980 657 3050 quasi
687 2979 935 3036 inﬁrmus
957 2990 1101 3034 esset
1131 2978 1325 3047 Filius,
1358 2979 1449 3050 qui
1482 2993 1510 3032 a
1542 2993 1603 3034 se
1623 2979 1758 3034 nihil
1791 2978 1871 3034 la-

265 3081 453 3137 ceret;
487 3071 639 3142 quasi
671 3070 970 3128 secundum
992 3071 1327 3128 divinitatem
1356 3085 1569 3140 quoque
1599 3070 1868 3137 subditus,

1985 1864 2123 1935 quod
2149 1881 2349 1934 semper
2375 1882 2455 1920 me
2478 1866 2628 1922 audis
2652 1866 2832 1935 (Joan.
2871 1883 2947 1932 χι,
2977 1867 3095 1939 42).
3123 1868 3219 1924 Hic
3256 1871 3411 1940 quasi
3441 1870 3589 1924 inlir-

1986 1974 2106 2012 mus
2138 1959 2508 2030 pernoctabat,
2543 1959 2633 2029 qui
2672 1959 2877 2014 sciebat
2921 1960 3064 2030 quod
3107 1974 3323 2031 semper
3349 1961 3588 2026 auditur,

1983 2052 2307 2106 etclatnavit
2341 2070 2354 2106 :
2385 2051 2616 2118 Lazare,
2652 2054 2767 2108 veni
2806 2055 2948 2130 foras
2979 2052 3178 2124 (Ibid,
3223 2053 3340 2126 M).
3384 2053 3589 2111 Locuta

1983 2154 2068 2202 est
2094 2145 2441 2210 resurrectio,
2478 2159 2623 2202 mors
2653 2146 2905 2200 recessit.

2053 2237 2142 2294 55.
2185 2238 2434 2309 Suscepit
2456 2238 2620 2296 etiam
2653 2239 2907 2296 allectum
2951 2239 3056 2304 rei,
3086 2248 3140 2293 et
3168 2241 3321 2294 stetit
3343 2248 3471 2296 ante
3496 2241 3586 2312 ju-

1981 2334 2157 2389 dicem
2188 2344 2462 2405 tamquam
2495 2349 2659 2398 reus:
2704 2349 2805 2392 nec
2849 2334 3171 2404 dedignatus
3216 2342 3300 2390 est
3325 2335 3588 2392 Dominus

1979 2428 2222 2484 omnium
2285 2426 2528 2498 praesidis
2603 2429 2887 2488 vilitatem.
2947 2428 3318 2498 interrogatus
3375 2429 3592 2482 tacebat

1980 2521 2160 2596 (Jonn.
2204 2539 2314 2588 Xlx,
2346 2521 2428 2592 9),
2471 2521 2766 2576 ostendens
2795 2537 2902 2576 non
2937 2521 2990 2582 in
3018 2522 3258 2576 clamore
3284 2519 3452 2586 vocis,
3487 2535 3588 2576 nec

1979 2614 2030 2668 in
2058 2614 2288 2669 forensis
2316 2614 2621 2668 assertione
2661 2612 2947 2683 patrocinii
2979 2655 2992 2678 ,
3023 2613 3118 2667 sed
3151 2613 3204 2666 in
3232 2613 3584 2670 conscientias

1980 2704 2286 2773 integritate
2332 2718 2454 2758 esse
2486 2702 2810 2760 innocentia:
2839 2701 3211 2757 defensionem
3245 2721 3258 2756 :
3291 2718 3389 2756 nec
3431 2703 3583 2758 salu-

1981 2803 2088 2847 tem
2119 2791 2366 2860 corporis
2396 2778 2760 2856 ambiendam,
2801 2793 2898 2845 sed
2929 2793 3092 2846 animi
3127 2793 3436 2860 puritatem.
3480 2793 3583 2855 Dc-

1978 2886 2139 2954 nique
2170 2886 2260 2954 qui
2301 2885 2603 2940 Susnnnam
2655 2883 2894 2938 absolvit
2943 2893 3234 2948 tacentem,
3281 2900 3340 2939 se
3386 2885 3586 2940 obtulit

1979 2979 2161 3032 morti.
2187 2978 2243 3033 1n
2273 2976 2362 3036 illa
2396 2993 2556 3030 causa
2583 2975 2820 3030 ostendit
2852 2984 2910 3030 ut
2941 2991 3100 3032 nemo
3141 2976 3493 3046 desperaret:
3525 2978 3580 3032 in

1976 3071 2100 3138 hac,
2131 3081 2186 3126 ut
2229 3070 2558 3126 redimendae
2588 3069 2956 3124 universitatis
2990 3071 3313 3124 sacrificium
3346 3087 3452 3125 non
3485 3087 3580 3126 nc-

264 3174 320 3219 et
352 3171 581 3233 paterno
619 3163 903 3234 subjectus
932 3166 1160 3233 imperio
1191 3181 1204 3216 :
1259 3178 1357 3218 nec
1401 3163 1692 3222 advertunt
1721 3163 1866 3236 quod
1895 3162 1941 3226 C
1973 3173 2146 3234 gat-et.
2180 3161 2364 3217 Caesus
2393 3173 2688 3233 postremo,
2725 3179 2829 3215 non
2859 3163 3192 3216 conviciatus
3225 3172 3328 3225 est,
3355 3178 3461 3216 non
3488 3178 3579 3218 re-

267 3255 379 3310 hoc
408 3270 626 3326 quoque
661 3255 830 3326 magis
861 3257 1145 3326 petestatis
1184 3255 1384 3312 divinae.
1415 3257 1591 3312 unitas
1620 3271 1872 3326 compro-

262 3348 454 3415 betur,
500 3348 592 3404 ubi
632 3357 825 3418 putant
853 3349 994 3408 inter
1034 3349 1248 3406 Patrem
1278 3358 1333 3404 et
1364 3348 1561 3405 Filium
1595 3365 1716 3405 esse
1761 3351 1872 3407 dis-

267 3441 498 3498 tantiam
544 3445 851 3512 potestatis.
883 3443 1023 3500 Nihil
1065 3459 1093 3498 a
1125 3460 1184 3499 se
1226 3443 1354 3504 facit
1378 3444 1577 3514 Filius,
1620 3447 1746 3518 quia
1775 3463 1869 3518 per

265 3538 534 3593 uilitatem
566 3539 900 3608 operationis
929 3555 1031 3595 nec
1055 3538 1222 3598 Filius
1251 3539 1369 3596 sine
1400 3538 1558 3594 Patre
1586 3539 1736 3605 facit,
1770 3557 1870 3596 nec

267 3631 392 3688 sine
416 3630 557 3690 Filio
580 3631 756 3688 Pater.
793 3632 1036 3703 Denique
1060 3632 1220 3688 Pater
1249 3631 1380 3692 dicit
1399 3632 1464 3688 ad
1488 3632 1683 3690 Filium
1718 3651 1730 3686 :
1759 3632 1868 3687 Fa-

261 3725 466 3778 ciamus
501 3722 764 3780 hominem
789 3725 859 3778 ad
901 3726 1180 3796 imaginem
1217 3733 1266 3780 et
1326 3725 1718 3782 similitudinem
1747 3744 1868 3780 nos-

262 3825 402 3870 tram
436 3813 593 3886 (Gen.
612 3832 648 3881 ι,
685 3816 804 3886 26),
831 3831 1172 3874 communem
1209 3833 1463 3874 asserens
1492 3821 1866 3891 operationem

263 3920 414 3972 esse,
445 3906 537 3962 ubi
559 3921 850 3964 commune
879 3909 1166 3966 consilium
1199 3918 1304 3966 est.
1335 3910 1472 3980 Quid
1494 3912 1613 3968 sine
1635 3912 1866 3982 Sapien-

263 3999 340 4054 tia
373 3997 524 4064 facit,
547 3999 636 4070 qui
658 4002 837 4054 omnia
870 4001 922 4056 in
953 4000 1232 4072 Sapientia
1264 4001 1408 4068 fecit,
1439 4011 1495 4057 ut
1515 4003 1714 4059 lectum
1747 4014 1862 4060 est:

265 4090 460 4146 Omnia
495 4092 548 4150 in
589 4091 857 4164 Sapientia
883 4093 1050 4164 fecisti
1083 4093 1255 4166 (Psal.
1300 4110 1427 4161 cur,
1460 4095 1595 4167 24)?
1627 4097 1868 4169 Denique

261 4183 548 4254 Sapientia
573 4183 744 4251 dixit,
775 4182 905 4240 Cum
931 4189 1119 4258 faceret
1141 4189 1314 4256 caelos,
1342 4205 1457 4244 cum
1483 4189 1576 4244 illo
1603 4206 1860 4246 eram.....

261 4293 358 4350 ego
405 4293 547 4331 erant
591 4278 677 4334 cui
721 4279 1075 4349 applaudebat
1099 4279 1280 4352 (Prov.
1316 4297 1442 4353 vrtt,
1473 4283 1542 4339 ‘27
1574 4294 1620 4338 et
1650 4283 1765 4357 30).
1799 4286 1865 4342 Et

264 4369 617 4440 Evangelista
644 4370 757 4424 ait:
800 4369 986 4426 Omnia
1015 4389 1105 4444 per
1125 4375 1292 4444 ipsum
1324 4379 1463 4445 facta
1502 4386 1642 4443 sunt,
1681 4387 1726 4430 et
1753 4378 1865 4432 sine

260 4465 382 4537 ipso
407 4468 605 4536 factum
628 4466 862 4522 estnihil
896 4463 1080 4535 (Joan.
1113 4483 1160 4533 ι,
1194 4465 1284 4538 5);
1318 4479 1373 4523 ιιι
1394 4469 1613 4524 doceret
1639 4487 1744 4526 non
1771 4487 1862 4528 so-

1976 3257 2244 3326 percussit
2272 3274 2284 3310 :
2320 3256 2383 3310 Et
2412 3255 2673 3312 Dominus
2702 3255 2827 3310 coeli
2851 3263 3012 3322 atque
3038 3264 3307 3311 terrarum
3339 3254 3576 3310 studium

1974 3350 2222 3418 deposuit
2249 3349 2488 3416 ultionis,
2520 3364 2704 3406 vocem
2741 3349 3063 3404 humilitatis
3091 3348 3305 3414 emisit,
3349 3347 3575 3404 dicens:

1976 3441 2037 3496 Si
2067 3443 2199 3498 male
2228 3441 2426 3496 locutus
2456 3458 2590 3508 sum,
2623 3442 2968 3495 testimonium
3001 3440 3208 3512 perhibe
3242 3439 3306 3493 de
3333 3442 3473 3494 malo
3493 3456 3510 3495 .'
3532 3441 3579 3496 si

1973 3538 2116 3603 bene,
2149 3537 2274 3607 quid
2317 3553 2398 3590 me
2437 3535 2596 3589 credis
2627 3535 2809 3608 (Joon.
2844 3549 3008 3598 xvm,
3050 3533 3185 3603 25)?
3213 3533 3379 3600 Quasi
3426 3534 3578 3589 inﬁr-

1973 3645 2115 3696 mus,
2147 3631 2312 3686 caedis
2340 3630 2585 3698 deplorat
2615 3630 2870 3700 injuriam
2901 3647 2913 3682 :
2945 3638 3147 3685 etcum
3176 3642 3236 3682 se
3269 3636 3454 3698 posset
3492 3627 3577 3682 ul-

1969 3722 2118 3786 cisci,
2147 3725 2301 3794 queri
2332 3724 2520 3778 maluit
2543 3739 2702 3792 quam
2733 3721 3033 3776 vindicare.

2041 3817 2132 3873 36.
2175 3817 2316 3886 Ergo
2347 3825 2399 3871 et
2428 3815 2515 3870 hic
2541 3830 2834 3886 personam
2872 3814 3092 3883 judicis,
3131 3814 3574 3883 pr0positumque

1969 3907 2228 3976 suscepit,
2260 3907 2485 3961 dicens:
2523 3905 2644 3959 Non
2683 3922 2891 3974 possunt
2923 3922 2955 3957 a
2990 3921 3069 3958 me
3092 3907 3262 3977 facere
3297 3905 3574 3973 quidquam

1969 4001 2151 4073 (Joan.
2181 4016 2235 4066 ν,
2267 4000 2380 4068 50).
2412 4000 2594 4053 Bonus
2620 3998 2762 4052 enim
2797 3999 2961 4066 judex
3011 3999 3086 4068 (5,
3129 4006 3311 4067 quwst.
3364 3997 3416 4060 7,
3449 4011 3568 4064 cap.

1966 4091 2198 4160 Judicet,
2235 4091 2262 4164 §
2297 4089 2493 4160 Bonus)
2525 4091 2661 4146 nihil
2691 4106 2756 4146 ex
2802 4089 3026 4146 arbitrio
3067 4105 3166 4144 suo
3194 4089 3346 4156 l'acit,
3377 4097 3433 4144 et
3470 4087 3569 4143 do-

1969 4189 2209 4244 mesticaa
2242 4189 2519 4258 preposito
2547 4186 2840 4240 voluntatis
2864 4226 2879 4252 ,
2905 4185 2998 4240 sed
3026 4185 3177 4256 juxta
3199 4184 3346 4256 leges
3369 4193 3422 4239 et
3443 4183 3568 4254 jura

1967 4283 2311 4354 pronuntiat,
2363 4293 2386 4320 ιι
2432 4283 2585 4339 scitis
2624 4281 2762 4352 juris
2789 4282 3151 4352 obtemperat,
3185 4296 3291 4336 non
3322 4279 3568 4350 indulget

1966 4377 2197 4448 propria:
2221 4376 2480 4432 voluntati
2507 4394 2520 4430 :
2556 4375 2691 4432 nihil
2717 4383 2959 4444 paratum
2983 4383 3038 4430 et
3059 4373 3375 4428 meditatum
3403 4372 3568 4430 domo

1965 4469 2138 4526 defert
2167 4486 2179 4521 :
2214 4470 2306 4524 sed
2331 4469 2470 4523 sicut
2491 4468 2662 4535 audit,
2690 4469 2759 4522 ita
2783 4467 3029 4537 judicat;
3064 4476 3117 4522 et
3147 4467 3286 4520 sicut
3309 4481 3369 4520 se
3402 4465 3568 4522 habet

265 4556 379 4612 lum
408 4564 749 4626 operatorem
785 4559 1022 4612 omnium
1059 4558 1273 4628 Filium,
1306 4562 1402 4616 sed
1433 4562 1597 4617 etiam
1630 4577 1864 4634 paternae
1892 4561 1944 4620 D
1971 4562 2169 4632 negotii
2189 4568 2402 4624 natura,
2430 4559 2695 4614 decernit.
2721 4559 3048 4628 Obsequitur
3075 4556 3302 4627 legibus,
3336 4573 3442 4612 non
3465 4557 3566 4618 ad-

261 4649 602 4720 operationis
632 4659 941 4705 consortem
973 4666 1116 4708 esse.

334 4743 428 4802 33.
473 4745 586 4816 Ego
615 4753 795 4802 tamen
823 4746 1082 4815 arbitror,
1108 4748 1252 4820 quod
1282 4748 1368 4804 hic
1403 4749 1555 4804 locus
1583 4749 1648 4806 ad
1672 4749 1861 4820 judicii

259 4835 496 4894 formam
537 4838 783 4900 videatur
823 4855 944 4896 esse
973 4839 1328 4907 relerendus;
1381 4841 1729 4912 Evangelium
1777 4853 1862 4898 et-

260 4932 410 4988 enim
444 4947 549 4987 non
582 4932 760 4988 solum
796 4933 918 4988 ﬁdei
941 4933 1323 5003 doctrina,sod
1358 4935 1520 4990 etiam
1546 4951 1754 4991 morum
1779 4945 1864 4993 est

260 5023 661 5093 magisterium,
695 5033 751 5080 et
774 5026 1052 5095 speculum
1091 5027 1255 5096 justae
1295 5029 1742 5084 conversationis.
1773 5029 1862 5085 In.

259 5115 425 5169 venio
455 5113 508 5168 in
539 5116 858 5185 Evangelio,
889 5121 1031 5188 quod
1072 5118 1336 5174 Dominus
1381 5119 1539 5175 Jesus
1567 5122 1861 5176 multorum

258 5204 510 5268 ntfectns,
547 5214 604 5261 et
633 5206 810 5260 ol’llcia
851 5211 1187 5278 susceperit;
1231 5221 1290 5266 ut
1319 5211 1544 5266 doceret
1587 5213 1860 5283 quomodo

261 5311 364 5353 nos
393 5299 444 5352 in
472 5299 553 5353 his
575 5300 895 5356 conversari
916 5309 1196 5370 oporteret
1221 5303 1435 5360 officiis.
1465 5305 1714 5377 Suscepit
1742 5323 1863 5378 per-

260 5406 450 5446 sonam
482 5391 741 5464 pastoris,
771 5402 826 5447 et
868 5393 977 5448 ait:
1024 5393 1213 5450 Pastor
1251 5397 1413 5451 bonus
1456 5399 1684 5453 animum
1717 5416 1864 5456 suam

261 5486 403 5556 ponit
431 5501 526 5554 pro
549 5485 729 5539 ovibus
748 5485 854 5540 suis
881 5485 1062 5558 (Joan.
1093 5504 1145 5556 x,
1175 5489 1284 5560 ll).
1315 5490 1547 5560 Ideoque
1575 5505 1675 5561 pro
1700 5492 1865 5548 ratio-

261 5575 425 5633 nabili
456 5593 624 5650 grege
649 5592 713 5633 se
741 5578 917 5648 ipsum
941 5581 1176 5650 passioni
1204 5582 1451 5654 corporis
1477 5597 1586 5638 non
1615 5584 1861 5653 negavit;

333 5772 358 5802 ⁸
402 5763 562 5822 Rom.
594 5719 772 5841 edit,
803 5762 1012 5818 statutis
1034 5762 1176 5838 juris
1206 5764 1536 5838 obtemperat.

1973 4665 2218 4710 versatur
2244 4670 2255 4704 :
2290 4651 2563 4706 examinat
2588 4665 2766 4705 causa:
2793 4652 3006 4716 merita,
3037 4664 3142 4704 non
3168 4658 3360 4706 mutat.

2043 4747 2128 4801 '57.
2177 4745 2394 4810 Discite,
2423 4743 2633 4814 judices
2662 4743 2868 4806 sa-culi,
2897 4757 3056 4812 quem
3088 4742 3142 4796 in
3165 4739 3458 4812 judicandn
3485 4751 3565 4798 te-

1973 4859 2100 4897 nere
2122 4841 2368 4896 debeatis
2395 4839 2669 4905 allectum,
2691 4854 2850 4908 quam
2875 4837 3247 4903 sobrietatem,
3272 4852 3431 4907 quam
3460 4836 3566 4892 sin-

1971 4937 2276 4992 ceritatem.
2304 4935 2566 4990 Dominus
2594 4933 2835 4988 omnium
2859 4932 3022 4986 dicit:
3054 4930 3174 4984 Non
3194 4948 3399 5002 possunt
3422 4948 3513 5003 ego
3533 4949 3566 4987 a

1969 5028 2534 5098 mefacerequidquam.
2559 5026 2695 5080 Alibi
2717 5025 2866 5094 lego:
2901 5022 3108 5095 Negare
3125 5024 3449 5093 semetipsum
3463 5041 3566 5080 non

1969 5132 2132 5188 potest
2152 5120 2220 5189 (II
2253 5119 2382 5173 Tim.
2413 5135 2481 5184 ιι,
2506 5119 2617 5191 15).
2650 5117 2764 5172 Non
2795 5126 2970 5188 potest
2992 5116 3196 5187 utique,
3220 5131 3324 5170 non
3357 5132 3452 5186 per
3483 5119 3566 5170 in-

1967 5207 2298 5278 ﬁrmitatem,
2315 5211 2408 5266 sed
2435 5226 2528 5280 per
2551 5211 2943 5280 integritatem:
2978 5223 3082 5262 non
3105 5224 3200 5277 per
3221 5207 3567 5277 impossibili-

1969 5315 2130 5361 tatem
2157 5304 2409 5370 faciendi,
2441 5304 2534 5358 sed
2566 5319 2660 5373 per
2683 5300 3394 5372 observantiamjudicandi.
3423 5295 3566 5368 Quid

1970 5414 2076 5454 non
2101 5406 2280 5469 potest
2305 5398 2394 5468 qui
2422 5397 2599 5452 omnia
2624 5405 2826 5467 potest,
2853 5394 2880 5433 ι)
2906 5395 3006 5450 nisi
3029 5395 3173 5467 quod
3203 5409 3362 5466 posse
3386 5395 3566 5450 nolit?

1969 5490 2084 5547 Non
2108 5491 2222 5545 vult
2257 5503 2416 5559 posse
2443 5488 2585 5558 quod
2619 5487 2857 5549 damnet,
2904 5502 3010 5542 non
3042 5485 3157 5542 vult
3184 5501 3342 5558 posse
3372 5485 3566 5542 adver-

1970 5600 2063 5641 sus
2090 5583 2274 5649 uilem,
2307 5597 2414 5638 non
2451 5581 2567 5637 vult
2595 5596 2753 5652 posse
2789 5580 3050 5636 adversus
3076 5578 3381 5635 veritatem.
3426 5577 3571 5634 Audi

2055 5765 2081 5806 ι»
2127 5765 2382 5840 Plerique
2413 5779 2572 5832 mss.,
2599 5766 2698 5823 nisi
2724 5766 2860 5839 quod
2885 5764 3078 5836 possit,
3105 5763 3255 5820 nolit.
3285 5761 3402 5821 Non
3429 5764 3593 5822 male.
