3948 6346
1685 11 1802 17 ,υ--ν-
1823 11 1834 18 ι
1847 11 1890 18 ιι·
1903 11 1954 20 ιν
1971 11 1978 14 “
2015 13 2066 22 ς.-
2083 11 2172 23 ,Αν-
2185 13 2322 28 *ιμρ
2335 19 2454 30 .-ξ’-..ιε’

490 327 513 382 1
529 322 628 380 195

1839 317 2088 376 SANCTI
2126 316 2456 376 AMBROSII

3654 321 3804 380 H96

485 445 764 507 p0stremo
800 433 976 504 ipsum
1005 431 1277 487 dicentem
1306 445 1404 488 cur
1428 446 1535 486 non
1568 431 1743 500 possit
1762 445 1790 484 a
1818 445 1878 486 se
1907 431 2085 488 facere
2112 434 2163 494 Α
2192 431 2562 487 misericordia
2600 431 2826 502 iudicat.
2863 433 3107 504 Denique
3135 434 3398 504 scriptum
3429 442 3549 490 est:
3583 431 3808 490 Miseri-

486 530 814 600 quithuatn:
858 527 1008 583 Sicut
1035 525 1216 587 audio.
1251 526 1424 594 inquit
1449 568 1464 589 ,
1507 535 1557 580 et
1589 524 1776 598 judico
1808 522 1994 591 (Joan.
2029 543 2084 594 v,

488 625 603 694 50).
635 623 736 678 huc
767 632 870 688 est,
907 638 1010 674 non
1036 636 1101 674 ev
1135 635 1252 675 mea
1292 629 1559 688 potestate
1589 618 1826 673 decerno
1855 619 1997 690 quod
2027 619 2088 674 li.

489 718 686 780 hilum,
719 716 812 770 sed
841 731 904 770 ex
940 715 1152 787 1232
1175 713 1450 781 iudicandi
1482 713 1765 783 religione,
1802 714 1945 783 quod
1969 713 2088 783 jus-

488 819 601 864 tum
641 818 720 863 est
753 824 766 862 :
795 817 851 862 et
899 808 1022 861 ideo
1063 809 1329 874 judicium
1365 820 1542 860 meum
1582 821 1770 860 vitrum
1812 814 1930 860 est:
1965 806 2088 874 quia

488 916 594 953 non
642 897 899 954 voluntati
945 911 1081 951 mea:
1124 896 1400 966 indulgeo,
1448 897 1543 951 sed
1594 895 1855 965 aequitati.
1890 895 2089 950 Audite

485 994 615 1064 quiti
645 993 810 1059 judex
850 992 998 1046 dicat
1028 991 1267 1046 ctelestis
1297 1009 1310 1044 ;
1342 990 1462 1044 Non
1489 1006 1701 1061 possum
1742 1007 1775 1044 a
1814 1005 1893 1044 me
1922 994 2090 1060 facere

485 1086 788 1156 quidquam,
819 1087 907 1138 sed
937 1087 1069 1140 sicut
1090 1085 1268 1149 audio,
1299 1096 1348 1137 et
1372 1086 1576 1153 judico.

559 1180 648 1234 38.
677 1178 741 1231 Et
760 1177 965 1232 Pilatus
993 1177 1209 1232 dicebat
1232 1177 1298 1231 ad
1329 1177 1619 1230 Dominum
1651 1177 1834 1232 Iesum
1860 1195 1872 1231 :
1906 1175 2090 1232 Potes-

487 1279 644 1324 tatem
669 1269 832 1322 habeo
865 1268 1159 1322 dimittendi
1185 1279 1251 1324 te.
1288 1281 1337 1322 et
1361 1277 1666 1340 potestatem
1697 1269 1856 1322 habeo
1883 1267 2090 1336 cruci/i-

481 1361 636 1431 geudi
661 1370 707 1414 te
735 1358 915 1429 (Joau.
953 1375 1064 1424 six,
1109 1359 1222 1430 10).
1265 1357 1525 1429 Usurpas,
1561 1378 1592 1412 υ
1632 1359 1815 1420 homo,
1849 1368 2087 1426 potesta-

485 1459 594 1508 tem
629 1467 787 1520 quam
822 1466 925 1505 non
976 1451 1177 1517 habes;
1217 1467 1339 1505 cum
1390 1453 1528 1505 licus
1564 1450 1725 1521 neget
1754 1467 1814 1506 se
1851 1450 2084 1519 habere,

487 1547 576 1614 qui
613 1546 772 1598 habet
797 1559 963 1611 super
1001 1545 1184 1597 ()lllllla
1223 1547 1580 1613 potestatem!
1612 1543 1750 1599 Audi
1779 1544 1905 1610 quid
1929 1541 2088 1612 justi-

484 1637 557 1690 tia
587 1636 730 1690 dicat
759 1654 772 1688 :
808 1634 928 1690 Non
953 1652 1162 1705 possum
1192 1653 1223 1688 a
1251 1652 1329 1688 me
1353 1639 1526 1706 facere
1554 1637 1837 1706 quidquam
1891 1634 2086 1690 Audite

481 1731 607 1800 quid
634 1730 799 1800 judes
831 1732 1104 1801 aequitatis
1133 1742 1377 1785 asserat:
1414 1731 1566 1786 Sicut
1598 1731 1780 1797 audio,
1811 1740 1856 1784 et
1873 1729 2080 1802 judico.

2192 525 2370 578 cordia
2398 525 2508 592 eius
2535 524 2590 579 in
2621 526 2824 579 stateris
2855 523 3028 597 (Esai.
3063 540 3228 581 xxvut
3250 568 3264 589 ,
3297 525 3409 596 17).
3445 522 3579 580 Filii
3610 537 3804 583 autem

2193 616 2454 670 hominum
2484 622 2750 671 mendaces
2775 618 2827 670 in
2856 617 3081 681 steteris,
3107 617 3439 687 utdecipiant
3468 616 3647 686 (Psal.
3681 633 3800 684 ιιι,

2195 709 2308 767 10).
2343 709 2628 764 Exmninat
2657 725 2788 780 ergo
2811 718 2869 766 et
2901 712 3124 765 trutiuat
3152 710 3296 765 Deus
3325 712 3517 766 merita
3548 714 3806 783 singulo-

2193 815 2334 861 rum.
2376 808 2433 854 et
2479 801 2938 870 quemadmodum
2971 816 3069 872 pro
3109 817 3362 858 mensura
3405 803 3498 857 dat
3525 806 3800 874 gratiam;

2193 907 2261 948 ue
2289 908 2452 958 supra
2486 909 2794 950 mensuram
2823 896 2893 949 sit
2928 913 2939 948 :
2983 894 3054 949 ita
3087 911 3188 964 pro
3220 911 3469 952 mensura
3498 896 3589 951 dat
3628 898 3804 954 mise-

2192 985 2502 1040 ricordiam.
2540 985 2694 1043 Unde
2723 991 2799 1042 ait
2830 1007 2843 1043 :
2893 987 3196 1043 Mensuram
3237 991 3442 1050 bonum.
3478 982 3802 1060 confertam,

2191 1094 2526 1144 commotam,
2554 1083 3009 1153 superef/iuentem
3040 1081 3234 1136 dabunt
3264 1083 3318 1136 in
3349 1083 3520 1137 sinum
3542 1094 3801 1140 vestrum.

2194 1173 2395 1228 Eadem
2438 1191 2678 1228 mensura
2721 1191 2822 1243 qua
2866 1173 3031 1227 mensi
3091 1174 3316 1243 fueritis.
3365 1176 3610 1230 reddetur
3655 1179 3806 1234 vobis

2191 1264 2349 1335 (Luc.
2382 1281 2466 1329 vt,
2495 1266 2605 1336 38).
2637 1265 2904 1320 Similiter
2945 1265 2997 1319 in
3027 1273 3231 1320 Slatera
3276 1265 3613 1336 singulorum
3657 1269 3806 1326 laeta

2192 1369 2520 1426 pensantur;
2547 1367 2604 1410 ut
2623 1357 2666 1410 si
2701 1358 2837 1410 bona
2869 1371 3033 1425 opera
3062 1357 3220 1411 malis
3242 1358 3686 1428 pra-ponderent,
3712 1377 3807 1417 re-

2193 1449 2501 1504 muneratio
2526 1449 2730 1518 prteIuii
2755 1449 3071 1503 deferatur:
3103 1449 3148 1504 si
3182 1463 3400 1517 peccata
3439 1451 3651 1524 1233
3682 1454 3804 1509 vir-

2192 1544 2417 1608 tutthus,
2454 1543 2660 1598 tristior
2703 1558 2854 1597 reum
2901 1557 3057 1611 parua
3086 1541 3459 1614 constringat:
3504 1548 3649 1614 quod
3699 1561 3806 1602 ex-

2190 1651 2433 1707 pressum
2459 1635 2628 1692 habes
2658 1637 2723 1691 ad
2746 1636 3111 1702 Timotheum,
3135 1637 3348 1691 dicente
3375 1639 3623 1707 apostolo
3652 1638 3803 1694 Pau~

2189 1730 2244 1784 lo
2300 1749 2314 1784 :
2355 1728 2709 1796 Quorumdam
2755 1727 3021 1783 hominum
3072 1737 3283 1800 peccata
3334 1731 3606 1797 manifesta
3670 1741 3802 1786 sunt

485 1823 685 1876 Auditi-
716 1823 843 1893 quid
871 1823 1038 1892 judcx
1083 1823 1386 1892 iniquitatis
1427 1824 1681 1891 loquatur
1724 1841 1738 1877 :
1776 1821 2087 1876 Potestatem
2119 1821 2166 1882 Β
2194 1822 2540 1892 prtecedemia
2585 1821 2653 1874 ad
2683 1822 2972 1892 judicium,
3022 1820 3273 1887 quosdam
3321 1831 3489 1874 autent
3527 1831 3576 1875 et
3606 1826 3800 1876 subse-

485 1915 646 1970 Itabeo
689 1916 983 1969 dimittendi
1031 1925 1096 1974 te.
1141 1925 1189 1970 et
1218 1925 1519 1982 potestatem
1547 1915 1708 1969 habeo
1748 1914 2088 1986 cruciﬁgendi

483 2015 552 2060 te.
587 2006 724 2072 Tua,
757 2006 953 2071 Pilate,
1010 2020 1143 2060 voce
1195 2006 1610 2074 constringeris,
1671 2018 1759 2059 tua
1812 2006 2089 2061 damnat-is

484 2099 773 2153 sententia.
803 2096 910 2150 Pro
940 2106 1205 2166 petestate
1227 2098 1407 2166 igitur,
1441 2113 1545 2151 non
1571 2111 1669 2166 pro
1691 2098 1944 2166 a-quimte
1965 2112 2089 2151 cru--

483 2190 808 2256 ciligendum
842 2189 1126 2243 Dominum
1173 2189 1480 2242 tradidisti:
1517 2205 1612 2258 per
1643 2199 1964 2260 pole~tatem
1995 2191 2088 2244 ab-

481 2281 694 2338 solvisti
725 2283 1012 2343 latronem,
1030 2289 1307 2334 auctorem
1328 2296 1457 2334 vero
1476 2281 1598 2335 vita:
1618 2281 1956 2337 interfecisti.
1977 2280 2087 2336 Sed

478 2390 579 2427 net:
612 2373 769 2428 istam
793 2388 822 2426 a
851 2381 903 2425 te
933 2372 1190 2431 habuisti.
1216 2388 1376 2440 quam
1426 2373 1630 2428 habere.
1659 2386 1710 2428 te
1735 2375 1956 2440 a~seris,
1994 2392 2089 2445 po-

479 2463 758 2518 testatem.
787 2462 1029 2532 Denique
1051 2462 1178 2517 dicit
1208 2464 1302 2517 tibi
1329 2462 1590 2517 Dominus
1606 2463 1766 2520 Iesus
1795 2483 1808 2495 ·
1844 2464 1966 2519 Νοη
1992 2465 2086 2520 Ita-

479 2556 622 2611 beres
643 2566 947 2626 potestatem
973 2555 1223 2610 adversus
1253 2573 1332 2609 me
1353 2557 1534 2619 ullam,
1563 2559 1664 2611 nisi
1685 2559 1806 2612 data
1837 2560 1928 2613 tibi
1957 2569 2086 2614 esset

481 2649 702 2719 desuper
732 2648 897 2717 (Ibid.
920 2691 935 2715 ,
965 2648 1076 2721 lt).
1110 2649 1246 2704 Mala
1279 2663 1516 2719 potestas
1547 2661 1573 2689 α
1605 2653 1765 2708 licere
1795 2655 1941 2724 quod
1977 2673 2082 2712 non

477 2739 656 2794 liceat.
689 2741 933 2796 Potestas
959 2741 1057 2795 ista
1082 2740 1428 2797 tenebrarum
1456 2751 1559 2808 est,
1591 2758 1780 2800 verum
1804 2762 1909 2801 non
1934 2747 2084 2802 vide-

480 2845 560 2898 re,
586 2831 680 2886 sed
712 2847 991 2901 spernere.

551 2925 638 2980 59.
687 2927 883 2979 Audite
909 2926 1036 2992 quid
1061 2941 1220 2981 verus
1243 2927 1407 2997 judex
1433 2929 1720 3000 loquatur:
1752 2931 1875 2986 Non
1905 2948 2080 3003 qutero

478 3017 797 3071 uoluntatem
840 3033 1028 3081 meum,
1067 3020 1156 3071 sed
1193 3020 1507 3073 voluntatem
1544 3027 1656 3094 ejus
1682 3026 1770 3092 qui
1815 3025 1954 3078 misit
2000 3041 2081 3080 me

473 3105 656 3178 (Joan.
685 3125 736 3172 v,
764 3108 876 3178 50).
912 3112 1075 3175 Quasi
1103 3109 1265 3164 homo
1296 3114 1566 3180 loquitur:
1595 3114 1748 3183 quasi
1784 3114 1948 3184 jutlex
1980 3115 2078 3170 do-

2193 1911 2656 1985 qumttur(l-Tim.
2691 1929 2743 1980 v,
2769 1913 2886 1981 2t).
2913 1912 3175 1967 Similiter
3196 1923 3251 1966 et
3283 1911 3417 1967 laeta
3453 1913 3590 1968 bona
3618 1915 3805 1969 mani-

2192 2005 2329 2061 festa
2359 2015 2506 2071 sunt,
2539 2015 2595 2060 et
2621 2019 2743 2076 qua:
2782 2005 2944 2060 aliter
2987 2019 3049 2061 se
3095 2003 3320 2070 habent,
3371 2004 3632 2061 abscondi
3683 2021 3800 2062 non

2191 2110 2442 2172 possunt.

2263 2193 2355 2251 41.
2398 2194 2587 2249 Omnia
2626 2207 2760 2262 ergo
2803 2208 2830 2246 a
2867 2192 3098 2248 Domino
3152 2193 3263 2249 Deo
3315 2201 3502 2248 nostro
3532 2208 3799 2250 mensura

2190 2290 2446 2360 quadam,
2481 2298 2536 2346 et
2566 2288 2808 2357 pondere.
2842 2286 2996 2342 littut.
3036 2287 3168 2355 Quis
3199 2288 3392 2357 pOsuit.
3428 2326 3440 2340 .
3467 2328 3480 2342 .
3518 2328 3532 2341 .
3578 2289 3756 2360 inquit
3778 2331 3795 2357 ,

2190 2399 2345 2452 rupes
2368 2383 2421 2436 in
2452 2385 2692 2452 statera(
2743 2379 2887 2434 Esai.
2947 2397 3036 2446 XL,
3073 2380 3231 2450 l5)?
3278 2381 3346 2436 Et
3393 2397 3600 2451 supra:
3661 2382 3798 2450 Quis

2190 2489 2396 2529 mensus
2425 2484 2498 2527 est
2520 2489 2675 2526 manu
2696 2489 2880 2538 aquas,
2911 2483 2959 2526 et
2977 2474 3161 2527 ctelum
3193 2480 3366 2544 palmo
3391 2472 3412 2544 (
3437 2473 3604 2536 lbid..
3637 2473 3706 2529 12
3728 2475 3795 2545 )‘l

2189 2567 2290 2634 Qui
2331 2577 2514 2623 nostra
2546 2569 2863 2633 examinat,
2909 2582 3004 2622 sua
3035 2568 3221 2637 utique
3267 2569 3576 2621 examinata
3618 2567 3792 2639 largi-

2189 2668 2302 2725 tur,
2351 2669 2408 2714 et
2452 2658 2607 2714 salvo
2657 2660 2838 2713 omnia
2889 2658 3136 2714 decernit
3190 2658 3461 2714 exattiiue.
3509 2657 3789 2715 Ponderat

2189 2752 2642 2815 misericordiam,
2676 2752 2934 2818 ponderat
2975 2751 3239 2806 ultionem
3272 2766 3287 2814 ;
3321 2751 3372 2803 in
3402 2761 3639 2822 utroque
3665 2766 3789 2806 cer-

2189 2855 2300 2901 tnm
2335 2847 2567 2915 pondus,
2603 2843 2908 2913 habilisque
2939 2859 3190 2898 mensura
3214 2852 3320 2897 est.
3355 2841 3508 2898 Unde
3536 2854 3593 2898 et
3618 2843 3787 2899 David

2187 2943 2261 2994 ait
2288 2959 2301 2993 :
2334 2939 2397 2993 Et
2440 2949 2616 3007 potum
2635 2937 2782 2992 dabis
2802 2936 2908 2990 illis
2937 2938 2990 2991 in
3016 2938 3280 3008 locrgmis,
3310 2937 3365 2991 in
3393 2953 3636 2992 mensura
3660 2937 3780 3010 (Ps.

2187 3050 2347 3089 Lxxtx
2375 3076 2389 3096 ,
2419 3032 2545 3101 6);
2588 3047 2654 3087 ne
2699 3033 2818 3086 sine
2873 3029 3246 3085 moderatione
3290 3044 3559 3085 mensura-
3603 3045 3782 3100 paenae

2187 3127 2405 3180 etuimlo
2434 3131 2814 3195 gravarentur,
2864 3133 2920 3177 et
2955 3128 3229 3178 sustinere
3277 3139 3380 3176 uou
3414 3135 3661 3192 possent.
3712 3121 3782 3177 Et

472 3209 595 3254 cet:
626 3203 880 3269 quoniam
913 3203 1001 3270 qui
1024 3201 1248 3271 judicat,
1287 3217 1390 3257 n0u
1425 3205 1685 3260 voluntati
1719 3222 1832 3262 sua:
1858 3208 2065 3263 ohtem-
2101 3206 2146 3269 C
2178 3217 2305 3272 alibi
2344 3217 2486 3271 idem
2533 3215 2608 3270 ait
2659 3215 2917 3284 propheta
2963 3233 2974 3268 :
3009 3213 3236 3269 Culixin
3262 3231 3416 3269 manu
3442 3213 3655 3268 Domini
3677 3215 3782 3269 cini

477 3307 671 3361 perare
706 3293 888 3361 debet,
918 3296 1010 3347 sed
1047 3305 1235 3349 tenere
1266 3298 1409 3366 quod
1451 3298 1627 3368 legum
1672 3312 1749 3353 est
1781 3300 1858 3370 (το,
1892 3314 2073 3373 quiest.

475 3385 527 3444 7.
551 3403 670 3452 cup.
697 3383 904 3461 Judicet
959 3386 988 3458 ᾗ
1023 3388 1167 3459 Qte).
1195 3387 1236 3443 C
1262 3389 1477 3444 utstitue
1507 3391 1740 3457 judicem
1763 3393 1952 3450 dehoc
1974 3411 2077 3451 sae-

473 3481 637 3531 cuPo:
667 3480 922 3547 nmnqnid
969 3489 1147 3546 potest
1183 3482 1468 3537 adversum
1513 3485 1812 3556 imperialis
1843 3487 2070 3544 formam

472 3566 502 3604 δ
533 3569 716 3623 νσοιιίνθ
741 3571 1024 3638 rescripti?
1047 3571 1311 3642 Numquid
1341 3588 1516 3644 potest
1546 3595 1790 3633 normam
1832 3591 2073 3652 augusta:

474 3657 813 3713 delinitiOnis
843 3663 1147 3717 excedere?
1173 3664 1387 3733 Quanto
1431 3670 1600 3738 magis
1641 3671 1807 3725 divini
1846 3674 2072 3731 formam

471 3747 735 3806 delieums
766 3767 984 3808 servare
1009 3754 1198 3824 judicii
1223 3757 1236 3809 !
1264 3757 1512 3814 Christus
1552 3761 1684 3816 dicit
1714 3781 1725 3815 :
1774 3761 1895 3818 Non
1934 3783 2072 3836 oute-

434 3879 448 3894 .
470 3858 532 3895 ro
560 3844 869 3898 voluntatem
900 3863 1082 3913 meum,
1131 3849 1233 3901 hoc
1266 3859 1372 3916 e-t,
1405 3851 1660 3918 heminis,
1689 3870 1810 3925 qua:
1839 3857 1921 3912 vel
1945 3859 2072 3913 odio

469 3937 742 4009 dirigitur,
774 3943 857 3996 vel
888 3943 1068 3996 studio
1095 3944 1514 4010 intenditur,-vel
1543 3950 1715 4014 gratia
1750 3950 2068 4016 inﬂectitur,

467 4031 552 4085 vel
583 4033 810 4085 aliorum
838 4034 1122 4089 mendacio
1147 4036 1506 4106 tlepravatur;
1536 4039 1715 4096 Omnis
1741 4045 1884 4099 enim
1918 4047 2070 4101 homo

469 4123 696 4175 mendax
729 4124 902 4187 (l’sal.
948 4139 1072 4187 cxv,
1100 4127 1160 4192 2)
1219 4127 1324 4181 Sed
1362 4131 1694 4195 voluntatem,
1729 4135 1924 4204 inquit,
1957 4142 2070 4207 ejus

471 4217 562 4284 qui
579 4230 658 4266 me
681 4217 815 4269 misit
836 4234 855 4281 ;
879 4216 980 4270 hoc
1011 4226 1116 4284 est,
1141 4219 1344 4275 divina}
1362 4227 1925 4292 cognitionisformam
1949 4233 2068 4287 veni

465 4305 699 4371 docere;
728 4317 784 4360 ut
807 4324 857 4361 In
885 4307 1182 4377 jutlit-atulo
1216 4313 1383 4382 magis
1405 4317 1553 4369 cordi
1584 4321 1650 4370 sit
1678 4325 1924 4377 veritatis
1950 4340 2070 4381 cus-

462 4399 632 4454 todia.
667 4415 825 4468 quam
851 4401 1155 4454 nliotlieutia
1191 4405 1481 4460 voluntatis
1524 4407 1600 4479 (3.
1633 4423 1814 4480 qua'st.
1857 4414 1911 4474 7.
1945 4433 2061 4487 cap.

465 4487 696 4554 ludit-er,
730 4492 758 4563 ᾗ
798 4493 862 4546 lu
896 4496 1229 4568 iudicando).
1258 4498 1372 4554 Nuu
1407 4518 1538 4572 ergo
1565 4503 1652 4560 hic
1673 4523 1886 4577 quoque
1917 4510 2066 4566 iulir-

461 4585 624 4638 mitas
655 4586 932 4651 potenti.e.
965 4590 1058 4642 scd
1092 4590 1262 4646 forma
1289 4605 1368 4648 est
1395 4611 1650 4663 eXpres~a
1675 4599 1920 4668 juStitim.

531 4675 622 4730 40.
665 4677 874 4732 Justum
913 4681 1073 4750 igitur
1101 4693 1183 4737 est
1221 4685 1481 4752 judicium
1517 4687 1632 4745 Filii
1669 4693 1792 4755 Dei;
1823 4695 1943 4765 quia
1975 4709 2060 4752 est

457 4771 756 4826 secundum
791 4775 1121 4831 voluntatem
1169 4777 1284 4841 Dei.
1323 4796 1427 4834 nou
1479 4785 1776 4840 secundum
1824 4788 2057 4844 hominis

454 4865 738 4933 allectum;
776 4867 914 4923 Deus
942 4870 1088 4924 enim
1121 4875 1612 4932 misericordiarum
1645 4880 1832 4947 plenus
1855 4893 1936 4937 est
1966 4901 1977 4936 :
2002 4894 2058 4939 et

453 4959 828 5014 miscricoidia
855 4963 973 5025 eius
998 4979 1118 5018 cum
1152 4966 1379 5035 judicio,
1412 4979 1465 5024 et
1491 4971 1751 5040 judicium
1792 4989 1912 5029 cum
1957 4977 2056 5031 mi-

451 5050 782 5120 sericurtlia;
819 5069 994 5124 neque
1019 5055 1139 5112 sine
1163 5057 1368 5128 judicio
1393 5065 1705 5134 miseretur,
1740 5082 1916 5138 neque
1939 5069 2054 5124 sine

451 5209 1024 5296 Aliitamenaliqnot,
1071 5227 1125 5296 et
1146 5235 1346 5296 omnes
1391 5223 1523 5280 edit.
1582 5228 1682 5281 nisi
1733 5228 1872 5295 quod
1903 5245 2049 5296 posse

449 5283 576 5334 nolit
605 5300 623 5336 .'
655 5287 796 5353 quod
829 5283 1044 5357 quidem
1071 5291 1284 5346 videtur
1311 5309 1340 5347 c
1366 5299 1621 5352 inlirmari
1653 5315 1719 5353 ex
1745 5283 1924 5354 verbis
1953 5283 2043 5357 se;

448 5357 770 5422 Q'lt'ltllltlls,
807 5356 928 5412 Non
957 5362 1060 5414 vult
1086 5379 1255 5432 posse,
1290 5376 1396 5420 etc.

521 5455 546 5482 ⁸
589 5447 720 5535 Riss.
753 5465 859 5504 non
895 5455 1077 5535 pauci,
1130 5472 1193 5509 ac
1220 5467 1327 5535 vent.
1377 5459 1506 5514 etlit.
1529 5502 1550 5535 ,Α
1578 5460 1751 5527 licere,
1782 5468 1922 5535 quod
1950 5481 2042 5519 no-

444 5527 541 5605 cet.
602 5518 702 5605 alii
749 5533 924 5605 tamen
961 5527 1141 5605 plures
1172 5543 1233 5581 ac
1264 5527 1307 5582 R
1335 5547 1419 5584 em.
1466 5530 1623 5592 edit..
1675 5518 1750 5586 ut,
1779 5518 1828 5588 i'n
1864 5549 2036 5605 testu,

444 5599 677 5657 excepto
703 5595 841 5654 quod
884 5610 1000 5662 pro,
1035 5599 1204 5663 licere,
1237 5603 1352 5655 lia-c
1381 5612 1638 5671 repo-u't.
1669 5622 1835 5675 posse.

517 5675 547 5764 lt
587 5681 744 5760 l’auei
794 5701 922 5736 mss.
943 5725 973 5764 ,_
1004 5691 1449 5764 uenireLdecreti.
1501 5696 1706 5764 Reliqui
1755 5713 1817 5750 ac
1850 5714 2039 5757 omnes

441 5741 573 5803 cdd.
617 5753 789 5804 venire
817 5741 1074 5823 rescripti.

2085 4613 2133 4672 1)
2160 4607 2420 4667 Dominus
2445 4609 2586 4665 Deus
2608 4623 2814 4665 noster.
2847 4611 2977 4679 Quis
3017 4612 3161 4666 enim
3199 4623 3442 4666 nostrum
3498 4615 3561 4668 sit
3586 4629 3618 4670 e
3669 4616 3753 4671 di-

2183 3309 2309 3363 meri
2337 3309 2521 3378 plenus
2562 3318 2636 3362 est
2681 3310 2862 3363 mitto.
2906 3305 2972 3362 Et
3004 3308 3273 3362 inclinavit
3303 3323 3365 3362 ea:
3391 3309 3488 3361 hoc
3527 3309 3581 3361 in
3635 3307 3777 3373 hoc;

2179 3412 2524 3458 vertuutamen
2551 3404 2654 3471 (tua:
2681 3404 2797 3474 ejus
2828 3418 2929 3456 non
2955 3413 3026 3455 est
3049 3403 3310 3456 exinanita
3338 3399 3457 3463 (Ps.
3489 3417 3676 3466 LUZIV,
3696 3403 3773 3473 9).

2185 3496 2252 3551 Ει
2277 3495 2574 3550 Hieremias
2601 3497 2675 3548 ait
2703 3513 2716 3550 :
2744 3493 2897 3550 Calix
2923 3511 3108 3548 aureus
3137 3493 3370 3565 Babylon
3397 3495 3450 3548 in
3487 3512 3645 3549 manu
3673 3493 3777 3550 Do-

2180 3591 2306 3644 mini
2325 3607 2356 3642 a
2384 3605 2484 3660 quo
2514 3589 2775 3643 inebriato:
2802 3599 2922 3643 sunt
2953 3599 3122 3658 gentes
3153 3588 3366 3658 (Jerem.
3395 3601 3467 3651 ιι,
3501 3587 3533 3641 7
3568 3586 3589 3658 ]ι
3623 3607 3635 3642 :
3672 3591 3773 3645 hoc

2178 3695 2281 3747 cst,
2309 3697 2462 3752 petua
2485 3698 2514 3736 a
2535 3683 2844 3738 nationibus
2869 3682 3140 3753 persoluta
3165 3692 3267 3746 est;
3297 3692 3318 3722 ε
3355 3697 3422 3735 ne
3449 3681 3656 3736 diutius
3687 3682 3772 3736 in.

2178 3777 2467 3841 sultarent,
2521 3776 2665 3847 quod
2720 3776 2814 3831 Dei
2850 3777 3108 3846 populum
3162 3775 3511 3830 acerbissima
3546 3775 3772 3845 pupula-

2179 3871 2328 3926 ti0ne
2357 3877 2620 3925 vexarent
2683 3869 2890 3925 Sensus
2936 3870 3096 3938 igitur
3145 3884 3335 3924 versus
3382 3869 3620 3923 Davidici
3681 3868 3769 3924 hic

2175 3972 2254 4018 εει
2289 3979 2302 4016 :
2351 3962 2538 4016 Parata
2569 3971 2620 4016 et
2654 3961 2814 4032 plena
2841 3973 2922 4016 est
2955 3977 3110 4031 pteua
3140 3976 3262 4032 qua:
3281 3961 3514 4016 delietur
3545 3961 3726 4031 impiis
3751 4003 3766 4027 ,

2174 4070 2334 4124 quam
2368 4055 2624 4109 Dominus
2648 4054 2881 4109 declinat
2907 4054 2958 4109 iu
2985 4054 3259 4124 perﬁdos;
3313 4053 3410 4108 sed
3441 4064 3619 4108 tamen
3661 4055 3766 4109 tui-

2174 4147 2448 4200 seratioue
2469 4161 2563 4200 sua
2611 4161 2717 4200 non
2747 4161 2914 4213 uSqne
2942 4145 3008 4200 ad
3050 4145 3235 4202 liccem
3285 4146 3537 4211 dignatur
3593 4144 3765 4202 edun-

2172 4239 2304 4293 dere
2332 4255 2346 4301 ;
2379 4255 2446 4291 ne
2478 4239 2869 4307 plenitudinem
2894 4239 3145 4310 StlItpllCll
3192 4239 3334 4293 terre
3380 4254 3485 4293 non
3531 4239 3756 4309 possint.

2170 4328 2397 4385 inclinat
2420 4347 2550 4401 ergo
2575 4332 2830 4394 calicem,
2865 4347 2970 4385 nou
3007 4341 3253 4386 evacuat.
3304 4331 3457 4401 Quod
3514 4333 3566 4387 in
3585 4333 3754 4398 :linat,

2170 4438 2416 4478 censura:
2445 4433 2525 4478 est
2551 4440 2565 4487 ;
2595 4423 2738 4494 quod
2763 4439 2868 4478 non
2897 4433 3141 4486 cvacnat.
3171 4425 3555 4480 misericordiae

2237 4515 2328 4570 42.
2373 4517 2514 4586 Ergo
2538 4518 2800 4588 judicium
2833 4533 3047 4589 quoque
3079 4520 3447 4574 misericordia
3493 4531 3562 4576 tet
3585 4534 3757 4591 iperat

2162 4699 2281 4754 vina
2308 4709 2484 4768 potest
2515 4705 2866 4758 miseratione
2894 4703 3237 4759 subsistere?
3296 4703 3434 4772 Quid
3469 4722 3560 4774 pos
3585 4723 3751 4764 :umus

2161 4793 2378 4863 dignum
2427 4794 2664 4864 prmmiis
2713 4795 2893 4850 facere
2921 4795 3232 4850 etelestibus
3261 4796 3286 4848 τ
3340 4796 3472 4865 Quis
3508 4814 3557 4848 ut
3585 4811 3748 4856 strum

2160 4885 2230 4939 ita
2271 4889 2508 4958 assurgit
2540 4888 2590 4942 in
2621 4887 2723 4942 hoc
2764 4902 3032 4958 corpore;
3083 4899 3137 4941 ut
3183 4890 3423 4944 animum
3453 4905 3554 4944 sun
3585 4907 3610 4944 η
3637 4893 3748 4948 ele-

2160 4986 2269 5042 vet,
2329 4995 2437 5047 qtto
2471 4978 2674 5047 jugiter
2723 4977 3001 5034 adluereat
3040 4978 3309 5034 Christo?
3354 4981 3472 5047 Quo
3531 4991 3554 5036 ιλ
3588 4983 3744 5039 tidem

2157 5071 2440 5127 hominum
2468 5068 2496 5108 ἀ
2536 5074 2789 5129 meritum
2835 5071 3108 5138 defertur;
3141 5083 3201 5129 ut
3228 5074 3343 5130 lucc
3377 5089 3554 5147 corrui
3585 5076 3746 5134 tibilis

2157 5230 2310 5286 rialis
2347 5233 2662 5288 constitutio
2687 5245 2826 5294 erat.
2857 5250 2977 5304 qua:
3005 5236 3171 5290 variis
3203 5236 3510 5290 nominibus
3539 5253 3550 5292 ε
3587 5240 3750 5299 debat

2153 5304 2431 5369 aput-dari.
2472 5304 2595 5357 llaec
2627 5322 2678 5359 tn
2714 5315 2818 5359 vet.
2848 5305 3124 5360 Glossat'itt
3153 5305 3353 5372 dicitur
3382 5312 3550 5365 Βασιλέ
3585 5333 3632 5366 οε
3659 5315 3749 5368 ἁν-

2150 5375 2438 5448 ςτὶγραμμα,
2488 5376 2537 5429 in
2587 5375 2730 5448 jure,
2762 5379 2896 5448 sacri
2920 5375 3127 5445 affatus.
3160 5389 3214 5432 et
3239 5379 3324 5432 hic.
3354 5383 3422 5433 alt
3457 5380 3537 5434 At
3585 5385 3747 5441 II'OSlO

2150 5443 2524 5525 ipsomuqusta
2543 5447 2796 5516 deﬁnitio.
2829 5443 3118 5505 Vide'Cod.
3139 5450 3348 5505 'l'lteod.
3372 5452 3474 5522 leg.
3505 5467 3546 5518 ι,
3585 5453 3661 5508 tit.
3683 5455 3741 5525 2,

2147 5527 2201 5570 et
2233 5517 2454 5572 Gutlelr.
2490 5519 2658 5572 "I'ISS.
2679 5559 2693 5583 ,
2723 5531 2827 5574 etc.

2148 5653 2152 5662 |
2221 5598 2241 5624 ο
2285 5587 2412 5642 Mss.
2459 5589 2662 5658 aliquot
2709 5589 2863 5645 bona:
2912 5607 3122 5660 manus,
3176 5609 3239 5647 ne
3281 5594 3478 5649 diutius
3513 5613 3543 5651 e
3585 5598 3742 5654 sulta-

2141 5668 2254 5710 rent
2262 5697 2270 5704 -

2213 5725 2239 5764 ἀ
2271 5729 2408 5783 Edit.
2468 5730 2592 5785 Era.
2648 5740 2698 5785 et
2730 5746 2868 5802 seq.,
2901 5734 3084 5789 merito
3105 5736 3367 5806 defertur;
3397 5747 3453 5792 ut
3481 5738 3535 5794 ni
3585 5741 3738 5804 iirum

2141 5811 2463 5872 congrueret
2484 5810 2604 5858 cum
2631 5807 2912 5872 superiore
2953 5810 3168 5875 vocula,
3198 5809 3314 5876 Quo
3337 5825 3357 5863 :
3380 5811 3475 5867 sed
3502 5825 3534 5867 e
3585 5812 3737 5870 :dibi-
