3948 6296
212 286 346 341 1497

1274 288 1343 345 ΙΝ
1381 288 1715 349 PSALMUM
1751 292 1966 351 CXVIII
2005 291 2390 350 EXPOSITIO.

3365 311 3507 367 1498

202 420 329 461 caro
356 404 539 461 induat
572 407 1070 479 incorruptionem,
1099 416 1156 464 et
1196 410 1431 465 mortale
1488 411 1589 467 hoc
1618 412 1806 468 induat
1831 424 1877 480 Α
1908 414 2003 470 sed
2033 414 2196 469 etiam
2232 416 2378 470 intus
2407 414 2601 471 iaciant
2630 419 3044 486 persecutiones
3087 420 3140 477 in
3162 422 3357 479 animis
3394 426 3507 482 sin-

197 498 955 572 immortalitatem?Quibus
978 504 1285 564 laboribus.
1338 507 1535 575 quibus
1582 506 1797 577 injuriis

202 606 493 660 possumus
522 606 711 649 rosmt
741 596 925 651 eluere
957 598 1219 664 peceatu?
1252 597 1499 669 Indigna:
1535 609 1656 653 sunt
1678 612 1823 671 ρας-ο

203 686 374 741 siones
418 685 577 758 hujus
638 689 885 755 temporis
955 691 1023 743 ad
1084 700 1505 759 superventuram
1580 693 1802 762 qloriam

202 778 224 845 (
255 775 403 830 Rom.
430 792 543 841 vttt,
574 779 696 850 18).
724 781 836 834 Non
868 796 997 851 ergo
1027 784 1322 836 secundum
1359 784 1547 837 merita
1588 796 1794 851 nostra,

198 868 300 922 sed
325 868 621 924 secundum
668 872 1097 927 misericordiam
1133 874 1247 937 Dei,
1277 875 1579 931 coalestiutn
1612 876 1801 931 decre-

201 969 381 1015 torum
411 961 462 1015 in
490 962 742 1018 homines
772 964 941 1018 forma
979 965 1244 1036 procedit.

270 1054 363 1107 45.
405 1055 424 1123 (
459 1052 616 1109 Vers.
656 1055 778 1110 157.
811 1056 830 1128 )
864 1056 1121 1127 Sequitur
1147 1072 1340 1113 Versus
1363 1062 1586 1128 quintus
1618 1079 1631 1115 :
1659 1060 1800 1116 Mul-

197 1140 240 1193 ti
269 1156 629 1210 persequentes
673 1160 775 1212 me,
823 1159 871 1199 et
921 1146 1225 1201 tribulantes
1252 1164 1376 1204 me:
1427 1167 1459 1203 a
1500 1152 1801 1206 testimoniis

196 1233 301 1286 tuis
331 1250 431 1286 non
464 1233 741 1289 declinavi.
790 1236 907 1292 Non
938 1248 1021 1293 est
1058 1256 1345 1308 magnum,
1385 1216 1428 1295 si
1473 1252 1599 1297 tunc
1626 1259 1652 1294 a
1704 1244 1800 1299 Dei

193 1324 526 1380 testimoniis
581 1344 688 1381 non
732 1328 1008 1393 declines;
1061 1345 1184 1385 cum
1233 1342 1285 1385 te
1330 1332 1513 1387 nullus
1568 1332 1798 1404 afﬂigit,

189 1420 378 1473 nullus
430 1421 794 1491 persequitur.
829 1422 963 1490 Quis
989 1424 1132 1478 enim
1183 1433 1208 1460 ⁸
1241 1424 1511 1482 inoll‘euse
1540 1428 1642 1482 sibi
1679 1444 1801 1496 pro—

188 1523 485 1579 sperorum
516 1527 807 1567 eventuum
838 1515 1175 1570 Secundante
1207 1531 1490 1582 successu,
1529 1521 1683 1574 iteret
1715 1520 1798 1574 in-

185 1610 381 1671 gratus
409 1603 433 1656 ?
462 1604 593 1672 Quis
618 1604 827 1659 divitiis
851 1606 1105 1672 attinens,
1132 1608 1248 1678 jugi
1275 1610 1452 1665 salute
1500 1612 1755 1665 robustus
1783 1654 1797 1677 ,

184 1706 301 1746 non
328 1692 395 1746 ad
429 1694 520 1748 Dei
552 1695 782 1763 gratiam
814 1698 1011 1751 referat
1042 1698 1183 1767 quod
1236 1699 1340 1754 sibi
1393 1701 1483 1756 illa
1540 1717 1798 1757 concessa

1904 507 2182 576 gulorntn.
2220 508 2292 563 De
2323 507 2406 562 bis
2428 508 2630 562 dtctutn
2662 521 2743 563 est
2775 513 3242 579 persecutionibus
3268 532 3281 569 :
3318 515 3507 574 Omnes

1902 603 1990 671 qui
2019 603 2197 656 volunt
2236 605 2320 673 pie
2346 604 2509 658 vivere
2552 605 2604 658 in
2632 603 2834 660 Christo
2886 605 3013 661 Jesu
3038 648 3051 674 ,
3100 612 3506 681 persecutionem

1903 698 2176 768 potiuntur
2217 696 2303 769 (ll
2336 696 2505 751 Tltim.
2541 712 2596 752 tu
2622 738 2639 766 ,
2674 698 2737 753 l2
2796 703 2833 763 ).
2868 700 3069 755 Omnes
3097 703 3254 769 dixit,
3290 706 3501 761 nullum

1903 791 2139 857 excepit.
2190 791 2325 858 Qtns
2355 793 2501 845 enim
2546 802 2811 860 exet-pius
2841 804 3018 863 potest
3059 810 3181 850 esse
3209 812 3331 851 cum
3389 799 3505 868 ipse

1902 883 2165 938 Dominus
2184 886 2621 954 persecutionum
2645 895 2973 942 tentanteota
3004 889 3353 945 toleraverit?
3377 891 3504 945 Per-

1902 980 2149 1048 sequitur
2175 979 2399 1033 avaritia
2427 1020 2440 1040 .
2482 980 2825 1049 persequitur
2877 980 3124 1042 ambitio.
3157 984 3503 1052 persequitur

1904 1069 2113 1125 luxuria
2141 1111 2157 1136 ,
2202 1073 2541 1139 persequitur
2601 1072 2887 1142 Superbia,
2931 1072 3279 1143 persequitur
3334 1076 3503 1130 furni-

1902 1164 2065 1218 catio.
2124 1161 2280 1219 Unde
2308 1173 2364 1219 et
2394 1164 2687 1232 Apostolus
2715 1164 2828 1218 ait:
2872 1161 3062 1237 Fugite
3107 1166 3502 1236 fornicationem

1903 1256 2113 1330 (lCor.
2144 1272 2218 1321 Vt,
2254 1255 2321 1311 18
2355 1258 2395 1325 ).
2455 1255 2586 1311 Nam
2621 1272 2722 1325 qua
2755 1270 2917 1311 causa
2972 1257 3207 1325 fugeres,
3267 1258 3369 1312 nisi
3409 1257 3501 1313 illa

1904 1359 1954 1405 te
1984 1350 2449 1420 persequeretur?
2485 1350 2575 1403 list
2615 1350 2758 1404 enim
2803 1349 2977 1402 malus
3008 1349 3235 1417 Spiritus
3268 1350 3503 1405 fornica-

1904 1444 2069 1498 tionis
2096 1485 2109 1507 ,
2156 1455 2242 1498 εει
2274 1445 2448 1497 malus
2479 1442 2705 1513 spiritus
2725 1441 2989 1506 avaritiae,
3047 1440 3221 1496 malus
3276 1442 3501 1511 Spiritus

1904 1536 2193 1604 superbia).

1975 1626 2068 1681 46.
2112 1627 2203 1682 isti
2245 1636 2373 1681 sunt
2416 1635 2799 1696 persecutores
2841 1640 3036 1695 graves
3062 1667 3077 1691 ,
3109 1625 3200 1697 qui
3233 1625 3350 1681 sine
3386 1626 3500 1697 gla-

1904 1720 1977 1775 dii
2009 1732 2216 1776 terrore
2251 1732 2486 1775 mentem
2520 1722 2754 1774 hominis
2786 1720 3105 1791 frequenter
3135 1721 3368 1788 elidunt,
3402 1723 3495 1792 qui

187 1785 348 1839 sint?
391 1786 636 1857 Denique
697 1803 820 1843 cum
870 1798 1114 1845 sanctum
1156 1790 1257 1845 Job
1308 1792 1627 1861 praedicaret
1688 1798 1777 1848 tto-

1896 1814 2172 1869 illet-ebris
2202 1815 2372 1883 magis
2397 1829 2557 1883 quam
2592 1814 2894 1868 terroribus
2930 1814 3140 1868 animos
3179 1820 3499 1883 expugnant

184 1877 398 1941 minus,
427 1880 503 1932 ait
545 1880 892 1935 adversarius
922 1898 941 1935 :
993 1882 1265 1951 Numquid
1310 1888 1491 1957 grntis'
1528 1888 1649 1940 colit
1692 1886 1792 1940 Job

182 1970 530 2025 Dominum?
588 1971 777 2027 Nonne
820 1985 876 2029 tu
930 1977 1134 2031 vallasti
1184 1993 1297 2031 eum
1321 1979 1347 2031 .9
1382 1977 1593 2052 1234
1626 2021 1640 2035 .
1675 2018 1688 2032 .
1724 2022 1736 2035 .
1774 2021 1788 2036 .

183 2063 345 2119 Mitte
380 2082 592 2119 manum
650 2079 792 2121 tuam
844 2070 899 2124 in
950 2072 1124 2124 omnia
1159 2088 1273 2140 qua:
1316 2073 1461 2127 habet
1490 2116 1505 2140 ,
1532 2079 1576 2127 si
1606 2092 1707 2129 non
1737 2076 1791 2130 in

178 2162 375 2229 faciem
402 2170 451 2213 te
480 2160 729 2218 benedieit
779 2163 939 2236 (Job.
990 2183 1007 2220 ι
1041 2208 1056 2231 ,
1109 2166 1143 2221 9
1171 2197 1194 2207 -
1227 2168 1286 2221 11
1322 2168 1362 2239 ).
1418 2170 1571 2224 Tunc
1629 2172 1790 2240 igitur

177 2253 309 2322 plus
340 2254 595 2321 probatus
627 2267 727 2325 est,
788 2259 1002 2330 quando
1032 2262 1250 2315 amissis
1272 2263 1466 2330 opibus
1499 2274 1552 2318 et
1576 2264 1725 2332 ﬁliis,
1759 2281 1787 2319 a

178 2342 405 2398 Domini
448 2346 594 2401 cultu
636 2358 688 2403 et
725 2349 895 2416 gratia
934 2365 1039 2403 non
1073 2354 1317 2409 recessit.
1373 2354 1476 2409 Sed
1510 2371 1615 2409 non
1648 2373 1788 2413 unus

172 2444 501 2506 persecutor
529 2449 611 2494 est
638 2456 653 2504 ;
690 2440 887 2495 multos
915 2441 1192 2497 ministros
1229 2445 1429 2509 liabet;
1461 2447 1553 2501 sed
1600 2464 1703 2503 non
1735 2460 1787 2505 te

173 2537 465 2585 terreant:
503 2530 607 2585 Per
635 2536 826 2589 multas
853 2535 996 2589 enim
1036 2538 1394 2594 tribulationes
1449 2554 1648 2610 oportet
1694 2561 1787 2599 nos

170 2620 398 2674 introire
445 2623 497 2675 in
540 2640 757 2695 regnum
814 2624 907 2680 Dei
950 2626 1113 2695 (Act.
1156 2645 1277 2697 xw,
1309 2632 1369 2686 21
1408 2631 1451 2703 ).
1487 2631 1541 2688 Si
1598 2636 1783 2691 multm

168 2715 612 2782 persecutiones,
631 2719 814 2772 multae
838 2720 1213 2787 probationes;
1237 2724 1323 2778 ttbi
1343 2727 1527 2780 multa:
1541 2741 1780 2795 corona},

166 2805 348 2858 multa
378 2810 674 2862 certamina
702 2825 716 2873 ;
760 2810 855 2863 tibi
884 2826 1012 2880 ergo
1038 2813 1269 2881 prolicit.
1295 2814 1437 2885 quod
1476 2818 1627 2871 multi
1662 2832 1782 2887 per-

172 2903 471 2946 secutores
498 2888 675 2961 sunt;
696 2908 752 2949 ut
780 2898 921 2952 inter
950 2899 1147 2953 inultas
1191 2903 1600 2971 persecutiones
1644 2903 1779 2959 faci-

166 2979 283 3037 lius
318 2984 560 3037 invenias
581 2988 1042 3055 quemadmodum
1070 2994 1371 3046 coroneris.

242 3073 340 3130 44.
382 3073 410 3113 δ
449 3076 674 3133 Utamur
698 3084 947 3152 exemplo
976 3081 1279 3140 Sebastiani
1306 3090 1583 3159 martyris,
1618 3092 1775 3161 cujus

162 3167 338 3225 ltoiie
362 3173 555 3226 natalis
580 3184 684 3229 est.
730 3176 827 3230 llic
880 3176 1303 3235 Mediolanensis
1349 3181 1614 3238 oriundus
1663 3195 1767 3239 est.

162 3261 435 3319 Fortisse
461 3276 556 3320 aut
599 3266 711 3337 jam
742 3268 1068 3326 discesserat
1094 3284 1430 3342 perst-cutor,
1459 3285 1548 3331 aut
1595 3277 1773 3334 adhuc

160 3368 285 3407 non
328 3367 545 3410 venerat
580 3358 632 3411 itt
665 3359 780 3413 hcce
808 3364 1074 3431 partium,
1129 3372 1222 3418 aut
1258 3366 1440 3420 mitior
1465 3378 1599 3421 erat.
1655 3368 1771 3422 Adv

157 3448 335 3503 Vertit
383 3448 468 3503 hie
498 3462 595 3505 aut
625 3454 833 3508 nullum
864 3470 986 3511 esse
1013 3497 1027 3522 ,
1090 3467 1181 3511 aut
1228 3469 1411 3530 tepere
1464 3473 1767 3518 certamen.

161 3536 403 3595 Romam
432 3542 706 3610 prolectus
732 3559 834 3611 est,
874 3549 962 3602 ubi
990 3562 1211 3619 ptopter
1237 3552 1359 3608 ﬁdei
1389 3556 1624 3610 studium
1650 3572 1773 3627 per-

158 3633 467 3688 secutionis
498 3639 697 3692 acerba
722 3638 1039 3706 fervt'bant;
1071 3643 1142 3696 ibi
1176 3659 1367 3712 passus
1393 3657 1498 3712 est,
1531 3652 1632 3705 Iaoc
1662 3661 1768 3717 est,

159 3725 238 3780 ibi
274 3739 593 3784 coronatus.
627 3730 814 3801 Itaque
855 3733 992 3801 illic,
1027 3751 1134 3805 quo
1162 3737 1362 3806 llttsltes
1385 3741 1597 3794 advenit
1626 3785 1641 3809 ,
1671 3743 1769 3796 do-

160 3821 431 3875 micilium
461 3823 890 3881 immortalitatis
917 3839 1194 3898 perpetum
1218 3834 1523 3889 collocavit.
1548 3836 1607 3890 Si
1633 3854 1769 3893 unus

159 3926 487 3982 persecutor
543 3919 776 3985 luisset,
819 3932 1112 3980 coronatus
1175 3925 1264 3981 ltic
1326 3936 1530 4000 martyr
1586 3932 1768 4002 utique

157 4024 275 4064 non
316 4010 525 4069 inisset.

241 4107 335 4163 45.
380 4108 485 4164 Sed
512 4110 657 4180 quod
694 4112 870 4182 pejus,
914 4128 1022 4168 non
1069 4114 1119 4168 bi
1163 4115 1338 4171 solum
1391 4128 1765 4185 persecutores

155 4203 407 4273 suntqui
435 4204 709 4267 videntur,
754 4206 848 4259 sed
880 4207 1048 4270 etiam
1091 4209 1181 4276 qui
1213 4224 1317 4264 non
1365 4211 1651 4278 videntur;
1712 4222 1765 4269 et

156 4300 336 4355 multo
370 4298 552 4367 plures
586 4305 1001 4367 persecutores!
1050 4302 1209 4358 Sicut
1238 4305 1381 4358 enim
1448 4322 1587 4377 unus
1640 4323 1763 4377 per-

152 4404 388 4451 secutor
410 4408 503 4448 rex
546 4393 732 4447 multis
761 4396 1155 4463 persecutionis
1184 4409 1454 4467 praecepta
1490 4402 1760 4468 mittebat,

152 4498 214 4543 et
240 4504 338 4556 per
362 4487 606 4557 singulas
636 4488 721 4541 vel
774 4489 1020 4545 civitates
1052 4531 1067 4556 ,
1123 4490 1206 4545 vel
1259 4492 1561 4559 provincias
1605 4503 1757 4548 erant

1898 1906 2161 1960 ﬁdelium.
2195 1905 2262 1960 lli
2291 1905 2385 1959 tibi
2416 1903 2603 1959 hostes
2632 1903 2894 1968 cavendi,
2927 1903 2979 1957 lti
3010 1903 3288 1973 graviores
3314 1914 3499 1975 tyran-

1897 2000 1972 2065 ni,
2030 2015 2125 2069 per
2184 2015 2319 2068 quos
2368 1998 2539 2053 Adam
2594 2006 2783 2068 captus
2833 2006 2936 2052 est.
2996 1998 3146 2051 Multi
3199 1999 3251 2051 in
3308 2012 3497 2068 perse-

1893 2092 2112 2148 cutione
2141 2092 2351 2162 publica
2376 2092 2655 2158 coronati,
2709 2090 2921 2145 occulta
2968 2088 3070 2144 hac
3114 2093 3496 2160 persecutione

1892 2186 2225 2242 ceciderunt.
2276 2183 2453 2250 Foris,
2506 2186 2700 2255 inquit,
2742 2200 2947 2256 pugnae,
3002 2185 3142 2237 intus
3173 2184 3381 2238 timores
3428 2183 3494 2255 (ll

1892 2276 2013 2333 Cor.
2056 2294 2125 2333 vtt
2152 2321 2166 2344 ,
2200 2279 2231 2332 5
2271 2279 2309 2349 ).
2352 2278 2605 2333 Advenis
2635 2293 2795 2348 quam
2843 2293 3012 2347 grave
3060 2288 3337 2333 certamen
3388 2277 3490 2346 sit,

1889 2371 2031 2440 quod
2062 2379 2144 2426 est
2182 2372 2319 2426 intra
2360 2371 2674 2435 hominem;
2711 2382 2768 2424 ttt
2799 2386 2983 2425 secum
3041 2369 3160 2439 ipse
3191 2370 3447 2440 conﬂigat
3474 2411 3489 2436 ,

1887 2478 2008 2518 cum
2069 2465 2182 2519 suis
2239 2464 2625 2533 cupiditatibus
2672 2465 2966 2533 prwlietnr.
3033 2464 3153 2529 Ipse
3196 2464 3490 2533 Apostolus

1887 2554 2140 2620 ﬂuctuat,
2193 2555 2384 2619 lueret,
2435 2554 2786 2624 astringitur,
2821 2555 3083 2623 captivari
3114 2571 3173 2610 se
3204 2556 3401 2610 asserit
3432 2556 3486 2610 in

1886 2647 2005 2716 lege
2023 2649 2225 2714 peccati
2250 2658 2303 2701 et
2327 2648 2518 2701 mortis
2533 2661 2763 2714 corpore
2790 2645 3071 2710 debellari.
3102 2661 3200 2701 nec
3230 2647 3475 2715 potuisse

1889 2739 2160 2806 evadere,
2213 2740 2315 2794 nisi
2367 2749 2513 2795 esset
2560 2740 2770 2795 Domini
2824 2740 2951 2795 Jesu
3000 2741 3174 2812 gratia
3222 2741 3483 2799 liberatus

1885 2830 2065 2904 (Rom.
2113 2845 2205 2887 vtt.
2236 2829 2461 2897 23.25).

1954 2926 2042 2979 47.
2071 2925 2270 2980 Verum
2296 2937 2351 2979 ttt
2380 2926 2563 2981 multa!
2587 2928 3015 2995 persecutiones,
3052 2929 3120 2982 ita
3147 2928 3312 2982 multa
3339 2942 3482 2982 mar-

1881 3018 2041 3089 tyrio.
2072 3018 2328 3085 Quotidie
2360 3018 2515 3073 testis
2541 3034 2601 3073 es
2630 3017 2856 3073 Christi.
2887 3019 3150 3075 Tentatus
3183 3020 3393 3093 1235
3420 3036 3480 3076 es

1881 3112 2076 3180 spiritu
2110 3109 2530 3177 l‘orniezttionis;
2580 3112 2675 3167 sed
2729 3113 2937 3167 veritus
2984 3112 3185 3168 Christi
3236 3116 3476 3167 futurum

1798 3183 1842 3246 Ο
1872 3204 2156 3273 Ῑυίιηοῑυηι,
2196 3205 2566 3259 temeratnlam
2609 3207 2806 3260 mentis
2838 3216 2893 3261 et
2933 3207 3182 3277 corporis
3213 3209 3474 3261 eaStitno-

1876 3294 2019 3349 niam
2046 3311 2151 3349 non
2189 3298 2425 3362 putaSIi:
2463 3307 2670 3367 martyr
2698 3312 2758 3352 es
2811 3295 3037 3352 Christi.
3103 3298 3368 3353 Teutalus
3414 3312 3475 3353 es

1875 3387 2066 3456 spiritu
2126 3389 2409 3453 avaritiae,
2466 3398 2523 3443 ut
2579 3391 2987 3457 possessiOnent
3041 3390 3269 3446 minoris
3321 3392 3474 3445 inva-

1874 3477 2053 3537 deres.
2098 3478 2392 3533 indefensae
2434 3479 2748 3551 tidtnnjuru
2796 3491 3136 3547 tetnerares;
3180 3492 3233 3537 et
3291 3492 3470 3538 tamen

1873 3572 2331 3640 contemplatione
2353 3574 2658 3628 caelestium
2694 3584 3090 3646 praeceptorum
3118 3592 3275 3641 Opem
3303 3577 3472 3647 magis

1872 3661 2149 3719 ferendam
2181 3706 2197 3729 ,
2259 3682 2419 3735 quam
2477 3665 2812 3721 inferendam
2870 3668 3121 3737 injuriam
3163 3668 3466 3737 indicasti:

1872 3759 2026 3811 teSIis
2055 3772 2113 3812 es
2140 3755 2362 3812 Christi.
2398 3758 2640 3829 Denique
2673 3760 2806 3813 tales
2850 3760 2965 3813 vult
3025 3770 3191 3813 testes
3219 3759 3471 3815 Christus

1870 3854 2149 3917 assistere,
2178 3853 2477 3906 secundum
2506 3851 2649 3921 quod
2675 3854 2935 3921 scriptum
2961 3863 3044 3906 est
3069 3869 3081 3904 :
3106 3853 3348 3905 Judicate
3368 3869 3469 3923 pu-

1873 3943 2034 4011 pillo,
2089 3944 2440 4015 etjustiﬁcate
2492 3944 2742 3998 viduam:
2796 3954 2842 3997 et
2868 3944 3068 4007 venite,
3123 3944 3464 4013 disputemus,

1868 4036 1994 4090 ditit
2020 4036 2274 4091 Dominus
2304 4037 2487 4104 (Esai.
2520 4055 2572 4104 t,
2607 4038 2670 4091 17
2699 4048 2746 4092 et
2776 4038 2841 4093 18
2870 4038 2909 4106 ).
2950 4038 3212 4092 Teutalus
3260 4052 3319 4092 es
3360 4038 3469 4108 spi—

1869 4130 1972 4184 ritu
2005 4130 2303 4198 superbiae;
2356 4131 2449 4185 sed
2483 4130 2671 4185 videns
2720 4130 2939 4201 inopem
2994 4144 3156 4201 atque
3188 4146 3416 4202 egenum
3448 4175 3463 4198 ,

1869 4227 1953 4292 pia
1996 4235 2179 4278 mente
2218 4240 2536 4287 cotupassus
2576 4240 2658 4291 es,
2697 4224 3054 4280 humilitatem
3107 4225 3276 4295 magis
3304 4240 3465 4294 quam

1867 4319 2231 4386 arrogantiam
2257 4320 2496 4374 dilexisti
2533 4335 2546 4371 :
2575 4320 2728 4374 testis
2754 4336 2813 4374 es
2846 4320 3049 4374 (Ebrini
3079 4336 3093 4385 ;
3128 4329 3183 4374 et
3208 4321 3349 4390 quod
3385 4330 3467 4375 est

1866 4412 2119 4479 amplius.
2143 4426 2249 4465 ηοω
2271 4413 2537 4466 sermonis
2562 4413 2961 4477 tantummodo,
2987 4412 3079 4466 sed
3104 4412 3267 4466 etiam
3285 4413 3465 4481 operis

1870 4514 1892 4542 ο
1938 4505 2307 4558 testimonium
2356 4504 2700 4573 perbibuisti.
2757 4506 2891 4570 Quis
2950 4506 3091 4557 enim
3147 4504 3468 4573 locupletior

154 4580 366 4637 diversi
398 4591 777 4650 persecutores
806 4598 821 4647 ;
872 4581 947 4636 ita
973 4584 1136 4637 etiam
1162 4583 1410 4638 diabolus
1441 4587 1639 4640 multos
1662 4590 1761 4642 mi-

1890 4598 2022 4653 estis
2063 4608 2168 4661 est,
2197 4614 2358 4669 quam
2400 4600 2489 4664 qui
2524 4601 2817 4655 conﬁtetur
2851 4598 3136 4652 Dominum
3179 4597 3367 4653 Jesutn
3411 4598 3463 4652 in

154 4678 367 4731 nistros
422 4689 553 4730 suos
610 4673 820 4746 dirigit,
863 4677 952 4746 qui
998 4692 1103 4730 non
1155 4675 1291 4733 foris
1348 4682 1752 4753 tantummodo,

158 4862 269 4935 lius
314 4867 400 4916 est
445 4860 585 4935 hanc
639 4861 792 4917 obire
842 4860 1082 4917 adverbii
1144 4864 1294 4918 vices
1326 4879 1442 4933 pro.
1470 4881 1762 4935 ttsqucquo,

154 4934 299 4996 sive,
327 4949 489 5001 usque
511 4934 580 4985 ad
605 4950 752 5007 quem
775 4936 995 5007 gradum
1020 4951 1039 4998 ;
1068 4936 1507 5007 quandoquidem
1538 4934 1759 4995 Atnerb.

156 5015 211 5060 et
244 5019 379 5058 mss.
403 5019 594 5058 omnes
625 5006 900 5057 uobiscum
935 5005 1157 5061 faciunt.

232 5083 258 5109 ιι
289 5075 446 5127 lium.
510 5077 669 5139 edit.,
702 5074 965 5131 inoffense
990 5117 1005 5141 ,
1038 5094 1157 5131 cum
1198 5093 1563 5147 prosperorum
1612 5096 1760 5134 even-

155 5156 307 5199 tuum
332 5150 618 5199 secundant
645 5162 929 5202 successus.

228 5215 257 5255 ι’
289 5215 451 5271 Vides
478 5233 597 5271 eant
641 5218 783 5270 diem
834 5234 934 5286 qua
986 5219 1200 5274 habitus
1240 5220 1307 5275 ab
1334 5220 1621 5276 Ambrosio
1663 5221 1761 5277 fuit

157 5288 250 5343 hic
274 5304 481 5352 sermo,
511 5290 562 5341 itt
597 5288 835 5342 Ecclesia
863 5290 1242 5345 Mediolanet-si
1269 5294 1591 5347 Sebastiano
1615 5310 1756 5347 mur-

154 5358 264 5429 tyri
294 5374 503 5436 sacram
530 5359 829 5436 exstitisse.
863 5360 937 5413 De
960 5362 1350 5436 Cttjttsqtlitltcttt
1378 5373 1570 5436 ntartyv
1590 5366 1632 5417 is
1665 5380 1756 5431 pa-

154 5436 256 5483 tria
286 5430 389 5483 etsi
424 5439 530 5482 tam
573 5431 826 5484 distincte
869 5432 1220 5498 pronnnziare
1257 5435 1501 5487 videatur
1521 5430 1757 5489 'sanctus

152 5500 387 5562 Ρτωμηι,
421 5516 539 5565 «ηιμ
573 5509 755 5555 tamen
810 5506 973 5557 verba
1004 5504 1056 5557 in
1083 5506 1331 5558 diversos
1360 5522 1553 5559 sensus
1583 5519 1759 5560 traxe-

151 5580 284 5647 runt
312 5570 577 5647 hi~bo_r_iri.
601 5572 843 5637 Namque
869 5590 897 5626 a
926 5574 1096 5647 Baron
1137 5576 1203 5629 ad
1228 5592 1315 5631 an.
1342 5575 1471 5639 ‘284,
1501 5593 1647 5630 nunt.
1667 5578 1752 5647 12,

152 5642 365 5698 dicitur
392 5658 406 5694 :
440 5640 691 5696 Narbone
716 5648 988 5707 oriundus,
1016 5645 1302 5700 Mediolani
1333 5662 1449 5701 vero
1466 5652 1710 5702 educatus
1737 5640 1756 5705 ξ·

156 5715 237 5768 ne!
266 5722 326 5789 ut
357 5726 576 5769 sanctus
628 5713 929 5789 Ambrosius
962 5718 1111 5789 (hoc,
1135 5719 1343 5789 St-iltCet
1389 5719 1532 5789 lu-Co)
1580 5730 1629 5772 et
1665 5722 1757 5777 alii

160 5785 399 5849 tradunt,
424 5796 568 5853 patre
619 5784 946 5844 Narbonensi
971 5784 996 5853 ξ
1022 5784 1184 5845 matre
1214 5784 1588 5847 .tlediolnnensi
1605 5802 1756 5846 natus

1865 4704 2031 4745 carne
2066 4692 2302 4757 venisse,
2360 4706 2484 4746 cum
2540 4690 2818 4762 Evangelii
2860 4703 3129 4762 prmeepta
3177 4690 3466 4746 cuswdit?

1874 4868 2180 4925 Mediolani.
2215 4871 2502 4925 Sanssaius
2552 4878 2731 4925 autem
2776 4880 2925 4937 patre
2951 4870 3127 4928 Gallo.
3162 4878 3336 4924 matre
3357 4868 3466 4924 Me-

1870 4941 2174 4997 diolantutsi
2239 4943 2489 4998 Narbone
2548 4956 2731 4997 natum
2783 4943 2948 4996 ittisse
3003 4940 3210 4995 set-ibit.
3268 4940 3463 4995 (“uteri

1870 5014 2062 5085 partim
2097 5014 2238 5079 huic,
2276 5018 2468 5084 partim
2514 5014 2590 5069 illi
2622 5014 2863 5085 opinioni
2891 5012 3459 5085 facilenssentiuntnr.

1870 5082 2117 5155 Denique
2156 5082 2289 5139 Acta
2334 5087 2576 5155 ejusdem
2627 5082 2883 5154 ttiattyris
2920 5100 2949 5137 a
2976 5083 3240 5138 Bollando
3280 5082 3467 5136 novis-

1867 5156 2003 5208 Sitttt'.
2026 5160 2125 5208 Sub
2159 5158 2427 5212 Alllill‘tlsli
2460 5161 2626 5211 nostri
2681 5158 2896 5211 nomine
2927 5172 2990 5209 ex
3024 5156 3297 5208 vetertbno
3330 5168 3459 5208 mss.

1866 5227 2017 5297 edita
2041 5229 2155 5281 lure
2178 5229 2473 5281 secundum
2528 5230 2708 5297 plures
2747 5243 2875 5282 mss.
2926 5227 3164 5279 habent:
3199 5223 3465 5297 Sebastia-

1865 5313 1962 5349 nus
1995 5296 2462 5353 Mediolanensium
2493 5295 2723 5371 partibus
2752 5305 3053 5371 ,educattts;
3082 5308 3131 5350 at
3163 5295 3461 5371 secundum

1861 5372 2126 5439 quosdam
2157 5371 2317 5433 alios,
2355 5370 2402 5423 ,11
2415 5368 2818 5424 ειΙῐυιιιηρηδίτηη
2861 5368 3085 5437 partium
3117 5368 3275 5439 _civis,
3321 5370 3461 5435 quod

1862 5437 2079 5510 quidem
2130 5456 2250 5496 cum
2287 5452 2433 5495 textu
2464 5451 2650 5493 nostro
2678 5442 2880 5506 optime
2902 5437 3173 5507 Cttl'gl'ltil.

1938 5511 2199 5567 cCunctae
2242 5515 2371 5569 edit.
2431 5514 2774 5566 testimonium
2825 5510 3170 5575 perlnbnisti;
3222 5509 3361 5562 testis
3410 5525 3463 5563 es

1861 5580 2100 5638 Christi:
2148 5588 2242 5639 θρα
2296 5586 2414 5639 int-c
2469 5586 2651 5637 ultima
2697 5584 2859 5637 vetba
2910 5597 3038 5636 tnss.
3076 5582 3335 5635 omittunt
3366 5595 3380 5643 ;
3410 5589 3465 5634 et

1861 5671 2260 5724 supervacanea
2308 5674 2429 5710 esse
2461 5656 2747 5726 intelliget,
2800 5655 3045 5724 quisquis
3090 5656 3265 5711 locum
3302 5651 3460 5723 paulo

1859 5728 2120 5786 attentius
2144 5727 2484 5799 expenderit.
