3948 6370
461 361 482 418 1
495 357 600 414 ωε)

1801 338 2048 400 SANCTI
2085 336 2409 403 AMBROSII

3628 336 3760 390 tam

459 467 592 525 Nam
634 463 724 534 qui
777 459 928 516 audit
968 471 1018 514 et
1042 473 1149 518 non
1196 457 1344 520 facit,
1376 463 1538 526 negat
1594 453 1909 518 Christum;
1949 451 2054 510 etsi
2083 462 2137 522 Α
2161 449 2305 518 Quot
2340 457 2584 519 peccata,
2617 456 2750 518 quot
2793 445 2921 503 vitia
2953 487 2967 511 ,
3030 455 3109 502 tot
3149 462 3325 518 reges.
3381 447 3446 505 Et
3482 461 3614 506 ante
3663 450 3763 506 bos

460 558 627 615 verbo
658 555 915 622 fateatur,
939 553 1196 623 operibus
1223 558 1404 619 negat.
1437 549 1608 618 Quam
1648 546 1834 604 multis
1863 545 2052 602 dicen-

463 649 652 706 tibus:
693 647 936 713 Domine,
965 645 1207 711 Domine,
1251 659 1421 699 nonne
1465 642 1520 696 in
1571 651 1657 695 tuo
1694 639 1900 695 nomine
1933 653 2053 707 pro-

464 741 800 812 pltetavimus,
845 749 890 795 et
918 739 1173 794 daemonia
1199 736 1466 811 ejecimus,
1517 743 1562 792 et
1589 733 1803 788 uirtutes
1865 732 2054 788 multas

462 835 680 907 fecimus
721 834 739 903 (
767 831 960 890 Matth.
990 847 1062 888 vu
1088 871 1104 897 ,
1133 829 1206 888 2‘2
1232 827 1292 901 )?
1325 829 1376 884 in
1407 828 1501 884 illo
1530 826 1619 884 die
1664 822 2014 895 respondebit
2040 837 2054 876 :

466 925 730 982 Discedite
751 942 780 979 a
804 941 903 993 me,
919 941 1094 979 omnes
1116 924 1201 994 qui
1221 919 1510 989 operamini
1529 919 1846 989 iniquitatem
1864 914 2056 989 (Ibid.,

462 1017 594 1088 25)!
642 1017 735 1074 llte
764 1032 894 1087 ergo
945 1017 1100 1072 testis
1147 1026 1254 1080 est,
1301 1014 1390 1088 qui
1423 1011 1844 1083 astipulantihus
1880 1009 2056 1082 factis,

467 1108 676 1166 Domini
717 1108 844 1165 Jesu
874 1115 1144 1180 pratcepta
1175 1116 1424 1162 testatur.

535 1203 624 1258 48.
643 1201 842 1271 Quanti
867 1217 998 1274 ergo
1021 1200 1262 1272 quotidie
1287 1200 1338 1256 in
1363 1198 1579 1255 occulto
1602 1204 1866 1268 martyres
1879 1194 2064 1250 Chris-

467 1296 508 1352 ti
547 1308 696 1360 sunt,
728 1306 782 1350 et
805 1295 990 1352 Jesum
1023 1293 1314 1350 Dominum
1368 1292 1697 1347 confitentur
1724 1291 1737 1342 ι
1771 1287 1932 1344 Novit
1963 1288 2065 1342 hoc

468 1388 788 1460 martyrium
823 1386 1120 1456 Apostolus
1150 1394 1205 1440 et
1233 1383 1604 1440 testimonium
1644 1379 1849 1436 Christi
1880 1377 2063 1444 ﬁdele,

470 1480 560 1550 qui
590 1481 728 1534 dixit
759 1496 772 1532 :
810 1478 938 1534 ch
967 1487 1043 1536 est
1067 1479 1202 1532 enim
1227 1477 1465 1547 gloriatio
1493 1482 1692 1539 nostra,
1724 1471 2066 1526 testimonium

469 1570 792 1624 conscientiae
816 1579 1004 1623 nostra:
1033 1567 1112 1641 (ll
1141 1566 1261 1622 Cor.
1297 1583 1344 1633 t,
1377 1567 1442 1619 12
1463 1564 1504 1636 ).
1559 1565 1754 1631 Quanti
1783 1563 1913 1619 foris
1937 1577 2070 1617 con-

466 1662 598 1722 feSSi
639 1673 804 1728 sunt,
859 1672 914 1718 et
970 1663 1113 1718 intus
1153 1662 1531 1731 negaverunt!
1587 1659 1831 1730 Namque
1883 1659 2070 1713 uxoris

467 1755 732 1814 ducenda:
757 1754 950 1826 gratia,
987 1763 1012 1791 α
1049 1769 1170 1824 qua:
1198 1753 1386 1826 gentili
1413 1752 1530 1807 viro
1554 1768 1585 1806 a
1615 1751 1929 1807 christianis
1977 1766 2068 1820 pa-

2151 541 2489 606 adducimur,
2521 547 2576 599 et
2606 546 2734 594 ante
2765 537 2864 594 ltus
2902 547 3134 598 stamus.
3165 539 3382 596 Habent
3431 542 3599 600 etiam
3669 542 3760 596 isti

2159 649 2318 704 reges
2371 632 2607 692 tribunal
2663 632 2718 692 in
2775 632 3049 692 mentibus
3102 633 3504 704 plurimorum;
3565 635 3666 692 sed
3717 637 3763 696 si

2156 728 2277 800 quis
2304 727 2579 786 Christum
2638 727 2885 789 fateatur,
2944 729 3128 782 statim
3175 742 3358 798 regem
3414 728 3570 784 illum
3629 727 3762 786 facit

2159 836 2281 877 esse
2306 821 2602 891 captivum,
2629 819 2818 892 dejicit
2838 819 2907 876 de
2929 821 3068 876 solio
3083 835 3194 876 suat
3223 821 3445 878 mentis.
3476 821 3765 888 Quomodo

2161 915 2304 971 enim
2328 916 2529 984 poterit
2552 913 2752 972 diaboli
2773 913 3011 975 tribunal
3039 929 3267 976 manere
3289 915 3341 970 in
3357 929 3427 972 eo
3447 915 3537 971 cui
3558 912 3764 970 Christi

2162 1006 2406 1062 tribunal
2453 1006 2692 1075 assurgit
2717 1005 2741 1060 ?

2234 1100 2324 1161 51.
2383 1099 2538 1154 Multi
2568 1117 2688 1170 ergo
2711 1109 3066 1170 persequentes
3087 1141 3104 1168 ,
3136 1109 3184 1154 et
3212 1100 3518 1159 tribulantes
3557 1117 3660 1158 me.
3695 1100 3762 1157 Et

2165 1193 2397 1252 fortasse
2426 1192 2674 1250 Christus
2709 1196 2812 1252 hoc
2839 1194 3004 1263 dicit,
3045 1202 3104 1250 et
3132 1195 3264 1254 dicit
3288 1196 3341 1252 in
3388 1196 3619 1254 vocibus
3647 1198 3765 1254 sin-

2165 1288 2451 1358 gulorum;
2487 1287 2661 1356 ipsum
2694 1288 2896 1344 etenim
2929 1287 3281 1349 adversarius
3320 1289 3674 1358 persequitur
3712 1289 3765 1346 in

2168 1380 2346 1436 nobis.
2380 1378 2436 1435 Si
2488 1379 2730 1434 declinas
2760 1389 3206 1450 persequentem,
3236 1378 3515 1436 Christum
3547 1380 3766 1450 abjicis,

2169 1472 2259 1542 qui
2291 1485 2350 1528 se
2382 1470 2578 1530 tentari
2609 1472 2831 1541 patitur,
2880 1481 2939 1526 ut
2972 1473 3174 1528 vincat.
3232 1471 3332 1528 Ubi
3372 1471 3526 1527 illum
3569 1471 3771 1528 viderit

2170 1563 2450 1631 diabolus,
2499 1563 2573 1619 ibi
2620 1574 2774 1634 parat
2804 1563 3069 1631 insidias,
3118 1565 3192 1620 ibi
3244 1565 3605 1624 tentationnm
3657 1580 3775 1627 ma-

2171 1654 2362 1710 chinas
2392 1655 2666 1719 admovet,
2701 1657 2772 1712 ibi
2815 1655 2968 1714 dolos
3015 1659 3222 1721 nectit;
3261 1665 3321 1712 ut
3343 1657 3492 1714 illum
3520 1697 3535 1721 ,
3565 1657 3611 1710 si
3643 1671 3774 1727 pos-

2177 1746 2268 1811 sit,
2305 1746 2580 1801 excludat.
2629 1745 2729 1802 Ubi
2793 1756 2972 1802 autem
3030 1746 3276 1802 diabolus
3331 1747 3635 1817 prmliatur,
3696 1747 3773 1806 ibi

465 1847 714 1905 rentibus
745 1847 1061 1917 negabatur.
1094 1847 1346 1902 simulata
1380 1845 1446 1900 ad
1495 1855 1708 1914 tempus
1765 1842 1891 1907 (ide,
1944 1842 2060 1914 ple-
2088 1828 2135 1889 B
2165 1836 2412 1894 Christus
2451 1837 2673 1894 assistit.
2707 1837 2806 1894 Ubi
2833 1838 3079 1894 diabolus
3126 1838 3358 1904 obsidet,
3389 1839 3461 1894 ibi
3505 1837 3764 1896 Christus

471 1942 627 2012 rique
655 1939 958 2012 produntur
988 1938 1133 2011 quod
1165 1937 1300 1994 foris
1329 1937 1566 1993 confessi
1597 1947 1744 2006 sunt,
1794 1937 1941 1992 intus
1972 1953 2067 1992 ne-

474 2049 653 2105 gasse.
689 2035 772 2090 An
802 2032 1179 2089 fornicationis
1206 2046 1372 2092 causa
1410 2031 1782 2086 tantummodo
1815 2039 2067 2101 putamus

474 2125 761 2182 Dominum
789 2126 958 2184 Deum
988 2134 1234 2180 nostrum
1259 2125 1310 2178 in
1340 2123 1927 2194 populumJudzeorum
1958 2132 2066 2177 tam

472 2233 661 2274 severe
688 2233 810 2276 esse
839 2228 1194 2282 commotum,
1247 2225 1307 2272 ut
1333 2214 1361 2253 δ
1411 2215 1602 2287 viginti
1642 2217 1745 2270 tria
1797 2214 1967 2272 millia
1999 2214 2068 2270 de

474 2312 676 2382 populo
702 2320 1031 2368 necarentur
1071 2309 1264 2380 (Nunt.
1294 2325 1405 2364 xxv
1429 2350 1444 2377 ,
1468 2308 1555 2380 9),
1605 2317 1892 2380 propterea
1914 2308 2060 2378 quod

475 2401 784 2459 Madiauita:
836 2403 1014 2473 gentis
1058 2401 1276 2459 feminis
1325 2401 1614 2457 concubitu
1662 2399 2064 2454 miscerentur:

473 2510 534 2550 ac
568 2511 674 2554 non
701 2512 765 2554 eo
793 2497 935 2568 quod
964 2511 1059 2567 per
1103 2496 1227 2552 illos
1275 2495 1596 2551 concubitus
1640 2494 2069 2565 alienigenarum

475 2587 780 2645 desciscere
809 2605 836 2642 a
866 2587 993 2656 fide,
1023 2603 1220 2658 negare
1233 2588 1523 2644 Dominum
1554 2594 1879 2656 cogerentur
1905 2587 1929 2640 't

548 2679 639 2736 49.
682 2679 893 2744 Nolite,
934 2680 1147 2750 inquit,
1186 2680 1330 2758 omni
1375 2680 1584 2751 spiritui
1631 2676 2067 2750 credere(.loan.

470 2789 522 2830 tv
548 2816 562 2841 ,
612 2775 672 2830 11
701 2773 718 2844 )
751 2791 766 2841 ;
799 2777 894 2832 sed
918 2790 949 2830 a
975 2773 1243 2830 fructibus
1271 2788 1460 2829 eorum
1503 2772 1842 2842 cognoscite,
1870 2771 2068 2844 quibus

469 2866 695 2923 credere
723 2867 987 2923 debeatis.
1019 2866 1180 2922 Venit
1206 2867 1326 2936 quis
1354 2867 1406 2920 in
1441 2865 1765 2930 Ecclesium,
1792 2863 1919 2922 dum
1970 2862 2069 2918 hoc

472 2968 659 3012 norem
697 2953 915 3010 affectat
941 2954 1042 3008 sub
1074 2953 1495 3023 imperatoribus
1522 2948 1872 3015 Christianis,
1901 2949 2070 3004 simu-

467 3046 577 3100 lato
609 3056 755 3104 metu
800 3045 1104 3101 orationem
1133 3059 1192 3100 se
1221 3045 1377 3114 lingit
1402 3043 1615 3098 deferre
1643 3060 1656 3097 :
1719 3055 1740 3081 ο
1773 3042 2069 3103 inclinatur

465 3148 520 3196 et
546 3140 666 3195 solo
700 3142 987 3206 sternitur,
1020 3139 1110 3212 qui
1141 3154 1283 3208 genu
1313 3137 1510 3192 mentis
1541 3151 1650 3190 non
1689 3135 1948 3201 ﬂexerit;
1987 3135 2068 3188 vl-

2171 1929 2486 1996 includitnr,
2516 1930 2584 1982 ibi
2627 1945 2907 1986 murorum
2940 1930 3262 1999 spiritalium
3309 1939 3461 2000 septa
3484 1929 3758 1990 defendit.

2174 2019 2316 2088 Ergo
2347 2020 2437 2088 qui
2478 2033 2881 2090 persecutorem
2914 2020 3139 2091 refugit.
3172 2020 3350 2090 reiicit
3379 2022 3544 2081 etiam
3566 2021 3759 2081 defen-

2170 2125 2371 2167 Sorent.
2424 2109 2528 2166 Sed
2559 2127 2683 2166 cum
2712 2112 2868 2167 audis
2900 2130 2915 2168 :
2950 2111 3108 2168 Multi
3133 2123 3507 2182 persequentes,
3561 2124 3609 2167 et
3666 2114 3766 2168 tri-

2174 2202 2406 2257 buluntes
2439 2221 2539 2272 me,
2575 2205 2685 2260 noli
2721 2205 2940 2271 timere,
2967 2205 3056 2276 qui
3082 2214 3237 2275 potes
3268 2205 3490 2266 dicere:
3539 2207 3605 2260 Si
3635 2205 3777 2262 Deus

2173 2311 2268 2366 pro
2293 2297 2459 2362 nobis,
2491 2297 2605 2367 quis
2647 2307 2825 2351 contra
2855 2312 2948 2352 nos
2996 2297 3174 2368 (Rom.
3209 2311 3308 2352 vm
3333 2339 3348 2363 ,
3399 2297 3538 2367 5i)?
3573 2295 3773 2353 Verum

2174 2388 2276 2444 hoc
2305 2388 2435 2444 dicit
2462 2389 2577 2456 ille,
2611 2390 2701 2460 qui
2733 2405 2759 2442 a
2792 2390 3117 2448 testimoniis
3146 2389 3361 2448 Domini
3409 2391 3561 2447 nullo
3613 2391 3775 2447 vitio-

2175 2498 2291 2538 rum
2334 2483 2573 2539 declinat
2616 2482 2890 2540 anfractu.

2245 2572 2332 2628 52.
2393 2574 2590 2648 (γεγε.
2624 2575 2747 2630 158.
2794 2575 3103 2646 )Seqnitur
3129 2591 3318 2632 versus
3361 2585 3547 2632 sextus
3589 2593 3603 2629 :
3656 2575 3779 2632 Vidi

2175 2681 2276 2719 non
2303 2675 2558 2723 servantes
2588 2676 2816 2737 pactum,
2846 2676 2892 2722 ct
2911 2667 3230 2722 tabescebant
3257 2685 3278 2738 ,'
3322 2669 3568 2739 quoniam
3617 2670 3773 2724 verba

2175 2768 2262 2810 tua
2295 2774 2394 2812 non
2422 2758 2796 2814 custodierunt.
2848 2758 3049 2821 Beatus
3105 2762 3188 2816 vir
3241 2761 3334 2832 qui
3393 2761 3446 2820 in
3505 2761 3776 2820 charitate

2174 2852 2268 2908 Dei
2294 2852 2553 2918 tabescit;
2584 2853 2708 2923 quia
2729 2851 3005 2909 videtnon
3039 2862 3314 2910 servantes
3349 2863 3588 2924 pactum.
3610 2855 3767 2910 Alius

2173 2953 2392 3014 propter
2428 2945 2652 2999 vitiosos
2691 2960 2908 3001 amores
2935 2946 3198 3012 tabescit,
3229 2947 3322 3015 qui
3353 2946 3588 3002 distillat
3629 2948 3762 3003 dum

2173 3047 2256 3093 est
2287 3040 2484 3093 dilatus
2521 3054 2707 3095 amore
2754 3039 2970 3096 dilectas
3000 3053 3015 3095 :
3045 3050 3101 3098 et
3152 3040 3280 3100 dum
3324 3041 3633 3112 proteletur
3678 3041 3778 3098 lla-

2171 3132 2381 3200 grantis
2437 3132 2750 3202 cupiditatis
2787 3133 3046 3200 ellectus,
3095 3134 3312 3190 animus
3365 3134 3568 3200 deficit,
3625 3134 3778 3190 vires

468 3231 560 3287 det
591 3232 742 3287 illum
798 3232 982 3297 homo,
1047 3230 1419 3286 Christianum
1455 3235 1635 3299 putat;
1697 3227 1848 3282 videt
1904 3227 2065 3282 homo
2092 3219 2136 3281 C
2170 3225 2418 3294 corporis
2463 3224 2696 3294 quadam
2724 3224 3079 3282 deformitate
3107 3226 3352 3297 palloris,
3386 3225 3776 3297 fessorumque

468 3336 716 3382 orantem
747 3323 1094 3395 suppliciter.
1126 3331 1182 3378 et
1209 3321 1424 3386 credit;
1454 3319 1547 3375 sed
1586 3320 1727 3374 Deus
1779 3318 1929 3373 audit
1973 3333 2064 3374 ne-

469 3426 708 3486 gantem.
745 3415 984 3470 Discedit
1030 3414 1287 3484 probatus
1315 3413 1384 3467 ab
1414 3412 1653 3484 homine,
1683 3410 1778 3466 sed
1809 3409 2066 3466 condem-

473 3517 632 3561 natus
679 3522 706 3559 a
757 3506 962 3577 judice.
1004 3509 1216 3574 Quanto
1259 3505 1594 3560 tolerabilius
1643 3502 1820 3560 fuerat
1862 3500 2068 3558 homini

469 3612 695 3668 negasse
715 3639 730 3665 ,
766 3610 821 3653 et
844 3599 955 3653 Deo
985 3613 1110 3653 esse
1133 3597 1440 3653 confessum
1475 3599 1486 3651 !
1533 3596 1687 3652 Licet
1729 3598 1829 3651 hoc
1854 3611 2066 3666 queque

469 3690 932 3759 reprehensibile;
989 3690 1227 3762 perfecta
1275 3692 1418 3746 enim
1468 3689 1744 3744 confessio
1804 3699 1858 3744 et
1898 3689 2065 3744 animi

469 3782 664 3852 quaerit
709 3782 1076 3850 devotionem,
1127 3794 1182 3840 et
1220 3783 1366 3840 vocis
1420 3783 1856 3854 professionem:
1900 3781 2066 3840 Corde

472 3876 609 3929 enim
637 3877 862 3932 creditur
893 3878 962 3934 ad
980 3879 1284 3945 justitiam:
1317 3894 1407 3934 ore
1434 3887 1605 3934 autem
1634 3878 1891 3950 confessio
1917 3879 1975 3948 ﬁt
1997 3879 2066 3934 ad

466 3967 684 4022 salutent
714 3969 892 4042 (Rom.
924 3987 982 4038 x,
1013 3969 1125 4044 10).

540 4060 630 4116 50.
675 4061 818 4132 Ergo
839 4062 892 4117 in
919 4063 1386 4134 persecutionibus
1431 4062 1788 4118 interioribus
1829 4067 1950 4122 esto
2004 4060 2067 4117 ﬁ-

466 4151 606 4206 delis
627 4161 683 4208 et
710 4151 866 4207 fortis
896 4171 910 4219 ;
939 4163 1000 4209 ut
1029 4165 1084 4210 et
1105 4155 1224 4211 istis
1255 4156 1562 4211 forensibus
1593 4155 2065 4226 persecutionibus

473 4245 818 4315 approberis.
866 4247 934 4301 Et
966 4248 1020 4302 in
1079 4249 1286 4305 intimis
1339 4250 1811 4326 persecutionibus
1855 4251 2069 4324 1236

471 4346 597 4394 sunt
646 4354 839 4410 reges.
873 4351 927 4396 ct
957 4341 1221 4413 praesides
1255 4383 1269 4408 ,
1317 4339 1342 4379 ἀ
1384 4343 1658 4403 terribiles
1705 4343 1915 4412 judices
1973 4360 2066 4413 po-

466 4438 686 4486 testate.
724 4431 886 4487 Dabis
911 4435 1218 4505 exemplum
1250 4434 1304 4490 in
1337 4435 1548 4490 Domini
1574 4435 1874 4491 tentatinne
1904 4451 2065 4505 quam

469 4525 737 4596 pertulit;
769 4525 1144 4584 demonstrata
1174 4538 1303 4584 sunt
1333 4530 1381 4586 ei
1415 4529 1595 4584 omnia
1623 4544 1812 4602 regna,
1859 4538 1914 4586 et
1950 4529 2066 4586 dic-

2164 3330 2379 3374 artunm
2408 3319 2529 3374 tabe
2547 3307 2887 3374 minuuntur.
2919 3320 3072 3376 Alius
3111 3321 3201 3391 qui
3231 3321 3515 3391 pecuniam
3552 3335 3766 3382 concu-

2167 3412 2545 3482 piscit,donee
2593 3412 2830 3482 potiatur
2881 3428 2964 3481 ea,
3000 3428 3167 3470 avaro
3216 3415 3384 3470 miser
3438 3414 3670 3470 tabescit
3699 3415 3779 3470 af-

2169 3506 2333 3561 fectu.
2363 3506 2516 3564 Alius
2546 3505 2837 3566 immodice
2858 3506 3178 3577 capessendi
3206 3507 3428 3564 honoris
3461 3506 3781 3576 impatiens,

2167 3599 2212 3654 si
2236 3597 2508 3654 desideria
2534 3598 2696 3669 longa
2721 3585 2976 3670 suspiret,
3003 3615 3111 3655 non
3135 3598 3396 3655 mediocri
3418 3599 3626 3654 mentis
3654 3599 3784 3658 tabe

2168 3689 2472 3746 conficitur.
2501 3689 2619 3750 Non
2652 3691 2777 3746 talis
2806 3691 2898 3762 qui
2946 3691 3076 3746 dicit
3107 3705 3121 3748 :
3149 3691 3320 3760 Quam
3371 3690 3618 3746 distabuit
3646 3708 3776 3753 caro

2168 3799 2279 3838 mea
2305 3783 2357 3838 in
2389 3793 2528 3839 terra
2565 3785 2788 3849 deserta,
2817 3786 2870 3842 in
2896 3786 3054 3853 inuia,
3085 3796 3132 3840 et
3188 3786 3298 3840 sine
3333 3801 3471 3857 aqua
3493 3783 3612 3856 (Ps.
3641 3801 3782 3852 uti,

2167 3877 2202 3934 2
2228 3887 2273 3932 et
2301 3877 2357 3951 5)
2386 3878 2398 3932 l
2428 3879 2514 3933 hic
2543 3879 2685 3934 enim
2711 3879 3008 3948 castigabat
3057 3892 3274 3939 carnem
3301 3891 3480 3942 suam,
3505 3887 3560 3933 et
3592 3872 3786 3934 tabes-

2167 3987 2292 4030 cere
2318 3972 2568 4039 faciebat,
2593 3971 2722 4030 dum
2763 3970 3037 4030 indefesso
3063 3971 3338 4027 desiderio
3375 3969 3578 4026 divina:
3625 3973 3783 4042 cogi-

2170 4064 2389 4119 tationis
2414 4065 2676 4128 intentus,
2702 4072 2757 4119 et
2781 4064 2956 4118 lucent
2980 4063 3089 4118 diei
3113 4061 3346 4117 sollicita
3368 4063 3788 4130 exspectatione

2172 4158 2512 4229 praeveniens
2544 4199 2559 4225 ,
2615 4157 2993 4216 antelucanum
3043 4156 3259 4212 solvere
3288 4156 3519 4214 Domino
3547 4159 3786 4220 canticis

2168 4263 2223 4306 et
2251 4252 2464 4326 hymnis
2491 4251 2756 4322 gestiebat
2780 4250 3123 4321 obsequium.

2243 4344 2330 4400 53.
2361 4343 2612 4402 Tabescit
2639 4358 2770 4414 ergo
2791 4344 2876 4400 vir
2904 4342 3181 4414 paciﬁcus,
3209 4341 3426 4414 quando
3455 4342 3598 4400 alios
3631 4344 3786 4402 videt

2171 4448 2324 4510 pacta
2357 4437 2690 4506 rescindere,
2743 4451 3108 4496 consensnum
3149 4436 3368 4493 abolere
3390 4439 3781 4508 concordiam,

2164 4533 2336 4604 jurgia
2364 4532 2431 4587 de
2461 4546 2590 4596 pace
2617 4546 2892 4600 reparare,
2910 4531 2963 4586 in
2981 4530 3248 4587 tumultus
3268 4529 3449 4588 redire
3478 4529 3548 4587 de
3578 4533 3784 4604 gratia.

471 4625 584 4670 tum
613 4628 696 4672 est
725 4619 775 4678 ei
803 4637 816 4671 :
843 4618 964 4673 Tibi
989 4619 1122 4675 dabo
1151 4621 1261 4678 Itazc
1294 4622 1489 4688 omnia,
1516 4622 1562 4676 si
1614 4622 1886 4694 procidens
1935 4623 2065 4678 ado—
2092 4601 2142 4662 ι)
2167 4601 2324 4694 Quod
2357 4625 2540 4694 utique
2570 4638 2676 4680 non
2705 4621 2854 4689 facit,
2888 4624 2980 4694 qui
3012 4622 3227 4678 Domini
3272 4633 3545 4694 praecepta
3586 4601 3791 4683 custo-

467 4709 661 4762 raveris
707 4726 787 4764 me
833 4709 1017 4782 (Matt.
1064 4729 1138 4777 tv,
1183 4712 1286 4785 9)."
1333 4714 1557 4770 Lectum
1612 4724 1668 4770 et
1716 4714 1881 4776 alibi;
1939 4713 2062 4772 Non

468 4813 646 4875 regnet
674 4815 936 4874 peccatum
984 4807 1039 4860 in
1063 4819 1228 4862 vestro
1260 4809 1466 4863 mortali
1491 4825 1708 4880 corpore
1731 4807 1912 4880 (Rom.
1967 4825 2020 4863 v1
2045 4851 2061 4878 ,

471 4895 540 4954 12
563 4893 604 4968 ).
665 4895 826 4953 Vides
873 4909 999 4954 ante
1037 4916 1171 4972 quos
1221 4917 1380 4973 reges
1423 4902 1723 4966 statueris,
1763 4917 1797 4956 o
1848 4901 2013 4960 homo
2044 4943 2062 4967 ,

468 4998 597 5043 ante
626 5002 764 5058 quos
796 4990 1061 5060 praesides
1101 5002 1469 5062 peccatorum,
1527 4992 1572 5048 si
1625 4992 1784 5063 culpa
1831 4995 2064 5064 regnat?

545 5132 573 5162 α
600 5124 920 5199 Ambrosius
946 5141 1068 5184 cum
1099 5127 1334 5199 antiquis
1351 5127 1457 5183 PP.
1480 5128 1726 5199 coniugia
1755 5127 1900 5183 inter
1929 5127 2064 5185 fide-

475 5196 581 5250 lem
613 5211 676 5251 ac
706 5197 976 5269 inﬁdelem
1007 5196 1298 5268 numquam
1324 5215 1430 5254 non
1451 5196 1771 5269 improbavit
1800 5216 1815 5256 :
1848 5214 1914 5256 an
1940 5215 2068 5254 vero

473 5275 748 5322 contracta
775 5283 835 5323 ea
862 5268 1088 5324 dissolvi
1131 5271 1417 5338 voluerint,
1450 5268 1642 5325 lis’est
1681 5279 1893 5326 veteres
1925 5271 2066 5326 inter

474 5352 536 5410 ac
584 5341 921 5410 recentiores
947 5340 1272 5410 Theologos.
1322 5341 1377 5396 id
1426 5340 1571 5398 enim
1623 5340 1697 5397 illi
1727 5341 2066 5406 Gratianum,

477 5409 899 5482 Magistrumque
920 5409 1308 5468 sententiarum
1342 5415 1538 5477 secuti,
1557 5413 1760 5468 obnixe
1776 5413 2067 5482 affirmant,

477 5480 618 5547 quod
668 5490 848 5549 postea
873 5484 964 5537 alii
998 5483 1212 5550 penitus
1241 5498 1525 5542 necavere.
1555 5483 1662 5540 Sed
1691 5484 1760 5541 de
1790 5484 1870 5539 his
1894 5480 2067 5545 fusius

477 5550 728 5624 adepist.
753 5553 818 5607 ad
847 5553 1122 5624 Vigilinm.

549 5621 826 5694 1’Quidam
888 5621 1046 5691 niss.,
1077 5627 1181 5680 duo
1235 5637 1281 5681 et
1314 5626 1494 5694 viginti
1539 5627 1748 5694 millia;
1796 5627 1978 5682 emteri
2005 5640 2069 5690 ne

483 5693 782 5768 vet.‘e‘dit_.,
829 5697 1011 5768 uiginti
1052 5708 1097 5752 et
1143 5699 1244 5754 tria
1268 5693 1473 5766 millia;
1496 5697 1656 5754 Rom.
1682 5693 1819 5765 sala,
1847 5707 2071 5768 quatuor

481 5770 529 5816 et
556 5763 736 5833 viginti
777 5766 965 5821 millia.

555 5843 576 5871 ο
607 5831 844 5920 Observa
875 5851 943 5892 ex
981 5837 1084 5920 hoc
1129 5839 1251 5899 loco
1291 5839 1459 5898 moris
1487 5841 1651 5898 fuisse
1691 5839 1831 5918 apud
1858 5847 2075 5920 veteres

2172 4720 2250 4776 dit
2282 4737 2295 4773 :
2325 4735 2429 4776 non
2463 4719 2588 4776 facit
2613 4719 2702 4788 qui
2753 4716 2904 4772 audit
2947 4717 3216 4778 dicentem
3251 4715 3484 4779 :Pacem
3518 4733 3692 4778 meam
3722 4721 3791 4775 do

2173 4814 2331 4878 vobis,
2389 4828 2569 4884 pacem
2614 4827 2781 4865 meam
2829 4811 3058 4880 relinquo
3101 4809 3244 4864 vobis
3275 4807 3460 4880 (Joan.
3506 4825 3618 4876 χεν,
3659 4811 3790 4881 27).

2174 4905 2319 4977 Ergo
2345 4905 2439 4976 qui
2463 4911 2677 4975 pactum
2703 4911 2902 4970 servat,
2945 4902 2990 4958 is
3031 4900 3230 4959 Christi
3277 4900 3462 4957 obedit
3487 4900 3788 4971 imperiis;

2173 4997 2264 5066 qui
2295 5007 2476 5052 autem
2509 5009 2615 5054 non
2648 5003 2856 5060 servat,
2885 4992 2976 5048 ille
3004 4991 3208 5053 Christi
3233 4998 3506 5062 praecepta
3527 5000 3795 5050 content-

2169 5130 2508 5186 Cltristianos
2566 5129 2619 5186 in
2655 5129 2894 5190 Ecclesia
2947 5129 3088 5183 inter
3133 5125 3400 5183 orandum
3435 5143 3542 5183 non
3598 5127 3792 5185 solum

2169 5214 2330 5272 caput
2364 5202 2649 5266 inclinare,
2680 5216 2743 5257 ac
2767 5215 2939 5270 genua
2971 5201 3228 5272 ﬂectere»;
3258 5213 3449 5254 verum
3494 5200 3666 5254 etiam
3705 5211 3791 5256 tn-

2172 5270 2282 5334 tum
2308 5289 2368 5329 se
2399 5275 2452 5330 in
2485 5282 2686 5327 terram
2741 5281 3108 5342 prosternere.
3163 5270 3272 5342 llic,
3301 5284 3551 5342 namque
3579 5285 3700 5328 non
3724 5273 3792 5327 de

2171 5344 2577 5402 catechumenis
2631 5355 2683 5398 et
2715 5340 3131 5413 ptenitentihus,
3183 5341 3278 5396 sed
3311 5341 3379 5398 de
3411 5340 3669 5397 fidelibus
3706 5343 3791 5414 agi

2173 5417 2518 5474 manifesutm
2544 5423 2650 5470 est.

2244 5485 2270 5525 ἀ
2302 5488 2503 5544 Omnes
2545 5486 2701 5550 edit.,
2732 5484 2988 5540 terribiles
3011 5482 3202 5555 judicii
3249 5490 3528 5555 potestate;
3577 5498 3781 5544 omnes

2174 5574 2331 5626 mss.,
2374 5558 2626 5614 terribiles
2659 5553 3169 5629 judices;ttonttulli
3197 5594 3212 5618 ,
3259 5553 3457 5629 judicis
3503 5565 3788 5629 potestate.

2172 5623 2578 5700 Consequenter
2606 5623 2785 5684 autem
2810 5627 2899 5700 ubi
2922 5626 3141 5684 Amerb.
3163 5623 3388 5691 etmss.,
3409 5623 3581 5700 _D_abis
3607 5644 3790 5684 essem-

2177 5703 2341 5834 pgum,
2370 5693 2508 5758 'Era.
2543 5711 2598 5758 et
2643 5715 2762 5772 seq.
2812 5698 2941 5761 edit.
2987 5704 3349 5768 reposuerunt
3398 5693 3580 5759 Habes
3609 5715 3788 5762 eum.

2177 5790 2210 5834 ρ
2236 5789 2342 5834 um.

2177 5789 2342 5844 ptum.
