3948 6366
159 352 313 408 1501

1245 351 1310 407 ΙΝ
1349 353 1678 413 PSALMUM
1715 354 1925 414 CXVIII
1967 355 2357 415 EXPOSITIO.

3321 363 3457 418 1502

153 473 281 538 uit;
328 483 381 533 et
422 473 562 558 (ιιι,οά
620 473 774 547 pejus
821 482 945 540 est,
993 484 1270 564 comperta
1329 473 1554 541 fastidit,
1586 483 1642 533 et
1671 477 1986 542 no-Aest,
2032 483 2090 533 ιιι
2119 477 2374 532 virtutem
2423 489 2608 532 eorum
2649 477 2894 547 pleniore
2939 478 3246 548 cognitione
3285 479 3460 534 disca-

155 563 342 636 gligit.

242 655 455 730 1237
494 657 582 714 54.
637 658 816 731 (Vers.
862 655 1014 729 159.)
1059 657 1312 726 Sequitur
1363 672 1555 716 versus
1596 657 1763 728 septi—

155 761 288 800 mus
317 765 329 799 :
375 745 412 800 ν
421 748 502 802 ide
527 749 649 819 quia
670 757 928 820 prrecepta
954 757 1040 802 tua
1070 747 1261 816 dilexi,
1293 747 1514 805 Domine
1545 751 1636 806 :in
1665 751 1763 803 mi-

156 841 450 894 sericordia
490 850 576 898 tua
621 843 823 910 viui/ica
854 858 951 896 me.
995 841 1095 898 llic
1122 857 1336 913 quoque
1370 842 1764 898 invitatDoml-

149 951 332 1002 num,
391 945 445 990 ut
478 937 698 1004 plenum
750 936 1033 992 charitatis
1080 951 1193 991 suae
1243 945 1453 1006 spectet
1482 937 1759 992 allecmm.

149 1028 335 1084 Nemo
385 1029 537 1095 dicit,
581 1028 735 1095 Vide,
781 1030 884 1086 nisi
914 1030 1003 1099 qui
1047 1029 1251 1099 judicat
1281 1044 1371 1094 se,
1415 1031 1458 1085 si
1487 1030 1756 1097 videatur,

151 1136 285 1176 csse
309 1123 652 1188 placiturum.
691 1122 758 1176 Et
788 1121 1012 1188 pulchre
1030 1121 1180 1185 dicit,
1216 1120 1362 1188 Vide,
1389 1131 1442 1180 et
1462 1123 1758 1180 secundum

149 1213 361 1284 Legem
386 1213 549 1276 dicit;
574 1214 698 1284 quia
722 1213 833 1270 Lex
869 1213 1166 1284 praecepit,
1198 1221 1258 1266 ut
1285 1214 1651 1284 unusquisque
1680 1223 1762 1268 ter

149 1307 213 1362 in
240 1321 386 1360 anno
408 1321 467 1359 se
497 1304 681 1361 offerat
717 1305 768 1360 in
794 1313 1087 1375 conspectu
1117 1304 1325 1362 Domini
1355 1305 1372 1374 (
1390 1303 1559 1360 Exod.
1591 1321 1756 1372 xxttt,

153 1398 274 1468 17).
315 1396 564 1466 Quotidie
589 1412 649 1452 se
687 1404 905 1452 sanctus
932 1395 1109 1461 offert,
1155 1394 1397 1467 quotidie
1430 1406 1670 1468 apparet,
1705 1404 1762 1452 et

149 1506 267 1546 non
326 1504 527 1546 vacuus
570 1498 835 1560 apparet:
869 1504 973 1542 non
1021 1497 1104 1543 est
1134 1491 1275 1544 enim
1307 1503 1530 1551 vacuus,
1569 1489 1662 1558 qui
1691 1487 1760 1544 de

149 1583 495 1654 plenitudine
525 1582 644 1652 ejus
688 1582 920 1650 accepit.
964 1580 1081 1636 Non
1127 1591 1246 1636 erat
1299 1595 1499 1636 vacuus
1551 1580 1754 1648 David,

148 1675 250 1744 qui
273 1674 387 1727 ait:
421 1672 696 1744 Repletum
730 1683 802 1727 est
822 1673 1015 1743 gaudio
1038 1688 1094 1726 os
1116 1674 1388 1734 nostrum(
1417 1671 1562 1726 Psal.
1594 1687 1756 1738 cxxv,

148 1763 250 1835 2);
295 1765 426 1834 quia
468 1763 720 1834 gaudium
778 1764 983 1820 fructus
1033 1772 1115 1818 est
1155 1763 1389 1832 Spiritus
1443 1764 1636 1820 sancti.
1694 1763 1760 1817 Et

147 1856 294 1916 sicut
331 1855 398 1912 de
453 1856 782 1923 plenitudine
831 1855 994 1912 Verbi
1048 1871 1148 1912 nos
1184 1870 1371 1914 omnes
1417 1856 1752 1925 accepimus,

148 1947 613 2018 quemadmodum
668 1948 807 2004 dixit
860 1947 1096 2006 Joannes
1153 1947 1345 2020 (Joan.
1383 1963 1434 2012 I,
1479 1944 1632 2018 16):
1681 1949 1753 2003 ita

148 2041 321 2098 etiam
374 2039 608 2108 Spiritus
637 2050 858 2100 sanctus
895 2043 963 2098 de
1010 2041 1343 2115 plenitudine
1392 2055 1487 2097 sua
1521 2041 1752 2110 replevit

146 2133 349 2188 orbem
399 2143 681 2192 terrarum.
740 2133 854 2190 Non
903 2143 1022 2192 erat
1067 2148 1270 2190 vacuus
1300 2133 1614 2199 Zacharias,
1663 2133 1754 2204 qui

143 2227 397 2297 repletus
420 2236 503 2284 est
527 2227 728 2297 Spiritu
758 2236 970 2294 sancto,
1001 2235 1054 2281 ct
1086 2227 1442 2297 prOphelabat
1463 2227 1751 2282 adventum

147 2321 374 2380 Domini
399 2321 528 2378 Jesu
571 2320 742 2391 (Luc.
777 2337 815 2385 ι,
849 2320 975 2393 67).
1007 2319 1122 2376 Non
1161 2328 1280 2378 erat
1301 2320 1496 2376 Paulus
1527 2334 1750 2388 vacuus,

141 2418 243 2486 qui
276 2414 680 2486 evangelizabat
709 2413 762 2470 in
812 2412 1184 2470 abundantia:
1243 2422 1298 2468 et
1346 2412 1585 2484 repletus
1612 2419 1752 2480 erat,

143 2510 432 2578 accipiens
468 2510 691 2568 odorem
723 2510 879 2566 hance
926 2508 1213 2564 suavitatis
1239 2507 1307 2564 ab
1339 2507 1608 2578 Ephesiis,
1639 2506 1755 2576 plav-

141 2614 370 2662 centem
395 2604 506 2662 Deo
529 2603 763 2660 hostiam
789 2603 1012 2675 (Eplies.
1043 2619 1097 2667 v,
1123 2601 1204 2672 2).
1239 2601 1355 2658 Non
1385 2611 1539 2656 erant
1562 2602 1754 2658 Cario-

146 2695 250 2752 tbii
285 2697 474 2757 vacui.
523 2697 574 2752 in
628 2696 824 2765 quibus
863 2695 1172 2754 abundabat
1204 2693 1300 2750 Dei
1342 2694 1550 2766 gratia,
1599 2694 1754 2764 juxta

143 2789 399 2860 ejusdem
426 2789 677 2861 Apostoli
699 2789 1066 2848 teatimonium
1101 2787 1120 2858 (
1151 2787 1171 2842 ι
1199 2786 1320 2843 Cor.
1351 2803 1391 2851 ι,
1421 2787 1500 2856 7).

221 2884 318 2940 55.
358 2882 629 2942 (merebat
666 2897 727 2940 se
753 2898 883 2954 ergo
919 2882 1086 2940 David
1115 2879 1360 2951 quotidie
1388 2880 1534 2946 Deo,
1565 2888 1620 2934 et
1647 2895 1751 2936 non

142 2990 356 3032 vacuus
393 2975 692 3040 offerebat,
739 2974 828 3046 qui
853 2973 1304 3045 poterat-dicere:
1341 2971 1412 3027 0s
1436 2988 1602 3030 meum
1631 2989 1755 3041 ape.-

139 3069 230 3124 rei
251 3111 269 3134 ,
309 3079 353 3122 et
376 3068 505 3122 duxi
532 3069 777 3139 spiritum
808 3066 993 3138 (Sup.,
1025 3083 1073 3120 υ.
1114 3064 1260 3134 151).
1293 3065 1419 3120 Ideo
1449 3080 1577 3133 ergo
1604 3063 1753 3121 diccv

1865 581 2004 624 mus.
2057 566 2209 624 Sicut
2261 568 2406 624 enim
2453 568 2671 625 Initium
2724 571 2990 642 sapientiae
3047 572 3199 625 timor
3241 571 3458 627 Domini

1867 658 2158 732 (Psal.’cx,
2190 660 2288 733 9):
2332 650 2611 731 plenitudo
2660 673 2842 717 autem
2885 663 3164 732 sapientia:
3194 662 3455 730 dilectio;

1867 753 1949 808 lex
2004 754 2148 808 enim
2183 753 2479 821 sapientia,
2514 754 2791 822 plenitudo
2825 761 3005 808 autem
3036 754 3168 823 legis
3205 755 3455 809 dilectio:

1866 847 1938 902 ita
1989 846 2268 915 plenitudo
2312 846 2607 903 verborum
2654 846 2746 901 Dei
2789 847 3085 914 sapientia,
3115 847 3461 917 cognitioque

1859 937 2106 1008 justilize.
2149 938 2279 996 Nam
2313 937 2456 994 sicut
2483 953 2510 990 a
2546 937 2743 992 timore
2769 937 2982 992 Domini
3029 951 3313 1006 processus
3341 939 3462 1007 qui-

1864 1033 1986 1088 dam
2015 1043 2099 1086 est
2132 1032 2198 1086 ad
2227 1033 2452 1101 gratiam
2483 1032 2697 1105 1338
2715 1031 2996 1086 charitatis
3023 1051 3037 1085 :
3067 1031 3138 1086 ita
3175 1047 3201 1083 a
3232 1032 3458 1087 veritate

1863 1126 1930 1180 ad
1971 1125 2234 1198 judicium
2283 1123 2506 1194 justitia:
2557 1125 2752 1179 divina:
2805 1124 3023 1194 quidam
3075 1124 3292 1180 videtur
3339 1125 3458 1182 fieri

1864 1233 2176 1288 processus.

1935 1310 2022 1366 57.
2067 1309 2273 1364 Venisti
2321 1308 2389 1368 ad
2444 1308 2790 1366 Ecclesium:
2843 1307 3042 1364 audisti
3070 1323 3234 1362 unum
3287 1311 3456 1365 Deum

1862 1403 1991 1467 dici,
2019 1402 2163 1461 unde
2191 1402 2300 1456 Lex
2333 1401 2553 1469 incipit,
2575 1387 2728 1455 sicut
2751 1399 2920 1454 habes
2951 1401 3208 1470 scriptum
3238 1417 3252 1451 :
3297 1399 3455 1466 Audi,

1864 1495 2053 1556 Israel.
2086 1493 2334 1551 Dominus
2363 1492 2498 1547 Deus
2526 1501 2666 1558 tuus,
2698 1490 2839 1546 Deus
2866 1507 3000 1546 unus
3039 1500 3112 1545 ut
3155 1488 3345 1561 (Deut.
3372 1505 3457 1558 vt,

1858 1587 1954 1657 4):
1983 1588 2147 1644 crede
2177 1601 2343 1642 unum
2375 1586 2542 1642 Deum
2569 1598 2718 1648 esse,
2754 1598 2859 1637 non
2913 1583 3094 1652 plures
3133 1583 3287 1638 deos.
3319 1582 3454 1640 Cum

1861 1690 2040 1736 autem
2064 1679 2296 1749 cmperis
2327 1679 2507 1746 legere
2537 1677 2823 1734 Dominum
2843 1675 3028 1734 .lesum
3059 1677 3150 1731 Dei
3179 1675 3370 1730 Filium
3401 1675 3456 1732 in

1861 1788 2024 1829 carne
2078 1773 2289 1828 venisse
2331 1778 2554 1841 propter
2583 1770 2746 1824 totius
2777 1769 2962 1824 mundi
2991 1767 3444 1837 redemptionem,

1786 1857 2133 1934 Bdistingue
2185 1864 2458 1932 sapienter
2492 1877 2656 1918 unum
2707 1862 2871 1916 Deum
2921 1861 3136 1916 Patrem
3187 1875 3330 1924 esse,
3387 1875 3456 1915 ex

1858 1971 1966 2026 quo
2003 1955 2213 2020 omnia,
2271 1963 2326 2010 et
2375 1968 2475 2012 nos
2521 1953 2572 2010 in
2605 1953 2799 2009 illum:
2845 1961 2902 2006 et
2954 1967 3118 2008 unum
3169 1951 3456 2006 Dominum

1853 2047 2072 2116 Jesum,
2104 2062 2202 2118 per
2232 2061 2389 2116 quem
2423 2045 2624 2110 omnia,
2657 2053 2714 2101 et
2765 2057 2864 2100 nos
2895 2058 2991 2112 per
3014 2045 3210 2113 ipsum.
3243 2040 3454 2111 Cogno-

1855 2157 1945 2202 sce
1969 2127 2094 2216 quia
2124 2141 2248 2198 ideo
2281 2139 2457 2205 venit,
2490 2148 2547 2196 ut
2573 2138 2790 2200 virtutis
2831 2138 3041 2194 semitis
3073 2147 3260 2193 noster
3288 2135 3458 2192 infer-

1855 2247 2033 2298 tuetur
2078 2235 2324 2302 allectus,
2358 2245 2416 2290 ut
2465 2249 2681 2292 morum
2730 2231 3200 2292 mansuetudinem
3224 2245 3455 2286 convero

1853 2331 2086 2388 sationis
2132 2332 2250 2399 ejus
2303 2328 2639 2387 disceremus
2691 2325 2972 2393 exemplo,
3025 2331 3086 2384 ut
3140 2322 3455 2393 aboleretur

1854 2427 2009 2494 culpa
2043 2442 2138 2495 per
2162 2424 2385 2495 gratiam
2412 2441 2424 2476 :
2456 2431 2510 2478 et
2540 2432 2668 2477 tunc
2687 2437 2716 2474 a
2746 2419 2992 2476 veritatis
3019 2417 3366 2474 confessione
3387 2417 3454 2471 ad

1854 2519 2218 2590 cognitionem
2263 2516 2492 2587 justitiat
2539 2513 2874 2585 processisti.
2922 2511 3453 2579 Fides'principium

1855 2610 2137 2669 christiani
2189 2619 2316 2669 est:
2360 2607 2645 2679 plenitudo
2699 2613 2878 2664 autem
2929 2602 3212 2660 christiani
3247 2600 3454 2668 iustitia

1854 2710 1958 2759 est.
1988 2701 2152 2758 Fides
2175 2702 2228 2756 in
2257 2697 2595 2758 confessione
2621 2695 2945 2766 populorum
2963 2734 2977 2759 ,
2999 2693 3210 2763 iustitia
3228 2691 3286 2748 in
3309 2706 3453 2747 mar-

1857 2804 2033 2866 tyrum
2061 2794 2333 2864 passione.

1926 2888 2018 2944 58.
2049 2888 2294 2943 Scientes
2349 2885 2511 2954 igitur
2557 2884 2609 2940 in
2653 2890 2920 2938 aeternum
2968 2892 3222 2936 mansura
3246 2875 3454 2946 judicia

1853 2981 2035 3035 omnia
2060 2980 2284 3051 justitia:
2318 2979 2433 3043 Dei,
2462 2990 2749 3031 caveamus
2779 2989 2844 3030 ne
2866 2988 3029 3043 opera
3059 2980 3242 3028 nostra
3264 2969 3455 3040 displiv

1854 3083 2042 3140 ceant,
2073 3083 2124 3128 et
2151 3082 2415 3130 aeternum
2447 3069 2768 3138 incipiamus
2797 3066 2982 3122 subire
3006 3063 3269 3135 judicium
3296 3080 3310 3116 :
3352 3076 3452 3117 nec

144 3164 279 3216 bat:
332 3160 456 3218 Vide
482 3162 604 3232 quia
633 3169 890 3230 prwcepta
917 3169 1005 3214 tua
1057 3159 1238 3220 dilexi.
1281 3158 1422 3217 Audi
1470 3159 1524 3214 in
1566 3174 1672 3228 quo
1700 3167 1752 3215 le
1790 3228 1819 3233 _
1856 3168 1900 3220 si
1924 3163 2122 3233 aliquid
2175 3163 2301 3222 boni
2347 3161 2594 3224 fecimus,
2642 3159 2898 3227 resupino
2924 3156 3202 3212 solvamur
3227 3153 3446 3212 affectu.

142 3254 352 3310 oli'erre
375 3228 575 3311 debeas
603 3228 840 3311 Christo.
870 3252 987 3308 Non
1020 3253 1071 3311 in
1105 3253 1189 3308 his
1209 3268 1328 3322 quae
1356 3253 1627 3320 videntur,
1653 3252 1746 3312 sed
1776 3228 1820 3292 Ο
1858 3228 2047 3314 Omnes
2085 3265 2281 3325 oportet
2321 3271 2412 3313 nos
2439 3262 2558 3313 ante
2585 3251 2814 3308 tribunal
2858 3250 3050 3308 Christi
3101 3249 3364 3314 assistere;
3393 3255 3448 3301 ut

144 3348 203 3403 in
231 3346 482 3413 occultis,
518 3355 573 3404 et
599 3346 652 3401 in
677 3344 1029 3412 absonudito;
1059 3353 1117 3404 ut
1146 3353 1301 3416 pater
1332 3354 1452 3402 tuus
1487 3345 1578 3416 qui
1603 3345 1750 3404 videt

141 3441 199 3492 in
253 3438 606 3505 abscondito,
650 3438 839 3497 reddat
883 3437 1019 3503 tibi,
1069 3448 1122 3494 et
1175 3436 1389 3494 fidelem
1440 3445 1752 3496 remaneret

142 3531 423 3586 aﬂ‘ectum.
479 3531 781 3604 Prwcepto,
831 3532 1039 3601 inquit,
1089 3540 1176 3588 tua
1206 3530 1389 3590 dilexi.
1424 3530 1540 3586 Non
1586 3530 1746 3598 dixit,

140 3626 411 3682 servavi:
459 3639 564 3681 non
619 3624 784 3692 dixit,
838 3623 1142 3689 custodivi;
1193 3639 1316 3680 nam
1374 3623 1749 3694 imprudentes

143 3733 256 3772 non
309 3717 684 3774 custodierunt
725 3725 997 3787 praecepta
1051 3717 1281 3776 Domini.
1313 3715 1490 3786 Aliqui
1546 3717 1689 3772 enim
1722 3726 1749 3758 α

143 3812 367 3869 codices
419 3811 622 3868 habent
667 3814 1080 3878 ἀσυνετοῡντας,
1113 3810 1216 3866 hoc
1246 3821 1365 3876 est,
1399 3810 1746 3880 insipientes,

147 3920 260 3959 non
320 3903 709 3974 intelligentes.
763 3901 910 3972 Ergo
938 3904 1028 3972 qui
1083 3917 1190 3959 non
1244 3903 1584 3972 intelligunt,
1639 3918 1747 3962 non

141 3995 403 4066 sapiunt;
439 3995 490 4052 hi
521 4011 631 4053 non
663 3995 990 4052 custodiunt.
1025 3995 1126 4064 Qui
1152 4007 1333 4052 autem
1363 3995 1638 4067 perfectus
1665 4003 1749 4054 est

145 4090 466 4158 intellectu,
527 4087 802 4160 perfectus
854 4089 1159 4158 sapientia,
1211 4089 1425 4159 diligit:
1467 4088 1613 4159 quod
1664 4097 1749 4146 est

141 4182 384 4252 arriplius
411 4196 574 4254 quam
629 4180 937 4246 custodire;
970 4180 1244 4240 custodire
1279 4181 1425 4237 enim
1453 4182 1750 4238 necessita-

143 4277 215 4333 tis
257 4275 581 4346 plerumque
625 4285 731 4341 εει,
757 4281 813 4331 et
856 4273 1105 4332 timoris:
1160 4273 1389 4343 diligere
1441 4272 1744 4335 eharitatis.

143 4369 402 4428 Custodit
443 4371 535 4440 qui
579 4370 956 4440 evangelizat:
990 4369 1084 4428 sed
1114 4370 1206 4444 qui
1237 4370 1426 4430 volens
1475 4372 1748 4441 evangeliv

141 4475 264 4530 ut,
318 4465 626 4523 mercedem
667 4465 1129 4534 accipit;quanto
1181 4465 1357 4536 magis
1411 4466 1502 4536 qui
1549 4466 1744 4536 diligit,

142 4557 404 4616 mercede
445 4557 713 4616 donatur!
759 4557 1052 4616 Possumus
1077 4557 1222 4616 enim
1251 4573 1358 4613 non
1386 4572 1572 4616 amare
1600 4558 1746 4626 quod

140 4648 402 4707 volumus
434 4665 448 4704 :
481 4664 588 4706 non
637 4663 924 4719 possumus
976 4648 1122 4706 nolle
1151 4649 1295 4718 quod
1329 4664 1597 4708 amamus.
1635 4648 1743 4708 Sed

139 4743 395 4811 quamvis
447 4741 754 4801 mercedem
811 4742 1064 4811 perfecta:
1113 4741 1394 4800 charitatis
1444 4751 1742 4812 exspectet,

138 4843 198 4890 et
246 4833 623 4892 miserationis
675 4833 872 4892 divinae
909 4834 1225 4903 sutiragium
1277 4834 1471 4904 poscit,
1505 4843 1564 4890 ut
1597 4833 1651 4888 in
1681 4847 1746 4891 ea

142 4921 455 4981 viviﬁcetur
495 4941 525 4981 a
581 4925 830 4982 Domino.
882 4926 998 4980 Non
1057 4941 1187 4995 ergo
1235 4919 1499 4996 arrogans
1549 4926 1747 4982 debitae

142 5019 423 5076 mercedis
481 5028 745 5085 exactor,
803 5019 900 5076 sed
959 5018 1300 5076 verecundus
1354 5019 1746 5080 misericordia

139 5111 349 5165 divinae
375 5118 458 5165 est
479 5111 822 5182 deprecator.

217 5203 319 5258 56.
362 5201 544 5276 (Vers.
580 5203 732 5273 160.)
773 5202 1027 5272 Sequitur
1046 5219 1237 5260 versus
1280 5213 1503 5263 octavus
1535 5221 1548 5260 :
1584 5203 1745 5262 Prin-

141 5296 346 5365 cipium
372 5296 641 5350 uerborum
668 5303 876 5350 tuorum
888 5297 1072 5351 veritas
1088 5312 1106 5351 :
1124 5297 1177 5350 in
1203 5306 1452 5352 internum
1476 5298 1649 5351 omnia
1661 5300 1751 5373 ju-

137 5388 521 5460 dieiajustltiw
542 5389 807 5442 tumCum
832 5389 1154 5458 principium
1175 5390 1462 5445 verborum
1495 5390 1587 5444 Dci
1605 5392 1748 5445 veri-

140 5490 228 5536 tas
245 5481 346 5546 sit,
372 5479 576 5537 veritas
599 5480 789 5552 utique
803 5479 925 5536 ﬁdei
943 5479 1356 5538 fundamentum
1379 5493 1483 5538 est.
1505 5482 1744 5541 Primum

137 5571 354 5630 etenim
395 5580 614 5642 oportet
644 5581 702 5626 ut
745 5573 1031 5629 credamus
1058 5588 1187 5630 vera
1227 5589 1348 5630 esse
1377 5574 1474 5630 Dei
1526 5575 1744 5640 summi,

134 5681 266 5736 qm:
287 5665 344 5722 in
363 5665 568 5722 divinis
589 5666 876 5737 scripturis
895 5666 1144 5738 legimus,
1167 5668 1404 5723 oracula.
1435 5665 1747 5725 Secundum

1852 3350 2070 3418 recipiat
2110 3347 2461 3417 unusquisque
2505 3344 2644 3414 quod
2695 3345 2881 3415 gessit,
2932 3344 3036 3398 sive
3081 3342 3302 3405 bonum,
3343 3341 3450 3395 sive

1851 3441 2046 3500 malum
2079 3441 2147 3513 (ll
2169 3440 2290 3498 Cor.
2320 3455 2372 3504 v,
2408 3437 2519 3507 10).
2555 3435 2718 3494 Vides
2751 3436 2877 3504 quia
2904 3444 2959 3492 et
2979 3434 3180 3490 Paulus
3206 3434 3446 3498 assistet,

1852 3545 1912 3592 ut
1935 3536 2050 3602 ipse
2083 3541 2499 3590 commemorat.
2539 3529 2684 3586 Cave
2717 3529 2882 3598 ligna,
2911 3543 3042 3583 cave
3069 3526 3345 3595 stipulam;
3378 3539 3447 3580 ne

1851 3629 1918 3684 ad
1952 3626 2214 3697 judicium
2255 3625 2348 3682 Dei
2398 3634 2574 3682 tecum
2607 3620 2843 3688 deferas,
2873 3635 2993 3690 qua:
3044 3618 3182 3689 ignis
3232 3625 3446 3674 exurat.

1852 3718 1995 3776 Cave
2017 3734 2083 3775 ne
2111 3733 2232 3774 cum
2268 3717 2322 3774 in
2350 3731 2456 3772 uno
2484 3724 2578 3772 aut
2606 3713 2820 3770 duobus
2875 3713 3078 3770 habeas
3125 3711 3268 3781 quod
3323 3725 3448 3780 pro-

1854 3813 2030 3880 betur,
2080 3814 2134 3867 in
2175 3811 2420 3882 pluribus
2465 3809 2726 3879 operibus
2768 3805 2980 3863 deferas
3009 3803 3154 3876 quod
3184 3803 3442 3860 olfendat.

1855 3907 1918 3964 Si
1967 3909 2120 3979 cujus
2165 3921 2296 3975 opus
2333 3903 2555 3970 arserit,
2603 3902 2964 3956 detrimentum
2988 3899 3236 3967 patietur;
3289 3907 3451 3966 potest

1853 4011 2020 4056 tamen
2047 4010 2094 4058 et
2127 4001 2235 4072 ipse
2263 4014 2354 4069 per
2380 3999 2547 4067 ignem
2578 3993 2768 4049 saluari
2795 3992 2856 4063 (I
2887 3991 3008 4046 Cor.
3044 4006 3126 4055 ιιι,
3148 3990 3258 4058 15).
3299 3988 3450 4045 Unde

1853 4093 2124 4161 colligitur
2145 4090 2269 4159 quia
2292 4088 2432 4144 idem
2458 4086 2620 4140 homo
2637 4093 2692 4140 et
2713 4084 2954 4139 salvetur
2967 4098 3035 4138 ex
3059 4092 3232 4153 parte,
3249 4090 3304 4135 et
3323 4096 3452 4140 con-

1852 4187 2138 4242 demnatur
2166 4199 2231 4244 ex
2260 4191 2436 4254 parte.
2465 4179 2875 4251 Cognoscentes
2902 4179 3085 4248 itaque
3133 4175 3300 4232 multa
3328 4189 3451 4231 esse

1848 4277 2082 4350 judicia,
2139 4291 2305 4347 opera
2362 4283 2547 4332 nostra
2583 4273 2958 4330 exatninemus
3010 4271 3214 4326 omnia.
3242 4269 3302 4324 In
3333 4269 3450 4324 viro

1848 4374 1996 4442 justo
2021 4386 2183 4443 grave
2209 4380 2292 4427 est
2326 4369 2716 4426 detrimentum
2744 4410 2758 4435 ,
2787 4382 2952 4437 grave
2995 4366 3180 4436 operis
3219 4363 3448 4433 alicujus

1850 4466 2200 4522 incendium:
2235 4466 2286 4521 in
2317 4462 2480 4533 impio
2516 4478 2674 4533 pmna
2711 4461 3058 4517 miserabilis.
3108 4459 3231 4514 Sint
3279 4459 3451 4527 magis

1854 4559 2035 4612 omnia
2060 4557 2260 4627 judicia
2295 4557 2453 4626 plena
2500 4556 2710 4625 gratiae,
2739 4555 2898 4622 plena
2947 4551 3254 4607 ﬂorentium
3287 4563 3447 4604 coro-

1774 4629 1822 4690 ί)
1848 4666 2079 4714 narum:
2113 4664 2180 4708 ne
2211 4647 2352 4704 forte
2400 4645 2529 4702 dum
2567 4646 2898 4702 trutinantur
2922 4645 3064 4699 facta
3093 4649 3298 4710 nostra,
3330 4641 3444 4696 cul-

1850 4758 1916 4814 pe
1947 4739 2343 4814 praeponderet.

2159 4881 2394 4938 SERMO
2431 4878 2806 4937 VIGESIMUS
2838 4875 3114 4935 PRIMUS.

2482 4999 2555 5050 in.
2589 4993 2772 5050 Scitin.

1929 5123 1981 5176 1.
2024 5120 2218 5192 Incipit
2242 5119 2422 5178 littera
2453 5115 2712 5187 vigesima
2744 5112 2918 5185 prima
2951 5111 3102 5178 Scin,
3130 5124 3250 5182 qua:
3285 5109 3454 5164 latine

1853 5213 2070 5281 dicitur,
2112 5212 2285 5280 Super
2325 5210 2529 5266 uulnus.
2559 5207 2736 5277 Super
2775 5207 2969 5261 vulnus
3016 5203 3144 5276 quid
3175 5212 3288 5270 est,
3342 5202 3446 5256 nisi

1855 5305 2330 5368 medicamentum,
2372 5317 2478 5372 quo
2527 5299 2767 5355 vulneris
2817 5298 3086 5354 acerbitas
3116 5294 3449 5364 mitigatur?

1853 5399 2032 5465 SUper
2081 5397 2278 5452 vulnus
2310 5395 2488 5452 oleum
2536 5391 2848 5458 infunditur;
2875 5401 2934 5447 ut
2983 5389 3158 5444 omnis
3212 5386 3454 5443 vulneris

1853 5491 2162 5547 emolliatur
2201 5489 2488 5559 asperitas.
2515 5486 2691 5557 Super
2716 5485 2916 5542 vulnus
2965 5482 3252 5552 malagma,
3288 5495 3451 5549 super

1855 5583 2052 5637 vulnus
2102 5582 2406 5652 alligatura,
2435 5580 2630 5647 quibus
2660 5592 2820 5632 omne
2851 5575 3044 5630 vulnus
3085 5575 3319 5628 fovetur.
3347 5569 3450 5628 Ubi

1856 5689 1987 5748 ergo
2012 5687 2140 5745 Spes
2168 5669 2520 5734 refundendae
2565 5679 2646 5724 εει
2690 5665 2969 5734 sanitatis,
3001 5663 3075 5721 ibi
3127 5663 3454 5719 adhibentur

220 5790 252 5870 ’ξ
289 5778 498 5870 omnes
728 5782 883 5870 LXX.
909 5786 1117 5870 .interp.
1173 5783 1304 5870 εἶδον
1353 5791 1750 5870 άσννιῖοῦντᾳσ.

1861 5789 1879 5844 ι
1939 5787 2276 5862 ἐξετηκόμην,
2309 5780 2507 5858 quibus
2548 5776 2754 5838 accedit
2806 5775 2986 5835 versio
3040 5775 3294 5870 Arabica.
3343 5771 3452 5834 Sed

334 5853 432 5926 lat.
452 5869 520 5924 es
544 5853 798 5931 ﬂebraao,
834 5858 940 5918 uidi
966 5852 1358 5937 praevaricatum
1382 5868 1433 5945 et
1463 5858 1794 5950 tabescetaru,
