3948 6358
483 354 625 412 1505

1827 353 2074 414 SANCTI
2111 353 2437 414 AMBROSII

3639 364 3786 421 1504

479 473 876 531 medicamenta
903 475 1238 532 vulneribus.
1272 473 1371 531 Ubi
1395 483 1574 530 autem
1618 489 1783 532 omne
1813 486 1975 548 caput
2024 476 2076 532 in
2105 481 2158 542 Α
2184 477 2409 534 vulnera
2430 476 2564 533 Adae
2609 477 2777 540 illius.
2812 478 2905 547 qui
2933 476 3274 536 descendens
3317 479 3385 535 ab
3413 478 3786 551 Hierusalem,

479 566 691 636 dolore,
747 577 804 624 et
852 582 1014 623 omne
1059 583 1153 623 cor
1179 568 1232 623 in
1263 568 1542 634 mastitia,
1589 583 1695 623 non
1726 577 1809 623 est
1862 568 2078 635 vulnus,

484 676 663 732 neque
684 662 927 727 cicatrix,
963 677 1069 716 non
1097 661 1248 731 plaga
1290 676 1413 715 cum
1455 657 1666 715 fervore
1692 659 1863 731 (Esai.
1908 675 1947 724 ι,
1976 659 2009 715 5
2034 669 2083 715 et

487 751 544 822 6)
571 769 584 807 :
620 756 722 807 hoc
745 763 848 816 est,
874 753 964 809 ubi
995 769 1101 808 non
1144 753 1340 822 portio,
1371 752 1464 807 sed
1494 754 1817 808 univcrsuas
1864 753 2082 823 pericli-

487 855 651 910 tatur,
687 855 712 883 ⁸
745 859 796 902 et
833 847 1082 917 qumdam
1131 849 1412 918 corruptio
1467 847 1630 902 totius
1666 847 1910 918 corporis
1964 849 2084 904 tabe

486 938 824 992 consumitur
860 956 873 992 :
921 940 990 994 ibi
1018 955 1122 994 non
1173 949 1254 995 est
1287 939 1550 1010 malagma
1580 941 1883 1012 imponere,
1910 957 2086 1012 neque

487 1027 670 1084 oleum
692 1071 707 1092 ,
743 1045 919 1102 neque
946 1030 1306 1101 alligatnram.
1343 1032 1508 1086 Multo
1533 1033 1692 1102 igitur
1720 1035 2082 1099 commodius,

486 1129 546 1176 ut
584 1123 655 1176 sit
687 1125 879 1177 vulnus
905 1126 1050 1192 quod
1103 1126 1289 1178 foveas
1345 1135 1506 1193 atque
1532 1126 1902 1196 constringas,
1921 1141 2083 1198 quam

490 1214 610 1269 sine
633 1217 856 1272 vulnere
875 1231 1020 1271 mors
1046 1229 1228 1286 serpat
1257 1219 1502 1273 interior.

559 1309 614 1362 2.
657 1308 764 1364 Sed
785 1318 870 1364 est
901 1326 1008 1364 non
1036 1313 1210 1366 solum
1241 1312 1493 1381 corporis
1524 1311 1720 1367 vulnus
1743 1354 1759 1376 ,
1791 1313 1889 1370 sed
1921 1314 2085 1370 etiam

489 1403 723 1458 mentis.
779 1403 920 1472 quod
969 1404 1095 1459 oleo
1143 1407 1375 1474 quodam
1431 1406 1698 1462 mollioris
1751 1409 2090 1478 alloqttii,et

500 1493 711 1566 1239
757 1494 961 1564 pacilici
1012 1497 1280 1551 sermonis
1325 1500 1592 1553 suavitate
1653 1499 1908 1555 mitescit.
1953 1499 2092 1556 Sunt

495 1586 734 1643 fomenta
787 1589 1111 1656 verborum,
1164 1601 1289 1645 sunt
1340 1591 1732 1647 medicamenta
1786 1594 2090 1650 caslestium

489 1688 908 1751 pr:eceptorum,
933 1683 1128 1752 quibus
1155 1697 1318 1738 omne
1349 1685 1604 1755 nequitia:
1632 1684 1780 1740 virus
1819 1687 2085 1743 aboletur.

493 1769 632 1826 Sunt
661 1773 794 1843 legis
816 1774 1028 1830 vincula
1053 1790 1175 1846 qua:
1205 1791 1312 1832 non
1336 1779 1586 1842 adurant,
1621 1779 1717 1834 sed
1758 1783 1928 1850 magis
1954 1781 2091 1836 libe-

2184 585 2214 626 a
2239 570 2540 626 latronibus
2557 572 2869 625 vulneratus
2889 579 2990 625 est.
3021 569 3226 626 Caveat
3252 587 3382 641 ergo
3406 576 3790 645 unusquisque

2185 679 2254 720 ne
2300 663 2595 720 descendat
2641 663 2707 719 ab
2751 663 3128 730 llierusalem;
3185 665 3422 734 peccatis
3469 667 3614 722 enim
3668 667 3790 724 suis

2185 757 2559 827 unusquisque
2607 757 2929 822 descendit,
2981 765 3036 812 et
3089 758 3295 812 meritis
3357 758 3624 813 ascendit.
3678 764 3795 815 Ant

2186 849 2310 919 quia
2345 848 2562 919 fragiles
2591 865 2814 914 sumus;
2845 849 2933 918 qui
2967 847 3271 912 descendit,
3301 858 3486 904 currat
3533 849 3601 904 ad
3633 850 3792 905 illum

2187 942 2626 1004 Samaritautun.
2680 941 2960 996 cusmdem
3006 939 3032 977 ἀ
3081 942 3264 1011 operis
3319 943 3439 1003 sui.
3499 943 3795 999 custodem

2188 1034 2346 1106 Legis
2372 1046 2423 1090 et
2449 1035 2658 1106 gratiie;
2688 1043 2746 1088 ut
2771 1033 2979 1090 vulneri
3010 1049 3111 1088 suo
3135 1033 3303 1100 po~sit
3335 1033 3585 1088 invenire
3617 1035 3798 1091 inedi-

2188 1127 2364 1183 cinun
2393 1146 2406 1184 :
2438 1129 2527 1198 qui
2572 1127 2910 1198 alligaturatn
2944 1126 3236 1181 verborum
3289 1127 3590 1182 cmlestitnn
3623 1142 3800 1197 super

2191 1221 2383 1276 Vulnus
2413 1222 2678 1292 imponat,
2717 1219 2911 1276 dicens
2947 1237 2960 1274 :
2994 1218 3354 1273 I’azm'tentiam
3406 1220 3567 1290 agite;
3599 1236 3805 1287 appro—

2192 1314 2454 1384 pinquavit
2478 1315 2612 1368 enim
2640 1328 2856 1383 regnum
2883 1312 3124 1366 caelorum
3154 1309 3372 1365 (Matth.
3407 1326 3484 1379 ιιι,
3522 1309 3604 1380 2).
3643 1311 3799 1367 Bona

2192 1410 2473 1478 alligatura
2501 1449 2515 1472 ,
2555 1421 2678 1477 qua:
2706 1411 2872 1459 tracta
2904 1407 3097 1458 animm
3149 1413 3254 1459 tua:
3301 1418 3425 1458 ossa
3471 1412 3799 1472 eonnectat,

2191 1509 2247 1556 et
2294 1499 2566 1555 soliditate
2615 1506 2884 1567 reparata,
2930 1496 2984 1550 in
3029 1496 3285 1565 pristinas
3311 1497 3455 1550 vires
3505 1493 3801 1564 reformat,

2192 1605 2256 1646 ac
2281 1589 2538 1646 discissos
2567 1601 2716 1644 artus
2759 1590 2878 1643 sine
2907 1588 3013 1642 ulla
3056 1586 3159 1642 sibi
3185 1586 3457 1642 cicatricis
3487 1584 3804 1642 cliensione

2193 1684 2467 1738 restituat.

2265 1773 2319 1831 6.
2357 1775 2539 1846 (Vcrs.
2568 1773 2716 1845 161.)
2749 1773 2821 1829 De
2842 1773 3037 1829 littera:
3063 1771 3510 1844 interpretatione
3531 1772 3669 1828 satis
3701 1787 3806 1842 pro

490 1879 616 1922 rent
661 1867 947 1938 alligatos:
991 1877 1070 1924 est
1104 1869 1368 1940 malagma
1416 1871 1695 1940 spiritale,
1741 1887 1852 1943 quo
1893 1872 2087 1930 collisa
2119 1874 2351 1940 Bcaptu
2402 1878 2590 1923 nostro
2636 1867 2842 1922 dictum
2903 1875 3202 1934 putamus:
3253 1863 3570 1918 adoriamur
3620 1865 3808 1919 sancti

493 1957 690 2011 animae
706 1958 952 2027 qmedam
980 1959 1221 2014 membra
1262 1959 1583 2016 solidentur.

571 2050 628 2105 5.
676 2049 1098 2108 Consideremus
1149 2054 1311 2124 igitur
1361 2057 1490 2126 quid
1559 2056 1630 2112 sit
1687 2058 1912 2122 vulnus,
1961 2060 2092 2132 quid

497 2156 660 2213 supra
692 2145 909 2199 vulnus.
942 2143 1210 2212 Principes
1241 2150 1496 2219 persecuti
1517 2159 1635 2205 sunt
1659 2168 1738 2206 me
1775 2153 1954 2223 gratis,
1975 2154 2096 2208 vul-

495 2250 598 2290 nus
629 2245 732 2290 est.
772 2235 994 2292 Exsulta
1025 2255 1118 2311 ego
1162 2239 1218 2293 in
1250 2241 1413 2295 verbis
1443 2242 1565 2304 tuis,
1607 2244 1744 2297 sicut
1779 2245 1869 2315 qui
1899 2245 2093 2300 invenit

495 2329 662 2399 spolia
688 2332 873 2395 multa,
897 2346 1061 2402 super
1092 2334 1284 2389 vulnus
1316 2346 1420 2402 est;
1449 2337 1572 2408 quia
1589 2339 1770 2394 verbis
1801 2338 2095 2395 Dominicis

447 2437 453 2443 ’
499 2426 740 2478 vulneris
770 2424 904 2480 dura
930 2437 1212 2481 curantur.

569 2515 625 2569 4.
667 2517 725 2571 In
758 2517 994 2574 Tbrenis
1040 2536 1257 2591 quoque
1309 2521 1596 2579 llieremire
1640 2523 1807 2581 habes
1855 2527 1957 2581 sub
1996 2525 2099 2584 hac

499 2608 683 2665 littera
711 2612 969 2680 scriptum
1000 2631 1012 2666 :
1039 2612 1247 2668 Audisti
1289 2616 1622 2687 Opprobrium
1645 2617 2097 2689 eorum,Domine,

499 2703 672 2756 omnia
715 2703 938 2759 consilia
988 2722 1164 2760 eorum
1210 2709 1478 2764 adversum
1509 2727 1620 2776 me,
1661 2711 1796 2766 labia
1833 2713 2101 2783 insurgen-

500 2797 630 2850 tium
670 2797 816 2865 mihi,
850 2809 898 2852 et
927 2800 1288 2856 meditationes
1330 2819 1510 2858 eorum
1554 2805 1829 2860 adversum
1875 2823 1955 2860 me
1996 2816 2102 2860 tota

503 2888 604 2952 die,
632 2891 905 2944 sessionem
935 2908 1134 2956 eorum.
1162 2904 1208 2948 et
1236 2898 1656 2950 resurrectionem
1674 2914 1850 2953 eorum
1885 2897 2099 2969 (Tltren.

507 2994 589 3045 ιιι,
651 2980 866 3050 61-63).
931 2984 1130 3039 vulnus
1179 2996 1279 3042 est.
1340 2987 1446 3041 Sed
1496 2989 1769 3054 subjecit:
1824 2990 2011 3057 Aspice
2049 2993 2102 3045 in

506 3071 684 3125 oculos
723 3089 898 3126 eorunt
948 3090 967 3128 :
1016 3075 1173 3129 redde
1235 3075 1341 3131 illis
1388 3082 1806 3148 retributionem,
1852 3080 2098 3148 Domine,

506 3168 783 3219 secundum
829 3183 988 3236 opera
1017 3185 1264 3223 manuum
1289 3171 1522 3238 ipsorum
1546 3171 1735 3241 (lbid..
1769 3173 1884 3244 6i),
1940 3189 2106 3245 super

2196 1959 2483 2026 Protihetaa
2524 1975 2715 2015 versus
2767 1957 3150 2028 considerare,
3180 1971 3316 2024 quos
3357 1955 3562 2026 Spiritu
3609 1966 3808 2012 saneto

2195 2053 2472 2110 revelante
2489 2051 2722 2121 subjecit
2743 2067 2755 2102 :
2779 2048 3053 2118 Principes
3082 2048 3330 2117 persecuti
3352 2057 3469 2100 sunt
3501 2063 3581 2100 me
3608 2048 3806 2118 gratis,

2195 2154 2244 2200 et
2264 2163 2294 2200 a
2323 2145 2485 2200 rerbis
2507 2144 2611 2197 tuis
2652 2141 2929 2213 trepidavit
2953 2155 3248 2194 carrucam.
3279 2138 3334 2195 Si
3364 2151 3608 2193 vetet-em
3648 2154 3813 2208 repe-

2197 2246 2373 2292 tamus
2396 2235 2710 2301 historiam,
2741 2241 2796 2288 et
2845 2232 3006 2298 Saul,
3055 2240 3110 2287 et
3163 2231 3484 2296 Abessalon,
3537 2239 3595 2284 et
3643 2231 3813 2287 tnulti

2195 2329 2511 2398 alienigetne
2543 2327 2820 2396 principes
2841 2334 3086 2380 sanctum
3122 2323 3288 2378 David
3321 2323 3595 2393 persecuti
3627 2334 3766 2378 sunt
3793 2339 3810 2377 :

2199 2419 2292 2475 sed
2324 2434 2483 2474 nemo
2526 2417 2700 2490 potuit
2724 2417 2792 2473 de
2813 2416 3262 2485 eotrinmphare.
3306 2414 3445 2471 Sunt
3495 2426 3546 2470 et
3586 2413 3817 2489 125,0

2200 2515 2473 2586 principes
2512 2511 2721 2577 mundi,
2749 2522 3101 2581 rectoresque
3132 2509 3499 2575 tenebrarum,
3543 2511 3640 2578 qui
3671 2527 3732 2565 te
3762 2514 3817 2566 in

2200 2615 2294 2662 tuo
2316 2615 2538 2677 pectore
2578 2615 2845 2660 conantttr
2882 2602 3212 2674 opprimere,
3251 2611 3307 2658 et
3359 2606 3817 2672 persecutionum

2201 2713 2340 2753 Stcva
2373 2699 2521 2752 intus
2541 2709 2860 2768 operantur,
2892 2694 3276 2766 promittentes
3303 2710 3464 2761 regna
3499 2708 3815 2765 terrarum,

2203 2789 2440 2846 honores
2476 2801 2637 2858 atque
2665 2790 2777 2844 divi
2805 2789 2906 2855 ias,
2935 2789 2976 2843 si
3020 2788 3196 2858 fragili
3229 2798 3410 2844 mente
3454 2790 3818 2856 sucenmbas,

2203 2894 2258 2940 et
2294 2882 2658 2938 obediendum
2701 2896 2889 2936 eorum
2920 2880 3167 2951 imperiis
3197 2881 3502 2936 arbitreris.
3534 2881 3632 2937 isti
3664 2884 3821 2953 prin-

2203 2979 2354 3048 cipes
2400 2978 2669 3033 interdum
2707 2978 2877 3047 gratis
2926 2985 3349 3046 persequuntur,
3393 2977 3669 3032 interdum
3707 2994 3823 3034 non

2204 3072 2396 3143 gratis.
2435 3071 2618 3126 Gratis
2655 3086 2776 3124 enm
2810 3082 3230 3140 persequuntur,
3273 3069 3414 3140 apud
3459 3085 3622 3140 quem
3678 3070 3825 3127 nihil

2204 3180 2361 3220 suum
2404 3163 2709 3228 inveniunt,
2742 3171 2798 3218 et
2827 3177 2948 3218 eum
2981 3162 3271 3232 subjugare
3300 3163 3634 3217 contendunt
3667 3181 3684 3217 :
3711 3180 3823 3219 non

510 3257 704 3311 vulnus
733 3269 848 3324 est;
881 3260 1004 3329 quia
1034 3259 1276 3316 vindicta
1329 3263 1646 3334 plerumque
1693 3265 1832 3320 solet
1861 3265 2103 3322 dolorem

2212 3257 2377 3328 gratis
2433 3265 2831 3325 persequuntur
2885 3270 3046 3320 eum,
3096 3255 3187 3325 qtti
3246 3270 3305 3309 se
3353 3269 3540 3310 eorum
3602 3255 3828 3312 dederit

508 3349 746 3404 vulneris
803 3352 1070 3421 mitigare.
1125 3354 1189 3408 Et
1251 3355 1385 3409 intra
1445 3355 1586 3411 idem
1643 3356 1942 3413 Hieremias
2000 3360 2100 3414 ait:

510 3438 692 3496 Gaude
711 3453 758 3496 et
790 3443 986 3510 lauare,
1008 3446 1119 3514 ﬁlia
1145 3444 1410 3512 ldumtete,
1434 3446 1461 3485 δ
1490 3465 1606 3518 qua:
1625 3449 1825 3502 habitas
1855 3452 1905 3504 in
1937 3450 2066 3505 Geth
2091 3469 2104 3506 :

513 3539 562 3586 et
602 3532 807 3601 quidem
847 3535 915 3588 ad
961 3547 1011 3588 te
1037 3538 1368 3606 pertransibtt
1394 3540 1536 3594 calix
1567 3555 1586 3594 :
1618 3539 1776 3606 bibes,
1807 3551 1855 3595 et
1886 3542 2110 3596 inebria-

511 3625 645 3679 beris
675 3628 849 3680 adhuc
876 3627 1097 3693 (Tttren.
1132 3645 1206 3694 tv,
1228 3630 1346 3702 2|),
1378 3645 1542 3700 super
1587 3632 1787 3687 vulnus
1825 3641 1937 3700 est;
1969 3635 2108 3689 calix

513 3720 657 3774 enim
691 3719 903 3775 Domini
950 3722 1200 3778 remissio
1229 3733 1571 3793 peccatorum
1601 3734 1706 3791 est,
1756 3740 1865 3793 quo
1891 3727 2112 3796 sanguis

515 3810 842 3880 effunditur,
876 3815 965 3884 qui
1008 3816 1171 3870 totius
1203 3816 1387 3870 mundi
1436 3827 1655 3886 peccata
1707 3819 1956 3874 redemit.
2017 3821 2113 3876 llic

513 3903 656 3959 calix
699 3905 984 3960 inebriavit
1012 3916 1220 3976 gentes;
1257 3924 1323 3962 ne
1363 3909 1566 3977 proprii
1614 3911 1988 3966 meminissent
2019 3911 2114 3966 do-

515 3993 672 4060 loris,
723 3995 817 4050 sed
872 4005 1112 4053 veterem
1159 3999 1611 4055 obliviscerentur
1649 4017 1913 4058 errorem.
1967 4002 2113 4058 Bona

513 4086 680 4156 igitur
707 4087 946 4144 ebrietas
969 4090 1252 4158 Spll‘ilulis,
1293 4107 1416 4162 quae
1449 4094 1666 4148 turbare
1695 4097 1870 4150 nescit
1915 4110 2113 4165 corpo-

516 4179 595 4233 ris
618 4179 909 4242 incessum,
940 4192 963 4221 °
997 4183 1179 4238 levare
1223 4187 1421 4240 mentis
1453 4187 1600 4241 novit
1632 4187 1933 4259 vestigium.
1967 4189 2114 4244 Bona

517 4266 756 4324 ebrietas
777 4272 954 4341 poculi
985 4273 1257 4337 salutaris,
1289 4290 1410 4344 qua:
1439 4275 1752 4332 maestitiam
1802 4278 2117 4346 peccatricis

521 4360 701 4416 abolet
723 4365 1093 4431 conscientim,
1116 4365 1510 4435 jncttntlitatem
1547 4369 1670 4423 vitae
1695 4369 1929 4425 infundit
1958 4383 2118 4427 a-ter-

526 4469 632 4509 nae.
663 4453 790 4510 Ideo
809 4457 1085 4527 Scriptura
1109 4459 1239 4515 dicit
1265 4477 1279 4513 :
1307 4459 1374 4514 Et
1415 4462 1660 4532 poculum
1693 4471 1836 4518 tuum
1859 4464 2117 4520 inebrians

521 4567 675 4621 quant
707 4553 1012 4616 praclarum
1043 4563 1117 4608 est
1143 4551 1318 4626 (Psal.
1343 4571 1473 4622 xm,
1508 4557 1567 4625 5)
1596 4558 1609 4611 !

2207 3351 2487 3422 potestati;
2518 3361 2573 3406 et
2624 3351 2675 3404 in
2709 3349 3111 3419 possessionem
3154 3349 3339 3404 smeuli
3381 3358 3528 3403 totus
3564 3349 3827 3407 intrave-

2209 3442 2300 3508 rit;
2359 3442 2412 3496 in
2458 3456 2587 3496 suos
2615 3439 2759 3496 enim
2807 3439 2911 3495 sibi
2949 3440 3068 3510 iure
3112 3439 3446 3494 dominatum
3495 3441 3826 3509 vindicant,

2210 3545 2372 3604 atque
2401 3535 2469 3588 ab
2499 3533 2565 3588 iis
2593 3531 2896 3588 mercedem
2927 3531 3230 3602 iniquitatis
3256 3533 3578 3603 efflagitant.

2285 3629 2338 3682 7.
2380 3627 2527 3682 Bene
2569 3627 2670 3679 boc
2713 3633 2919 3696 martyr
2947 3625 3102 3690 dicit,
3134 3623 3280 3696 quod
3328 3627 3528 3693 injuste
3559 3640 3832 3693 persecu-

2213 3720 2421 3776 tionum
2469 3726 2738 3774 tormenta
2780 3718 3078 3781 sustineat,
3110 3717 3201 3787 qui
3225 3716 3356 3772 nihil
3391 3717 3664 3787 rapuerit,
3701 3722 3834 3776 nul-

2214 3813 2324 3867 lum
2355 3810 2625 3865 violentus
2666 3811 3030 3882 oppresserit,
3064 3809 3264 3864 nullius
3310 3811 3636 3876 sanguinem
3666 3811 3834 3867 fude-

2215 3904 2308 3971 rit,
2343 3915 2365 3941 θ
2398 3904 2600 3958 nullius
2632 3903 2848 3958 tliorum
2882 3903 3152 3970 putaverit
3188 3916 3312 3957 esse
3345 3901 3659 3957 violandum
3690 3921 3707 3958 :
3740 3906 3834 3974 qui

2219 3997 2352 4052 nihil
2382 3997 2588 4065 legibus
2627 3995 2845 4060 debeat,
2873 4005 2923 4048 ct
2948 3995 3197 4062 graviora
3227 3994 3496 4048 latronum
3542 3995 3835 4051 sustinere

2217 4102 2444 4161 cogatur
2473 4089 2772 4158 supplicia:
2806 4089 2897 4158 qui
2924 4087 3174 4157 loquatur
3215 4087 3378 4156 jiista,
3405 4098 3456 4141 et
3493 4102 3604 4141 non
3633 4087 3838 4144 audia-

2218 4196 2307 4240 tur
2354 4183 2483 4254 :qni
2517 4184 2765 4253 loquatur
2809 4182 2967 4252 plena
3019 4181 3233 4244 salutis.
3266 4191 3320 4235 et
3352 4181 3739 4251 impugnetnr,
3778 4193 3837 4238 ut

2218 4275 2390 4348 possit
2425 4277 2635 4330 dicere:
2684 4272 2815 4327 Cum
2870 4273 3119 4342 loquebar
3149 4273 3279 4337 illis,
3309 4272 3702 4345 impugnabant
3755 4292 3837 4330 me

2218 4369 2382 4438 gratis
2404 4366 2578 4439 (Psal.
2609 4382 2756 4429 cstx,
2782 4366 2857 4437 7).
2875 4365 3060 4421 Gratis
3085 4365 3246 4434 igitur
3265 4365 3713 4433 persecutionem
3743 4384 3838 4435 pa-

2218 4463 2383 4526 titur,
2424 4461 2516 4531 qui
2549 4461 2898 4530 impugnatur
2939 4461 3056 4513 sine
3085 4456 3317 4512 crimine
3351 4474 3364 4510 :
3393 4458 3759 4526 ltttpltgtlalnr
3780 4470 3840 4516 ut

2222 4557 2435 4619 noxius,
2462 4569 2584 4611 cum
2613 4555 2686 4609 sit
2717 4557 2768 4608 in
2797 4554 2888 4608 tali
2911 4551 3259 4609 confessione
3288 4550 3583 4606 laudabilis
3612 4570 3626 4604 :
3653 4554 3842 4624 impu-

599 4644 652 4700 5.
694 4644 1142 4703 Medicamentum
1196 4649 1357 4720 igitur
1400 4665 1566 4721 super
1592 4649 1787 4706 vulnus
1827 4658 1940 4716 est;
1992 4651 2114 4723 quia
2143 4642 2417 4722 Dgnatur
2455 4649 2610 4720 quasi
2665 4647 2938 4703 veneficus
2968 4688 2983 4711 ,
3035 4646 3160 4716 quia
3216 4646 3268 4699 in
3331 4645 3557 4700 nomine
3610 4645 3841 4703 Domini

525 4737 785 4794 Dominus
832 4739 992 4796 Jesus
1034 4741 1149 4810 ipse
1187 4741 1466 4807 medicus,
1509 4743 1599 4815 qui
1651 4745 1870 4798 vulnera
1929 4753 2112 4800 nostra

523 4834 766 4902 curavit,
811 4833 1100 4892 infundens
1158 4836 1345 4892 vinum
1403 4846 1459 4893 et
1506 4837 1723 4905 oleum,
1777 4844 1834 4894 et
1886 4837 2113 4909 alligans

599 5000 626 5028 ⁸
685 4993 829 5069 Edit.
856 4995 1040 5057 Rom..
1069 5005 1116 5052 et
1160 4998 1384 5069 quadam
1428 4999 1582 5051 totius
1618 4998 1911 5069 constitutio
1941 5013 2122 5069 corpo-

599 5015 626 5028 -
687 5015 829 5050 l‘All'.
856 5015 1040 5057 nom..
1069 5015 1116 5052 et
1197 5015 1384 5052 uaaam
1428 5015 1582 5051 tortus
1618 5015 1911 5052 consuluero
1941 5015 2122 5069 corpo-

533 5064 606 5117 ris
638 5065 752 5120 tabe
774 5069 1110 5122 consumitur.
1160 5015 1320 5124 (llam!
1367 5071 1531 5132 male,
1588 5068 1696 5122 nisi
1738 5070 2018 5123 ret-ederet
2055 5070 2123 5123 ab

526 5139 783 5209 omnibus
811 5138 930 5192 aliis
956 5141 1086 5194 edit.
1111 5151 1164 5193 et
1187 5157 1316 5194 mss.
1349 5155 1576 5209 quorum
1600 5141 1780 5206 lectio,
1810 5140 1912 5194 etsi
1942 5140 2123 5193 minus

531 5206 749 5266 ttsitata.
785 5218 961 5278 potest
1007 5220 1185 5264 tamen
1227 5206 1390 5264 etiam
1440 5211 1688 5274 defendi;
1729 5226 1850 5265 cmn
1886 5211 2120 5280 quaedam

529 5281 795 5351 corruptio
816 5281 970 5352 totius
1001 5282 1253 5348 corporis,
1279 5281 1418 5336 idem
1450 5281 1670 5336 omnino
1701 5283 1766 5335 sit
1785 5323 1801 5344 ,
1830 5297 1894 5336 ac
1919 5296 2120 5352 corpus

530 5349 934 5418 quodammodo
964 5367 1297 5421 corruptum.
1339 5351 1542 5406 Rursus
1572 5354 1660 5406 tibi
1684 5354 1865 5408 cuncti
1894 5349 2034 5406 mss.‘
2053 5369 2118 5407 ac
2177 5349 2182 5353 ’

531 5430 640 5475 vet.
669 5423 831 5487 edit.,
865 5440 998 5496 mors
1025 5433 1197 5496 serpat
1239 5425 1474 5488 interior;
1494 5424 1682 5479 eadem
1705 5425 1882 5488 linun,
1911 5423 2117 5478 morbus

530 5505 703 5565 serpat
732 5495 965 5548 interior.
997 5495 1187 5550 Sedea
1209 5497 1508 5549 ntntatione
1530 5497 1661 5550 nihil
1685 5512 1821 5565 opu.
1844 5507 1945 5550 est.

609 5564 637 5605 δ
677 5565 750 5620 Ita
775 5567 952 5620 cuncti
984 5581 1115 5638 mss.
1145 5576 1303 5636 atque
1325 5568 1435 5638 edit
1462 5579 1569 5621 vct.
1603 5564 1761 5623 Rom.
1805 5584 1965 5631 vero,
2008 5582 2121 5638 quas

535 5636 736 5691 habitus
764 5639 816 5692 in
841 5649 978 5692 terra
1005 5636 1057 5690 Η
1065 5655 1142 5690 us.
1171 5638 1237 5692 Et
1262 5645 1409 5692 certe
1429 5637 1516 5692 hic
1546 5639 1597 5692 ei
1628 5638 1768 5694 favet
1796 5651 1978 5692 textus
2021 5636 2123 5693 lle-

536 5706 740 5780 brzens,
771 5723 934 5776 atque
961 5724 1152 5780 omnes
1181 5710 1475 5771 versioues,
1505 5721 1730 5780 excepta
1756 5708 1898 5764 LXX
1923 5713 2121 5777 interp.

537 5777 588 5849 hi
612 5781 755 5834 enim
785 5791 973 5849 vocem
992 5778 1135 5842 'Hus,
1166 5795 1290 5834 non.
1316 5777 1657 5844 admittunt,
1699 5781 1796 5835 sed
1819 5781 2010 5849 ,locutu
2034 5797 2126 5836 ex~

539 5845 725 5904 bibent
757 5851 810 5904 in
841 5848 958 5905 haec
984 5849 1182 5914 verba,
1209 5853 1239 5906 ἡ
1269 5857 1571 5905 κατοικοῦσαι
1611 5850 1693 5908 ἐπὶ
1741 5845 1832 5924 γῆξ
1875 5869 1887 5905 :
1913 5853 2001 5906 ubi
2029 5867 2124 5921 pro

2223 4742 2515 4814 gloriatur;
2546 4756 2668 4794 cum
2703 4739 2874 4810 pietas
2912 4738 3169 4792 virtutum
3207 4739 3449 4791 omnium
3499 4735 3843 4796 fundamen-

2223 4847 2336 4892 tum
2367 4836 2457 4890 sit.
2487 4833 2625 4908 Ycre
2651 4833 2851 4888 frustra
2884 4832 3249 4902 impngnatur,
3296 4830 3390 4901 qui
3433 4829 3579 4900 apud
3627 4830 3843 4904 impios

2223 5007 2349 5072 γῆς,
2383 4998 2515 5064 quin
2543 4995 2733 5052 Ambr.
2767 4994 2955 5062 legerit
2985 4997 3102 5068 γῆθ,
3132 5008 3237 5049 non
3267 5002 3345 5047 est
3375 4992 3628 5051 dubium.

2300 5079 2321 5108 ε
2367 5067 2521 5122 Rom.
2569 5068 2698 5121 edit.
2747 5082 2869 5121 cum
2915 5079 3065 5132 parte
3095 5082 3250 5129 ms»,
3279 5065 3446 5119 levare
3491 5069 3687 5123 mentis
3735 5088 3843 5126 uoti

2224 5143 2364 5194 novit
2385 5141 2671 5211 vestigium.
2698 5137 2893 5193 Melius
2923 5136 3044 5191 alia:
3065 5153 3185 5193 cum
3219 5135 3440 5206 reliquis
3491 5154 3630 5194 mss.
3663 5146 3844 5198 omit-

2227 5220 2346 5266 lunt
2368 5214 2733 5279 negationem.

2295 5279 2321 5319 ά
2361 5281 2562 5337 Omnes
2602 5282 2761 5341 etlit.,
2799 5281 3032 5350 corporis
3074 5282 3177 5336 sui.
3219 5280 3424 5337 Omnes
3469 5295 3607 5336 mss.
3661 5285 3846 5351 operis

2221 5355 2324 5416 sui,
2345 5355 2556 5408 duobus
2577 5352 2842 5421 exceptis,
2877 5353 2929 5405 iu
2963 5351 3157 5422 quibus
3187 5366 3475 5423 utrumque
3501 5358 3840 5424 praetermis-

2223 5439 2342 5480 sum
2364 5437 2471 5481 θάῐ.

2298 5507 2321 5534 e
2367 5497 2492 5551 Mss.
2521 5497 2657 5550 bene
2687 5494 2858 5559 multi,
2885 5493 3084 5548 nullum
3103 5495 3384 5564 justorunt.
3419 5495 3530 5551 Sed
3566 5511 3632 5550 ea
3660 5501 3841 5556 varie-

2224 5576 2307 5623 tas
2335 5567 2462 5622 inde
2499 5565 2736 5632 profecta
2785 5573 2886 5621 est.
2915 5565 3056 5633 quod
3089 5582 3139 5619 tn
3171 5566 3492 5635 quibusdam
3531 5583 3672 5623 mss.
3710 5587 3839 5630 vox.

2225 5639 2443 5700 nullius,
2486 5639 2556 5692 ita
2597 5635 2961 5696 dividebatur.
2997 5647 3048 5690 ut
3098 5637 3428 5705 pesteriures
3478 5637 3684 5694 littera»
3722 5643 3842 5703 voci

2227 5709 2870 5779 sequentiatlba'rercnt;
2929 5708 3071 5760 unde
3127 5709 3177 5779 in
3209 5707 3489 5763 nonnullis
3531 5712 3840 5766 etiamnum

2227 5776 2478 5856 legimus.
2511 5780 2641 5856 nulli
2665 5783 2963 5853 justorum:
3000 5776 3142 5847 quod
3171 5795 3290 5854 cum
3340 5789 3536 5856 aperte
3559 5779 3840 5856 vitiosum

2226 5851 2318 5914 sit,
2342 5853 2430 5906 alii
2460 5851 2678 5922 prOprio
2701 5861 2874 5906 marte
2901 5851 3275 5922 reposuerunt,
3304 5851 3506 5905 nullum
3538 5851 3838 5924 justorrtm.
