3948 6350
461 335 596 405 i507

1797 341 2044 400 SANCTI
2087 329 2406 402 animosa

3623 340 3765 402 {£08

457 466 604 519 cuitu
663 461 902 528 habent,
949 475 1109 530 quem
1169 472 1275 514 non
1330 457 1697 527 receperunt?
1753 455 1880 511 Ideo
1927 471 2050 512 cum
2077 457 2335 520 Abraaus
2366 455 2506 512 liber
2531 453 2599 512 ab
2639 455 2785 520 omni
2840 455 3097 512 servitute
3146 455 3398 512 vitiorum
3429 461 3534 523 est,
3573 457 3628 512 in
3660 475 3768 528 qua

459 554 642 627 Moyse
668 564 722 611 et
752 556 864 610 Elia
915 554 1044 608 mihi
1083 551 1377 623 apparuit;
1411 551 1533 618 quia
1574 548 1778 604 abillis
1806 549 2053 604 recessit.

461 647 620 701 Multa
649 647 811 701 habet
833 644 1031 714 spolia,
1054 644 1146 714 qui
1169 643 1332 698 habet
1363 641 1455 696 Dei
1484 639 1739 696 Verbum.
1764 641 1936 696 Habet
1972 654 2057 695 re-

459 739 876 804 surrectionem,
935 737 1099 793 habet
1141 736 1426 806 justitiam,
1477 735 1733 790 virtutem
1782 742 1944 804 atque
1975 747 2062 787 sas

463 836 740 907 pientiam,
771 833 1132 890 habetomnia
1163 849 1178 897 ;
1202 833 1330 902 quin
1357 834 1410 886 in
1436 831 1554 901 ipso
1573 836 1826 885 constant
1853 827 2058 883 omnia.

465 928 676 982 Hebr-aii
698 926 1074 996 spoliaverunt
1097 924 1405 995 Egyptios,
1431 934 1486 978 et
1514 937 1640 977 vasa
1669 936 1858 978 eorum
1881 921 2065 976 abstu-

463 1020 644 1075 lerunt
674 1019 873 1090 (Exod.
899 1034 998 1085 xu,
1033 1018 1161 1088 56):
1194 1017 1504 1073 Judatorum
1555 1015 1727 1085 spolia
1781 1014 1942 1069 habet
1973 1028 2066 1082 po-

465 1113 624 1183 pulus
655 1111 1015 1176 Christianus,
1034 1119 1273 1166 ettotum
1298 1109 1562 1164 habemus
1583 1107 1728 1178 quod
1758 1107 1834 1160 illi
1865 1105 2068 1160 habere

465 1221 525 1261 se
557 1206 892 1261 nesciebant.
920 1205 1000 1261 llli
1026 1220 1216 1259 aurum
1244 1212 1298 1258 et
1329 1211 1610 1273 argentum
1635 1199 1918 1257 materiale
1944 1199 2071 1255 abs-

467 1300 730 1364 tulerunt,
779 1313 882 1354 nos
922 1311 1116 1353 aurum
1149 1297 1350 1352 mentis
1391 1295 1720 1365 accepimus,
1753 1308 1856 1349 nos
1882 1292 2072 1363 acqui-

468 1393 696 1447 sivimus
716 1391 960 1447 caelestis
987 1390 1262 1446 sermonis
1281 1397 1586 1459 argentum.

543 1484 821 1556 13.(Vers.
837 1483 987 1554 l65.)
1016 1483 1274 1553 Sequitur
1289 1495 1477 1536 versus
1490 1481 1680 1534 tertius
1705 1495 1718 1530 :
1746 1476 2073 1548 Injustitiam

472 1577 592 1632 odio
631 1576 810 1642 habui,
833 1585 880 1630 et
908 1576 1233 1631 abominatus
1248 1589 1365 1628 sum
1392 1590 1410 1628 :
1441 1573 1603 1645 legem
1625 1580 1798 1624 autem
1826 1581 1966 1624 tuam
1993 1569 2076 1622 dia

471 1671 597 1726 laxi.
622 1670 814 1725 Merito
839 1669 954 1724 odit
985 1668 1329 1738 injustitiam,
1353 1666 1441 1736 qui
1467 1666 1629 1720 habet
1651 1677 1800 1717 arma
1826 1661 2072 1732 justitim.

473 1763 734 1820 Hebraeus
760 1777 884 1816 cum
912 1760 1137 1816 haberet
1165 1759 1282 1814 haec
1325 1769 1501 1823 arma,
1527 1758 1631 1811 hoc
1661 1763 1766 1822 est,
1798 1755 1996 1825 Legem
2023 1761 2080 1808 et

2159 567 2410 624 maguum
2435 551 2719 607 sabbatum
2751 559 2804 606 et
2827 549 3088 606 inoﬂ'ensa
3124 551 3336 622 requies
3354 551 3768 618 defunctorum,

2159 647 2214 701 in
2255 661 2358 716 qua
2389 643 2590 700 mortui
2637 644 2821 716 populi
2855 656 3039 702 semen
3079 645 3439 700 resuscitatur
3479 661 3586 701 non
3614 660 3774 700 com-

2162 732 2445 804 mixtione,
2477 737 2572 793 sed
2592 737 2964 807 redemptione
2988 733 3246 792 fraterna.
3281 732 3596 794 Secundum
3625 737 3775 794 hanc

2162 840 2292 900 ergo
2319 830 2490 901 legem
2519 830 2646 885 odio
2669 829 2832 887 habet
2861 831 3440 902 sanctusinjustitiam,
3459 848 3568 887 non
3597 831 3779 902 injus-

2165 933 2276 978 tum
2295 924 2391 994 qui
2418 931 2596 994 potest
2624 939 2771 995 stepe
2798 923 3044 982 converti
3074 940 3205 981 :nec
3244 933 3583 982 mortuorum
3643 927 3780 982 reli-

2167 1018 2339 1086 quias,
2356 1017 2451 1072 sed
2477 1025 2744 1072 mortuam
2774 1017 3106 1088 iniquitatem
3131 1023 3534 1083 exsecratur,et
3547 1016 3776 1088 refugit.

2198 1119 2203 1123 ’
2242 1109 2325 1164 15.
2360 1108 2544 1180 (Vers.
2577 1108 2731 1178 164.)
2762 1109 3016 1178 Sequitur
3041 1117 3234 1164 versus
3268 1115 3491 1179 quartus
3519 1127 3531 1164 :
3567 1107 3781 1180 Septies

2169 1201 2224 1254 in
2251 1201 2334 1255 die
2361 1200 2568 1256 laudem
2594 1201 2705 1255 disi
2727 1201 2838 1267 tibi,
2864 1211 3022 1272 super
3051 1200 3261 1274 judicia
3296 1202 3519 1272 justitite
3548 1210 3678 1255 tute.
3718 1201 3786 1255 Et

2172 1302 2400 1348 numero
2425 1292 2643 1363 quidem
2672 1292 2910 1348 studium
2943 1301 3148 1348 sanctae
3176 1289 3484 1347 devotionis
3513 1291 3784 1361 exprimi-

2173 1394 2300 1439 tur:
2330 1384 2424 1440 sed
2449 1394 2580 1454 puto
2623 1385 2795 1454 magis
2835 1383 2980 1454 quod
3019 1397 3208 1454 purus,
3243 1391 3298 1438 ct
3323 1383 3561 1454 quietus,
3594 1398 3658 1438 ac
3689 1399 3784 1436 va-

2175 1487 2308 1532 cuus
2329 1477 2397 1531 ab
2427 1477 2574 1531 omni
2615 1487 2782 1531 onere
2811 1476 3132 1531 delictorum
3166 1473 3480 1530 declaretur
3509 1473 3743 1529 aﬂ‘eetus
3769 1484 3783 1537 ;

2178 1576 2236 1622 ut
2265 1566 2384 1622 sine
2414 1568 2530 1621 allo
2558 1566 2834 1622 iracunda:
2885 1567 3322 1637 imprecationis,
3355 1576 3448 1621 aut
3493 1566 3784 1636 ﬂagitiosa:

2179 1660 2488 1731 cupiditatis
2518 1660 2768 1716 incendio
2807 1659 3086 1716 deferatur
3113 1660 3328 1724 oratio;
3356 1659 3490 1714 nihil
3513 1657 3658 1729 quod
3693 1659 3788 1713 alii

2196 1760 2392 1811 noceat
2418 1755 2794 1826 posmlemus;
2828 1754 2960 1809 nihil
2989 1753 3130 1825 quod
3163 1766 3263 1810 nos
3311 1753 3666 1809 saecularibus
3697 1768 3794 1822 pe-

473 1857 787 1927 prophetas.
819 1870 1026 1909 murem
1057 1851 1758 1908 abominabaturmortuum
1781 1864 1796 1914 ;
1820 1849 1944 1918 quia
1962 1847 2076 1903 Lex
2112 1841 2154 1902 Β
2182 1849 2464 1904 titionibus
2487 1849 2786 1904 decoloret.
2816 1849 3123 1904 Laudemus
3155 1851 3208 1902 in
3239 1848 3457 1919 hymnis
3513 1857 3568 1902 et
3615 1846 3796 1902 canti-

474 1948 607 2003 dicit
635 1965 647 2001 :
683 1946 862 2001 Omnis
904 1947 992 2017 qui
1021 1946 1243 2015 tetigerit
1265 1953 1639 1998 mortuum...”
1664 1941 1961 1995 immundus
1983 1941 2076 1994 erit

474 2038 668 2109 (Num.
714 2054 824 2104 xix,
859 2036 1080 2108 lt);et
1128 2036 1480 2090 humanitatis
1537 2048 1790 2104 suprema
1847 2031 2080 2100 negabat

476 2131 658 2190 olﬂcia
688 2130 991 2195 defunctis;
1041 2129 1138 2184 sed
1171 2128 1275 2198 legi
1315 2142 1421 2182 non
1451 2134 1536 2182 est
1561 2135 1832 2191 mortuus,
1857 2125 1958 2178 nisi
1986 2123 2076 2192 qui

476 2224 715 2294 injustus
742 2233 844 2278 est.
878 2223 1002 2277 liae
1028 2230 1114 2278 est
1161 2220 1502 2276 immunditia
1526 2221 1679 2290 justi,
1711 2234 1830 2289 qum
1880 2217 2081 2288 iniqui-1

481 2327 586 2373 tas.
609 2317 746 2386 Quid
775 2318 920 2374 enim
947 2317 1301 2382 immundius,
1325 2331 1485 2386 quam
1511 2325 1771 2378 mentem,
1808 2328 1911 2383 qua
1943 2311 2079 2365 nihil

481 2409 686 2465 homini
719 2410 1009 2478 pretiosius
1037 2418 1125 2464 est
1151 2408 1359 2473 datum,
1405 2407 1652 2476 turpibus
1681 2403 2081 2460 commaculare

481 2503 826 2570 criminibus,
852 2513 908 2560 et
955 2503 1238 2558 atrocibus
1285 2501 1514 2557 efferare
1543 2498 1911 2554 commentis?
1941 2496 2080 2564 Quid

483 2596 592 2652 illis
621 2595 846 2666 prodest
895 2595 1041 2665 quod
1073 2605 1345 2649 mortuum
1401 2592 1679 2648 hominem
1710 2592 1890 2645 visere
1912 2589 2083 2644 refor-

485 2688 735 2743 midant?
764 2699 787 2724 υ
818 2687 1037 2743 Utinam
1092 2688 1199 2741 vita
1223 2701 1415 2742 eorum
1459 2701 1564 2740 non
1594 2685 1860 2753 pollueret
1886 2697 2083 2753 appro-

482 2783 860 2852 pinquantem,
891 2797 1122 2852 quorum
1177 2795 1327 2835 mors
1378 2779 1753 2834 contaminare
1807 2777 2082 2832 nemiuem

482 2875 691 2943 pOlest!
725 2873 867 2927 Mors
893 2873 1098 2928 nemini
1127 2880 1309 2938 nocet,
1344 2871 1550 2925 utinam
1573 2871 1683 2924 vita
1714 2884 1823 2922 non
1853 2868 2077 2922 noceat!

482 2965 805 3034 Contagium
849 2965 995 3019 enim
1041 2964 1362 3019 colluvionis
1406 2961 1742 3017 consortium
1786 2958 2085 3029 iniquitatis

482 3068 586 3113 est.
629 3056 913 3124 Quomodo
970 3072 1098 3127 ergo
1127 3057 1502 3110 contaminare
1529 3062 1729 3124 potest,
1754 3052 1843 3121 qui
1869 3051 2084 3120 iniquus

481 3165 604 3207 esse
649 3153 758 3220 jam
803 3164 911 3204 non
956 3159 1170 3218 potest;
1214 3163 1336 3203 cum
1363 3133 1575 3202 etiamsi
1607 3146 1728 3209 fuit,
1754 3154 1934 3198 tamen
1963 3157 2084 3197 esse

2179 1943 2280 2008 cis,
2311 1955 2436 1997 vera
2465 1957 2682 2012 semper
2703 1951 2759 1998 et
2781 1942 2924 2014 iusta
2960 1957 3024 1997 ea
3051 1956 3171 2012 qua:
3196 1939 3266 1996 de
3292 1939 3500 1996 divinis
3537 1941 3794 1996 canimus

2178 2037 2450 2102 laudibus,
2495 2036 2839 2092 conﬁtentes.
2867 2034 2982 2090 Non
3014 2036 3086 2090 sit
3137 2049 3341 2104 anceps
3386 2044 3440 2089 et
3467 2031 3634 2089 dubia
3675 2049 3798 2089 sen-

2182 2133 2350 2186 tentia
2382 2147 2395 2184 :
2424 2145 2532 2185 non
2560 2129 2800 2185 discolor
2843 2129 3046 2184 mentis
3070 2128 3326 2194 intentio,
3356 2142 3462 2183 non
3488 2125 3798 2182 materiali-

2180 2226 2282 2280 bus
2306 2223 2539 2294 negotiis
2595 2228 2861 2292 occupata
2911 2235 2938 2276 a
2964 2221 3226 2292 propositi
3268 2215 3532 2291 spiritalis
3562 2232 3799 2274 exsecu-

2183 2314 2331 2368 tione
2352 2313 2625 2369 deﬂectat.
2655 2313 2990 2368 Justiticetur
3012 2325 3230 2382 semper
3271 2311 3481 2382 iustitia
3505 2309 3602 2365 Dei
3637 2319 3796 2364 tran-

2184 2410 2357 2480 quillo
2379 2411 2581 2476 animo,
2612 2424 2719 2464 non
2744 2411 2859 2464 etio
2891 2409 3104 2466 feriato.

2255 2503 2344 2558 l6.
2373 2503 2980 2574 (Vers.l65.)Sequitur
3005 2519 3198 2559 versus
3221 2505 3470 2576 quintus:
3495 2499 3619 2560 Pax
3633 2506 3803 2560 multa

2184 2596 2515 2667 diligentibus
2569 2611 2752 2650 nomen
2785 2605 2974 2651 tuum:
3012 2607 3058 2651 et
3083 2613 3186 2652 non
3207 2607 3280 2652 est
3317 2597 3420 2652 illis
3459 2598 3798 2653 scandalum.

2187 2690 2356 2760 Supra
2385 2689 2566 2760 (Vers.
2603 2689 2728 2757 162)
2761 2689 2993 2745 diximus
3023 2691 3145 2761 quia
3195 2689 3432 2746 charitas
3459 2692 3708 2747 excludit
3737 2693 3802 2747 ti-

2186 2797 2392 2836 morem
2418 2797 2432 2847 ;
2458 2797 2600 2836 nunc
2643 2782 2872 2837 dicimus
2914 2783 3039 2853 quia
3069 2783 3306 2839 excludit
3335 2798 3551 2840 omnem
3587 2796 3802 2856 pertur-

2188 2873 2480 2927 bationem.
2503 2873 2711 2928 Etenim
2740 2875 2829 2944 qui
2849 2875 3012 2929 Deum
3041 2873 3238 2943 dillgit,
3260 2875 3522 2944 profunda
3546 2888 3634 2932 est
3663 2878 3717 2932 in
3737 2893 3801 2933 eo

2187 2965 2522 3022 conﬂrmaue
2573 2969 2770 3022 mentis
2799 2967 3177 3036 tranquillitas.
3205 2969 3372 3036 Aqua,
3406 2969 3602 3039 inquit,
3638 2969 3802 3023 multa

2186 3059 2454 3112 excludere
2485 3075 2587 3113 non
2614 3059 2800 3128 poterit
2825 3060 3146 3126 charitatem,
3181 3067 3230 3113 et
3251 3060 3467 3129 ﬂamina
3498 3077 3606 3115 non
3646 3062 3802 3115 inun-

2193 3149 2389 3204 dabunt
2419 3165 2534 3203 eam
2579 3149 2764 3220 (Cant.
2798 3165 2910 3216 vui,
2945 3149 3030 3222 7).
3081 3151 3240 3206 Multa
3271 3167 3408 3221 aqua
3439 3149 3793 3208 diversarum

480 3245 718 3299 desivit?
741 3243 887 3314 Fuge
911 3259 1042 3313 ergo
1069 3242 1431 3312 iniquitatem,
1459 3255 1526 3295 ne
1553 3247 1606 3294 te
1632 3237 2080 3306 comprehendat.
2115 3221 2161 3285 (ἶ
2195 3251 2278 3297 est
2311 3247 2644 3310 passionum,
2693 3252 2747 3298 et
2775 3221 2997 3298 ﬂumina
3043 3246 3384 3300 saecularium
3432 3243 3799 3315 Cupiditatum

483 3337 629 3407 Fuge
654 3337 995 3406 injustitiam,
1021 3350 1145 3404 quae
1177 3334 1421 3388 viventes
1453 3331 1628 3386 adhuc
1659 3339 1904 3386 mortuos
1931 3327 2080 3383 facit.

554 3433 643 3485 14.
675 3429 785 3487 Sed
817 3445 978 3484 nemo
1007 3429 1141 3498 fugit
1192 3427 1559 3496 iniquitatem,
1608 3424 1714 3477 nisi
1770 3423 1859 3492 qui
1910 3421 2087 3490 diligit

480 3525 790 3595 :cquitatem
822 3534 912 3589 ;et
941 3521 1065 3576 ideo
1094 3522 1168 3575 ait
1203 3537 1216 3573 :
1251 3519 1434 3589 Legem
1457 3526 1600 3572 tuam
1625 3527 1796 3570 autem
1817 3515 1993 3570 dilexi.
2026 3515 2083 3569 in

483 3618 602 3687 lege
629 3615 857 3686 aequitas
879 3623 984 3679 est,
1003 3612 1049 3668 si
1079 3611 1380 3682 spiritalem
1403 3611 1640 3680 accipias
1662 3609 1857 3678 legem,
1879 3607 1923 3662 si
1951 3621 2086 3661 con-

478 3723 669 3779 surgas
699 3723 821 3761 cum
875 3705 1120 3772 Christo,
1154 3714 1210 3758 et
1239 3703 1312 3758 ibi
1360 3703 1532 3756 altare
1586 3710 1991 3757 sacrosanctum
2020 3699 2085 3754 ilu

482 3803 573 3859 lud
596 3803 824 3858 omleste
877 3798 1215 3865 consideres,
1251 3813 1359 3851 non
1411 3797 1582 3851 altare
1619 3803 1912 3858 terrenum,
1940 3792 2084 3862 quod

478 3897 663 3953 hostili
719 3894 1140 3965 depopulatione
1169 3891 1508 3946 destructum
1559 3897 1662 3944 est.
1695 3887 1754 3943 Si
1787 3888 1929 3941 illam
1961 3886 2084 3941 Hie-

478 3991 716 4046 rusalem
760 3996 1000 4058 spectes,
1027 4001 1147 4055 quae
1175 3984 1228 4038 in
1255 3984 1396 4040 ctelo
1424 3991 1527 4048 est,
1560 3995 1664 4034 non
1693 3980 1852 4034 istam
1880 3993 1999 4049 qua:
2053 3991 2084 4030 a

475 4082 680 4154 populo
699 4080 1010 4136 Iudaeorum
1043 4075 1491 4146 frequentabatur
1519 4073 1575 4127 in
1601 4070 1780 4137 terris,
1809 4086 1929 4140 qua:
1955 4083 2083 4139 pro-

476 4187 597 4246 pter
638 4173 944 4227 incolarum
979 4170 1256 4239 perlidiam
1282 4184 1310 4222 a
1342 4169 1587 4222 Romano
1619 4167 1860 4222 exercitu
1892 4167 2084 4218 trium-

477 4269 665 4338 phata,
692 4264 893 4333 injecto
939 4262 1187 4330 ﬂagravit
1217 4261 1489 4316 incendio.
1540 4260 1596 4314 Si
1637 4260 1900 4313 intuearis
1929 4259 1986 4312 in
2019 4259 2084 4312 il-

478 4360 588 4414 lum
641 4355 943 4428 principem
994 4354 1366 4416 sacerdotum,
1421 4350 1489 4405 de
1531 4365 1638 4419 quo
1677 4351 1935 4418 scriptum
1958 4356 2080 4403 est:

481 4452 745 4506 Habentes
761 4449 938 4517 itaque
954 4461 1200 4517 magnum
1222 4443 1540 4499 sacerdotem
1559 4456 1819 4514 egressum
1836 4442 1900 4494 de
1920 4439 2081 4506 ctelis,

477 4547 659 4604 Jesum
706 4545 905 4600 Filium
963 4541 1103 4607 Dei,
1156 4553 1417 4596 teneamus
1460 4537 1829 4608 confessionem
1877 4535 2082 4604 ﬁdelem

2189 3335 2568 3404 corporalibus
2597 3335 2834 3390 motibus
2863 3337 3105 3402 incitata,
3137 3337 3167 3376 ιτ
3195 3351 3318 3408 quae
3347 3347 3529 3394 tamen
3579 3355 3801 3395 murum

2189 3427 2469 3482 charitatis
2498 3429 2820 3484 subvertere
2847 3446 2956 3485 non
2988 3440 3229 3501 possunt.
3262 3427 3491 3503 ideoque
3516 3431 3800 3490 charitate

2190 3520 2452 3575 fundatus
2484 3520 2622 3576 dicit
2654 3539 2666 3576 :
2698 3522 3002 3578 Torrentem
3032 3525 3357 3592 pertransivit
3398 3527 3575 3579 anima
3624 3537 3803 3582 nostra

2192 3612 2342 3668 Psal.
2373 3630 2564 3678 cxxtu,
2591 3615 2670 3687 5).
2691 3617 2956 3688 Numquid
2981 3633 3115 3688 aqua
3141 3619 3304 3673 maris
3333 3620 3632 3675 excludere
3653 3623 3805 3692 Moy—

2189 3707 2265 3762 sis
2296 3707 2471 3776 potuit
2499 3707 2860 3764 charitatetn?
2887 3711 2957 3765 Et
2999 3721 3056 3765 ut
3086 3713 3382 3766 secundum
3418 3712 3663 3768 litteram
3701 3715 3797 3770 tibi

2189 3802 2521 3872 psalmorum
2547 3805 2718 3858 series
2744 3804 3090 3875 suffragetur,
3116 3821 3311 3876 nempe
3333 3805 3572 3877 diligens
3593 3805 3795 3876 Deum,

2189 3903 2366 3949 tntum
2400 3893 2504 3948 sibi
2548 3895 2779 3950 credidit
2818 3896 2924 3952 iter
2950 3911 3072 3953 esse
3103 3913 3198 3968 per
3230 3899 3422 3953 maria.
3457 3899 3561 3968 Qui
3611 3911 3799 3956 autem

2191 4004 2296 4041 non
2329 3987 2641 4042 dilexerunt
2669 3987 2860 4050 Deum,
2894 3988 2947 4043 hi
2994 3989 3231 4045 demersi
3272 3989 3525 4046 ﬂuctibus
3571 3993 3802 4062 dignum

2189 4081 2492 4152 sacrilegiis
2528 4081 2644 4136 suis
2675 4083 2880 4137 exitum
2913 4084 3273 4152 pertulerunt.
3308 4085 3455 4140 Elias
3485 4095 3658 4157 atque
3682 4084 3800 4141 Eli-

2197 4172 2647 4228 smusJordanem
2673 4173 3088 4230 transmiserunt
3110 4175 3244 4245 pede
3272 4173 3373 4245 (IV
3406 4173 3562 4247 Reg.,
3600 4194 3665 4243 ιι,
3695 4177 3796 4248 8);

2194 4273 2247 4317 et
2274 4265 2391 4318 haec
2424 4263 2523 4318 fuit
2552 4265 2732 4320 nimiae
2759 4281 2970 4321 merces
2995 4273 3048 4320 et
3069 4267 3238 4335 gratia
3271 4266 3578 4321 charitatis.
3613 4268 3680 4323 Hi
3707 4267 3804 4340 igi—

2194 4366 2282 4409 tur
2314 4364 2376 4410 ut
2419 4357 2720 4411 transirent
2763 4373 2926 4427 aquas
2956 4357 3102 4412 ﬂuvii
3135 4354 3386 4412 Jordanis
3408 4399 3420 4421 ,
3475 4365 3800 4428 passionum

2189 4447 2386 4503 ﬂuenta
2422 4458 2728 4504 nostrarum
2752 4450 2948 4503 mentis
2979 4450 3128 4519 prius
3159 4447 3385 4519 vestigio
3416 4450 3790 4505 transierunt.

2193 4543 2268 4597 De
2299 4542 2397 4596 hac
2441 4555 2577 4604 aqua
2606 4542 2740 4596 dicit
2782 4543 3038 4596 Dominus
3069 4559 3081 4594 :
3117 4537 3180 4597 Si
3203 4552 3434 4596 transeas
3462 4556 3553 4612 per
3583 4560 3796 4614 aquam,

479 4641 638 4714 (ΠΛ).
671 4655 742 4706 tv,
777 4636 866 4709 14)
901 4653 915 4690 :
948 4635 1040 4706 qui
1067 4632 1310 4705 quotidie
1341 4630 1636 4685 advocatus
1683 4641 1784 4698 pro
1815 4626 1972 4681 nobis
1997 4634 2082 4680 est
2106 4611 2161 4671 Ῐ)
2188 4646 2350 4690 tecum
2373 4651 2518 4706 sum;
2545 4646 2593 4689 et
2618 4637 2836 4706 ﬂumina
2863 4651 2963 4691 non
2988 4635 3311 4691 inundabunt
3342 4647 3391 4692 te
3421 4637 3600 4708 (Esai.
3632 4611 3798 4699 xum.

478 4733 620 4806 apud
669 4732 930 4793 Patrem;
963 4736 1020 4781 ut
1067 4740 1166 4796 pro
1215 4724 1412 4794 quibus
1461 4722 1514 4776 in
1543 4721 1735 4775 diebus
1765 4720 1944 4774 carnis
1967 4733 2079 4773 suac

477 4822 818 4883 misericordi
848 4829 934 4877 est
979 4833 1298 4889 compassus
1349 4813 1558 4888 1253
1607 4812 1825 4879 aﬂ‘ectu,
1869 4827 1968 4882 pro
1998 4811 2082 4865 his

477 4927 735 4992 operetur
782 4913 1160 4972 remissionem
1230 4909 1474 4980 quotidie
1528 4915 1894 4976 peccatorum.
1950 4904 2082 4970 Quae

477 5013 622 5070 enim
666 5024 792 5080 spes
817 5007 923 5062 alia
957 5004 1143 5076 generi
1191 5001 1454 5062 humano,
1490 4998 1592 5052 nisi
1623 4997 1863 5053 omnium
1890 4996 2083 5051 viven-

478 5107 612 5162 tium
645 5103 842 5159 delicta
897 5095 1217 5154 donentur?
1255 5093 1353 5148 Ille
1377 5105 1508 5161 ergo
1539 5090 1790 5160 princeps
1821 5089 1968 5143 solus
1997 5095 2083 5142 est

476 5197 846 5261 sacerdotum,
871 5193 956 5249 cui
999 5189 1215 5245 adstant
1238 5187 1310 5256 pii
1342 5183 1675 5248 sacerdotes,
1699 5182 1752 5237 in
1777 5180 2077 5237 cmlestium

480 5295 776 5351 sacrarium
828 5285 959 5344 illud
1009 5283 1336 5339 altissimum
1393 5279 1590 5335 merito
1639 5277 1844 5348 proprii
1875 5275 2086 5332 cruoris

478 5386 727 5460 ingressi.
771 5382 865 5438 illa
890 5395 1021 5450 ergo
1075 5377 1164 5433 lex
1221 5369 1515 5445 diligenda,
1569 5369 1756 5440 inqua
1786 5384 1947 5425 verus
1976 5367 2084 5423 He-

550 5574 577 5602 σι
603 5563 676 5618 ita
699 5572 832 5615 mss.
873 5568 1088 5619 omnes,
1121 5560 1175 5606 et
1215 5550 1374 5605 Rom.
1397 5545 1554 5619 edit.
1578 5544 1720 5614 quod
1743 5543 1910 5619 etiam
1941 5556 2071 5619 cum

479 5613 830 5704 sequentibus
858 5626 1004 5682 belle
1026 5613 1297 5704 congruit.
1327 5618 1476 5675 Edit.
1505 5613 1686 5672 tamen
1710 5623 1846 5680 vet.,
1865 5613 2077 5669 Utinam

481 5695 606 5761 vitia
633 5714 814 5757 eorum
832 5713 937 5754 non
973 5695 1280 5766 polluerent.

551 5758 580 5812 1)
610 5775 714 5829 Sex
742 5784 901 5832 mss.,
925 5758 1127 5822 morum
1149 5772 1318 5817 tamen
1341 5760 1647 5815 charitatem
1669 5758 1956 5813 subvertere
1978 5769 2080 5810 non

485 5852 721 5918 possunt.

2182 4727 2260 4798 2).
2289 4728 2455 4782 Adest
2494 4729 2608 4783 suis
2631 4728 2798 4798 justis
2828 4743 3042 4800 semper
3073 4743 3195 4784 cum
3227 4725 3497 4799 aliquibus
3529 4740 3551 4768 ο
3607 4741 3801 4786 terun-

2185 4830 2270 4875 tur
2309 4821 2556 4876 adversis
2588 4836 2603 4887 ;
2653 4823 2697 4876 si
2730 4831 2914 4877 tamen
2949 4830 3228 4879 transeant
3273 4833 3456 4879 mente
3496 4825 3800 4894 constanti,

2187 4928 2292 4967 non
2317 4912 2609 4979 dubitanti;
2643 4929 2748 4968 nou
2773 4914 2895 4970 ildei
2924 4917 3216 4971 turbentur
3245 4915 3472 4972 incerto.

2258 5003 2542 5059 l7.'l‘ransi
2574 5019 2704 5075 ergo
2724 5015 2777 5060 et
2807 5014 2863 5060 tu
2898 5007 3074 5063 ﬁdelis
3101 5005 3264 5062 animi
3289 5007 3623 5078 direuione,
3647 5011 3695 5065 si
3718 5010 3805 5066 di-

2184 5097 2361 5150 vinam
2388 5097 2470 5151 vis
2501 5098 2594 5152 tibi
2618 5097 2812 5154 adesse
2835 5101 3178 5170 prmsentiam
3205 5118 3217 5154 :
3247 5101 3293 5155 si
3325 5117 3432 5156 non
3461 5102 3644 5157 solum
3671 5119 3798 5171 pax,

2184 5188 2278 5242 sed
2305 5191 2469 5243 etiam
2517 5188 2683 5243 multa
2717 5201 2816 5260 pax
2847 5193 2916 5246 sit
2949 5193 3001 5246 in
3033 5192 3212 5246 animo
3243 5199 3359 5258 tuo,
3393 5193 3539 5247 nulla
3579 5190 3801 5266 12“

2186 5288 2237 5334 te
2265 5279 2454 5351 pra-lia
2492 5281 2724 5338 diversas
2775 5282 3092 5353 cupiditatis
3123 5285 3463 5355 impugnent,
3521 5302 3638 5342 non
3692 5288 3801 5342 ira-

2181 5373 2375 5428 cundia
2403 5375 2667 5443 stimulet,
2692 5391 2799 5432 non
2826 5376 2998 5432 libido
3032 5395 3044 5432 :
3076 5375 3202 5433 etsi
3233 5385 3318 5434 est
3371 5392 3574 5450 pugna,
3615 5389 3800 5434 tamen

2257 5558 2278 5586 ε
2302 5547 2372 5602 ita
2392 5559 2499 5604 vet.
2516 5550 2644 5606 edit.
2663 5559 2720 5605 et
2740 5552 3064 5608 cunctimss.
3080 5551 3238 5606 Rom.
3255 5549 3345 5612 ed.
3361 5551 3477 5606 sola
3503 5570 3515 5604 :
3537 5561 3800 5608 terrentur

2181 5619 2430 5691 adversis.
2462 5622 2637 5676 Minus
2658 5619 2816 5685 bene,
2840 5623 2980 5678 iuﬂ'a
3004 5635 3134 5678 vero
3163 5621 3295 5676 edit.
3323 5629 3433 5678 vet.
3462 5631 3518 5677 et
3539 5623 3797 5691 quaedam

2185 5689 2384 5755 Paris.,
2403 5691 2492 5746 sed
2517 5694 2673 5746 etiam
2698 5693 2863 5748 multa
2884 5694 2949 5747 sit
2975 5694 3028 5748 in
3054 5695 3223 5747 animo
3255 5701 3341 5747 tuo
3373 5689 3610 5748 dilectio.
3629 5694 3791 5751 Rom.

2187 5775 2308 5815 cum
2340 5776 2471 5819 mss.
2501 5763 2777 5830 omnibus,
2815 5763 2905 5820 sed
2930 5765 3085 5821 etiam
3115 5765 3280 5819 multa
3306 5774 3428 5834 pate,
3460 5775 3570 5818 etc.
