3948 6360
166 347 288 408 ὶδῢ)

1233 344 1301 402 lN
1339 337 1664 404 PSALMUM
1704 338 1916 406 CXVIII
1954 341 2338 407 EXPOSITIO.

3295 345 3435 413 ista

159 467 292 531 loris,
315 479 420 520 non
446 463 589 519 intus
611 462 701 517 sit.
725 461 985 518 Prtcliare
1015 461 1280 554 adversus
1309 473 1717 535 persequentes,
1751 472 1803 530 Α
1829 469 2270 540 quipersuaserit
2288 471 2491 528 crimen
2510 471 2798 543 infantulo,
2815 485 2869 532 et
2887 479 3151 535 incautam
3178 485 3428 554 praecipi-

158 560 266 614 licet
287 567 337 613 et
363 557 492 628 ipsis
544 555 755 611 silentio
802 567 948 625 stepe
999 553 1304 612 cedendum
1348 557 1439 624 sit,
1469 559 1594 627 quia
1625 559 1720 614 tibi

1828 561 1954 616 tarit
1979 571 2234 628 :ctatcm;
2270 564 2338 618 ita
2373 567 2464 636 qui
2519 565 2834 634 invalidum,
2869 579 2924 625 et
2971 571 3343 642 insipientem,
3373 583 3427 630 ct

153 653 366 706 vincunt.
417 648 632 703 illorum
683 647 969 717 potentia,
1017 654 1107 702 tua
1154 649 1385 704 victoria
1431 658 1537 704 est.
1568 649 1722 705 Tunc
1824 656 2184 726 improvidum
2204 659 3431 733 circumscripseritpersuasioneerroris,aut

152 747 363 816 denique
406 741 825 812 triumphantur,
855 755 979 798 cum
1012 757 1074 798 se
1119 743 1314 800 vicisse
1366 743 1716 800 crediderint.

147 840 247 894 Non
273 850 398 910 ergo
428 845 479 893 te
525 837 799 909 impugnet
819 837 1068 904 avaritia,
1095 852 1201 892 non
1231 837 1503 908 cupiditas
1529 838 1720 909 exagi—

149 943 232 998 tet.
272 949 370 987 non
401 930 614 986 tristitia
644 925 881 1001 dejiciat,
909 945 1016 986 non
1065 930 1365 988 inﬂammet
1395 931 1584 999 libido,
1611 943 1718 986 non

144 1027 394 1098 resupinet
413 1024 688 1095 superbia,
717 1039 824 1080 non
853 1034 1041 1080 curvet
1073 1025 1321 1090 ambitio,
1349 1040 1454 1080 non
1484 1024 1718 1080 formido

139 1125 445 1174 consternat.
477 1114 585 1173 Pax
639 1115 808 1173 multa
837 1117 1080 1174 abundet
1115 1117 1234 1180 tibi.
1277 1131 1399 1187 quae
1421 1124 1717 1187 exsuperat

138 1227 325 1266 omnem
374 1222 612 1266 mentem
641 1249 656 1275 ,
723 1210 1026 1266 secundum
1071 1210 1320 1281 Apostoli
1391 1211 1714 1266 sententiam

137 1303 280 1375 (Phil.
301 1303 434 1374 tv,7)
461 1319 474 1356 :
507 1317 614 1374 quo
639 1300 775 1358 nihil
802 1300 1084 1372 pulchrius
1104 1301 1210 1357 dici
1239 1301 1430 1371 potuit.
1461 1301 1718 1356 Summus

133 1398 253 1452 enim
280 1396 558 1466 sapientiae
589 1395 714 1449 ﬂnis
741 1403 846 1461 est;
880 1401 942 1448 ut
971 1394 1145 1449 simus
1172 1402 1352 1449 mente
1377 1393 1665 1464 tranquilla
1697 1409 1711 1458 ;

133 1503 222 1542 non
249 1485 630 1542 commentitiis
653 1493 937 1556 poetarum
967 1479 1161 1538 fabulis
1203 1481 1442 1537 lubricus
1467 1482 1717 1537 turbetur

133 1579 346 1636 adortus.
369 1578 626 1636 Summus
645 1578 768 1633 linis
799 1577 1160 1647 estjustitizc;
1194 1585 1253 1631 ut
1273 1576 1527 1645 iniquitas
1560 1591 1714 1631 meo»

134 1683 221 1726 tem
228 1671 348 1741 justi
363 1684 590 1725 movere
603 1685 708 1724 non
725 1668 1151 1739 possit.Virtutis
1166 1669 1328 1723 totius
1345 1669 1432 1723 hic
1455 1667 1596 1734 linis,
1615 1675 1641 1705 λ
1655 1677 1713 1723 et

131 1777 379 1834 corporeae
418 1762 595 1832 ipsius
626 1760 983 1830 fortitudinis;
1030 1760 1356 1816 utconieeto
1398 1760 1568 1826 bello,
1615 1770 1710 1830 pas

1822 748 2188 817 exagitatione
2208 750 2391 806 cordis
2413 751 2789 809 aii‘ectum.Vis
2819 755 2960 811 scire
2985 769 3146 827 quam
3177 757 3431 814 inﬁrmus

1821 839 1893 896 sit
1920 841 2012 912 qui
2059 842 2461 900 scandalizatur
2488 846 2511 900 ?
2540 844 2662 900 Non
2714 849 3052 913 manducabo,
3085 851 3280 920 inquit,
3312 869 3426 906 car-

1823 945 2005 987 nem...
2033 948 2096 988 ne
2127 939 2338 1005 fratrem
2360 952 2527 990 meum
2569 935 2917 994 scandalizent
2943 942 2982 1009 (Ι
3004 939 3125 996 Cor.
3152 957 3242 998 vm
3265 983 3280 1011 ,
3311 943 3424 1014 15).

1820 1022 2030 1090 Quanta
2059 1025 2362 1093 infirmitas,
2388 1033 2444 1082 et
2464 1029 2711 1096 quaedam
2737 1031 2957 1086 infantia
2982 1033 3146 1088 animi
3173 1049 3187 1100 ;
3223 1045 3280 1089 ut
3301 1050 3424 1091 eum

1821 1116 1983 1171 etiam
2013 1131 2140 1173 esca
2172 1118 2356 1174 fratris
2384 1121 2622 1190 exagitet
2649 1121 2662 1177 ι
2691 1121 2848 1179 Unde
2876 1135 2982 1179 non
3011 1134 3192 1193 potest
3222 1125 3426 1184 homini

1819 1222 1942 1263 esse
1979 1209 2362 1280 praecipitium,
2391 1213 2608 1282 quando
2640 1214 2798 1269 ctiam
2825 1213 2952 1271 hinc
2979 1227 3061 1271 est
3091 1219 3426 1287 periculum?

1887 1300 1977 1353 '20.
2022 1298 2092 1355 Et
2119 1302 2266 1372 quod
2294 1303 2450 1373 pejus
2480 1313 2592 1372 est,
2629 1303 2917 1362 inﬁrmitas
2950 1307 3262 1377 hujusmodi
3304 1327 3422 1366 ser-

1818 1392 1896 1460 pit
1927 1394 1980 1448 in
2006 1395 2224 1450 multos.
2259 1395 2423 1453 Vides
2454 1397 2672 1468 inopem
2700 1399 2939 1469 justum,
2972 1401 3200 1456 tentaris
3228 1421 3240 1456 :
3274 1401 3424 1459 vides

1822 1485 2044 1543 divitem
2075 1487 2350 1558 iniquum,
2389 1490 2656 1548 tentaris:
2697 1491 2848 1548 vides
2887 1494 3004 1548 sine
3048 1493 3232 1548 liberis
3266 1505 3423 1549 sanc-

1818 1588 1963 1642 tum,
2010 1580 2237 1635 tentaris
2267 1597 2282 1634 :
2317 1581 2468 1636 vides
2518 1582 2745 1645 liberis.
2793 1581 3132 1650 honoribus,
3174 1585 3424 1644 laudibus

1815 1672 2168 1728 smcularibus
2195 1673 2564 1730 abundantem
2591 1676 2880 1748 injustumn‘,
2912 1681 3164 1734 tentaris.
3191 1681 3420 1750 Quantm

1815 1763 2023 1830 fovete,
2057 1765 2244 1834 quanti
2276 1766 2450 1835 laquei
2478 1808 2494 1832 ,
2525 1777 2577 1822 et
2617 1770 2761 1838 quod
2792 1781 2873 1825 cst
2900 1771 3144 1841 gravius,
3174 1773 3264 1843 qui
3297 1773 3418 1844 pitt-

125 1869 222 1909 cem
235 1853 511 1909 reformet.
544 1851 668 1908 Paci
698 1868 827 1924 ergo
844 1853 1028 1923 etipsa
1050 1852 1370 1923 plerumque
1389 1851 1582 1906 militat
1601 1851 1706 1906 foro
1739 1857 1784 1918 Β
1813 1857 1979 1910 rimos
2001 1857 2380 1926 strangulent!
2414 1858 2472 1914 in
2505 1858 2843 1916 sodomitana
2869 1863 3004 1919 urbe
3029 1861 3121 1918 vix
3154 1880 3292 1920 unus
3315 1861 3420 1922 Lot

127 1945 270 2002 titudo
282 1946 521 2002 bellandi
540 1961 555 1999 :
572 1959 731 2001 πιθωο
757 1958 890 2015 ergo
920 1945 1204 2016 pacilicum
1229 1945 1404 2000 turbet
1427 1944 1703 1999 olfectum.

182 2039 258 2095 l8.
280 2039 440 2094 Multa
467 2049 805 2108 generantur
829 2037 898 2092 ad
930 2037 1394 2108 perturbationem
1422 2036 1656 2091 hominis
1685 2052 1700 2093 :

123 2140 166 2186 et
187 2145 310 2186 uxor
332 2131 658 2201 plerumque
681 2129 913 2200 decepta
945 2133 1215 2200 serpentis
1236 2129 1444 2184 insidiis
1462 2132 1700 2183 animum

120 2224 201 2278 viri
226 2225 494 2294 exagitare
520 2231 753 2278 conatur
783 2238 800 2288 ;
830 2233 882 2278 et
908 2231 1061 2292 pater
1082 2223 1242 2277 iidem
1268 2221 1365 2276 ﬁlii
1393 2222 1705 2292 frequenter

122 2314 317 2380 irridet;
343 2321 397 2370 et
416 2316 497 2371 vir
509 2315 764 2385 conjugis
788 2327 902 2369 suae
927 2322 1165 2369 mentem
1183 2322 1353 2371 tenlat
1369 2314 1697 2384 opprobriis.

124 2408 213 2464 Sed
235 2407 284 2464 in
304 2400 388 2465 his
415 2407 679 2465 omnibus
711 2418 930 2480 superat
952 2410 1151 2478 justus,
1197 2419 1252 2464 et
1273 2408 1404 2464 dicit
1429 2409 1584 2477 τοιάδ
1608 2422 1701 2464 nos

119 2499 345 2569 separabit
367 2517 398 2555 α
426 2501 689 2556 charitole
714 2499 906 2556 Christi
928 2501 954 2555 .’
977 2499 1286 2565 Tribulatio,
1309 2515 1375 2554 an
1389 2501 1698 2572 angustia...

118 2609 171 2646 an
198 2593 466 2664 persecutio
498 2593 688 2666 (Ilom.
721 2607 833 2657 vui,
856 2594 946 2665 35)
969 2593 993 2647 ἲ
1018 2593 1242 2661 Quoties
1264 2594 1383 2663 ipsa
1411 2592 1695 2648 benefacta

117 2685 296 2740 crimini
315 2685 545 2741 dantur?
566 2685 787 2754 Quoties
801 2686 971 2740 virtus
989 2684 1284 2754 opprobrio
1299 2684 1542 2740 ducitur?
1555 2685 1699 2752 Quo-

120 2777 202 2833 ties
229 2781 335 2850 ipsa
381 2782 598 2852 ingrata
625 2787 710 2834 est
737 2778 907 2850 gratia
931 2780 956 2833 ἲ
980 2777 1235 2834 Vendidit
1261 2781 1438 2849 justus
1467 2779 1692 2833 laculta-

118 2878 188 2924 tes
215 2887 351 2939 suas,
389 2871 737 2944 dispensavit
768 2871 1117 2942 pauperibus,
1145 2870 1278 2925 nihil
1309 2869 1412 2925 sibi
1441 2870 1694 2939 reliquit;

116 2967 453 3021 contemnitur
477 2967 810 3037 plerumque
843 2967 894 3018 in
927 2965 1040 3035 ipsa
1075 2965 1320 3020 Ecclesia
1347 2979 1362 3029 ;
1387 2965 1509 3033 quia
1543 2963 1698 3020 dives

117 3071 216 3112 esse
240 3058 442 3122 desivit,
470 3059 622 3114 sicut
644 3059 904 3128 scriptum
935 3065 1022 3113 est
1053 3075 1068 3111 :
1105 3057 1164 3113 Si
1186 3057 1387 3111 dederit
1414 3057 1492 3110 vir
1522 3072 1698 3110 omnes

117 3150 354 3217 facultates
381 3167 508 3206 suas
545 3151 602 3204 in
622 3151 893 3218 charitate,
919 3157 1213 3220 contentptu
1254 3157 1573 3220 contemptus
1601 3148 1698 3202 erit

1809 1948 1898 2017 qui
1935 1962 2040 2003 non
2097 1958 2398 2004 tentaretur
2446 1952 2697 2007 inventus
2727 1963 2845 2018 est,
2875 1953 3030 2024 cujus
3059 1963 3241 2011 tamen
3282 1971 3421 2012 uxor

1807 2051 1914 2094 non
1949 2040 2125 2108 potuit
2153 2041 2472 2096 tentationis
2499 2041 2722 2110 laqueos
2749 2044 3005 2100 evadere.
3059 2043 3413 2102 Hebraeorum

1807 2133 2041 2201 populus
2073 2131 2244 2186 maria
2279 2133 2568 2188 transivit:
2603 2134 2698 2190 scd
2734 2147 2839 2190 nOn
2873 2137 3042 2206 potuit
3078 2141 3414 2196 tentamenta

1806 2223 2060 2279 transire.
2087 2223 2308 2279 Tentati
2328 2233 2454 2280 sunt
2475 2239 2668 2282 omnes
2690 2235 2888 2298 prmter
2907 2227 3092 2284 Jesum
3111 2272 3126 2296 ,
3151 2237 3205 2286 et
3226 2231 3414 2300 Caieb,

1804 2315 1895 2385 qui
1923 2315 2045 2370 ideo
2075 2315 2142 2370 dc
2171 2316 2476 2372 senioribus
2505 2328 2703 2374 terram
2726 2321 3168 2390 repromissionis
3191 2324 3417 2380 introire

1803 2418 2122 2464 meruerunt
2156 2425 2171 2475 ;
2215 2410 2340 2480 quia
2372 2409 2593 2466 fuerunt
2625 2413 2942 2468 tentationis
2986 2425 3256 2486 expertes.
3304 2417 3416 2473 Nec

1804 2503 1986 2554 Aaron
2011 2501 2292 2568 introivit,
2319 2517 2420 2558 nec
2448 2502 2613 2558 Maria
2642 2519 2656 2568 ;
2683 2505 2805 2573 quia
2832 2513 2886 2560 et
2916 2506 3014 2575 ipsi
3045 2507 3236 2562 tentati
3263 2520 3408 2564 sunt.

1804 2589 1913 2645 Nec
1943 2591 2160 2662 Moyses
2190 2591 2433 2646 introivit
2461 2607 2476 2658 ;
2507 2594 2629 2663 quia
2663 2594 2772 2648 dux
2801 2605 2920 2649 erat
2944 2597 3129 2666 populi
3157 2598 3248 2666 qui
3291 2607 3412 2654 ten-

1803 2683 2016 2737 tabatnr
2047 2700 2060 2737 :
2099 2693 2256 2754 typus
2282 2684 2442 2754 Legis
2469 2697 2589 2754 qua:
2615 2685 2910 2742 excludere
2936 2698 3268 2745 tentamenta
3301 2707 3410 2747 non

1805 2780 2046 2843 poterat,
2081 2787 2186 2826 non
2221 2781 2435 2842 poterat
2483 2773 2536 2828 in
2567 2782 2766 2830 terrm
2799 2780 3217 2834 resurrectionis
3250 2779 3409 2837 indu-

1804 2877 1964 2932 ccre;
1990 2865 2116 2934 quia
2149 2865 2248 2918 ista
2277 2865 2571 2936 Evangelio
2599 2868 2769 2936 gratia
2811 2867 3130 2925 debebatur.
3174 2870 3282 2926 Lex
3318 2887 3408 2943 pa-

1803 2971 1923 3012 cem
1951 2971 2058 3010 non
2087 2957 2260 3026 potuit
2279 2957 2414 3012 dare
2439 2973 2453 3022 ;
2485 2956 2610 3012 ideo
2632 2957 2846 3029 Moyses
2868 2960 3043 3029 quoad
3075 2963 3242 3029 vixit,
3265 2978 3412 3019 sem-

1801 3064 1901 3120 per
1926 3049 2202 3120 praeliatus
2230 3057 2317 3104 est
2351 3066 2364 3103 :
2398 3063 2616 3120 semper
2646 3050 2806 3120 Legis
2837 3054 3070 3123 populus
3102 3053 3154 3110 in
3187 3057 3410 3128 ancipiti

1801 3141 2067 3197 bellorum
2099 3151 2184 3198 est
2213 3155 2226 3195 :
2254 3141 2412 3198 Jesus
2434 3155 2614 3198 autem
2646 3143 2794 3200 Nave
2819 3145 2990 3215 plebis
3029 3149 3240 3204 animos
3285 3165 3413 3222 pro-'-

119 3239 608 3315 (Cant.vm,7).Non
629 3256 761 3312 ergo
778 3241 1366 3306 moveatur;nonenim
1387 3240 1695 3295 mercedem
1723 3234 1768 3296 C
1804 3234 1965 3289 funda
2010 3250 2141 3304 pace
2181 3237 2491 3305 composuit
2520 3253 2533 3302 ;
2563 3239 2820 3307 quoniam
2852 3241 2942 3310 qui
2971 3243 3072 3295 sub
3101 3242 3246 3314 Lege
3287 3257 3369 3301 est
3395 3285 3411 3314 ,

118 3331 462 3403 bjussmeuli,
481 3349 593 3389 nec
625 3333 990 3404 gratiam,sed
1019 3335 1142 3386 vitae
1172 3331 1421 3402 qtnesivit
1449 3341 1691 3387 actorum.

116 3424 212 3480 Non
246 3428 577 3500 indignetur,
615 3428 740 3497 quia
781 3426 1030 3482 homines
1063 3425 1305 3496 pecuniis
1331 3425 1505 3496 magis
1533 3440 1696 3495 quam

116 3519 340 3588 operibus
381 3521 550 3578 bonis
595 3519 870 3575 delerunt.
901 3519 1034 3574 Nam
1086 3519 1130 3574 si
1163 3519 1212 3573 ei
1241 3528 1464 3591 propter
1495 3519 1698 3574 bonum

117 3625 228 3678 opus
245 3612 297 3667 in
320 3613 418 3669 hoc
446 3612 661 3669 saeculo
689 3611 986 3678 deteratur,
1021 3610 1253 3681 ethujus
1279 3611 1441 3666 studii
1466 3610 1698 3666 l‘ructum

118 3701 188 3758 hic
201 3705 751 3776 adipiscatur,dicitur
762 3705 831 3760 de
844 3719 930 3760 eo:
951 3705 1202 3774 Percepit
1225 3703 1532 3759 mercedem
1547 3719 1699 3759 suam

115 3794 376 3866 (Matthm,
406 3799 490 3870 ἢ).
537 3798 711 3853 liabet
736 3797 950 3868 quidem
973 3812 1110 3866 opus
1145 3796 1370 3861 bonum,
1394 3807 1447 3851 et
1469 3795 1556 3850 hic
1576 3811 1703 3866 gra-

120 3891 224 3946 tiam
247 3907 262 3959 ;
289 3894 378 3948 sed
396 3895 584 3950 brevis
600 3891 777 3962 portio
789 3891 1094 3947 emerendae
1111 3891 1244 3945 saltu
1256 3890 1302 3944 is
1323 3889 1602 3946 est.Serva
1620 3889 1702 3944 fu-

117 3983 230 4036 turis
244 3985 552 4041 mercedem
574 3993 747 4049 tuam;
766 3988 824 4038 et
845 3983 1000 4037 istius
1015 3981 1198 4036 saecuii
1223 3981 1517 4052 opprobria
1533 3981 1705 4036 incre-

119 4086 270 4128 menta
299 4075 576 4132 mercedis
602 4083 709 4130 tute
727 4074 930 4142 iudica.
953 4073 1144 4144 Cogita
1172 4088 1388 4143 semper
1432 4073 1704 4143 Apostoii-

117 4167 552 4241 cumillud,quud
581 4166 828 4239 Indignae
859 4170 960 4222 sint
989 4170 1253 4237 passiones
1268 4169 1427 4239 hujus
1458 4168 1702 4239 temporis

120 4259 175 4310 ad
204 4272 633 4330 superventuram
659 4261 874 4331 gloriam
899 4260 1201 4332 (ROMJIII,
1230 4261 1338 4333 l8).
1375 4260 1545 4315 Nullis
1567 4277 1698 4332 ergo

115 4351 274 4419 justus
321 4356 610 4427 frangatur
639 4354 870 4424 injuriis,
901 4354 1065 4410 nullis
1109 4359 1393 4411 moveatur
1420 4357 1700 4426 periculis,

121 4444 262 4499 nullis
279 4455 520 4503 tentetur
535 4447 953 4516 procellis;sive
990 4461 1140 4503 mors
1162 4447 1400 4518 ingruat,
1429 4448 1542 4502 sive
1570 4447 1702 4516 vita,

117 4536 214 4592 sive
236 4541 406 4610 angeli
420 4540 715 4596 calorum.
729 4537 918 4608 Neque
937 4537 1224 4620 dejiciatur
1243 4539 1508 4606 adversis,
1528 4555 1706 4610 neque

1801 3327 2040 3398 agitatur
2066 3328 2288 3383 incertis
2313 3347 2326 3381 :
2352 3329 2440 3399 qui
2464 3329 2565 3384 sub
2589 3330 2903 3402 EVnngeiio,
2929 3334 3079 3389 audit
3097 3335 3367 3393 dicentem
3391 3357 3405 3393 :

1803 3421 1997 3477 Pacem
2017 3423 2254 3492 relinquo
2276 3423 2415 3476 vobis
2435 3438 2453 3476 :
2473 3438 2646 3494 pacem
2665 3441 2828 3478 meam
2845 3425 2911 3480 do
2929 3427 3070 3481 vobis
3092 3427 3274 3500 (Joan.
3291 3445 3406 3501 xnt,

1801 3514 1918 3587 27).
1954 3515 2188 3584 ideoque
2212 3513 2565 3586 diligentibus
2603 3532 2709 3572 non
2737 3527 2823 3574 est
2851 3520 3186 3576 scandalum.

1871 3609 1962 3663 Si.
2009 3609 2209 3678 Accipe
2231 3609 2390 3663 aliter
2415 3628 2428 3663 :
2454 3625 2586 3664 crux
2614 3611 2823 3666 Domini
2845 3611 3046 3669 Judaeis
3066 3616 3406 3686 scandalum,

1803 3700 2010 3756 Grmeis
2037 3700 2264 3755 stultitia
2294 3711 2398 3755 est.
2424 3702 2746 3758 Seandalum
2773 3716 2856 3761 est
2889 3707 3098 3776 perfido
3127 3726 3142 3773 ;
3175 3709 3296 3780 quia
3325 3711 3410 3768 di-

1804 3795 1880 3850 cit
1902 3793 2124 3849 .ludaeus
2155 3811 2168 3845 :
2200 3793 2344 3864 Ergo
2373 3793 2460 3848 hic
2491 3795 2632 3850 Deus
2657 3805 2774 3863 est,
2808 3799 2896 3866 qui
2928 3799 3095 3854 homo
3124 3801 3272 3856 visus
3302 3813 3408 3869 est,

1807 3887 1896 3942 hic
1923 3887 2066 3941 Deus
2084 3894 2168 3940 cst
2189 3886 2277 3956 qui
2311 3885 2598 3956 jejunavit,
2622 3886 2710 3942 hic
2736 3889 2872 3944 Deus
2891 3901 2971 3944 est
2993 3893 3085 3960 qui
3110 3895 3407 3963 vapulavit,

1806 3978 1893 4033 inc
1925 3977 2068 4033 Deus
2109 3986 2192 4032 est
2224 3978 2313 4046 qui
2345 3979 2639 4034 cruciﬁxus
2667 3990 2752 4036 est
2772 4022 2786 4046 ,
2820 3981 2910 4037 hic
2940 3984 3079 4040 Deus
3113 3997 3194 4040 est
3226 3989 3315 4056 qui
3343 3988 3411 4045 de

1804 4083 1968 4126 cruce
1990 4067 2325 4123 descendere
2357 4078 2410 4124 et
2454 4085 2514 4125 se
2539 4069 2770 4126 liberare
2793 4085 2899 4127 non
2925 4076 3141 4142 potuit?
3167 4077 3408 4149 Denique

1809 4162 1914 4216 hoc
1943 4160 2197 4216 dicebant
2225 4167 2470 4231 tempore
2514 4162 2809 4218 Dominieae
2839 4166 3110 4234 passionis
3141 4186 3152 4223 :
3187 4169 3412 4227 Descen-

1806 4256 1894 4310 dat
1913 4255 1978 4308 de
2008 4271 2194 4323 cruce,
2226 4265 2274 4309 et
2315 4256 2574 4311 credimus
2605 4259 2672 4312 ei.
2707 4258 2936 4328 Conﬁdit
2965 4261 3018 4315 in
3051 4261 3196 4329 Deo,
3231 4266 3412 4321 liberet

1807 4367 1944 4405 nunc
1967 4366 2112 4418 eum,
2137 4352 2183 4406 si
2205 4351 2311 4406 uult
2335 4349 2550 4419 (Matth.
2578 4367 2724 4407 xxvn
2743 4393 2758 4418 ,
2776 4352 2849 4408 42
2869 4347 3054 4427 ειη).
3080 4357 3198 4413 Non
3228 4368 3280 4415 te
3309 4361 3410 4416 ista

1806 4450 2051 4511 tentent,
2079 4458 2185 4499 non
2205 4451 2258 4499 te
2282 4443 2383 4498 ista
2408 4445 2760 4513 perturbent,
2787 4462 2892 4501 non
2923 4449 2975 4502 in
2998 4451 3236 4506 animum
3262 4461 3410 4510 tuum

1808 4533 2116 4604 hujusmodi
2163 4550 2224 4590 se
2277 4535 2528 4604 ingeram
2581 4536 2961 4607 cogitationes.
3021 4539 3122 4595 Ubi
3181 4558 3311 4611 pax,
3356 4555 3412 4601 et

117 4630 384 4684 extollatur
412 4629 696 4687 secttndis.
724 4629 1000 4699 Nusquam
1033 4630 1100 4684 sit
1125 4613 1244 4698 eius
1271 4631 1519 4686 inﬁrmus
1545 4631 1704 4686 allec.
1727 4611 1781 4672 D
1809 4625 1976 4680 multa
2011 4641 2115 4694 pax
2147 4642 2162 4676 ε
2191 4626 2262 4678 ibi
2291 4639 2421 4678 crux
2448 4624 2655 4680 Christi
2687 4642 2793 4682 non
2824 4631 3154 4699 opprobrio,
3188 4636 3283 4690 sed
3327 4651 3416 4690 sa-

117 4728 210 4775 tus.
239 4722 302 4777 Et
327 4739 478 4780 more
514 4732 710 4789 tentet,
737 4723 916 4779 etvita
950 4731 1159 4788 tentet;
1191 4737 1324 4778 cave
1357 4722 1700 4779 scandalum.

176 4814 258 4869 i9.
284 4815 386 4882 Qui
416 4831 612 4888 pacem
647 4815 836 4881 habet,
868 4830 988 4885 quae
1021 4831 1238 4870 omnem
1262 4825 1501 4870 mentem
1534 4829 1699 4885 supe-

115 4913 207 4969 rat,
234 4922 458 4978 magnus
486 4918 570 4962 est
596 4924 612 4973 ;
639 4923 748 4963 non
774 4918 860 4964 est
885 4908 953 4963 de
985 4907 1198 4978 pusilli
1229 4906 1370 4963 istis.
1399 4906 1526 4962 ideo
1544 4921 1704 4961 scan-

115 4995 278 5053 dalum
305 5002 414 5070 pati
442 5015 553 5056 non
581 4999 787 5065 debet;
821 5001 944 5071 quia
978 5000 1296 5070 pusillorum
1327 5009 1413 5055 est
1442 4999 1704 5070 exagitari

114 5089 372 5146 seandalo.
400 5091 562 5148 Unde
591 5100 648 5147 et
669 5090 933 5147 Dominus
960 5090 1068 5162 ait;
1092 5091 1417 5162 Quicumque
1441 5090 1706 5144 scandali-

117 5184 292 5238 zaserit
315 5183 779 5256 unnmdepusillis
807 5183 921 5238 istis
945 5183 1175 5237 minimis
1200 5181 1418 5254 (Matth.
1439 5196 1592 5248 xvttt,
1625 5178 1704 5252 6).

113 5267 218 5327 Non
258 5274 435 5330 solum
473 5275 727 5345 pusillos,
767 5273 865 5330 sed
897 5274 1061 5329 etiam
1094 5273 1349 5328 minimos
1379 5271 1538 5338 dixit,
1569 5284 1708 5342 quos

116 5365 778 5431 perturbantsoandala;et
805 5365 926 5421 ideo
939 5365 1089 5436 gravi
1113 5365 1382 5420 obnoxius
1402 5375 1578 5432 omna:
1598 5373 1704 5429 est,

116 5461 170 5506 ut
191 5452 384 5525 legisti,
399 5458 728 5528 quicumque
749 5454 1273 5529 turbaveritlm
1297 5455 1527 5511 inﬁrma:
1555 5471 1707 5512 men-

117 5544 178 5598 tis
196 5545 652 5606 inlantiamﬁicut
671 5549 818 5605 enim
845 5549 1087 5620 graviori
1103 5549 1300 5621 dignus
1321 5548 1702 5619 supplieioest,

182 5679 376 5755 '_Edi_t.
410 5691 518 5740 vet.
551 5691 610 5740 et
639 5683 814 5740 Paris.
839 5684 1196 5755 qumdant,ut
1253 5697 1502 5751 corporea
1530 5682 1694 5755 ipsius

118 5751 422 5825 fortitudinis
467 5755 658 5825 efﬁciat
709 5751 873 5810 miles'
898 5755 1054 5810 bella.
1107 5754 1264 5825 Boni.
1321 5763 1442 5809 eum
1485 5751 1613 5808 mss.
1641 5754 1693 5808 in

119 5815 392 5880 lectionem
429 5815 664 5882 nostram
699 5828 1083 5891 consentiunt;
1117 5824 1214 5882 nisi
1259 5827 1399 5896 quod
1455 5825 1544 5879 illa
1605 5838 1699 5879 vo-

1812 4719 1910 4772 luti
1948 4726 2051 4772 est.
2084 4716 2199 4770 Non
2233 4715 2330 4769 luit
2358 4715 2654 4785 opprobrio
2684 4718 2844 4773 Petro
2871 4736 3001 4776 crux
3025 4722 3262 4792 Christi,
3296 4743 3416 4796 quae

1811 4817 2018 4864 tantum
2044 4807 2091 4862 ei
2118 4805 2306 4876 gloriae
2335 4806 2482 4862 dedit
2519 4823 2533 4872 ;
2564 4818 2621 4862 ut
2647 4808 2881 4866 inversis
2923 4811 3199 4869 Christum
3235 4818 3411 4873 bono-

1811 4909 1962 4956 rarct
2006 4899 2250 4970 vesugiis
2283 4915 2296 4952 :
2326 4907 2578 4954 metuens
2608 4915 2676 4956 ne
2705 4904 2749 4956 si
2791 4918 2855 4958 ea
2899 4907 3082 4974 specie
3123 4911 3418 4968 crucifixus

1811 5002 1989 5058 esset,
2025 5005 2128 5062 qua
2160 4991 2454 5058 Dominus,
2484 4990 2769 5048 atl‘ectasse
2814 4995 3025 5051 Domini
3059 4999 3285 5068 gloriam
3334 5004 3418 5058 vi-

1811 5083 2055 5140 deretur.
2077 5083 2221 5138 Crux
2247 5097 2382 5154 ergo
2407 5084 2768 5154 opprobrium
2794 5088 3002 5156 perfido
3028 5104 3040 5142 :
3070 5090 3212 5146 tideii
3235 5102 3414 5150 autem

1806 5174 2014 5245 gratia,
2047 5173 2192 5229 lideli
2223 5173 2561 5244 redemptio,
2589 5175 2734 5231 ﬁdeli
2766 5181 3098 5236 resurrectio
3127 5192 3208 5238 cst
3242 5201 3257 5251 ;
3289 5188 3415 5256 quia

1808 5281 1908 5337 pro
1938 5265 2096 5320 nobis
2121 5279 2313 5335 passus
2343 5276 2427 5320 est
2449 5266 2712 5324 Dominus
2743 5286 2758 5336 ;
2789 5271 2913 5340 quia
2938 5272 3035 5329 illo
3059 5290 3158 5329 nos
3188 5277 3420 5336 redemit

1808 5361 2074 5430 sanguine
2092 5399 2108 5424 ,
2143 5359 2231 5414 illa
2255 5358 2322 5412 ad
2353 5359 2663 5423 paradisum
2687 5365 3093 5423 resurrectione
3121 5373 3412 5429 remeavit.

1804 5453 1907 5521 Qui
1951 5452 2078 5524 brae
2105 5451 2308 5518 credit,
2342 5454 2618 5522 quomodo
2651 5466 2830 5525 potest
2872 5459 3118 5530 turbari,
3151 5465 3237 5520 cui
3287 5478 3413 5538 spes

1810 5546 1967 5617 regni
1998 5543 2238 5601 emiestis
2268 5546 2556 5617 assurgit?
3302 5577 3307 5584 ι

1813 5697 1954 5761 cem_-,
2001 5681 2148 5761 miles
2176 5721 2192 5745 ,
2243 5682 2522 5761 transtulit
2575 5683 2627 5738 in
2676 5686 2977 5761 membrum
3024 5704 3257 5761 sequens
3315 5695 3418 5754 hoc

1815 5752 1997 5824 modo,
2027 5753 2174 5808 miles
2192 5768 2370 5821 pacem
2398 5757 2641 5824 reformat
2671 5771 2690 5810 :
2714 5758 2890 5815 sed'ca
2924 5752 3152 5820 mutatio
3185 5775 3290 5824 non
3323 5752 3421 5824 ad;

1815 5823 2032 5878 modum
2063 5824 2243 5878 sensui
2278 5823 2581 5880 necessaria
2616 5839 2715 5882 θέε.
