3948 6374
478 339 614 398 1511

1823 329 2069 392 SANCTI
2107 327 2436 389 AMBROSII

3641 329 3777 387 1512

548 455 640 510 22.
686 453 864 523 (Vers.
895 450 1044 519 166.)
1078 449 1337 521 Sequitur
1361 463 1554 507 versus
1581 458 1769 507 sextus
1800 471 1814 508 :
1846 452 2073 526 Exspec-
2098 453 2149 514 Α
2180 453 2305 508 nilis
2333 448 2888 506 mtatemJUhiantem
2907 460 3065 504 error
3090 453 3197 516 est,
3215 446 3371 518 culpa
3394 446 3658 518 signatur.
3685 447 3780 503 llic

481 546 648 601 tabam
676 547 902 600 salutare
932 556 1102 606 tuum,
1139 543 1352 597 Domine
1381 559 1400 599 :
1427 558 1473 597 et
1515 554 1773 616 prcecepta
1816 554 1903 598 tua
1949 548 2066 615 feci.

480 637 580 706 Qui
603 645 898 707 exspectat,
922 643 1126 703 sperat.
1151 634 1478 690 Cbaritatetn
1500 651 1631 702 ergo
1652 650 1777 704 spes
1795 636 2071 705 pra-cedit,

480 731 726 796 sequitur
755 728 923 792 salus,
956 743 1080 796 Spes
1110 727 1274 794 igitur
1316 726 1598 798 praecurrit
1623 728 1872 784 eliectum
1904 746 1918 795 ;
1953 729 2075 784 ideo

481 821 573 891 qui
602 821 931 886 exspectavit
958 822 1186 877 salutem
1219 836 1248 874 a
1277 821 1508 876 Domino
1528 862 1542 884 ,
1572 835 1836 893 prmcepta
1861 821 2078 876 Damini

484 913 628 971 fecit.
672 913 882 987 1246
909 913 1064 970 Unde
1091 922 1148 968 et
1193 914 1458 969 Dominus
1502 914 1741 984 appellat
1789 915 1992 968 amicos
2024 914 2074 967 in

483 1006 780 1078 Evangelia
807 1007 991 1073 (Joan.
1026 1024 1130 1074 xv,
1167 1009 1232 1063 14
1256 1017 1302 1062 et
1330 1007 1448 1078 15),
1482 1023 1586 1064 non
1619 1022 1837 1074 ενι-νινε,
1871 1009 1960 1077 qui
1982 1023 2076 1063 sua

484 1109 756 1172 praecepta
780 1100 1049 1156 fecerunt.
1079 1100 1180 1168 Qui
1211 1101 1386 1171 diligit
1415 1101 1558 1155 enim
1580 1142 1594 1163 ,
1621 1101 1750 1155 facit
1774 1119 1786 1155 :
1812 1110 1867 1156 et
1889 1102 1980 1171 qui
2005 1100 2082 1157 le-

487 1195 623 1249 cerit
643 1234 658 1260 ,
691 1194 887 1248 merito
915 1192 1227 1248 dilectionis
1254 1194 1692 1249 remuneratione
1717 1193 1968 1248 donatur.

485 1316 490 1328 ι
555 1284 650 1341 25.
695 1285 875 1356 (Vers.
913 1285 1063 1356 167.)
1104 1285 1360 1354 Sequitur
1389 1303 1576 1342 versus-
1608 1289 1914 1357 septimus:
1949 1286 2082 1342 Cus-

487 1376 668 1432 todiuit
713 1379 885 1431 anima
910 1394 1022 1431 mea
1047 1379 1335 1433 testintonia
1359 1388 1447 1434 tua
1488 1397 1507 1432 .'
1537 1391 1583 1434 et
1611 1380 1791 1434 dilexit
1817 1396 1877 1432 ea
1906 1379 2078 1432 nimis.

487 1469 618 1524 Plus
647 1477 732 1523 est
756 1467 982 1539 diligere
1001 1508 1017 1531 ,
1045 1484 1204 1536 quam
1233 1469 1512 1524 cu~todire
1537 1486 1550 1522 :
1579 1479 1644 1524 et
1661 1484 1821 1536 supra
1849 1468 2086 1523 diximus

489 1561 645 1633 (vers.
679 1560 817 1626 i59,
851 1576 993 1614 nunt.
1026 1557 1119 1630 55')
1160 1562 1285 1631 quia
1329 1561 1638 1622 custodire.
1671 1560 1944 1616 interdum
1993 1575 2088 1614 ne-

488 1653 762 1709 cessitatis
807 1663 920 1717 est,
951 1653 1035 1708 vel
1069 1653 1279 1709 timoris
1312 1672 1325 1709 :
1357 1654 1584 1724 diligere
1610 1654 1913 1709 cbaritatis.
1961 1653 2088 1709 Ideo

489 1761 613 1803 cum
645 1745 732 1802 ltic
775 1745 1006 1802 ὀξεῖ-εει
1038 1765 1051 1802 :
1084 1747 1368 1808 Custodivt'.
1399 1747 1602 1816 adjecit
1631 1747 1801 1803 Dilrxi
1829 1765 1847 1814 ;
1880 1757 1936 1801 ut
1960 1761 2086 1802 cus-

2175 562 2306 616 ergo
2339 556 2419 599 est
2449 543 2729 614 profectus
2752 541 2895 602 linis.
2924 549 2982 596 ιιι
3008 541 3174 597 etiam
3201 541 3376 610 culpa:
3404 541 3494 595 sit.
3523 539 3630 597 Sed
3663 538 3782 594 vide

2174 639 2730 710 qttidinterpretetttr.
2768 635 2994 699 Erravit,
3027 635 3196 705 inquit
3225 650 3240 700 ;
3268 650 3373 690 non
3403 643 3568 700 errat,
3587 632 3680 687 sed
3704 648 3782 686 er-

2177 733 2330 786 ravit.
2352 731 2595 796 Errasse,
2614 730 2869 798 prmeriti
2898 739 2976 783 est
3011 727 3271 798 temporis
3295 743 3528 791 ret-rare,
3552 740 3785 798 praesen-

2178 824 2268 878 tis.
2286 822 2386 891 Qui
2405 822 2610 877 erravit
2630 863 2644 885 ,
2669 820 2870 877 desivit
2894 835 3101 888 errare,
3123 828 3176 876 et
3203 829 3440 875 veterem
3463 819 3788 874 condemnat

2178 931 2445 970 errorem.
2478 915 2552 969 De
2575 929 2642 970 eo
2665 913 2808 969 enim
2832 913 3376 982 dicitur,erravit,qui
3399 913 3451 966 in
3478 910 3786 982 errorejam

2181 1023 2287 1064 non
2330 1008 2440 1073 sit;
2471 1023 2592 1062 nam
2636 1009 2680 1062 is
2701 1007 2791 1078 qui
2819 1007 2996 1062 adhuc
3025 1005 3079 1061 in
3112 1021 3301 1061 errore
3329 1012 3788 1070 ttertnaneat,non

2180 1113 2398 1154 errasse
2422 1099 2746 1166 dicitur,sed
2777 1115 2998 1166 errare,
3032 1113 3217 1153 errare
3247 1097 3394 1154 enim
3426 1097 3791 1168 permanentis

2181 1190 2234 1246 in
2281 1192 2412 1245 vitio
2435 1202 2516 1248 est.
2547 1209 2561 1246 :
2595 1207 2840 1257 errasse,
2878 1193 3200 1263 corrigentis
3238 1198 3323 1248 est
3347 1192 3574 1254 lapsum.
3693 1251 3696 1253 λ

2251 1284 2306 1338 2.
2351 1283 2595 1354 Denique
2639 1284 2958 1340 emendator
2997 1301 3206 1339 tnormu
3234 1282 3306 1338 ait
3344 1301 3356 1339 :
3391 1281 3618 1338 Eramus
3658 1281 3794 1336 enint

2182 1377 2462 1446 aliquando
2503 1379 2802 1445 insipientes
2820 1421 2832 1440 ,
2860 1378 3148 1441 increduli,
3175 1388 3400 1432 errantes
3417 1377 3471 1432 in
3489 1375 3762 1430 desideriis
3781 1417 3794 1440 ,

2183 1479 2230 1524 et
2257 1469 2607 1541 voluptatibus
2638 1468 2766 1542 (Tit.
2792 1485 2880 1533 Ill,
2907 1470 2987 1532 5).
3014 1468 3128 1525 Non
3157 1468 3383 1524 dixisset
3408 1469 3593 1535 utique
3617 1486 3630 1526 :
3657 1466 3795 1521 Era-

2185 1578 2298 1615 mtts
2349 1560 2637 1630 aliquando
2693 1561 3026 1632 insipientes,
3070 1562 3172 1616 nisi
3225 1559 3318 1631 qui
3370 1559 3598 1631 adeptus
3649 1566 3797 1614 esset

2197 1662 2381 1724 postea
2461 1652 2742 1722 sapientia:
2818 1653 3182 1723 disciplinam.
3259 1653 3443 1723 Neque
3508 1651 3793 1706 dixisSt-t:

2203 1744 2411 1818 1247
2447 1744 2670 1799 Eramus
2696 1757 2924 1801 errantes
2945 1787 2960 1810 ,
2995 1747 3097 1800 nisi
3135 1747 3223 1814 qui
3254 1746 3594 1815 superiorem
3623 1743 3798 1810 tlepo-

492 1839 635 1896 todia
669 1841 900 1895 amantis
929 1840 1092 1896 fuerit
1114 1880 1130 1906 ,
1162 1856 1268 1896 non
1294 1841 1558 1897 timentis.
1588 1841 1690 1908 Qui
1721 1841 1948 1896 nimium
1969 1838 2089 1894 diii-
2121 1866 2169 1925 Β
2197 1842 2399 1892 suisset
2421 1854 2686 1894 errorem.
2711 1838 2953 1910 Denique
2971 1839 3306 1894 utaliolitunt
3327 1840 3532 1909 lapsum
3552 1839 3797 1901 doceret,

490 1933 600 2003 git,
635 1931 863 1987 nimium
899 1933 1157 1987 custodit.

564 2024 656 2079 21.
703 2025 886 2096 (Vers.
919 2024 1068 2094 168.)
1093 2025 1351 2095 Sequitur
1376 2039 1567 2081 versus
1588 2039 1813 2084 octavus
1839 2045 1852 2083 :
1883 2029 2094 2086 Servavi

496 2127 754 2189 prisci-pta
784 2129 874 2172 tua
917 2127 965 2172 et
1013 2120 1422 2173 testimonia-tua
1452 2137 1470 2187 ;
1495 2122 1739 2191 quoniam
1781 2139 1957 2178 omnes
2001 2126 2096 2178 via:

495 2227 624 2266 mea
637 2219 757 2264 ante
785 2220 833 2263 te
853 2250 869 2272 ,
901 2208 1138 2264 Domine.
1171 2210 1367 2265 Beatus
1391 2213 1482 2280 qui
1515 2221 1693 2275 potest
1717 2212 1902 2268 dicere
1928 2230 1940 2266 :
1970 2212 2096 2266 Dni-

495 2322 587 2360 nes
634 2307 729 2360 vite
777 2319 902 2359 mea:
930 2314 1048 2360 ante
1091 2304 1300 2375 te:qui
1349 2305 1485 2359 nolit
1520 2305 1858 2362 abscondere
1905 2322 2095 2362 omnes

495 2399 853 2469 cogitationes
899 2415 1060 2464 suas,
1092 2414 1282 2455 omnes
1327 2408 1482 2453 actus
1524 2415 1650 2455 suos
1684 2419 1696 2454 :
1730 2399 2098 2456 altscondebat

497 2493 671 2549 Adam
721 2493 861 2549 viam
906 2508 1090 2557 suam,
1121 2492 1499 2548 abscondebat
1545 2493 1654 2547 Eva
1686 2504 1802 2560 post
1835 2493 2050 2563 culpam
2079 2533 2092 2558 ,

496 2585 874 2641 abst-ontlebat
897 2583 1029 2641 Cain
1056 2600 1244 2640 necem
1274 2584 1476 2640 fratris.
1516 2583 1572 2640 ln
1604 2584 1801 2640 all'ectu
1829 2585 2095 2640 habemus

497 2679 837 2737 abscondere
863 2721 878 2745 ,
906 2695 1012 2735 non
1040 2681 1091 2734 in
1114 2679 1330 2734 ell'ectu.
1364 2677 1527 2732 Plena
1559 2677 1943 2734 alis-corniculis
1968 2693 2095 2747 per-

496 2770 621 2828 ﬁdia
649 2811 665 2839 ,
694 2772 797 2828 etsi
825 2771 967 2843 apud
993 2772 1160 2828 Deum
1185 2771 1329 2826 nulla
1356 2771 1423 2825 sit
1449 2770 1676 2826 latebra.
1701 2769 1828 2825 Ideo
1855 2771 2092 2826 Ecclesia

497 2867 552 2922 in
583 2867 819 2921 Canticis
841 2882 934 2920 sua
963 2867 1011 2920 ei
1042 2879 1252 2922 secreta
1282 2865 1612 2920 mnn5trabat
1633 2906 1650 2933 ,
1675 2864 1867 2920 dicens
1894 2883 1906 2918 :
1935 2864 2097 2918 Assu-

498 2975 634 3013 mam
673 2968 751 3021 te,
779 2967 827 3013 et
867 2959 1110 3012 inducant
1143 2969 1190 3013 te
1219 2959 1273 3011 in
1303 2959 1511 3013 domum
1541 2958 1720 3012 matris
1766 2973 1890 3013 ntere
1910 2998 1925 3022 ,
1956 2966 2002 3010 et
2043 2957 2096 3009 in

497 3063 749 3108 secretum
777 3053 889 3124 ejus
915 3066 1029 3120 quo:
1057 3052 1287 3123 concepit
1318 3067 1400 3104 me
1430 3049 1603 3119 (Cant.
1658 3066 1753 3105 vttt
1772 3093 1786 3111 .
1825 3050 1910 3118 2).
1961 3049 2094 3105 Nam

498 3145 602 3201 etsi
626 3143 770 3199 Deus
791 3140 975 3196 omnia
1000 3143 1178 3198 videat
1203 3141 1387 3197 cordis
1409 3143 1617 3197 occulta
1644 3159 1659 3206 ;
1690 3142 1889 3197 bonum
1914 3152 2094 3197 tamen

498 3247 584 3295 est
615 3247 674 3291 ιιι
722 3236 1095 3306 unusquisque
1122 3235 1359 3290 animam
1389 3250 1541 3290 suam
1569 3237 1619 3290 ei
1650 3236 1857 3304 aperiat
1894 3245 1946 3289 et
1998 3250 2095 3290 ex-

501 3327 724 3400 pandat,
748 3339 799 3383 et
827 3339 1100 3396 tamquam
1135 3327 1320 3383 lumini
1360 3327 1441 3381 vel
1471 3325 1638 3380 calori
1677 3327 1795 3395 ejus
1823 3334 2093 3380 occurrat.

499 3418 613 3475 Nec
640 3419 913 3475 immerito
940 3421 1212 3490 gloriatur
1240 3419 1483 3476 Ecclesia
1503 3463 1518 3487 ,
1553 3417 1623 3472 dit
1642 3433 1742 3473 ens
1771 3435 1785 3473 :
1819 3416 1932 3490 Ego
1959 3434 2096 3471 eram

501 3510 557 3565 in
584 3511 749 3565 oculis
779 3515 890 3584 ejus
920 3520 1178 3581 tamquam
1226 3512 1486 3566 inveniens
1533 3527 1711 3582 pacem
1748 3512 1795 3582 (Ι
1806 3511 1908 3564 bid.
1930 3553 1946 3576 ,
1967 3511 2056 3579 to)
2082 3527 2095 3578 ;

503 3603 756 3673 quoniam
806 3602 918 3656 vias
958 3618 1082 3657 sitas
1113 3604 1341 3674 prodere
1371 3620 1474 3658 nou
1527 3604 1768 3658 timebat.
1800 3604 1936 3658 .lusti
1969 3620 2098 3674 ergo

503 3705 586 3752 est
618 3695 715 3750 ism
749 3711 851 3751 vox
883 3714 895 3750 :
933 3695 1084 3750 Oculi
1118 3699 1259 3750 enim
1292 3698 1499 3751 Domini
1525 3714 1683 3769 super
1700 3699 1872 3768 justas
1922 3698 2094 3767 (Psal.

504 3804 705 3858 xxxnt,
737 3789 852 3858 16).
887 3789 1072 3860 Itaque
1095 3791 1326 3846 Domino
1349 3790 1477 3848 Jesu
1509 3790 1729 3847 Christo
1751 3833 1764 3857 ,
1795 3793 1882 3863 qui
1907 3803 1989 3848 est
2016 3792 2097 3847 tia

504 3892 560 3936 et
603 3881 838 3946 veritas,
878 3880 1016 3938 bene
1049 3882 1151 3938 hnc
1182 3882 1381 3938 dicitur
1416 3884 1485 3939 ab
1514 3885 1577 3939 iis
1607 3883 1698 3954 qui
1725 3884 1868 3938 illam
1917 3900 2096 3940 teratu

503 3973 646 4028 viam
686 3973 822 4038 lide,
855 3975 1132 4040 moribus,
1163 3986 1391 4048 actuqtte
1421 3975 1735 4031 desiderant
1774 3977 2097 4034 convenire:

509 4064 699 4120 Omnes
724 4067 820 4120 vite
845 4082 970 4120 meae
998 4083 1174 4122 coram
1205 4077 1282 4134 te,
1307 4068 1547 4124 Domine.
1580 4069 1734 4124 Nulla
1756 4073 1900 4126 enim
1925 4080 2102 4141 potest

505 4159 594 4213 via
625 4174 747 4213 esse
775 4159 947 4226 bona,
978 4161 1078 4214 nisi
1101 4176 1262 4230 quam
1297 4175 1351 4217 tu
1383 4163 1788 4220 illuminandatn
1822 4169 1894 4220 tui
1926 4165 2101 4221 visita-

506 4249 656 4305 tione
681 4250 898 4304 luminis
913 4250 1243 4320 iudicaveris
1267 4273 1282 4308 :
1304 4255 1390 4309 cui
1408 4265 1490 4309 est
1515 4257 1718 4320 Itonor,
1735 4257 1904 4327 gloria
1923 4298 1938 4321 ,
1961 4257 2098 4324 laus,

505 4342 845 4414 perpetuitas
895 4357 926 4397 a
963 4344 1223 4410 "steculis,
1255 4353 1311 4401 et
1356 4362 1532 4415 nunc,
1565 4354 1621 4403 et
1664 4363 1912 4418 semper,
1945 4359 2001 4405 et
2046 4350 2098 4404 in

505 4438 686 4491 omnia
715 4435 913 4492 saecula
935 4437 1283 4494 saeculorum.
1313 4442 1509 4496 Amen.

774 4549 1010 4609 SERMO
1053 4551 1424 4612 VlGESlMUS
1464 4554 1843 4613 SECUNDUS.

1192 4673 1256 4723 Π.
1279 4667 1413 4725 Ttttt.

576 4799 629 4858 1.
669 4801 860 4871 Incipit
892 4801 1068 4858 littera
1100 4802 1242 4868 Tau,
1269 4819 1394 4875 quae
1433 4803 1598 4859 latina
1647 4804 2095 4874 interpretatione

499 4895 799 4966 signiﬁcat.
825 4895 1033 4950 Erravit
1059 4913 1077 4951 :
1100 4897 1204 4951 alia
1224 4898 1600 4963 interpretatio
1623 4899 1816 4965 habet,
1843 4900 2096 4955 Consum-

499 4993 682 5046 mavit.
705 4990 844 5058 Quid
867 4999 954 5047 est
973 4991 1218 5046 erravit?
1241 4991 1511 5062 Vigesitna
1532 4992 1763 5047 secunda
1791 4994 1964 5049 Ιίιεοιιι
1987 5005 2092 5058 est,

499 5098 622 5155 qua:
652 5082 795 5152 apud
827 5083 1083 5138 Hebraeos
1113 5094 1200 5138 est
1238 5084 1447 5138 ultitna.
1480 5084 1696 5138 Psalmo
1721 5097 1900 5140 autem
1953 5086 2056 5141 isto
2077 5128 2091 5153 ,

499 5174 605 5231 hoc
633 5185 748 5240 est,
779 5177 1080 5232 centesimo
1107 5185 1300 5231 octavo
1327 5176 1540 5232 decimo
1591 5178 1891 5247 profectam
1925 5179 2097 5235 homi-

497 5267 585 5324 nis
615 5268 849 5323 diximus
873 5267 1062 5340 (Sup.,
1093 5269 1147 5322 in
1178 5270 1382 5341 prolog.
1404 5270 1561 5330 huius
1589 5271 1748 5344 psal.)
1781 5273 2097 5342 significari,

497 5362 588 5432 qui
621 5361 884 5416 doctrina:
912 5362 1133 5416 moralis
1155 5362 1482 5430 magiSIeriis
1504 5364 1781 5428 eruditus,
1800 5364 2100 5434 deponeret

497 5464 715 5507 omnem
759 5451 1131 5508 inexercitata:
1181 5453 1379 5508 tuentis
1427 5454 1742 5520 infantiam,
1794 5465 2101 5514 assumeret

496 5554 680 5601 autem
719 5548 965 5602 veterani
1016 5547 1235 5602 consilii
1264 5548 1549 5605 scientiam
1577 5560 1634 5606 et
1674 5550 1976 5620 prudentiae
2011 5568 2098 5609 se-

568 5687 596 5716 ι
639 5678 779 5734 ﬁdit.
834 5681 1264 5749 vet..prteterita
1315 5681 1527 5736 donare.
1592 5682 1786 5746 Rom.,
1834 5687 2096 5750 praeterita

495 5748 873 5824 damnare.__Et
914 5748 1114 5824 rursus
1148 5752 1312 5824 intra,
1348 5763 1457 5806 vet.
1501 5752 1631 5808 etlit.
1656 5748 1916 5815 ,conditio
1947 5758 2097 5824 lapsa

495 5821 739 5874 recreari.
766 5820 1193 5888 ttom.,conditio
1211 5822 1350 5877 lassa
1370 5825 1612 5878 recreari.
1637 5824 1767 5881 Mss.
1793 5841 1922 5882 vero
1943 5820 2095 5884 utro-

345 6356 368 6360 __
932 6359 1068 6361 __,_,,
1107 6360 1114 6361 4
1197 6361 1251 6363 7A

2195 1945 2297 1984 nec
2330 1930 2497 1984 ttllum
2524 1929 2842 1985 oll‘ensionis
2872 1931 3140 1986 resedisse
3167 1931 3485 2002 vesﬁgimn,
3514 1931 3590 1985 ait
3621 1949 3635 1984 :
3668 1929 3795 1985 Cum

2195 2032 2364 2078 autem
2420 2023 2737 2093 benignitas,
2781 2035 2828 2079 et
2881 2025 3177 2079 [inmanitas
3227 2030 3473 2097 apparuit
3529 2026 3799 2079 salvatoris

2195 2115 2357 2169 nostri
2379 2113 2444 2168 D.
2461 2115 2480 2169 i
2500 2157 2515 2176 .
2543 2131 2644 2169 non
2663 2132 2729 2170 ea:
2751 2116 2989 2182 operibus
3006 2117 3255 2187 justniw,
3281 2131 3397 2185 quae
3428 2116 3646 2186 fecimus
3667 2131 3759 2169 nos
3783 2129 3800 2167 :

2195 2205 2285 2260 sed
2310 2207 2594 2261 secundum
2623 2222 2773 2260 suam
2802 2207 3212 2261 misericordiam
3237 2209 3404 2262 salvos
3433 2224 3524 2261 nos
3554 2207 3680 2274 fecit
3712 2221 3797 2277 per

2197 2301 2458 2356 lavacrum
2488 2304 2892 2374 regenerationis
2918 2313 2966 2356 et
2994 2302 3336 2357 renovationis
3383 2300 3616 2370 Spiritus
3640 2300 3800 2354 sancti

2195 2389 2436 2463 (lbtd.,4
2458 2394 2791 2466 etﬁ).Veteri
2824 2396 2986 2464 igitur
3010 2408 3195 2449 errore
3224 2392 3560 2460 deposito,et
3593 2389 3800 2460 Spitittt

2194 2495 2418 2552 sancto,
2445 2496 2609 2558 atque
2639 2489 2787 2543 omni
2821 2504 3029 2543 tuorum
3080 2485 3461 2542 emendatione
3505 2493 3802 2539 renowttus

2197 2575 2369 2632 dicit:
2404 2576 2627 2632 Erantus
2663 2579 2798 2632 enim
2832 2579 3114 2648 aliquando
3159 2585 3410 2631 errantes.
3458 2574 3621 2631 Vides
3673 2589 3803 2645 ergo

2195 2669 2321 2739 quia
2352 2670 2526 2724 errori
2553 2671 2893 2725 renuntiasse
2916 2686 3022 2723 non
3048 2668 3161 2723 vitii
3180 2709 3196 2735 ,
3221 2667 3318 2724 sed
3361 2667 3632 2737 prcit-etus
3661 2675 3766 2721 est.

2268 2761 2322 2816 ὃ.
2365 2761 2647 2818 Postremo
2676 2762 2794 2831 ipse
2829 2773 2880 2818 te
2901 2762 3095 2818 docrat
3126 2761 3388 2817 Dominus
3410 2760 3595 2825 .lesus,
3627 2766 3673 2813 si
3706 2761 3801 2812 Itu-

2200 2853 2378 2908 manis
2405 2854 2650 2909 con~iliis
2677 2855 2759 2910 vel
2791 2855 3076 2909 sententiis
3107 2868 3211 2906 nou
3243 2865 3395 2922 putas
3423 2867 3545 2908 esse
3569 2851 3802 2908 creden-

2197 2946 2349 3002 dum.
2395 2946 2638 3018 Namque
2666 2948 2718 3002 itt
2753 2949 3044 3018 Evangelia
3083 2963 3183 3003 suo
3234 2949 3352 3020 ipse
3382 2951 3618 3004 asseruit
3658 2947 3802 3017 quod

2200 3053 2386 3114 pastor
2442 3043 2664 3109 reti-iuit
2707 3043 3000 3114 nonaginta
3029 3051 3300 3099 etnovem
3345 3059 3502 3109 oves,
3535 3057 3588 3099 et.
3641 3059 3803 3099 unam

2201 3137 2428 3207 requirit
2454 3154 2574 3204 qua:
2596 3139 2798 3193 erravit
2819 3138 2998 3211 (Lucae
3019 3153 3087 3193 xv
3104 3180 3120 3203 ,
3145 3137 3221 3208 4).
3247 3135 3554 3193 Centesima
3579 3139 3701 3190 ovis
3725 3144 3807 3192 est

2125 3241 2170 3305 ρ
2201 3248 2360 3302 quam
2404 3232 2536 3289 dicit
2579 3250 2795 3290 errasse
2825 3252 2837 3288 :
2871 3235 3134 3303 perfectio
3173 3245 3228 3290 et
3261 3235 3538 3304 plenitudo
3587 3234 3806 3289 numeri

2209 3328 2324 3399 ipsa
2358 3337 2411 3384 te
2442 3330 2671 3384 instruat
2711 3339 2765 3384 et
2809 3330 3083 3384 informet.
3130 3327 3246 3384 Non
3291 3328 3560 3383 immerito
3591 3329 3807 3384 ca-teris

2201 3424 2540 3489 antefertur;
2565 3424 2688 3494 quia
2715 3424 2938 3492 plusest
2964 3439 2992 3477 a
3026 3423 3157 3478 vitio
3194 3438 3254 3478 se
3285 3437 3608 3488 revocasse,
3642 3436 3804 3490 quam

2202 3533 2368 3589 prope
2388 3518 2516 3572 vitia
2541 3519 2653 3586 ipsa
2681 3517 2944 3573 nescisse.
2976 3516 3219 3579 [tubulos
3241 3517 3387 3572 enim
3422 3515 3568 3572 vitiis
3591 3517 3810 3571 animos

2200 3625 2399 3664 exuere
2429 3608 2602 3664 frenis
2629 3609 2989 3678 cupiditatum
3012 3618 3174 3674 atque
3197 3609 3521 3665 emendasse
3540 3651 3555 3672 ,
3588 3625 3704 3663 non
3727 3623 3817 3663 so-

2201 3701 2313 3756 lum
2348 3701 2604 3769 perfectae
2627 3703 2842 3757 virtutis
2865 3744 2879 3762 ,
2910 3702 3002 3758 sed
3029 3702 3192 3757 etiam
3217 3701 3460 3757 caelestis
3485 3711 3566 3756 est
3591 3701 3807 3771 gratim.

2202 3793 2508 3850 Emendare
2533 3797 2733 3848 etenim
2766 3795 2944 3849 futura
2994 3795 3314 3849 attentionis
3368 3794 3626 3850 humanm
3681 3803 3811 3850 est:

2204 3896 2229 3926 τι
2247 3887 2520 3952 promerita
2537 3887 3002 3943 tlantnarediviuaa
3025 3895 3110 3942 est
3131 3887 3432 3958 potestatis.
3461 3885 3708 3949 [leuique
3730 3887 3814 3941 in-

2201 3989 2417 4035 ventam
2441 3991 2628 4052 pastor
2648 3995 2803 4035 ovem
2830 3981 3068 4034 humeris
3094 3979 3350 4048 imposuit
3369 3980 3485 4034 suis
3503 3978 3554 4050 (Ι
3563 3979 3678 4034 bid.
3698 4021 3713 4042 ,
3734 3975 3812 4050 5).

2201 4073 2470 4145 Agnoscis
2499 4076 2688 4146 utique
2715 4075 3036 4148 mysterium
3057 4115 3072 4138 ,
3102 4073 3377 4143 quomodo
3407 4074 3526 4128 ovis
3556 4074 3704 4128 lassa
3731 4089 3817 4129 rc-

2204 4164 2415 4221 ﬁcialur
2443 4183 2457 4231 ;
2490 4167 2612 4236 quia
2647 4181 2754 4221 non
2788 4174 2968 4236 potest
3015 4165 3173 4220 aliter
3219 4164 3452 4219 humana
3494 4163 3523 4203 ι’
3565 4165 3818 4222 conditio

2213 4260 2350 4314 lassa
2377 4261 2652 4326 recreari,
2708 4260 2809 4316 nisi
2841 4268 3183 4315 sacramento
3212 4259 3509 4314 Dominica:
3537 4260 3820 4329 passionis

2205 4360 2262 4409 et
2280 4353 2558 4424 sanguinis
2579 4353 2704 4409 lesu
2732 4353 2972 4413 Christi.
2995 4357 3148 4428 cujus
3170 4353 3496 4422 principatus
3521 4370 3688 4422 super
3711 4352 3814 4406 hu-

2206 4461 2373 4500 meros
2401 4446 2513 4514 ejus
2547 4443 2716 4516 (Esai.
2743 4461 2828 4511 ις,
2860 4448 2915 4516 6)
2947 4461 2962 4511 ;
2995 4446 3048 4501 in
3087 4445 3178 4498 illa
3211 4443 3354 4500 enim
3379 4459 3548 4500 cruce
3577 4446 3818 4499 inﬁrmi-

2206 4546 2346 4593 tates
2376 4547 2592 4592 uostras
2619 4541 2891 4609 portavit,
2917 4548 2974 4592 ιιι
2998 4538 3068 4592 ibi
3091 4538 3332 4593 omnium
3357 4547 3578 4606 peccata
3611 4554 3817 4594 Vacua-

2120 4629 2176 4689 l)
2203 4639 2305 4685 ret.
2335 4628 2526 4684 Merito
2555 4629 2795 4700 gaudent
2824 4631 2999 4701 angeli
3035 4646 3049 4694 ;
3083 4630 3207 4696 quia
3243 4630 3288 4683 is
3315 4629 3407 4699 qui
3437 4631 3674 4698 erravit,
3702 4630 3816 4701 jam

2201 4737 2308 4778 non
2335 4731 2512 4788 errat,
2541 4721 2652 4792 jam
2683 4739 2836 4778 suum
2861 4733 2947 4779 est
2966 4722 3168 4778 oblitus
3205 4738 3473 4779 errorem.

2272 4815 2329 4872 4.
2372 4815 2487 4870 Non
2517 4832 2672 4872 error
2708 4816 2906 4885 igitur,
2931 4817 3026 4872 sed
3058 4817 3460 4872 consummatio
3510 4825 3598 4872 est
3641 4828 3704 4873 ut
3737 4818 3820 4873 al-

2201 4919 2314 4988 tera
2343 4911 2506 4965 docet
2547 4911 2946 4980 interpretatio.
2989 4910 3399 4966 Cousmnmatio
3428 4921 3616 4967 autem
3643 4953 3660 4974 .
3696 4927 3824 4984 per-

2200 5003 2360 5059 fectio
2409 5003 2709 5073 disciplinae
2761 5013 2864 5059 est.
2921 5002 3076 5060 Unde
3126 5011 3182 5058 et
3233 5003 3537 5058 llieretnias
3588 5004 3650 5057 in
3707 5004 3824 5059 suis

2201 5094 2435 5150 Threnis
2478 5095 2581 5150 sub
2626 5095 2725 5150 hac
2774 5096 2953 5151 littera
3005 5097 3125 5150 ait:
3157 5092 3358 5163 Defecit
3401 5095 3653 5164 iniquitas
3699 5107 3818 5160 tua,

2201 5189 2312 5258 [ilia
2342 5188 2470 5244 Sion
2502 5204 2520 5242 :
2549 5204 2653 5242 non
2692 5187 2903 5255 adiiciet
2944 5197 2992 5241 te
3025 5187 3280 5256 expellere
3321 5186 3514 5239 adhuc.
3573 5184 3826 5241 Visitavit

2202 5281 2504 5351 iniquitates
2533 5290 2650 5335 tuas
2671 5321 2685 5344 ,
2716 5281 2830 5350 ﬁlia
2863 5279 3027 5334 Edam
3060 5295 3079 5334 :
3107 5278 3346 5334 reuelauit
3393 5295 3550 5349 super
3604 5291 3824 5351 peccata

2200 5383 2291 5428 tua
2319 5372 2536 5431 (Tltren.
2564 5388 2616 5427 tv
2637 5414 2651 5435 ,
2674 5371 2796 5441 2|).
2822 5371 3077 5427 Advertis
3109 5372 3366 5439 quoniam
3397 5370 3671 5441 iniquitas
3717 5389 3822 5426 non

2200 5467 2376 5537 putuit
2399 5466 2517 5520 sine
2552 5466 2644 5519 Dei
2674 5465 2987 5520 visitatioue
3028 5464 3297 5525 deﬁcere,
3335 5478 3436 5518 nec
3479 5466 3648 5532 plena
3699 5478 3823 5519 esse

2200 5560 2493 5622 correctio,
2523 5559 2627 5614 nisi
2659 5574 2753 5629 per
2779 5561 3008 5629 gratiam
3041 5557 3252 5612 Domini
3281 5555 3638 5612 Salvatoris‘l
3673 5557 3822 5626 Quo«

2209 5688 2372 5756 bique
2405 5689 2594 5753 partim
2622 5688 2775 5750 huic.
2803 5689 2993 5760 partim
3023 5687 3130 5742 illis
3155 5683 3446 5760 accedunt.

2277 5759 2304 5799 ι)
2346 5759 2465 5846 Yet.
2515 5760 2648 5817 edit.
2698 5757 2822 5816 cuni
2866 5771 3019 5832 parte
3060 5757 3475 5826 mss.,conditio
3522 5757 3690 5830 lapsa
3740 5776 3824 5816 re-

2207 5846 2397 5888 creari.
