3948 6384
164 346 273 403 liii?)
1194 338 1258 395 ΙΝ
1300 338 1631 397 PSALMUM
1667 340 1755 397 CX

1869 338 1883 394 l
1924 335 2310 394 EXPOSITIO.
3242 338 3379 397 {5N

153 461 284 518 modo
316 465 472 511 autem
508 452 725 509 deliciat
769 452 1058 519 iniquitas,
1092 454 1215 508 audi
1269 453 1540 509 dicentem
1580 454 1684 510 Ec-
1709 476 1759 536 Α
1787 452 1889 507 viri
1922 452 2053 507 satis
2080 452 2312 506 habeant
2339 448 2385 505 si
2414 464 2604 505 eorum
2634 450 3032 521 appropinquat
3059 452 3256 507 oratio.

154 552 334 609 clesiam
360 566 371 601 :
400 546 525 602 Επιιί
550 546 776 599 tunicam
794 545 1275 615 meam,quomodo
1298 546 1511 599 induant
1536 545 1682 600 eam?
1860 549 1913 601 7.
1957 546 2033 601 Ex
2074 561 2173 599 usu
2213 554 2393 599 autem
2441 545 2610 599 nostri
2656 544 2923 599 sermonis
2971 545 3382 602 consideremus

151 644 254 700 Lavi
268 640 401 711 pedes
417 653 574 701 meos,
600 635 857 706 quomodo
881 635 1162 706 inquinabo
1191 652 1278 691 eos
1301 634 1481 706 (Cant.
1514 652 1577 703 v,
1601 638 1681 705 5).
1788 639 1915 710 quid
1946 639 2014 693 sit
2040 637 2492 708 appropinquare.
2525 636 2803 692 Constitue
2832 638 3146 709 magistrum
3172 681 3186 704 ,
3221 650 3383 710 atque

150 734 321 791 Veteris
346 729 492 802 igitur
516 728 753 784 hominis
782 727 1166 783 vestimentum
1198 728 1347 783 vitiis
1373 730 1578 784 erroris
1606 731 1689 784 in-
1790 731 2113 801 discipulum
2148 747 2160 783 :
2195 730 2240 784 si
2295 730 2594 799 discipulus
2646 730 2944 785 studiosius
2999 732 3244 801 magistri
3304 733 3383 788 vel

154 836 350 891 textum,
376 824 426 879 in
468 822 667 879 lavacri
708 822 1123 892 regeneratioue
1165 822 1475 893 depositum
1515 823 1688 878 nescit
1793 823 1973 879 ltausit
2021 823 2328 894 ingenium,
2360 824 2447 879 vel
2492 836 2764 894 pra-cepto
2802 824 3068 888 intendit,
3109 827 3181 881 ita
3219 839 3276 881 ut
3318 828 3385 882 ad

150 918 376 992 quomodo
408 919 576 988 possit
616 914 890 981 induere;
924 915 1105 971 studio
1140 916 1287 971 enim
1335 916 1690 971 correctionis
1794 916 2200 971 similitudinem
2247 916 2428 985 operis
2474 917 2593 986 ejus
2644 930 2808 988 atque
2849 917 3111 973 doctrinm
3146 936 3275 989 prox
3306 936 3391 978 nte

152 1008 610 1068 inoleveratoblivio
625 1015 991 1079 peccatorum.
1012 1006 1186 1063 Tanta
1203 1007 1285 1062 vis
1301 1016 1690 1062 consummata:
1797 1009 2039 1064 videatur
2071 1010 2333 1065 accedere
2373 1027 2388 1075 ;
2432 1026 2617 1065 nonne
2646 1011 2830 1066 dicere
2860 1012 3099 1067 solemus
3126 1014 3266 1084 quod
3297 1030 3389 1085 ap-

150 1102 497 1161 emendationis
525 1110 608 1156 est
637 1142 654 1169 ,
686 1108 749 1155 ut
786 1100 843 1156 itt
885 1098 1174 1171 quamdam
1207 1099 1458 1170 pueritia:
1504 1098 1694 1155 redeat
1799 1105 2178 1174 propinquavit
2219 1105 2477 1173 magistro
2504 1106 2528 1158 ἲ
2556 1105 2697 1175 Ergo
2726 1114 2778 1159 et
2807 1114 2860 1159 tu
2894 1107 2935 1159 si
2971 1107 3299 1163 imitatorem
3341 1118 3393 1163 tc

152 1194 370 1267 spiritalis
394 1203 602 1249 aetatem
627 1233 642 1258 ,
672 1207 797 1263 qua:
834 1192 952 1247 vias
978 1191 1184 1247 erroris
1211 1192 1455 1262 ignoret,
1486 1190 1693 1245 crimen
1801 1196 2046 1264 praebeas
2091 1195 2296 1251 Christi
2324 1196 2464 1250 sicut
2495 1196 2584 1250 ille
2614 1199 2703 1262 qui
2726 1198 2803 1250 ait
2832 1215 2844 1249 :
2879 1195 3172 1252 Imitatores
3193 1202 3292 1254 mei
3317 1217 3396 1255 cs—

150 1286 325 1341 etiztmsi
348 1283 501 1349 velit,
530 1298 637 1339 non
669 1281 843 1354 possit
869 1281 1157 1338 admittere
1183 1299 1197 1346 ;
1226 1282 1351 1352 quia
1383 1279 1696 1336 desueverit
1802 1299 1935 1354 ιοιε,
1984 1289 2115 1343 sicut
2153 1298 2204 1343 ει
2234 1280 2323 1360 eg'o
2365 1288 2558 1344 ειη-ᾔδεε
2590 1289 2797 1357 (ισον,
2831 1307 2911 1358 ιν,
2950 1292 3040 1359 16)
3074 1312 3087 1347 ε
3120 1294 3163 1347 εί
3212 1295 3394 1351 dolum

157 1394 280 1434 usum
306 1393 452 1434 nosse
492 1376 774 1447 peccandi.
812 1377 881 1431 Et
902 1375 1013 1445 jam
1036 1375 1104 1431 de
1125 1374 1289 1445 hujus
1311 1374 1509 1429 littera!
1530 1373 1697 1428 inter—
1803 1382 2045 1449 nescias,
2071 1382 2407 1438 mendatium
2437 1383 2619 1439 oderis
2636 1426 2651 1448 ,
2677 1385 2958 1440 veritatem
2983 1389 3259 1457 Sequaris,
3280 1389 3400 1458 jus-

149 1472 406 1542 pretatioue
432 1469 564 1525 satis
589 1469 797 1525 dictum
820 1469 1057 1524 arbitror
1087 1486 1101 1522 ἒ
1132 1481 1278 1522 nunc
1303 1478 1697 1538 cognoscamus
1805 1474 1976 1528 tiliam
2009 1489 2114 1529 non
2150 1474 2417 1545 refugias,
2442 1475 2632 1546 diligas
2661 1476 3038 1533 castimoniam
3063 1524 3074 1543 ν
3103 1480 3403 1549 appropin-

150 1579 202 1619 ex
226 1562 467 1631 subditis,
501 1572 528 1601 ἰ
554 1578 675 1632 quae
702 1562 776 1617 sit
800 1561 899 1617 viri
931 1560 1295 1616 consummati
1332 1560 1624 1615 sententia.
1805 1566 1985 1637 quasti
2013 1565 2261 1632 Christo,
2296 1577 2350 1624 ει
2380 1584 2476 1637 per
2509 1568 2786 1624 Christum
2825 1571 2955 1625 ῃεο,
3000 1570 3120 1640 ipse
3146 1574 3288 1627 enim
3320 1580 3406 1628 est

202 1656 246 1711 5.
282 1656 451 1729 (Vers.
478 1654 633 1727 169.)
662 1654 851 1725 Itaque
874 1653 953 1708 sic
981 1653 1094 1708 ait:
1120 1652 1508 1724 Appropinquet
1534 1651 1701 1706 oratio
1806 1660 1927 1725 via,
1959 1675 2062 1729 qua
2108 1662 2422 1730 pervenitur
2470 1661 2537 1715 ad
2582 1659 2829 1727 pun-em,
2865 1662 2953 1733 qui
2999 1663 3141 1733 apud
3189 1663 3402 1721 panem

150 1764 239 1802 mea
258 1748 305 1801 in
324 1756 591 1819 conspectu
612 1757 724 1813 tuo,
754 1746 970 1802 Domine
993 1746 1312 1801 :secundunt
1332 1746 1540 1801 verbum
1560 1756 1703 1799 tuum
1808 1766 2027 1821 semper
2055 1760 2159 1806 est,

151 1838 251 1893 mihi
286 1839 439 1894 tribue
467 1840 808 1895 intellectum.
847 1837 1041 1894 Volare
1069 1837 1201 1893 facit
1224 1838 1530 1893 orationem
1560 1836 1701 1891 bona
1736 1861 1785 1923 Β
1882 1842 1937 1898 8.
1980 1843 2276 1897 Didicimus
2304 1840 2432 1913 qttid
2478 1843 2547 1898 sit
2575 1845 3012 1915 appropinquare
3063 1848 3364 1903 orationem
3393 1892 3407 1915 ,

149 1934 263 1994 vita,
290 1944 335 1988 ct
365 1935 453 1988 dat
497 1933 612 1988 alas
640 1932 897 2004 precibus
924 1930 1231 2002 spiritales,
1261 1930 1459 2002 quibus
1489 1939 1709 1984 saucto-
1814 1933 1920 1989 hoc
1967 1942 2081 1999 est,
2133 1934 2379 1989 elevetur
2427 1934 2638 1989 actibus
2676 1936 2897 1991 nostris.
2928 1936 2985 1993 Si
3034 1937 3219 1992 elevas
3259 1949 3412 1994 actus

148 2040 245 2081 tum
272 2026 331 2081 ad
367 2026 539 2083 Deum
568 2024 836 2081 eveltatur
861 2024 1057 2079 oratio.
1104 2022 1214 2079 Sed
1244 2031 1299 2078 et
1339 2022 1563 2092 spiritus
1602 2034 1711 2091 quo
1814 2037 1971 2093 tuos,
2015 2028 2237 2083 eletasti
2282 2028 2582 2082 orationem
2633 2037 2800 2082 tuam.
2852 2028 2954 2096 Qui
3000 2030 3152 2084 novit
3198 2030 3416 2087 elevare

155 2117 337 2192 ιω
360 2133 618 2184 oramus,
652 2118 902 2175 sublevat
948 2131 1164 2188 precem
1194 2116 1324 2186 justi
1356 2131 1371 2181 ;
1400 2114 1637 2170 maxime
1664 2114 1711 2167 si
1817 2135 2008 2176 manus
2052 2134 2209 2182 suas,
2242 2119 2427 2190 dirigit
2474 2122 2775 2175 orationem
2819 2136 2971 2174 suam
3020 2122 3072 2175 in
3119 2133 3418 2191 conspectu

147 2211 284 2267 corde
308 2213 541 2268 contrito
568 2210 905 2277 compatieus
934 2225 1054 2266 eam
1084 2207 1431 2265 commendet
1458 2206 1709 2262 affectus.
1818 2214 1948 2280 Dei,
1979 2213 2118 2268 sicut
2169 2211 2306 2267 infra
2364 2211 2538 2283 legisti
2570 2228 2583 2265 :
2617 2211 2887 2285 Dirigatur
2916 2215 3082 2266 oratio
3126 2229 3243 2269 mea
3286 2215 3419 2267 sicut

149 2300 483 2360 Consummati
514 2311 697 2359 autem
718 2303 823 2359 viri
850 2303 955 2358 ista
983 2312 1069 2358 est
1090 2300 1437 2358 confidentia.
1470 2299 1716 2369 Denique
1820 2308 2086 2363 incensum
2107 2309 2160 2361 in
2185 2316 2460 2375 conspectu
2492 2316 2598 2359 tuo.
2633 2304 2867 2359 Eleuatio
2911 2322 3156 2359 manuum
3186 2322 3420 2360 mrarum

149 2396 247 2466 ipse
289 2398 446 2456 David
499 2400 557 2454 itt
601 2397 977 2470 superioribus
1007 2397 1165 2453 istius
1212 2396 1404 2465 psalmi
1435 2397 1715 2451 lucernam
1822 2402 2142 2472 sacriﬁcium
2172 2401 2516 2471 uespertinum
2549 2398 2723 2466 (Psai.
2758 2415 2895 2463 exn,
2939 2398 3020 2469 ἓ).
3065 2400 3191 2455 Haec
3239 2402 3422 2471 tttiqtte

150 2492 243 2546 suis
259 2494 472 2565 pedibus
498 2493 817 2564 requirebat
846 2491 1009 2565 (Sup.
1038 2507 1089 2545 υ.
1116 2488 1286 2562 105);
1318 2504 1385 2545 nc
1409 2490 1463 2544 in
1492 2488 1597 2544 hoc
1624 2488 1719 2543 iti-
1825 2495 2002 2549 oratio
2030 2492 2098 2546 ad
2139 2495 2336 2556 vitam,
2371 2492 2474 2545 alia
2507 2490 2683 2543 oratio
2715 2491 2765 2542 in
2800 2502 3080 2558 peccatum
3114 2509 3127 2542 :
3159 2490 3227 2544 Et
3256 2492 3424 2545 oratio

150 2600 263 2643 nere
289 2596 504 2644 terreno
545 2587 832 2643 ambulans
874 2596 1058 2655 posset
1085 2598 1291 2640 errare.
1339 2580 1496 2637 Nunc
1538 2590 1720 2636 autem
1832 2584 2049 2658 125,9
2078 2588 2187 2651 ejus
2219 2584 2309 2653 ﬁat
2353 2585 2404 2635 in
2450 2590 2711 2651 peccatum
2744 2579 2920 2652 (Psat.
2951 2596 3112 2644 cvut,
3147 2582 3228 2652 7).
3264 2582 3331 2637 Et
3368 2591 3424 2638 ιιι

151 2682 279 2749 quasi
300 2680 403 2749 jam
445 2682 505 2737 in
538 2682 647 2737 line
684 2691 740 2735 et
768 2692 1029 2749 processu
1075 2677 1316 2748 positus,
1348 2682 1725 2731 consummato
1827 2679 1872 2733 si
1902 2679 2181 2733 saecularia
2210 2684 2397 2746 petas,
2420 2674 2465 2730 si
2512 2674 2776 2744 flagitiosa
2807 2674 3048 2743 pOStttles
3070 2716 3086 2741 ,
3117 2677 3295 2730 oratio
3336 2688 3426 2731 tua

152 2772 306 2828 riattdi
349 2787 616 2840 munere,
648 2781 798 2827 totus
843 2769 1097 2840 assurgit.
1132 2767 1203 2824 Et
1228 2768 1533 2823 orationem
1571 2780 1725 2820 suam
1830 2784 1940 2824 non
1969 2768 2035 2823 ad
2088 2768 2253 2822 Deum
2298 2766 2584 2838 dirigitur,
2613 2764 2710 2821 sed
2742 2766 2795 2819 in
2841 2774 3144 2835 peccatum.
3193 2765 3428 2839 Ideoque

151 2862 311 2936 dirigit
333 2866 383 2920 in
410 2865 663 2924 coelestia
691 2882 704 2917 :
732 2864 897 2918 mittit
921 2878 1039 2917 eam
1062 2861 1116 2916 in
1138 2868 1489 2931 conspectum
1515 2856 1731 2913 Domini

153 2957 444 3026 Salvatoris,
465 2960 614 3016 dans
636 2956 711 3013 illi
727 2955 894 3013 ﬂabra
909 2955 1157 3025 iustitiae,
1182 2952 1465 3024 sapientiae
1486 2950 1728 3016 ﬂamina,

151 3053 349 3121 remigia
379 3049 695 3110 devotionis
720 3058 776 3105 et
814 3048 939 3104 ﬁdei
961 3088 976 3115 ,
1006 3046 1335 3102 innocentia:
1378 3043 1736 3115 puritatisque

1834 2860 2074 2931 intellige
2095 2874 2215 2928 qua:
2246 2868 2418 2926 petas.

1906 2954 1960 3009 9.
1995 2951 2315 3013 Secundum,
2348 2950 2545 3022 inquit,
2570 2951 2778 3005 uerbum
2825 2960 2968 3004 tuum
2999 2949 3129 3005 mihi
3154 2950 3321 3007 tribue
3347 2953 3433 3007 in-

1839 3047 2120 3103 tellectum.
2166 3044 2406 3100 Advertc
2458 3043 2585 3113 quid
2627 3043 2887 3111 postulet.
2930 3042 3049 3098 Non
3098 3044 3434 3100 intellectum

154 3143 365 3199 subsidia
396 3162 412 3211 ;
440 3152 677 3217 peccato
713 3140 858 3198 enim
903 3138 1175 3212 gravescit
1215 3137 1425 3205 oratio,
1469 3146 1525 3193 et
1574 3135 1739 3205 longe
1838 3138 2173 3211 genetaliter
2211 3136 2372 3202 dixit,
2397 3134 2491 3191 sed
2514 3135 2852 3190 intellectum
2886 3136 3185 3191 secundum
3209 3138 3435 3193 verbum

154 3234 203 3288 fit
227 3251 253 3291 a
284 3238 413 3294 Deo.
442 3239 629 3294 Tanto
658 3245 837 3291 autem
868 3233 988 3304 plus
1012 3241 1303 3304 gravatur,
1328 3227 1359 3270 ιι
1382 3237 1589 3302 quanto
1635 3229 1737 3283 im-
1763 3249 1810 3311 ο
1846 3232 1938 3287 Dei
1965 3247 1980 3297 ;
2012 3242 2097 3287 est
2127 3230 2275 3286 enim
2303 3228 2701 3311 intellectusad
2735 3242 2989 3294 mortem,
3023 3228 3158 3284 sicut
3192 3243 3274 3285 est
3314 3248 3441 3300 pru-

152 3328 462 3396 probabilior
488 3338 583 3385 est
611 3328 721 3381 vita
750 3324 1119 3395 deprecantis.
1151 3322 1523 3379 Innocentium
1553 3328 1735 3376 autem

152 3421 375 3477 ascendit
404 3421 622 3487 oratio,
654 3429 708 3473 et
737 3417 972 3489 gemitus
995 3415 1381 3486 compatientis
1410 3410 1669 3479 aﬁectus,
1691 3411 1738 3467 si

155 3510 447 3584 Egyptium
474 3514 661 3570 lutum
695 3510 941 3574 oderint,
969 3518 1027 3564 et
1062 3508 1277 3578 operari
1310 3516 1527 3563 terrena
1572 3503 1742 3562 decli-

150 3617 289 3662 nent.
338 3608 591 3678 Denique
636 3604 718 3660 sic
764 3603 940 3674 legisti
986 3600 1183 3675 (Exod.
1210 3616 1278 3663 ιι,
1306 3600 1436 3671 25),
1465 3597 1610 3671 quod
1637 3596 1744 3653 He-

153 3694 405 3754 bratorum
437 3700 540 3772 qui
590 3696 725 3752 dura
756 3694 1137 3767 Egyptiorum
1167 3692 1395 3762 imperia
1443 3691 1585 3747 ferre
1634 3705 1741 3747 non

150 3799 426 3861 poterant;
452 3802 513 3849 et
537 3798 599 3844 ut
616 3789 800 3860 gravia
817 3829 833 3851 ,
858 3787 929 3842 ita
952 3796 1006 3842 et
1036 3785 1295 3841 lutulenta
1327 3798 1493 3855 opera
1524 3782 1745 3854 indigna

152 3881 228 3935 sui
255 3884 552 3939 nobilitate
580 3880 796 3952 generis
821 3878 1165 3943 recusabant,
1197 3877 1430 3948 gemitus
1458 3886 1512 3933 et
1532 3890 1636 3932 vox
1659 3889 1747 3930 as-

150 3973 379 4031 cenderit
400 3975 472 4031 ad
504 3973 797 4031 Dominum
823 3972 989 4028 Deum
1020 3977 1289 4025 nostrum.
1321 3967 1579 4025 Ascendit
1605 3969 1747 4023 enim

154 4065 521 4137 oratio;quia
570 4064 677 4122 etsi
721 4065 1124 4134 operabautur,
1158 4071 1335 4118 tamen
1382 4059 1751 4131 operabautur

152 4154 315 4213 inviti.
345 4158 743 4217 Descendebat
761 4158 941 4228 itaque
965 4155 1032 4212 ad
1056 4155 1181 4211 illos
1205 4154 1297 4210 Dei
1327 4151 1703 4211 misericordia
1732 4168 1749 4220 ;

154 4252 265 4319 quia
305 4252 537 4309 illorum
571 4251 639 4307 ad
669 4252 840 4308 Deum
879 4249 1212 4307 ascendebat
1259 4246 1496 4305 devotio.

216 4345 267 4402 ϐ.
329 4346 691 4406 Ascendebat
744 4345 925 4417 itaque
976 4359 1082 4400 non
1131 4341 1533 4413 corporaliter;
1575 4356 1753 4413 neque

153 4437 289 4495 enim
322 4440 602 4511 propheta
626 4446 812 4494 tantus
836 4437 1201 4508 precationem
1225 4449 1380 4490 suam
1401 4434 1621 4505 petebat
1643 4433 1756 4490 Deo

152 4536 515 4602 corporaliter
542 4532 982 4606 appropinquare
1014 4549 1027 4585 :
1059 4545 1183 4587 nam
1213 4529 1305 4601 qui
1333 4529 1407 4584 ita
1437 4537 1623 4599 putat,
1652 4528 1758 4584 uti-

1843 3324 2024 3379 denlia
2052 3323 2117 3377 ad
2150 3320 2429 3378 interitum
2464 3340 2476 3375 :
2514 3304 2643 3374 Filii
2686 3321 2843 3393 Itttjus
2866 3321 3045 3374 steculi
3082 3322 3442 3394 prudentiores

1845 3427 1963 3471 sunt
1989 3431 2143 3484 quam
2172 3414 2270 3483 ﬁiii
2297 3415 2427 3468 lucis
2452 3414 2507 3467 in
2536 3414 2632 3467 hac
2658 3414 2985 3487 generatione
3019 3411 3173 3485 (Luc.
3220 3431 3337 3478 χιιι,
3361 3416 3439 3486 8).

1846 3509 1955 3565 Sed
1998 3506 2282 3577 prudentia
2332 3507 2434 3561 ista
2480 3522 2601 3576 qua:
2641 3506 2826 3559 stt-culi
2854 3514 2965 3569 est,
3007 3508 3074 3560 ad
3126 3508 3288 3563 vitam
3337 3526 3443 3566 non

1846 3605 2175 3674 suffragatur
2220 3608 2505 3657 attentam.
2544 3601 2699 3655 Circa
2756 3600 3023 3665 honores,
3054 3600 3195 3656 circa
3250 3601 3446 3659 lucella

1849 3710 1971 3765 est,
2023 3696 2322 3768 quaestibus
2366 3694 2754 3750 coacervandis
2796 3694 3038 3757 intenta,
3086 3711 3192 3749 nou
3240 3695 3448 3753 meritis

1848 3791 2251 3863 comparandis.
2301 3790 2584 3844 Postremo
2623 3789 2767 3843 circa
2813 3790 3081 3843 elementa
3131 3790 3314 3845 tuuudi
3363 3801 3449 3846 est

1849 3884 2125 3955 phalerata
2160 3881 2331 3953 magis
2362 3897 2521 3949 quam
2561 3896 2686 3935 vera
2720 3881 3018 3948 sapientia;
3048 3891 3106 3934 ut
3155 3891 3238 3936 est
3276 3884 3452 3951 philu-

1852 3978 2041 4048 sophia
2082 3974 2261 4028 omnis
2287 3989 2408 4042 quae
2447 3972 2621 4027 aliena
2668 3972 2884 4041 quaerit,
2908 3988 3030 4027 cum
3064 3988 3158 4027 sua
3200 3974 3448 4030 nesciat:

1855 4078 2132 4126 scrutatur
2170 4065 2295 4121 emli
2343 4065 2559 4135 plagas,
2603 4062 2790 4118 mundi
2831 4064 3003 4131 spatia
3048 4065 3297 4134 rimatur,
3328 4082 3452 4139 qua:

1855 4163 1957 4218 sibi
2005 4158 2264 4231 prodesse
2312 4157 2447 4212 nihil
2499 4165 2763 4227 possunt:
2799 4156 2971 4213 Deum
3011 4159 3256 4231 ignorat,
3289 4177 3451 4232 quem

1855 4257 2030 4312 solum
2052 4254 2278 4310 deberet
2308 4250 2602 4323 inquirere.

1930 4349 2019 4405 i0.
2053 4350 2179 4405 ldeo
2216 4364 2381 4405 verus
2427 4350 2646 4420 sapiens
2673 4349 2807 4407 dicit
2831 4366 2846 4407 :
2870 4350 2934 4407 Si
2980 4352 3096 4422 quis
3123 4352 3324 4408 videtur
3366 4370 3456 4409 sa-

1860 4444 2006 4515 piens
2036 4459 2144 4498 esse
2184 4442 2319 4497 inter
2346 4459 2434 4497 vos
2480 4444 2535 4496 in
2569 4444 2666 4497 Itoc
2690 4443 2903 4506 ateculo,
2940 4444 3131 4497 stultus
3158 4445 3273 4510 ﬁat,
3306 4454 3359 4498 ut
3389 4446 3457 4499 sit

1859 4538 2106 4608 sapiens;
2147 4536 2406 4605 sapientia
2449 4536 2585 4590 enim
2638 4538 2794 4608 Itnjus
2856 4534 3070 4598 mundi,
3118 4537 3338 4589 stultitia
3382 4547 3460 4591 est

153 4644 252 4700 que
274 4631 324 4687 is
351 4631 536 4688 Deum
565 4638 719 4685 certo
748 4627 801 4683 in
832 4625 1015 4697 aliquo
1042 4625 1162 4680 loco
1191 4638 1253 4678 ac
1283 4621 1413 4679 sede
1439 4620 1753 4689 concludit,
1784 4636 1834 4696 ι)
1859 4630 2002 4702 apud
2033 4627 2192 4682 Deum
2234 4626 2285 4696 (I
2317 4625 2461 4689 Con,
2494 4641 2573 4689 tu,
2611 4627 2672 4680 l8
2702 4637 2748 4679 et
2776 4624 2894 4694 l9).
2949 4625 3350 4682 Elaborandum
3379 4638 3464 4683 est

154 4730 229 4778 ut
256 4722 612 4780 diﬂusiorem
660 4720 841 4775 locum
886 4717 941 4772 itt
987 4731 1097 4787 quo
1124 4715 1268 4772 Deus
1298 4715 1371 4771 sit
1415 4714 1757 4779 arbitretur;

153 4829 273 4871 cum
303 4816 506 4887 utique
533 4810 858 4877 invisibilis,
891 4806 1210 4876 ineffabilis,
1240 4805 1763 4879 incomprehensibi-

153 4906 219 4964 lis
247 4908 487 4979 impleat
517 4904 732 4971 omnia,
764 4914 819 4959 et
846 4900 1143 4957 divinitatis
1170 4901 1224 4957 in
1254 4914 1320 4956 eo
1358 4899 1567 4954 habitet
1595 4898 1765 4969 pleni-

153 5000 304 5056 tudo.
336 4999 479 5071 Legi
510 4998 733 5070 Moysen
759 4992 1222 5065 appropinquasse
1246 4993 1362 5048 Deo
1382 4990 1581 5051 (Exod.
1610 5005 1764 5058 xxiv,

162 5093 275 5165 l8),
306 5107 438 5150 cum
468 5091 673 5162 Legem
702 5087 976 5155 acciperet
1005 5103 1017 5139 :
1051 5085 1145 5141 sed
1189 5085 1350 5140 solita
1401 5082 1570 5138 David
1612 5097 1769 5139 vere-

153 5187 349 5242 cundia
383 5201 507 5241 non
556 5181 942 5251 semetipsum,
973 5178 1069 5235 sed
1109 5178 1411 5235 orationem
1462 5190 1613 5232 suam
1655 5176 1770 5232 Dco

154 5280 611 5352 appropinquare
662 5274 937 5346 postulat;
970 5284 1026 5327 ttt
1070 5271 1316 5328 videatur
1361 5271 1499 5327 ordo
1549 5271 1769 5342 quidam

153 5387 279 5429 esse
323 5372 663 5433 distinctus,
695 5365 837 5438 quod
867 5366 902 5421 ii
934 5365 1029 5436 qui
1080 5364 1433 5434 perfectiores
1478 5374 1630 5433 sunt,
1666 5364 1770 5435 ipsi

155 5467 616 5539 appropinquent
672 5462 816 5527 Deo,
846 5459 1122 5531 sequentis
1163 5467 1344 5518 autem
1386 5458 1594 5516 ordinis
1640 5459 1773 5529 justi

235 5635 262 5664 ι
309 5627 553 5699 Septem
596 5639 901 5699 mss._.qttce
932 5626 999 5678 sit
1034 5623 1129 5699 uiri
1170 5621 1774 5699 consuntmatiiﬁdueia.

154 5698 265 5755 Pro
317 5693 432 5754 hat:
464 5698 700 5754 lectione
736 5695 885 5759 facit,
916 5694 1058 5766 quod
1086 5694 1247 5766 paulo
1279 5703 1401 5765 post
1442 5693 1789 5766 inomnibus

158 5781 381 5826 mss.et
409 5769 557 5826 edit.
607 5767 876 5824 habetur:
908 5763 1245 5823 consummati
1273 5763 1442 5820 autem
1474 5763 1570 5820 viri
1596 5765 1696 5821 ista
1716 5776 1789 5821 est

155 5841 529 5914 conﬁdentia.

478 5930 758 5995 ΡΑτιιοι..
833 5933 971 5995 XV.

1864 4724 2027 4794 igitur
2056 4733 2112 4775 ut
2142 4720 2193 4774 in
2224 4719 2327 4773 huc
2346 4718 2548 4773 Strculu
2578 4717 2727 4770 stulti
2759 4717 2952 4779 simus,
2981 4716 3112 4771 nihil
3154 4718 3309 4773 nobis
3336 4734 3460 4775 cum

1864 4813 2240 4888 philosophia;
2275 4828 2341 4867 ne
2371 4812 2493 4882 quis
2542 4811 2700 4864 fidem
2754 4820 2997 4864 nostram
3048 4826 3143 4877 per
3191 4813 3461 4867 elcnn-nta

1868 4907 2054 4963 tnttndi
2095 4905 2251 4974 hujus
2283 4904 2529 4957 traducat
2558 4918 2586 4956 a
2614 4918 2783 4963 vero;
2823 4918 2890 4956 ne
2934 4902 3056 4972 quis
3101 4912 3461 4960 assertionem

1871 5010 2111 5056 nostram
2165 5013 2259 5066 per
2311 4994 2708 5064 phi'osophiaut
2765 4993 3129 5063 deprtedetur.
3182 4992 3272 5049 Sic
3318 4995 3464 5049 etim

1873 5093 2105 5150 Ατῇςιιιος
2133 5092 2185 5145 ἰιι
2216 5087 2497 5159 perfidiam
2529 5090 2701 5141 ruis~e
2729 5086 3101 5152 t-ogum'iutus,
3125 5087 3252 5140 dunt
3278 5085 3468 5141 Chris-

1874 5188 1911 5241 ti
1943 5185 2345 5255 geuerationetu
2390 5189 2577 5247 putant
2620 5192 2716 5231 usu
2765 5175 2923 5245 hujus
2970 5177 3157 5231 s:t~culi
3204 5178 3470 5248 (Ollian-

1875 5279 2019 5333 datu.
2069 5274 2429 5331 lit-liquerunt
2460 5272 2800 5339 Apostolum,
2848 5278 3150 5336 sequuntur
3200 5270 3469 5337 Aristone-

1876 5373 2000 5428 leut.
2042 5370 2399 5438 Reliquerunt
2446 5367 2769 5433 sapientiam
2809 5379 2928 5433 quae
2960 5362 3101 5430 apud
3138 5362 3306 5418 Deum
3340 5375 3421 5418 est
3458 5382 3471 5418 :

1878 5463 2161 5533 elegi-runt
2190 5456 2575 5529 disputationis
2606 5455 2931 5520 tcudiculas,
2954 5467 3005 5509 et
3028 5456 3255 5523 aucupia
3290 5457 3465 5512 teritu-

1958 5620 1987 5659 ι)
2028 5622 2231 5675 Omnes
2281 5618 2407 5671 edit.
2432 5624 2651 5690 ,qua‘nto
2699 5614 2980 5686 improbior
3010 5629 3040 5690 Δς
3084 5628 3274 5672 omnes
3314 5635 3479 5690 ῐηςε,ν

1897 5705 2090 5761 quanto
2124 5689 2530 5753 improbtthilt'or.
2557 5686 2751 5761 llcrl‘lllI-t
2799 5702 2928 5740 veto
2960 5686 3057 5761 Attin
3092 5691 3365 5761 Vt:t._tttlit.
3420 5686 3483 5750 ne

1898 5757 2031 5820 mss.
2056 5807 2069 5826 ,
2103 5763 2306 5825 operari
2338 5773 2558 5835 terrena
2605 5758 2857 5813 declinent
2884 5774 2904 5825 ;
2957 5757 3113 5812 ltout.
3143 5758 3260 5815 sola
3308 5767 3487 5835 posuit

1891 5853 2057 5910 opera
2080 5846 2282 5891 terrena
2312 5832 2584 5888 declinent.

3089 5924 3159 5987 11
