3948 6356
516 303 656 358 151Ξὶ

1854 297 2102 358 SANCTI
2139 299 2467 361 AMBROSII

3682 304 3819 363 1516

519 431 638 470 rum
684 413 982 470 secundum
1026 411 1324 467 dialecticae
1353 409 1727 480 disciplinam,
1753 425 1876 467 cum
1915 413 2091 471 clame

2222 426 2402 472 tantur
2427 457 2441 484 ,
2475 424 2531 472 et
2568 431 2784 487 precem
2832 417 3067 473 tundunt
3098 434 3114 483 ;
3164 426 3225 473 ut
3255 433 3380 474 cum
3436 419 3819 478 benevolentia

515 507 808 578 Apostolus
835 522 848 558 :
877 503 960 559 Ne
983 504 1097 574 quis
1127 518 1214 557 vos
1236 503 1563 573 deprazdetur
1582 519 1674 573 per
1700 505 2078 575 pltilosOpltiam
2095 549 2111 574 ,

515 613 566 657 et
599 601 800 655 inanem
837 597 1182 654 seductionem
1204 639 1218 663 ,
1261 597 1544 652 secundum
1591 597 1916 654 traditionem
1951 600 2116 655 Itami-

518 711 670 757 num,
701 691 982 746 secundum
1022 689 1272 744 elementa
1297 687 1454 760 hujus
1482 689 1663 742 mundi
1682 731 1697 755 ,
1729 698 1774 744 et
1805 707 1906 745 non
1933 707 2115 746 secun-

515 785 638 840 dum
660 782 919 838 Christum
950 777 1200 855 (Coloss.,
1227 798 1286 850 ll,
1312 782 1391 851 8).

588 877 677 932 11.
707 873 924 932 Utinam
971 876 1173 946 possim
1225 871 1424 929 imitari
1459 873 1604 929 illam
1649 871 1966 944 stultitiam,
2007 890 2111 944 qua

513 970 614 1026 sim
640 970 860 1039 sapiens
892 991 903 1022 :
937 967 1087 1023 illum
1121 967 1299 1024 virum
1330 965 1618 1022 habentem
1659 965 1867 1036 amplas
1899 981 2114 1036 posses-

513 1062 728 1126 siones,
774 1061 872 1118 sed
919 1061 1281 1132 negligentem
1328 1060 1631 1126 fructuum,
1679 1059 1944 1115 intentum
2001 1059 2112 1114 Deo

510 1156 662 1210 illum
684 1155 897 1220 virum,
919 1153 1010 1225 qui
1040 1154 1275 1208 honores
1307 1152 1470 1208 etiam
1503 1151 1714 1206 delatos
1739 1150 1844 1208 sibi
1869 1160 2108 1222 respuat,

512 1248 821 1304 doctrinam
863 1245 1226 1319 phllOSOpllitB
1272 1262 1380 1302 non
1417 1245 1683 1317 requirat;
1730 1245 1940 1300 etiamsi
1986 1253 2111 1301 ante

508 1345 781 1414 cognovit,
807 1350 988 1397 tamen
1018 1342 1158 1397 scire
1185 1339 1511 1405 dissimulet,
1537 1355 1642 1394 non
1669 1337 1995 1410 requirendo
2019 1338 2087 1393 de

503 1437 676 1492 discat
702 1454 714 1489 :
741 1453 844 1490 non
874 1445 1081 1507 quierat
1110 1450 1229 1506 quas
1257 1449 1353 1490 sua
1381 1442 1538 1499 sunt,
1568 1430 1660 1488 sed
1686 1429 1808 1486 aliis
1850 1447 1944 1486 sua
1973 1447 2107 1487 con-

503 1526 679 1593 ferat,
711 1526 813 1582 sibi
857 1527 1102 1596 acquirat
1142 1535 1367 1581 aeterna.
1404 1523 1502 1578 llic
1543 1533 1720 1593 potest
1744 1522 1930 1578 dicere
1964 1541 1978 1578 :
2013 1522 2110 1578 Se-

504 1621 733 1675 cundum
758 1620 962 1674 verbum
987 1630 1132 1674 tuum
1153 1617 1280 1673 mihi
1306 1619 1470 1673 tribue
1506 1613 1848 1682 intellectum,
1895 1615 1948 1672 id
1974 1626 2061 1672 est
2092 1657 2108 1684 ,

507 1728 615 1769 non
639 1709 938 1767 secundum
973 1709 1349 1781 philosophos,
1385 1725 1492 1765 non
1543 1706 1840 1764 secundum
1870 1707 2110 1765 causidi-

2217 506 2609 576 suscipiantur.
2636 508 2852 564 Primus
2895 509 2978 563 sui
3009 510 3283 566 sermonis
3311 509 3586 580 ingressus
3617 521 3723 578 est,
3752 530 3820 570 ne

2215 599 2344 669 quid
2377 599 2600 666 titubet,
2636 615 2703 656 ne
2725 600 2852 671 quid
2885 598 3144 656 odendat.
3173 600 3388 669 Quanto
3415 603 3589 674 magis
3615 617 3818 674 rogati-

2215 689 2320 746 dus
2349 702 2433 746 est
2467 693 2630 760 Deus,
2665 701 2722 747 ut
2742 694 2943 748 ostium
2963 693 3355 749 misericordiae
3384 709 3494 750 suae
3522 704 3712 751 nostra
3733 696 3816 753 in-

2214 783 2492 854 grediatur
2519 785 2695 840 oratio
2733 786 2746 840 l
2801 785 3047 856 Denique
3073 795 3128 842 et
3158 786 3354 841 Paulus
3395 796 3552 857 rogat
3579 795 3642 843 ut
3688 804 3816 858 ape-

2217 878 2389 932 riatur
2411 877 2516 932 sibi
2551 875 2750 935 ostium
2800 878 2952 934 verbi
3003 878 3069 933 ad
3108 878 3440 950 loquendum
3491 881 3811 951 mysterium

2213 964 2411 1024 Christi
2445 966 2667 1038 (Coloss.
2698 985 2770 1039 tv,
2789 969 2868 1040 5).

2287 1060 2376 1114 11.
2407 1059 2512 1115 Sed
2535 1061 2660 1129 quia
2692 1059 2917 1116 Graecus
2948 1059 3133 1130 habet,
3159 1060 3436 1118 Εἰσελθέτω
3461 1063 3661 1136 ἀξίωμά
3686 1072 3810 1135 poi),

2213 1150 2316 1208 hoc
2347 1162 2428 1207 est
2460 1170 2473 1206 :
2505 1151 2670 1208 Intret
2715 1153 2942 1224 dignitas
2967 1169 3078 1207 mea
3101 1170 3120 1219 ;
3149 1153 3276 1208 licet
3296 1153 3530 1223 potuerit
3559 1160 3616 1209 et
3641 1156 3814 1225 scrip-

2214 1255 2299 1300 tor
2324 1261 2532 1310 errare,
2571 1256 2627 1301 et
2653 1246 2847 1301 fecerit
2871 1248 3107 1312 ἀξίωσις,
3164 1245 3270 1300 hoc
3313 1253 3418 1312 est,
3469 1245 3813 1317 deprecatio:

2213 1348 2392 1394 tamen
2448 1337 2552 1394 hoc
2611 1353 2828 1409 quoque
2870 1338 3256 1408 explanemus,
3309 1346 3366 1391 ut
3423 1351 3733 1407 pos-sumus.
3786 1349 3807 1376 ε

2211 1431 2419 1502 Nempe
2447 1448 2572 1488 cum
2615 1433 2895 1488 hominem
2938 1446 3126 1501 regem
3159 1445 3354 1502 rogas,
3406 1429 3545 1484 dicis
3576 1441 3634 1484 ut
3679 1445 3808 1486 con-

2213 1523 2624 1594 templationem
2665 1522 2864 1577 habeat
2898 1521 3126 1578 honoris
3160 1521 3275 1586 tui,
3321 1529 3507 1590 tangat
3545 1535 3673 1576 eum
3707 1531 3808 1577 tua:

2209 1615 2605 1687 contemplatio
2635 1613 2953 1686 dignitatis;
2983 1623 3157 1668 utaut
3187 1613 3537 1679 misereatur,
3569 1614 3617 1669 si
3652 1614 3807 1668 venia

2211 1716 2297 1764 est
2349 1707 2675 1778 postulanda
2709 1717 2844 1763 :aut
2883 1706 3094 1762 delerat
3125 1721 3224 1778 pro
3263 1706 3454 1762 ordine
3499 1707 3804 1778 dignitatis.

505 1821 623 1870 cos,
665 1821 772 1860 non
801 1804 1101 1861 secundum
1157 1814 1487 1859 mercatores
1539 1801 1700 1872 hujus
1740 1801 1947 1868 saeculi,
1996 1818 2104 1858 non
2134 1801 2184 1861 B
2211 1801 2472 1874 dthuid
2499 1802 2700 1868 dicam,
2738 1800 2934 1871 rogas?
2959 1801 3051 1856 Sic
3084 1801 3454 1870 unusquisque
3478 1799 3801 1872 ingreditur,

502 1893 802 1954 secundum
835 1895 1162 1952 architectos
1187 1893 1472 1949 domorum
1495 1935 1511 1959 ,
1537 1894 1630 1948 sed
1662 1893 1958 1949 secundum
1982 1909 2102 1950 ver-

501 1989 631 2044 hum
671 1999 846 2054 tuum,
881 1987 1024 2058 quod
1078 1996 1162 2042 est
1205 2001 1352 2041 vera:
1393 1984 1674 2052 sapientia:
1725 1984 2103 2057 bonorumque

501 2096 727 2151 operum
753 2077 1198 2144 fundamentum;
1227 2088 1282 2133 ut
1307 2092 1472 2148 super
1505 2075 1637 2132 illud
1668 2079 1964 2134 constituat
1984 2094 2102 2149 pro-

499 2169 664 2242 pheta
695 2187 884 2226 aurum
915 2170 1098 2227 cordis
1125 2169 1230 2235 sui,
1263 2177 1546 2240 argentum
1575 2171 1846 2226 sermonis
1869 2170 1988 2237 sui,
2023 2171 2102 2226 la-

498 2263 654 2333 pides
685 2265 958 2334 pretiosos
987 2261 1364 2333 operationum
1397 2274 1616 2316 suarum
1643 2277 1657 2324 ;
1701 2271 1758 2316 ut
1780 2276 1917 2332 opus
1940 2277 2098 2318 suum

497 2352 607 2411 labi
639 2362 693 2412 et
723 2355 906 2426 perire
933 2370 1041 2410 non
1074 2356 1265 2426 possit.

570 2447 658 2503 12.
703 2449 864 2521 (Vers
899 2447 1048 2519 170.)
1097 2447 1357 2520 Sequitur
1412 2464 1602 2505 versus
1643 2445 1957 2504 secundus:
2007 2443 2100 2504 In-

493 2548 589 2595 tret
613 2540 890 2611 postulatio
922 2557 1034 2594 utea
1061 2557 1240 2595 coram
1274 2552 1361 2597 te:
1387 2541 1670 2597 secundum
1706 2539 1916 2596 verbum
1951 2552 2096 2596 tuum

493 2631 653 2688 libera
684 2650 781 2689 me.
814 2632 951 2689 Vide
991 2632 1260 2689 ordinem.
1291 2635 1532 2690 Primum
1578 2633 1719 2690 dixit
1749 2653 1761 2690 :
1790 2632 2093 2707 ApprOpin-

489 2736 608 2796 quet
633 2727 801 2781 oratio
833 2743 944 2781 mea
982 2742 1001 2780 :
1033 2736 1218 2797 postea
1251 2727 1592 2783 intellectum
1611 2731 1880 2798 poposcit,
1905 2745 2094 2784 secun-

494 2819 618 2873 dum
649 2821 855 2874 verbum
887 2821 1084 2876 :tertio
1110 2822 1206 2888 ait,
1238 2817 1401 2876 Intret
1442 2822 1725 2892 postulatio
1773 2838 1885 2876 mea
1915 2838 2092 2877 coram

493 2923 557 2965 te.
601 2910 795 2966 Nonne
824 2912 1061 2980 quodam
1087 2914 1348 2969 Dominus
1373 2929 1472 2970 nos
1507 2914 1703 2969 invitat
1727 2930 1850 2983 usu,
1896 2922 1952 2970 et
1975 2929 2093 2970 sus-

489 3002 674 3074 cipere
709 3001 922 3076 1250
949 3003 1201 3074 dignatur
1229 3005 1460 3060 aﬂ‘ectu?
1487 3005 1680 3063 Nonne
1703 3022 1826 3062 cum
1849 3006 2088 3078 aliquem

491 3094 559 3150 de
615 3095 886 3165 primariis
919 3096 1052 3150 viris
1093 3093 1374 3152 desideras
1401 3099 1720 3164 convenire,
1755 3099 1986 3168 primum
2023 3096 2090 3152 ad

2209 1904 2267 1949 ut
2316 1892 2671 1963 dignitatibus
2717 1891 3016 1948 deferatur.
3059 1890 3228 1946 Recte
3281 1906 3414 1960 ergo
3468 1903 3526 1947 et
3572 1891 3803 1948 devotus

2207 1987 2322 2044 Deo
2361 1986 2496 2041 dicit
2527 2003 2539 2040 :
2566 1984 2731 2040 Intret
2774 1984 3001 2055 dignitas
3044 2000 3159 2040 mea
3191 2000 3384 2051 coram,
3414 1993 3480 2039 te.
3529 1983 3710 2040 Habet
3748 1995 3802 2041 et

2203 2078 2552 2134 Christianus
2591 2076 2914 2149 dignitatem
2942 2091 3130 2142 suam,
3160 2075 3254 2148 qui
3284 2083 3435 2132 tanto
3481 2077 3797 2147 imperatori

2205 2171 2424 2226 militat.

2277 2263 2366 2318 15.
2398 2261 2539 2318 Sunt
2567 2259 2819 2316 maxima:
2857 2269 2914 2314 et
2951 2273 3096 2316 verte
3136 2257 3267 2315 fidei
3303 2258 3599 2330 dignitates
3633 2300 3650 2326 ,
3678 2269 3801 2315 sunt

2202 2355 2470 2411 honorum
2495 2355 2696 2409 diversi
2726 2363 2782 2409 et
2829 2352 2972 2422 apud
2992 2351 3270 2408 Christum
3321 2351 3541 2408 ordines
3568 2369 3583 2407 :
3618 2349 3799 2406 Posuit

2199 2445 2342 2502 Deus
2361 2448 2417 2502 in
2448 2445 2680 2500 Ecclesia
2709 2445 2876 2517 primo
2904 2443 3188 2515 apostolos,
3228 2443 3452 2499 secundo
3471 2445 3748 2516 prop/tetas
3779 2486 3791 2511 ,

2200 2543 2348 2596 tertio
2368 2541 2606 2596 doctores
2634 2537 2680 2609 (l
2711 2538 2834 2595 Cor.
2870 2553 2971 2605 xu,
3004 2536 3118 2610 28).
3151 2538 3256 2594 Sed
3283 2538 3798 2594 ismadministran-

2201 2635 2335 2692 tium
2360 2635 2673 2706 dignitates.
2696 2634 2834 2688 Sunt
2854 2632 3017 2688 etiam
3043 2633 3402 2703 privatorum,
3419 2641 3475 2686 ut
3495 2641 3581 2686 est
3603 2632 3793 2702 pietas,

2191 2726 2426 2798 justitia,
2451 2725 2746 2792 sobrietas,
2768 2725 3112 2789 castimonia,
3144 2723 3612 2794 disciplina.Sunt
3635 2724 3791 2779 etiam

2200 2819 2467 2876 orationis
2496 2818 2824 2890 dignitates:
2849 2815 2893 2872 si
2926 2833 3022 2887 pro
3040 2815 3200 2871 vidua
3221 2831 3403 2887 roges,
3437 2815 3481 2871 si
3506 2831 3670 2887 roges
3701 2830 3792 2886 pro

2199 2915 2425 2986 pupillo,
2445 2914 2491 2969 si
2512 2927 2673 2983 roges
2692 2927 2790 2983 pro
2812 2910 3241 2976 misericordi,si
3267 2925 3424 2981 roges
3447 2924 3546 2980 pro
3569 2911 3790 2966 nimium

2197 3008 2396 3063 devoto
2426 3021 2490 3062 ac
2517 3004 2668 3062 ﬁdeli
2703 3004 2782 3060 :si
2814 3019 2972 3075 roges
2999 3001 3054 3060 in
3086 3003 3457 3072 tribulatione,
3482 3018 3646 3074 roges
3674 3016 3788 3057 cum

2195 3100 2406 3166 dolore,
2436 3102 2480 3154 si
2511 3107 2710 3156 maesto
2731 3108 2784 3154 ct
2813 3099 2930 3167 ipse
2959 3098 3049 3169 qui
3083 3112 3244 3168 regas
3270 3094 3789 3167 compatiarisaﬂ'ec-

491 3187 610 3257 ejus
638 3187 858 3242 domum
887 3188 1296 3258 appropinquas
1323 3206 1334 3241 :
1368 3198 1554 3259 postea
1577 3191 1778 3260 quaeris
1808 3187 2091 3244 informari
2120 3181 2166 3245 C
2198 3202 2276 3261 tu,
2303 3194 2467 3248 intrat
2495 3192 2672 3249 oratio
2697 3201 2784 3245 tua
2815 3191 2908 3245 Dei
2931 3189 3162 3260 gratiam
3190 3190 3391 3246 :intrat
3412 3189 3637 3246 domum
3654 3190 3786 3260 ejus,

493 3289 653 3349 atque
685 3279 878 3334 instrui
914 3295 928 3344 ;
963 3289 1019 3333 ut
1041 3295 1339 3351 cognoscas
1364 3293 1600 3335 mentem
1628 3279 2040 3350 patrisfamilias
2072 3295 2084 3331 :

490 3373 686 3428 deinde
703 3381 761 3428 ut
790 3374 909 3444 ejus
927 3373 1150 3429 domum
1184 3374 1534 3445 ingrediaris,
1556 3375 1853 3445 implores;
1880 3390 1948 3430 ne
1969 3375 2090 3445 quis

489 3475 542 3519 te
570 3463 790 3536 abjiciat
814 3475 869 3520 et
896 3467 1185 3522 excludat?
1218 3463 1382 3522 Pulsa
1425 3483 1556 3537 ergo
1584 3477 1639 3522 et
1691 3477 1746 3523 tu
1778 3469 1980 3538 regiam
2021 3467 2089 3522 il-

491 3555 596 3609 lam
620 3555 901 3611 ccelestem
933 3574 946 3611 :
981 3557 1131 3627 pulsa
1156 3574 1265 3612 non
1294 3575 1457 3614 manu
1486 3559 1757 3630 corporis,
1794 3568 1820 3596 α
1849 3559 1944 3615 sed
1959 3574 2090 3631 qua-

487 3647 614 3703 dam
636 3647 903 3704 orationis
934 3654 1038 3703 tua:
1076 3649 1321 3705 dextera.
1355 3649 1470 3704 Non
1501 3651 1618 3706 sola
1669 3666 1864 3706 manus
1893 3665 2091 3722 corpo—

484 3741 562 3795 ris
581 3743 795 3810 pulsat:
831 3741 1009 3812 pulsat
1041 3749 1096 3796 et
1119 3757 1250 3808 vox;
1281 3739 1548 3812 scriptum
1578 3753 1662 3799 est
1724 3744 1868 3799 enim
1903 3760 1915 3797 :
1977 3739 2091 3797 Vox

486 3838 668 3906 fratris
697 3834 796 3890 mei
827 3837 1001 3906 pulsat
1033 3835 1102 3888 ad
1123 3836 1336 3898 ianuam
1366 3833 1543 3907 (Cant.
1596 3852 1650 3903 v,
1689 3835 1767 3906 ‘2).
1804 3835 2089 3893 Pulsamus

487 3937 547 3986 et
602 3929 792 4001 digito.
845 3927 1091 4000 Denique
1143 3937 1198 3984 et
1242 3927 1481 3984 Thomas
1538 3929 1710 4000 digito
1769 3929 1968 3984 meruit
2006 3931 2090 4000 ja-

486 4037 647 4076 nuam
681 4023 1096 4078 resurrectionis
1136 4023 1374 4092 aperire.
1423 4019 1491 4076 Et
1545 4021 1644 4076 tibi
1691 4020 1823 4076 dicit
1878 4021 2084 4078 Jesus:

483 4113 638 4183 Infer
663 4113 882 4185 digitum
915 4125 1061 4168 tuum
1093 4115 1311 4170 huc.....
1340 4114 1369 4152 ι’
1397 4125 1444 4169 et
1489 4117 1631 4169 mitte
1662 4133 1846 4171 manus
1895 4127 2007 4170 tuas
2033 4117 2088 4170 in

487 4205 624 4260 latus
646 4220 811 4258 nteum
837 4220 856 4258 :
888 4215 934 4257 et
969 4204 1076 4257 noli
1107 4221 1218 4259 esse
1239 4192 1563 4272 incredulus,
1587 4206 1678 4261 sed
1699 4205 1870 4276 ﬁdelis
1896 4205 2077 4276 (Joan.

486 4314 578 4365 xx,
611 4297 730 4367 37).
762 4295 923 4351 Pulsa
953 4311 1084 4366 ergo
1105 4295 1272 4366 digito
1300 4337 1314 4361 ,
1347 4296 1392 4349 si
1421 4312 1529 4351 non
1565 4306 1723 4367 potes
1754 4308 1866 4354 tota
1897 4316 2080 4355 manu.

489 4389 651 4445 Pulsa
671 4389 917 4459 januam.
944 4385 1195 4442 Christus
1216 4395 1302 4443 est
1324 4385 1516 4456 janua,
1549 4387 1639 4458 qui
1659 4387 1732 4442 ait
1759 4405 1777 4443 :
1806 4387 1913 4443 Per
1931 4408 2009 4446 me
2040 4393 2086 4445 si

485 4483 600 4552 quis
625 4480 899 4545 introierit,
928 4479 1208 4534 salvabitur
1236 4474 1396 4552 (Jorm
1435 4496 1489 4546 x,
1518 4478 1596 4550 9).

2193 3287 2236 3342 si
2267 3295 2444 3341 tecum
2475 3285 2718 3342 Ecclesia
2746 3283 3106 3354 deprecetur,
3146 3284 3190 3338 si
3244 3282 3478 3354 populus
3509 3284 3786 3342 universus

2193 3380 2476 3450 imploret;
2501 3387 2560 3434 ut
2589 3377 2805 3433 Domini
2829 3377 3054 3433 inclinet
3082 3375 3344 3432 favorem.

2269 3472 2356 3528 16.
2391 3472 2529 3541 Quid
2557 3481 2737 3527 autem
2767 3479 2920 3542 rogat
2949 3472 2970 3524 ?
3005 3471 3069 3527 Ut
3095 3480 3340 3537 eruatur,
3373 3478 3431 3525 ut
3482 3470 3742 3527 liberetur
3769 3485 3782 3534 ;

2194 3580 2261 3620 eo
2281 3564 2426 3634 quod
2448 3563 2563 3634 jam
2596 3563 2693 3618 diu
2725 3563 2991 3619 adversus
3038 3563 3310 3632 nequitias
3352 3562 3660 3632 spiritales,
3699 3562 3785 3615 ad-

2194 3672 2384 3713 versus
2414 3667 2740 3713 tentamenta
2777 3657 2938 3727 hujus
2975 3656 3162 3712 saeculi
3193 3655 3470 3727 przelietur
3503 3673 3520 3722 ;
3554 3672 3623 3713 eo
3652 3656 3788 3727 quod

2197 3758 2220 3786 ε’
2263 3764 2428 3820 grave
2475 3759 2560 3806 est
2587 3751 2718 3804 satis
2760 3749 3008 3820 longaevo
3047 3763 3209 3804 cursu
3237 3747 3393 3804 istius
3419 3750 3548 3804 vitae
3586 3748 3785 3822 1251

2191 3841 2501 3896 diuturnam
2519 3841 2789 3896 sustinere
2819 3840 3089 3896 militiam.
3125 3841 3367 3910 Denique
3388 3849 3444 3896 et
3473 3840 3616 3895 inl‘ra
3634 3842 3786 3894 dicit:

2190 3935 2314 3993 Heu
2361 3937 2474 3990 nte!
2517 3937 2654 4007 quod
2692 3936 2946 3991 incolatus
2974 3950 3114 3990 meus
3141 3935 3478 4005 prolongatus
3508 3946 3582 3990 est
3615 3933 3782 4008 (Psal.

2190 4043 2338 4093 cur,
2362 4027 2451 4096 5)!
2509 4026 2826 4099 lngemiscit
2867 4027 3012 4082 enim
3049 4027 3192 4096 quod
3224 4025 3529 4082 indefessas
3570 4026 3686 4098 jugi
3717 4027 3786 4080 la-

2191 4120 2320 4176 bore
2351 4123 2534 4175 tendat
2557 4120 2854 4185 excubias;
2898 4129 2954 4175 et
2985 4119 3108 4174 ideo
3138 4119 3273 4190 petit
3301 4133 3332 4173 a
3369 4126 3454 4174 tot
3492 4119 3785 4174 adversan-

2190 4213 2335 4266 tibus
2365 4213 2602 4279 libet-ari,
2635 4227 2735 4268 nec
2779 4227 2904 4269 cum
2935 4213 3168 4270 terrenis
3208 4211 3528 4268 horninibus
3552 4214 3670 4269 vult
3697 4212 3784 4268 ha-

2186 4306 2321 4363 bere
2351 4308 2714 4364 consortium.

2261 4400 2348 4454 17.
2377 4399 2559 4470 (Vers.
2591 4400 2741 4471 171.)
2785 4400 3044 4471 Sequitur
3067 4415 3264 4458 versus
3292 4401 3530 4457 tertius:
3565 4403 3783 4457 Emta-

2188 4491 2310 4544 bunt
2366 4490 2505 4545 labia
2541 4509 2654 4546 mea
2681 4490 2931 4563 hymnum
2962 4510 3002 4558 ς,
3027 4509 3144 4547 cum
3173 4493 3408 4548 docueris
3428 4510 3513 4550 me
3527 4495 3785 4568 justiﬁed-

558 4571 646 4630 15.
676 4569 810 4628 Cum
843 4573 983 4628 hanc
1007 4569 1166 4642 igitur
1189 4572 1412 4640 januam
1443 4571 1766 4643 pulsaveris,
1794 4571 1915 4630 vide
1941 4591 2081 4645 quo-
2107 4585 2162 4645 ι)
2189 4582 2352 4636 tiones
2379 4591 2513 4637 tuas.
2541 4583 2823 4638 Eructavit
2859 4586 3146 4655 hymnum,
3185 4585 3277 4654 qui
3334 4595 3516 4657 potest
3562 4586 3780 4643 dicere:

487 4663 648 4723 modo
680 4665 1003 4736 ingrediaris
1035 4681 1050 4733 ;
1084 4680 1150 4720 ne
1180 4663 1316 4721 forte
1347 4673 1402 4721 et
1436 4667 1548 4736 jam
1582 4666 1860 4737 ingressus
1887 4709 1901 4734 ,
1929 4681 2081 4728 extra

484 4770 843 4828 conspectum
874 4758 1020 4828 regis
1042 4757 1137 4812 sis.
1163 4756 1316 4812 Multi
1349 4757 1727 4827 ingrediuntur
1757 4757 1952 4831 palatia
1979 4803 1994 4829 ,
2028 4771 2084 4818 et

485 4863 594 4906 nan
616 4849 800 4906 statim
848 4863 1030 4919 regem
1064 4850 1224 4903 istmn
1257 4858 1530 4904 terrenum
1574 4849 1759 4906 vident
1790 4871 1803 4907 :
1833 4853 1930 4909 sed
1977 4854 2084 4911 fre-

483 4953 714 5014 quenter
760 4943 1092 5006 observant;
1125 4952 1182 4995 ut
1211 4940 1501 5011 aliquando
1535 4942 1721 4999 videre
1745 4955 2078 5002 mereantur.

485 5035 596 5092 Nec
626 5044 961 5108 praesumunt
981 5031 1194 5090 videndi
1225 5036 1436 5106 c0piam
1462 5051 1475 5088 :
1509 5033 1604 5092 sed
1627 5037 2083 5110 jussirepransen-

558 5217 808 5272 ﬂOmnes
833 5214 1110 5280 edit.,sed
1161 5214 1382 5283 quadam
1433 5217 1648 5272 rationis
1701 5227 1803 5273 tua:
1847 5221 2076 5277 dextera.

487 5286 676 5343 Melius
705 5300 895 5341 omnes
928 5301 1156 5339 mss..."
1181 5287 1432 5340 orationis
1458 5299 1560 5342 tute
1585 5291 1818 5346 dextera.

556 5359 583 5398 ι)
612 5361 741 5414 Mss.
767 5374 873 5414 non
905 5357 1084 5428 pauci,
1113 5367 1159 5410 et
1191 5360 1332 5412 mitte
1357 5357 1411 5411 in
1448 5375 1631 5414 manus
1657 5377 1799 5416 meas
1820 5403 1836 5428 ,
1864 5372 1913 5416 et
1941 5365 2077 5419 latus

486 5447 673 5484 meum.

559 5509 586 5576 ¢_
616 5500 760 5576 Edit.
792 5514 1002 5576 omnes,
1029 5493 1228 5576 Nempe
1256 5516 1371 5576 eum
1401 5500 1657 5576 hominem
1699 5520 1872 5576 rogas,
1903 5520 2074 5574 regem

482 5581 529 5626 te
555 5574 705 5626 dicis.
729 5573 931 5642 Sensus
952 5571 1236 5642 absurdus.
1268 5571 1452 5640 Itaque
1484 5571 1784 5642 legitimum
1809 5593 1838 5629 e
1861 5571 2072 5631 cun—etis

479 5657 612 5698 mss.
647 5641 996 5695 restituimus.
1019 5639 1309 5710 Corruptio
1327 5639 1504 5697 autem
1535 5639 1644 5699 non
1663 5646 1883 5700 aliunde
1909 5662 2069 5700 exor-

481 5723 528 5764 t-t
563 5721 664 5773 csl,
697 5711 798 5788 nisi
819 5725 886 5765 ex
915 5726 981 5764 eo
1005 5712 1148 5778 quiid
1174 5712 1328 5778 pauci
1355 5725 1487 5767 mss.
1533 5715 1854 5788 dictionem,
1896 5733 2066 5788 regem

475 5792 598 5852 post
648 5782 899 5849 verbum,
946 5797 1134 5850 rogas,
1182 5784 1649 5855 trausposuerint,
1697 5787 1839 5858 quod
1889 5782 2060 5842 inim-

2184 4673 2363 4728 Bonus
2389 4675 2534 4731 enim
2565 4676 2695 4731 odor
2740 4676 2932 4732 Christi
2977 4693 3156 4732 sumus
3181 4675 3294 4733 Deo
3319 4678 3391 4748 (ll
3415 4677 3545 4735 Cor.
3579 4697 3636 4746 tt,
3674 4679 3782 4747 15).

2186 4764 2256 4822 Ει
2277 4767 2415 4823 bene
2437 4778 2670 4837 eructat,
2695 4767 2789 4840 qui
2815 4769 3047 4839 plurima
3073 4778 3128 4824 et
3152 4769 3345 4825 suavia
3371 4780 3648 4852 praecepta
3687 4769 3784 4825 Do-

2187 4863 2320 4916 mini
2373 4864 2690 4934 gustaverit.
2740 4862 2966 4918 Eructat
2992 4861 3283 4934 hymnum,
3334 4864 3426 4932 qui
3458 4862 3782 4920 eructaverit

2186 4954 2428 5008 verbum.
2453 4953 2695 5024 Denique
2725 4963 2780 5009 et
2806 4952 2973 5009 David
3003 4963 3127 5008 ante
3154 4953 3422 5009 eructavit
3443 4955 3679 5010 verbum
3694 4952 3781 5008 bo-

2186 5060 2315 5100 num
2353 5044 2528 5116 (l’sal.
2589 5060 2733 5114 κων,
2770 5045 2853 5117 2),
2884 5043 2973 5101 hic
3001 5055 3213 5102 eructat
3245 5046 3537 5118 hymnum.
3578 5047 3776 5102 Bonum

2186 5225 2347 5296 dendi
2380 5227 2645 5293 voculam,
2675 5236 2739 5294 te,
2768 5227 2950 5296 isciolo
2971 5227 3205 5296 cuipiam
3229 5226 3772 5284 dedit'occasioncm.

2257 5293 2281 5331 ἀ
2308 5297 2438 5351 Mss.
2493 5297 2716 5368 aliquot,
2751 5295 2819 5350 Et
2849 5299 2973 5370 quid
3008 5293 3176 5352 dicam
3201 5297 3226 5370 3
3256 5298 3472 5370 Rogans
3505 5297 3772 5370 unusquis-
3838 5323 3842 5370 ἦ

2180 5381 2277 5436 que
2297 5370 2370 5420 sic
2399 5369 2705 5439 ingreditur,
2745 5377 2853 5422 etc.
2881 5367 2996 5423 Non
3025 5370 3095 5423 ita
3121 5369 3282 5424 male.
3341 5367 3357 5370 “
3654 5367 3662 5370 ’
3838 5373 3840 5439 i

2256 5449 2278 5474 υ
2307 5439 2379 5492 Ita
2405 5442 2644 5510 quinque
2673 5455 2806 5494 mss.
2840 5441 2942 5494 Alii
2974 5451 3176 5508 autem,
3208 5453 3272 5494 ac
3315 5450 3427 5496 vet.
3461 5441 3603 5496 edit.
3659 5441 3765 5495 dic-

2180 5509 2402 5581 tionem,
2435 5512 2573 5576 vitw,
2604 5510 3066 5579 prmtermittunt;
3109 5510 3256 5581 quod
3283 5511 3332 5565 si
3365 5512 3578 5580 placeat
3614 5554 3629 5576 ,
3689 5525 3767 5566 re-

2175 5579 2456 5635 ferendum
2503 5583 2607 5636 erit
2643 5583 2953 5645 relativum,
3005 5579 3174 5648 istius,
3223 5582 3291 5636 ad
3345 5579 3542 5638 vocem
3575 5582 3759 5642 streuli,

2178 5650 2327 5718 prius
2356 5647 2628 5722 positam.
2675 5647 2780 5707 Sed
2826 5651 2983 5708 Rom.
3037 5647 3169 5706 edit.
3206 5655 3429 5722 pr0prin
3463 5663 3643 5708 marte
3692 5655 3762 5705 sic

2173 5721 2480 5776 emendavit
2509 5741 2521 5777 :
2546 5733 2698 5794 grave
2722 5733 2796 5778 est
2827 5725 2951 5780 satis
2977 5721 3228 5796 lattgtevo,
3253 5721 3442 5778 cursus
3469 5725 3626 5780 istius
3661 5723 3764 5779 diu-

2172 5798 2405 5861 turnam,
2439 5803 2543 5848 etc.
