3948 6390
493 370 635 429 1519

1865 357 2108 416 SANCTI
2146 353 2476 415 AMBROSII

3656 353 3682 409 1
3693 354 3786 412 ὃὶῡ

496 499 693 542 manus
723 481 844 545 Dei,
866 480 937 536 de
959 493 1063 549 qua
1093 476 1355 547 scriptum
1379 482 1465 530 est
1515 493 1528 526 :
1573 471 1762 529 Nonne
1789 489 1962 528 omnes
2000 474 2097 527 mi-
2123 478 2178 540 Α
2200 472 2519 531 laudamus:
2549 471 2789 542 perfecte
2814 472 2867 527 in
2891 471 3082 527 umbra
3108 469 3330 528 laudare
3349 485 3456 527 non
3482 483 3785 542 possumus.

509 578 659 633 nistri
689 575 938 642 spiritus,
983 569 1072 638 qui
1111 569 1380 622 mittuntur
1419 568 1474 620 in
1511 566 1848 620 ministerium
1891 577 2102 638 prapter

505 687 613 736 eos,
665 667 751 736 qui
799 663 964 736 futuri
1010 659 1220 734 1253
1252 668 1398 713 erunt
1443 658 1670 713 Itteredes
1708 658 1890 712 salutis
1937 657 2098 730 (Heb.

500 780 543 829 ι,
578 762 698 829 l4)?
727 759 829 827 Qui
853 772 984 828 ergo
1007 758 1171 825 elegtt
1195 752 1447 808 mandata
1479 752 1597 818 Dei,
1629 754 1799 807 utitur
1825 750 2103 807 conﬁden-

501 855 574 910 tia
604 871 619 915 ;
649 861 708 907 ut
731 865 854 906 cum
913 847 1242 904 auctoritate
1285 845 1546 917 deposcat
1600 844 1705 900 sibi
1753 843 1935 900 divina
1976 845 2101 900 sub-

500 946 660 1003 sidia.

569 1039 660 1094 25.
704 1036 887 1109 (Vers.
913 1033 1077 1105 I74.)
1111 1031 1372 1100 Sequitur
1403 1045 1599 1086 versus
1643 1039 1870 1087 sextus:
1902 1029 2105 1086 Concu-

499 1132 606 1204 pivi
634 1129 862 1186 salutare
887 1139 1031 1182 tuum
1054 1171 1069 1195 ,
1107 1126 1368 1180 Domine:
1396 1134 1443 1178 et
1470 1124 1555 1178 tea:
1582 1133 1669 1177 tua
1702 1123 1966 1178 meditatio
1993 1139 2105 1177 mea

501 1237 598 1281 est.
629 1225 780 1280 Alius
812 1221 1162 1292 long.ovitate
1191 1221 1317 1274 vitae
1345 1220 1501 1273 istius
1529 1217 1862 1284 delectatur,
1894 1225 1947 1273 et
1973 1232 2105 1272 con-

501 1319 734 1388 cttpiscit
759 1332 930 1387 usque
960 1313 1025 1369 ad
1054 1313 1318 1383 depositae
1345 1311 1641 1367 senectutis
1665 1310 1829 1368 [luem
1857 1309 2104 1378 corporis

500 1413 665 1483 hujus
697 1413 862 1466 vitam
909 1408 1234 1478 producere.
1268 1405 1374 1460 Alii
1417 1405 1734 1476 franguntur
1764 1402 2104 1475 aegritudinis

499 1504 814 1560 inﬁrmitate
838 1543 852 1568 ,
883 1501 953 1556 de
982 1500 1179 1570 quibus
1206 1513 1367 1554 nemo
1395 1505 1572 1568 potest
1617 1496 1793 1553 dicere
1820 1515 1832 1551 :
1867 1495 1996 1552 Cum
2023 1497 2106 1550 itt-

499 1597 679 1666 ﬁrmor
701 1636 716 1658 ,
751 1604 871 1648 tunc
901 1603 1079 1662 potens
1110 1608 1226 1645 sum
1260 1590 1337 1662 (ll
1362 1587 1483 1645 Cor.
1510 1605 1588 1644 ιιι
1612 1631 1627 1656 ,
1657 1591 1726 1646 10
1747 1587 1788 1661 ).
1819 1588 2016 1645 Beatos
2043 1604 2105 1645 se

499 1699 730 1760 putant,
784 1687 830 1741 si
885 1684 1153 1740 inoll'ensa
1202 1682 1529 1738 valetudinis
1577 1682 1963 1738 commoditate
2011 1696 2104 1750 po-

503 1781 730 1846 tiantur,
763 1778 962 1848 quibus
995 1792 1100 1831 non
1143 1784 1228 1831 est
1267 1772 1552 1828 inﬁrmitas
1591 1773 1659 1828 ad
1707 1773 1960 1828 salutem.
1994 1771 2104 1828 Ho-

2201 564 2260 620 ln
2292 576 2430 621 terra
2477 566 2655 621 aliena
2685 579 2911 620 sumus:
2945 565 3178 636 denique
3209 565 3404 620 audisti
3433 565 3486 619 in
3527 563 3787 634 posterio-

2202 657 2352 712 ribus
2379 657 2624 712 dicentes
2657 673 2669 709 :
2703 655 2972 723 Quomodo
3017 657 3338 711 cantabimus
3381 656 3641 710 canticum
3687 653 3788 714 Do-

2201 748 2329 802 mini
2356 748 2411 802 in
2436 758 2570 802 terra
2593 749 2761 803 aliena
2785 746 2962 820 (Psal.
2987 763 3186 805 CXXXVI
3205 791 3218 812 ,
3247 747 3328 822 4).

2273 841 2367 897 26.
2411 843 2684 912 Adjuvant
2734 854 2914 898 autem
2965 842 3170 913 judicia
3221 842 3319 898 Dei
3365 851 3626 910 sanctos,
3675 859 3788 900 cum

2206 933 2366 990 bonis
2405 933 2662 1005 operibus
2693 937 3063 991 renumeratio
3091 937 3219 991 vitae
3246 935 3526 992 confertur
3552 946 3790 993 aeternas.

2205 1023 2404 1080 Beatus
2441 1026 2530 1095 qui
2562 1025 2695 1080 dicit
2722 1043 2734 1080 :
2768 1026 2834 1081 Et
2853 1026 3061 1097 judicia
3091 1037 3178 1082 tua
3207 1028 3525 1099 adjuvabunt
3552 1045 3654 1084 me.
3685 1029 3793 1100 Ego

2205 1117 2477 1185 infirmus,
2502 1133 2604 1189 ego
2627 1127 2881 1188 peccator
2903 1121 3067 1176 timeo
3087 1120 3284 1190 judicia
3311 1121 3406 1178 Dei
3431 1132 3652 1192 propter
3673 1137 3797 1178 con-

2203 1212 2486 1271 scientiam
2519 1213 2838 1269 delictorum
2874 1231 2888 1268 :
2929 1214 3059 1270 milti
3101 1225 3365 1273 terrorem
3396 1217 3689 1285 adferunt,
3718 1235 3798 1276 me

2207 1305 2478 1376 exagitant
2510 1323 2524 1359 :
2553 1317 2772 1362 sanctos
2796 1307 3074 1374 adjuvant.
3119 1307 3228 1365 Sed
3262 1307 3476 1382 1255.
3504 1319 3685 1367 tamen
3719 1311 3801 1383 ju-

2208 1399 2410 1454 vabttnt
2425 1399 2586 1454 etiam
2607 1410 2965 1470 peccatorem,
2993 1401 3120 1457 licet
3135 1401 3353 1458 diverso
3371 1403 3552 1460 modo.
3575 1403 3799 1462 Sanctus

2208 1493 2586 1562 adiuvabitur,
2624 1493 2754 1550 dum
2792 1494 3055 1565 probatur
3086 1513 3103 1550 :
3137 1506 3392 1566 peccator
3433 1498 3799 1569 adiuvabitur,

2208 1583 2335 1639 dttm
2367 1583 2711 1654 htttniliatur,
2763 1586 2892 1642 dum
2924 1589 3247 1658 castigatur;
3287 1600 3346 1645 ut
3371 1601 3592 1663 peccata
3631 1593 3804 1649 solvat

2209 1675 2441 1748 duplicia
2466 1696 2479 1732 :
2504 1679 2632 1734 dum
2656 1695 2793 1751 opus
2813 1679 2931 1752 eius
2960 1682 3228 1751 exuritur,
3258 1692 3320 1740 ut
3344 1685 3458 1754 ipse
3483 1687 3666 1744 salvus
3695 1687 3800 1756 ﬁat,

2209 1768 2287 1824 sic
2315 1778 2490 1825 tamen
2519 1771 2671 1840 quasi
2703 1787 2799 1840 per
2826 1773 3025 1843 ignem.
3060 1774 3330 1831 Fortassis
3357 1777 3520 1832 etiam
3559 1778 3640 1834 sic
3681 1793 3805 1834 con-

498 1888 618 1929 rum
647 1885 864 1942 quoque
895 1885 1057 1923 nemo
1088 1874 1270 1938 potest
1297 1866 1482 1921 dicere
1523 1882 1537 1919 :
1573 1863 1853 1936 Concupivi
1878 1864 2106 1919 salutare
2133 1871 2182 1932 Β
2211 1861 2359 1916 venit
2381 1877 2576 1919 sensus
2601 1881 2614 1918 :
2638 1862 2696 1918 Si
2719 1863 2914 1933 dignus
2945 1864 3099 1920 fuero
3121 1865 3352 1937 judicio,
3386 1869 3579 1940 dignus
3611 1885 3712 1926 ero
3753 1878 3807 1927 ut

499 1975 681 2030 tuum,
716 1963 966 2026 Domine;
1009 1976 1164 2017 suam
1214 1962 1359 2015 enim
1413 1959 1582 2030 magis
1627 1959 1858 2014 salutem
1886 1999 1901 2024 ,
1939 1971 2100 2027 quam

501 2059 742 2116 salutare
775 2056 869 2112 Dei
911 2062 1195 2125 quaerunt,
1240 2052 1464 2108 medicis
1510 2050 1694 2121 potius
1729 2067 1888 2122 quam
1920 2050 2102 2121 Scrip-

501 2151 641 2207 turis
669 2147 1012 2205 obedientes.
1042 2145 1334 2202 Contraria
1378 2153 1558 2200 autem
1603 2145 1862 2200 studiosis
1904 2144 2104 2199 divinas

501 2240 831 2314 cognitionis
862 2248 1126 2310 praecepta
1160 2247 1287 2294 sunt
1323 2237 1605 2293 medicinae
1654 2237 1758 2311 (De
1787 2237 1945 2294 Cons.
1978 2239 2099 2293 dist.

501 2335 567 2402 5,
598 2333 918 2406 Contraria).
958 2337 997 2388 A
1017 2333 1227 2404 jejunio
1256 2341 1546 2397 revocant,
1573 2331 1858 2386 lucubrare
1890 2346 2000 2385 non
2031 2331 2104 2386 si-

503 2439 682 2496 nunt,
732 2429 802 2483 ab
849 2428 998 2484 omni
1041 2426 1351 2482 intensione
1391 2424 1758 2480 meditationis
1803 2423 2103 2479 abducunt.

501 2523 687 2592 itaque
717 2522 807 2592 qui
830 2535 889 2576 se
921 2519 1146 2575 medicis
1166 2517 1410 2581 dederit,
1439 2531 1499 2572 se
1522 2516 1697 2585 ipsum
1723 2516 1824 2571 sibi
1847 2515 2103 2586 abnegat.

503 2615 606 2684 Qui
635 2623 814 2670 autem
845 2613 1040 2683 quierit
1079 2611 1317 2666 salutare
1351 2609 1482 2674 Dei,
1515 2607 1790 2664 Christum
1826 2609 2104 2678 sequitur,

504 2709 597 2780 qui
626 2707 827 2763 dicitur
854 2715 882 2743 ⁸
913 2705 1064 2761 salus
1091 2705 1185 2759 Dei
1213 2721 1226 2757 :
1261 2717 1368 2758 non
1399 2716 1520 2772 quae
1543 2702 1794 2771 corporis
1814 2743 1828 2768 ,
1861 2701 1957 2757 sed
1986 2717 2108 2772 qua:

509 2810 715 2857 aeterna
744 2808 871 2855 sunt
901 2812 1153 2869 quzerens
1173 2839 1188 2863 ,
1220 2811 1344 2852 cum
1376 2795 1479 2850 hoc
1510 2795 1563 2849 in
1605 2809 1837 2863 corpore
1881 2809 2110 2850 conver-

505 2909 682 2956 setur.
715 2898 818 2965 Qui
855 2904 1035 2952 autem
1077 2894 1307 2950 salutem
1337 2893 1431 2947 Dei
1462 2891 1660 2962 quierit
1680 2932 1695 2956 ,
1727 2889 1814 2946 die
1846 2891 2028 2959 utique
2055 2897 2111 2944 et

503 3000 669 3048 nocte
709 2987 1002 3044 meditatur
1032 2987 1087 3040 in
1128 2987 1266 3055 lege.
1295 2984 1446 3055 Jugis
1479 2984 1555 3038 illi
1582 2983 1867 3040 meditatio
1920 2991 2004 3038 est
2030 2981 2113 3036 di-

509 3086 761 3138 vinorum
807 3079 1191 3144 decretorum,
1240 3090 1417 3146 neque
1458 3075 1633 3147 aliqua
1681 3089 1811 3130 cura
1863 3072 2111 3143 corporis

512 3177 677 3247 hujus
702 3174 1001 3229 advertitur
1028 3186 1058 3224 a
1089 3169 1269 3225 studio
1297 3169 1618 3240 disciplinae.

2208 1965 2376 2008 exuar
2419 1969 2448 2008 a
2494 1954 2784 2011 consortiis
2824 1955 3145 2026 impiorum;
3173 1961 3428 2028 quoniam
3473 1961 3597 2017 Non
3631 1980 3803 2019 resur-

2206 2056 2331 2117 gunt
2359 2047 2506 2117 impii
2548 2047 2603 2102 in
2622 2049 2886 2118 judicium
2923 2049 3104 2121 (Psal.
3137 2067 3192 2117 ι,
3226 2053 3301 2122 5).
3337 2055 3402 2108 Et
3431 2053 3701 2124 iuvabunt
3725 2073 3806 2114 tne

2203 2136 2439 2206 judicia;
2470 2141 2722 2208 quoniam
2751 2141 2841 2210 qui
2871 2143 3042 2198 credit
3078 2143 3132 2198 itt
3166 2143 3397 2201 Domino
3417 2186 3433 2214 ,
3467 2162 3572 2202 non
3598 2147 3806 2218 judica-

2208 2239 2315 2288 tur.
2348 2233 2599 2290 Proderit
2638 2237 2715 2292 illi
2759 2237 2926 2301 ﬁdes,
2968 2247 3024 2295 et
3049 2241 3431 2314 suﬂragabitur
3459 2245 3528 2301 ad
3571 2247 3804 2313 veniam,

2209 2323 2370 2378 etiam
2397 2325 2441 2379 si
2472 2341 2576 2396 qua
2610 2327 2660 2381 itt
2693 2329 2950 2398 operibus
2978 2331 3182 2388 olfensa
3213 2336 3306 2389 sit.

2280 2417 2370 2472 27.
2413 2419 2594 2490 (Vers.
2624 2422 2787 2494 176.)
2819 2423 3078 2496 Sequitur
3107 2443 3296 2485 versus
3322 2430 3545 2487 ultimus
3574 2449 3592 2489 :
3628 2433 3804 2489 Erravi

2206 2513 2339 2568 sicut
2368 2515 2476 2569 ovis
2505 2532 2621 2584 qua:
2667 2518 2884 2585 perierat
2908 2537 2927 2574 :
2959 2522 3159 2591 vivi/ica
3196 2541 3400 2580 servum
3445 2535 3593 2582 tuum
3619 2545 3642 2594 ;
3684 2547 3805 2601 quo-

2212 2605 2351 2659 niam
2381 2606 2626 2662 mandata
2653 2619 2742 2664 tua
2783 2627 2885 2666 non
2929 2631 3045 2668 sum
3089 2616 3302 2673 oblitus.
3331 2617 3556 2676 Graecus
3606 2621 3801 2679 habet:

2215 2698 2401 2766 Qutere
2451 2718 2651 2758 servum
2694 2715 2880 2775 tnutn,
2921 2708 3026 2763 hoc
3068 2719 3192 2780 est,
3222 2716 3486 2778 ζῆτησονε
3528 2723 3589 2771 et
3640 2717 3806 2786 potuit

2210 2792 2323 2849 falli
2354 2797 2618 2866 scriptor,
2649 2808 2707 2853 ut
2735 2799 3002 2857 scriberet
3031 2807 3218 2873 ζήσω,
3247 2806 3395 2877 quod
3443 2815 3527 2864 est
3573 2809 3801 2867 viviﬁca.

2214 2883 2419 2943 Sensus
2450 2889 2669 2959 quidem
2696 2903 2926 2964 uterque
2954 2903 3196 2962 constat,
3220 2897 3317 2952 sed
3346 2903 3712 2968 Opportunior
3729 2911 3807 2959 est

2214 2976 2339 3034 ltuic
2374 2981 2533 3036 loco:
2571 2985 2756 3050 Qutere
2783 3003 2985 3042 servum
3024 2997 3213 3058 tuum;
3235 2993 3491 3063 quoniam
3531 2997 3656 3052 ovis
3693 3011 3806 3068 qua:

2213 3072 2416 3126 erravit
2451 3077 2740 3143 quaerenda
2768 3087 2852 3134 est
2883 3095 2912 3134 a
2943 3089 3160 3150 pastore
3185 3123 3202 3149 ,
3230 3100 3299 3140 ne
3341 3095 3546 3155 pereat.
3581 3088 3711 3144 Ideo
3734 3089 3809 3144 di-

2215 3165 2289 3218 cit
2313 3205 2328 3230 ,
2356 3165 2560 3222 Erravi.
2587 3167 2687 3225 Dic
2724 3183 2771 3227 et
2811 3183 2869 3228 tu
2913 3175 3210 3246 iniquitates
3237 3188 3356 3235 tuas
3375 3220 3390 3245 ,
3419 3191 3475 3235 ut
3511 3183 3808 3252 justi/iceris

582 3270 672 3325 24.
717 3266 902 3337 (Vers.
930 3262 1091 3332 175.)
1122 3261 1380 3332 Sequitur
1407 3276 1596 3316 versus
1627 3261 1889 3330 septimus
1914 3275 1929 3311 :
1965 3256 2110 3313 Vivet
2137 3259 2183 3323 C
2216 3252 2387 3327 (Esai.
2413 3275 2571 3326 xuu,
2596 3261 2711 3333 26).
2743 3265 2896 3332 Quod
2925 3266 3132 3338 lapsum
3157 3267 3379 3339 fateris,
3403 3272 3455 3328 in
3481 3288 3548 3330 eo
3571 3275 3671 3332 tibi
3693 3291 3808 3331 cum

514 3362 688 3416 animo
715 3375 828 3413 mea
847 3400 863 3424 ,
893 3367 939 3412 et
969 3355 1207 3411 laudabit
1241 3365 1286 3423 te
1317 3369 1335 3408 :
1365 3363 1410 3408 et
1439 3351 1644 3424 judicio
1674 3360 1762 3406 tua
1796 3350 2113 3420 adjuvabunt

516 3469 616 3508 nte.
660 3452 880 3507 Futurte
909 3451 1095 3520 utique
1122 3448 1249 3502 vitae
1273 3487 1290 3512 ,
1330 3461 1438 3500 non
1481 3444 1764 3514 praesentis
1803 3442 1904 3496 sibi
1935 3456 2117 3496 remu-

518 3544 802 3602 neratione
847 3541 1161 3606 blanditur;
1206 3539 1323 3594 haec
1361 3539 1506 3594 enim
1553 3538 1661 3591 vita
1707 3534 1980 3606 quomodo
2007 3533 2116 3590 diei

521 3643 737 3708 potest,
765 3635 836 3690 de
865 3649 968 3704 qua
1015 3633 1280 3701 scriptum
1309 3639 1394 3686 est
1420 3647 1434 3684 :
1467 3628 1534 3684 Et
1560 3629 1613 3682 in
1641 3629 1896 3696 pulverem
1936 3631 2118 3684 mortis

521 3727 786 3785 deduxisti
826 3741 907 3781 me
937 3725 1120 3796 (Psal.
1150 3739 1239 3778 ut
1261 3763 1275 3787 ,
1311 3722 1442 3792 16)?
1472 3722 1643 3791 Quam
1689 3723 1842 3778 multi
1875 3723 2120 3778 viventes

522 3822 575 3877 in
629 3820 842 3875 inferno
885 3818 1044 3873 sunt!
1077 3817 1196 3886 Ipse
1239 3814 1438 3869 Paulus
1480 3815 1737 3884 cupiebat
1778 3815 1846 3870 de
1892 3830 2122 3885 corpore

521 3913 714 3970 mortis
755 3911 917 3982 bujus
948 3908 1207 3975 liberari,
1245 3907 1335 3979 qui
1375 3920 1504 3962 vere
1531 3907 1841 3976 concupivit
1885 3907 2123 3963 salutare

523 4006 620 4062 Dei
647 4046 665 4072 ,
697 4005 885 4060 dicens
911 4019 925 4057 :
961 4000 1180 4055 Dissolvi
1203 3999 1341 4054 enim
1368 3998 1552 4068 cupio,
1581 4009 1628 4052 et
1655 4013 1771 4051 cum
1795 3997 1996 4054 Christo
2017 4014 2122 4053 esse

524 4099 689 4154 multo
720 4098 902 4151 melius
927 4110 946 4149 :
970 4108 1271 4166 permanere
1298 4101 1466 4146 autem
1495 4092 1549 4146 in
1575 4107 1731 4146 carne
1759 4091 1923 4162 magis
1953 4107 2124 4146 neces-

527 4193 722 4247 sarium
752 4188 974 4259 (Philip.
1001 4203 1051 4252 ι,
1077 4187 1171 4256 25)
1191 4228 1207 4253 ,
1239 4201 1402 4256 quam
1428 4185 1812 4240 voluntarium.
1839 4184 2124 4252 Quomodo

528 4297 659 4352 ergo
689 4280 821 4334 vivit
850 4279 1029 4332 anima
1054 4288 1242 4346 operta
1288 4276 1477 4330 mortis
1527 4275 1808 4330 involttcro
1834 4293 1848 4331 :
1885 4285 1978 4331 aut
2004 4291 2126 4346 quas

527 4385 612 4431 est
642 4372 754 4426 vita
776 4413 791 4436 ,
818 4385 938 4441 quae
964 4369 1017 4423 in
1047 4367 1239 4422 umbra
1268 4365 1387 4422 est?
1412 4367 1469 4422 In
1500 4366 1722 4436 regione
1749 4366 1956 4422 umbra:
1984 4382 2127 4423 mor-

529 4468 599 4525 tis
630 4481 818 4522 sumus
845 4482 859 4520 :
890 4463 1203 4519 abscondita
1233 4471 1317 4516 est
1355 4461 1463 4514 vita
1503 4467 1686 4515 nostra
1713 4500 1730 4526 ,
1774 4474 1882 4514 non
1915 4459 2125 4527 libera;

529 4565 636 4620 erit
664 4561 809 4618 enim
833 4559 1001 4614 libera
1030 4559 1082 4610 in
1109 4554 1332 4626 regione
1355 4555 1631 4621 vivorum,
1664 4553 1717 4609 in
1740 4569 1844 4624 qua
1877 4554 2126 4609 fiduciam

2218 3348 2470 3406 omnibus
2514 3365 2801 3410 commune
2828 3359 3167 3415 consttrtium
3194 3371 3318 3428 est;
3349 3364 3472 3434 quia
3503 3380 3670 3422 nemo
3700 3367 3812 3422 sine

2219 3454 2443 3511 peccato
2470 3461 2484 3498 :
2516 3459 2714 3516 negare
2755 3445 2892 3516 hoc,
2924 3451 3263 3524 sacrilegium
3305 3466 3427 3522 est;
3469 3457 3627 3514 solus
3673 3459 3812 3514 enim

2221 3532 2363 3589 Deus
2393 3536 2511 3591 sine
2540 3549 2764 3607 peccato
2787 3550 2890 3595 est.
2919 3541 3177 3600 Conﬁteri
3213 3547 3316 3603 hoc
3345 3547 3490 3612 Deo,
3523 3550 3814 3623 impunita—

2221 3623 2293 3680 tis
2323 3628 2621 3684 remedium
2651 3641 2755 3687 est.
2783 3630 2972 3688 Erravi
2996 3677 3012 3702 ,
3043 3635 3258 3708 inquit:
3291 3641 3388 3696 sed
3428 3644 3518 3714 qui
3570 3647 3814 3711 erravit,

2224 3719 2277 3774 itt
2307 3721 2451 3776 viam
2497 3731 2674 3792 potest
2705 3726 2917 3797 redire,
2947 3729 3000 3783 in
3030 3731 3169 3786 viam
3218 3737 3466 3792 revocari
3517 3746 3725 3809 potest.
3756 3740 3818 3795 Et

2222 3813 2448 3882 pulchre
2477 3814 2719 3872 addidit:
2752 3819 2900 3875 Sicut
2924 3822 3032 3877 ovis
3073 3839 3190 3894 qua:
3216 3828 3479 3897 perierat;
3519 3846 3635 3889 non
3679 3834 3818 3890 enim

2225 3905 2367 3974 perit
2390 3907 2484 3977 qui
2509 3911 2753 3979 agnoscit
2774 3927 3038 3970 errorem.

2298 3999 2389 4056 28.
2435 4001 2647 4069 Quaere,
2688 4006 2894 4076 inquit,
2926 4023 3128 4063 servum
3154 4020 3336 4078 tuum:
3379 4017 3632 4094 quoniam
3679 4037 3822 4075 man-

2227 4091 2349 4148 data
2373 4103 2461 4148 tua
2489 4111 2727 4152 nonsum
2771 4099 2976 4156 oblitus.
3020 4102 3155 4160 Veni
3199 4121 3363 4178 ergo,
3399 4091 3635 4168 Domine
3661 4111 3823 4169 Iesu:

2228 4202 2411 4257 quaere
2454 4203 2672 4244 servum
2722 4198 2910 4261 tuum,
2942 4210 3129 4266 qumre
3179 4199 3372 4256 lassam
3418 4217 3578 4259 ovem
3635 4216 3825 4262 tuam:

2230 4279 2378 4347 veni,
2414 4292 2626 4348 pastor,
2664 4298 2848 4353 quaere
2870 4286 3013 4343 sicut
3033 4303 3164 4345 oves
3192 4291 3414 4361 .losepb.
3447 4294 3676 4352 Erravit
3713 4296 3830 4353 ovis

2231 4379 2318 4425 tua
2341 4411 2356 4435 ,
2387 4371 2514 4426 dum
2545 4383 2600 4428 tu
2631 4377 2865 4433 moraris
2884 4421 2898 4445 ,
2924 4380 3053 4436 dum
3083 4390 3140 4437 tu
3171 4386 3410 4441 versaris
3438 4386 3492 4442 itt
3526 4390 3827 4446 montibus.

2233 4461 2452 4520 Dimitte
2482 4469 2771 4536 nonaginta
2820 4487 3012 4528 novem
3041 4489 3172 4531 oves
3220 4486 3340 4534 tuas
3361 4520 3376 4544 ,
3406 4489 3464 4535 et
3492 4483 3626 4539 veni
3678 4499 3833 4539 unam

2232 4571 2476 4626 quaerere
2501 4575 2620 4630 qua:
2649 4563 2871 4620 erravit.
2916 4565 3048 4622 Veni
3090 4569 3208 4624 sine
3252 4571 3480 4627 canibus
3506 4614 3522 4639 ,
3552 4576 3687 4631 veni
3725 4575 3839 4631 sine

528 4653 910 4725 complacendi
936 4652 1115 4723 iustus
1143 4650 1413 4714 assumit;
1444 4659 1504 4703 υι
1543 4649 1754 4720 ριεεθειι
1798 4646 2027 4703 DOminO
2073 4647 2126 4702 in
2153 4652 2206 4713 D
2232 4655 2388 4710 malis
2418 4659 2685 4726 operariis
2711 4702 2726 4726 ,
2759 4663 2882 4719 veni
2923 4663 3041 4720 sine
3080 4669 3422 4725 mercenario
3444 4711 3460 4736 ,
3491 4671 3590 4742 qui
3625 4688 3730 4744 per
3761 4673 3841 4744 ja-

529 4751 751 4820 regione
780 4748 1026 4802 vivorum
1052 4743 1228 4818 (Psat.
1252 4759 1397 4808 cxtv,
1424 4742 1505 4812 9).
1535 4742 1611 4798 lbi
1637 4758 1772 4814 ergo
1798 4744 1930 4799 vivit
1949 4745 2127 4798 anima

531 4853 748 4906 nostra,
773 4842 861 4896 ttbi
891 4839 1027 4894 nihil
1056 4837 1315 4903 mortale,
1346 4835 1482 4891 ttiltil
1505 4835 1779 4891 inﬁrmum
1800 4836 1996 4891 amicta
2019 4835 2126 4904 sit,

532 4938 667 4996 nihil
699 4936 940 4992 debitum
973 4948 1166 5002 poenae.

602 5030 695 5085 25.
739 5028 812 5085 lbi
859 5025 1098 5080 laudabit
1131 5023 1420 5079 Dominum
1451 5063 1465 5089 ,
1497 5022 1589 5078 ubi
1627 5021 1876 5092 deposito
1905 5022 2133 5078 inﬁrmi-

534 5123 664 5179 tatis
693 5134 925 5189 corpore
945 5159 962 5185 ,
991 5116 1295 5173 conformis
1321 5130 1443 5171 esse
1468 5117 1700 5184 cmperit
1727 5117 1910 5187 gloria:
1937 5132 2130 5186 corpo-

535 5216 611 5272 ris
643 5214 861 5269 Christi.
892 5211 1024 5266 Nam
1055 5210 1183 5264 dum
1217 5209 1270 5264 in
1298 5219 1523 5277 peccato
1568 5224 1786 5274 sumus,
1830 5211 1988 5282 plene
2020 5212 2134 5266 Iau-

534 5305 667 5362 dare
695 5305 784 5374 qui
816 5303 1136 5373 possumus?
1167 5299 1437 5354 Peccatori
1458 5302 1590 5354 enim
1621 5303 1751 5357 dixit
1782 5302 1917 5358 Deus
1939 5323 1960 5358 :
1991 5307 2134 5369 Qua-

531 5417 591 5455 re
620 5409 673 5454 tu
701 5413 913 5451 enarras
953 5395 1179 5463 iustitias
1211 5409 1352 5446 meas
1380 5391 1553 5462 (Psal.
1578 5410 1695 5449 xux
1716 5437 1730 5458 ,
1766 5395 1900 5467 16)?
1928 5397 1984 5451 In
2016 5413 2132 5452 utn-

533 5491 630 5546 bra
659 5505 847 5543 sumus
886 5488 972 5542 hic
1015 5485 1175 5556 positi
1202 5502 1214 5537 :
1247 5483 1300 5538 in
1330 5484 1515 5539 umbra
1548 5485 1819 5542 vivimus:
1850 5487 1902 5542 in
1940 5489 2131 5544 umbra

611 5634 634 5661 η
660 5625 820 5678 Rom.
846 5621 977 5677 edit.
1031 5617 1121 5674 hic
1144 5627 1196 5671 et
1243 5617 1406 5687 paulo
1455 5618 1714 5682 inferius,
1748 5622 1975 5677 salutare
2021 5623 2133 5678 Dei.

535 5695 678 5749 Infra
709 5709 836 5746 vero
869 5692 955 5743 tibi
999 5700 1121 5756 post
1152 5704 1341 5743 vocent
1364 5729 1380 5753 ,
1413 5705 1649 5757 quarens
1671 5734 1686 5758 ,
1729 5706 1841 5746 ant.
1873 5695 2005 5748 edit.
2038 5696 2135 5749 atl-

534 5767 699 5828 dunt,
724 5779 842 5816 cum
861 5760 956 5814 hoc
981 5761 1038 5814 in
1061 5772 1645 5835 corpore_conversetur,
1669 5765 1807 5824 quod
1827 5764 1970 5818 satus
1998 5781 2140 5835 qua:-

530 5835 696 5899 rt’tur;
723 5837 825 5887 hoc
847 5841 1018 5886 totum
1043 5830 1235 5888 eadem
1264 5829 1422 5885 Rom.
1446 5844 1808 5889 resecaverat.
1837 5829 2033 5891 Verum
2052 5850 2138 5891 sa.

2235 4762 2394 4803 nuam
2425 4749 2652 4809 introire
2686 4769 2792 4810 non
2824 4761 3054 4812 noverit.
3085 4758 3221 4816 Vetti
3246 4761 3366 4817 sine
3394 4763 3693 4833 adiutore,
3728 4767 3842 4823 sine

2237 4841 2428 4897 nuntio
2453 4860 2466 4895 :
2494 4845 2806 4913 jamdudum
2837 4857 2890 4904 te
2919 4863 3176 4921 exspecto
3200 4866 3509 4912 venturum.
3542 4857 3680 4915 Scio
3702 4860 3843 4915 enim

2237 4945 2559 4992 venturum:
2593 4939 2848 5007 Quoniam
2894 4946 3140 5000 mandata
3182 4957 3273 5002 tua
3316 4964 3416 5004 non
3461 4967 3584 5005 sum
3629 4953 3842 5008 oblitus.

2236 5027 2372 5082 Veni
2405 5045 2508 5083 non
2540 5046 2662 5086 cum
2697 5034 2875 5102 virga,
2909 5036 3004 5092 sed
3035 5051 3157 5092 cum
3200 5038 3498 5109 charitate,
3527 5040 3556 5080 δ
3590 5045 3843 5116 spiritus-

2235 5136 2341 5192 que
2371 5124 2802 5183 mansuetudine.

2308 5216 2399 5272 29.
2441 5217 2560 5274 Noli
2592 5220 2839 5278 dubitare
2882 5224 3193 5296 relinquere
3239 5227 3292 5283 in
3337 5231 3627 5288 montibus
3675 5246 3843 5288 nona-

2237 5307 2382 5378 ginta
2409 5325 2602 5367 novem
2629 5327 2759 5368 oves
2791 5323 2942 5381 tuas;
2973 5317 3096 5386 quia
3125 5317 3179 5372 in
3211 5319 3490 5377 montibus
3515 5324 3846 5380 constitutas

2238 5399 2349 5471 lupi
2383 5418 2606 5472 rapaces
2636 5406 2919 5465 incursare
2948 5424 3056 5465 non
3103 5421 3349 5483 possunt.
3379 5414 3438 5471 In
3467 5419 3735 5487 paradiso
3763 5434 3845 5474 se-

2239 5496 2345 5550 mel
2396 5499 2584 5553 nocuit
2633 5515 2898 5572 serpens:
2935 5503 3116 5560 amisit
3162 5505 3234 5562 ibi
3281 5522 3465 5564 escam
3492 5549 3510 5578 ,
3553 5522 3842 5585 postquam

2241 5627 2308 5684 tis
2340 5629 2527 5713 {uisset
2561 5649 2866 5713 resecasse,
2896 5639 3036 5705 quod
3059 5640 3201 5696 salus
3229 5645 3479 5713 quieritur
3496 5662 3517 5712 ;
3553 5649 3680 5706 hac
3709 5649 3844 5706 cnim

2242 5702 2408 5756 verba
2438 5704 2487 5755 itt
2523 5719 2650 5759 tttss.
2683 5723 2791 5762 non
2819 5702 3184 5767 inveniuntur.

2313 5771 2340 5809 ι’
2371 5772 2528 5832 Rom.
2554 5776 2714 5847 edit.,
2745 5781 3026 5852 spirituque
3057 5784 3486 5842 mansuetudinis.
