3948 6372
160 355 266 413 ιδει
1211 352 1277 409 IN
1318 351 1640 411 PSALMUM
1680 353 1893 412 cxvnt
1931 354 2318 417 exposmo.
3248 368 3390 426 me

154 465 290 522 Adam
316 461 422 519 inde
459 460 714 531 depulsus
751 470 879 518 est:
914 462 1027 519 illic
1051 461 1161 534 iam
1193 478 1391 521 nocere
1432 479 1539 521 non
1586 481 1684 537 po-
1710 469 1761 532 Α
1787 480 1834 525 et
1858 469 1980 540 l5).
2017 471 2129 527 Hoc
2166 482 2251 528 est
2292 474 2475 533 dicere
2502 495 2515 533 :
2544 479 2727 536 Teneo
2778 483 3029 540 mandata
3077 495 3163 540 tua
3202 488 3385 542 omnia

156 560 271 613 terit.
310 556 377 611 Ad
418 571 495 611 me
543 557 703 621 veni,
736 558 903 627 queui
935 557 1183 629 luporum
1230 559 1477 630 gravium
1527 570 1687 616 vexat
1788 564 1913 618 novi
1942 573 1998 619 et
2029 567 2232 621 veteris
2273 566 2630 626 Testamenti.
2685 574 2812 630 Sola
2843 576 2947 632 hoc
2974 578 3157 634 dicere
3191 580 3381 635 Eccle-

153 655 372 709 incursus.
395 650 467 706 Ad
504 666 591 706 me
618 653 777 718 veni,
809 668 967 722 quem
1000 654 1233 724 ejectum
1277 655 1345 710 de
1378 655 1627 725 paradiso
1658 668 1685 694 ι
1786 655 1866 709 sia
1901 665 2097 723 potest.
2130 658 2243 712 Non
2275 658 2406 715 dicit
2431 664 2533 717 alia
2563 668 2954 737 congregatio:
2992 686 3098 725 non
3127 672 3259 727 dicit
3286 672 3387 745 Sy-

155 745 373 813 serpcntis
394 744 485 798 diri
518 746 718 800 ulceris
747 760 953 801 venena
982 757 1330 816 pertentant;
1364 752 1487 817 quia
1511 749 1686 804 erravi
1788 762 1991 819 nagoga
2017 789 2032 815 ,
2071 765 2172 805 nec
2217 753 2513 808 secundum
2554 756 2791 813 litteram
2838 776 2973 815 nova
3022 770 3214 818 tenens
3237 805 3250 826 .
3287 744 3388 819 nec

152 852 174 889 a
195 836 404 906 gregibus
428 835 525 889 tuis
552 835 661 889 illis
690 837 1102 905 superioribus:
1138 853 1259 892 nam
1290 847 1346 895 et
1374 854 1461 894 me
1489 840 1688 895 ibidem
1788 845 2087 900 secundum
2118 848 2367 917 spiritum
2398 861 2599 906 vetera.
2634 853 2749 910 Non
2793 856 2925 911 dicit
2967 856 3191 913 ha-resis
3219 859 3389 915 mani-

152 928 460 981 collocaveras
484 967 499 991 ,
544 926 639 982 sed
672 928 740 982 ab
766 929 1001 984 ovilibus
1035 930 1141 985 tuis
1185 931 1344 1001 lupus
1390 939 1688 988 nocturnus
1789 934 1935 990 chzea
1964 955 1976 989 :
2005 937 2198 994 Vetera
2225 945 2433 996 servavi
2466 945 2719 1015 tibi,qu:e
2742 944 2769 983 ἀ
2800 948 3101 1018 Prophetas
3132 967 3238 1005 non
3266 967 3389 1007 sus-

150 1022 327 1077 avcrtit.
350 1022 527 1090 Quane
558 1038 676 1088 me;
704 1025 827 1095 quia
856 1040 957 1096 ego
989 1034 1041 1081 te
1070 1026 1306 1096 requiro.
1340 1026 1534 1094 Qua-re
1565 1042 1684 1095 me,
1789 1026 1939 1095 cipit.
1966 1028 2160 1084 Merito
2182 1032 2430 1088 dealbata
2457 1034 2730 1105 cernitur,
2752 1053 2873 1109 quae
2898 1042 3178 1112 utriusque
3225 1042 3391 1113 fulget

150 1114 292 1168 inveni
320 1129 431 1178 me,
476 1116 690 1186 suscipe
738 1132 863 1182 me,
900 1127 1050 1187 porta
1100 1133 1206 1172 me.
1243 1118 1400 1174 Potes
1447 1118 1690 1174 invenire
1790 1121 1964 1189 gratia
1994 1121 2350 1179 Testamenti.

150 1220 276 1274 quem
305 1216 351 1258 tu
378 1205 601 1275 requiris
636 1224 649 1261 :
681 1205 709 1245 δ
739 1207 981 1279 dignaris
1012 1210 1320 1281 suscipere,
1352 1225 1513 1279 quem
1543 1212 1693 1266 inve-
1864 1214 1955 1269 54.
1998 1214 2300 1285 Respondit
2328 1219 2379 1274 ei
2407 1219 2653 1290 Sponsus
2678 1241 2691 1277 :
2726 1224 2872 1280 Pone
2898 1243 2977 1280 me
2996 1238 3050 1280 ut
3071 1228 3398 1297 signaculum

150 1298 297 1361 neris;
344 1298 615 1365 imponere
664 1300 909 1355 humeris
936 1343 950 1365 ,
999 1317 1158 1372 quem
1205 1303 1530 1372 susceperis.
1573 1302 1691 1358 Non
1792 1306 1847 1360 in
1869 1323 1957 1362 cor
1986 1318 2163 1375 tuum,
2192 1318 2249 1364 ut
2271 1312 2501 1383 sigillum
2527 1315 2579 1368 in
2607 1315 2872 1371 brachium
2902 1332 3047 1372 tuum
3070 1318 3239 1389 (Cant.
3269 1336 3391 1386 vut,

152 1399 215 1444 est
237 1390 317 1445 tibi
346 1389 482 1460 pium
514 1406 654 1447 onus
684 1392 904 1449 fastidio
929 1412 945 1449 ε
978 1410 1085 1449 non
1132 1394 1225 1449 tibi
1273 1395 1426 1450 oneri
1456 1404 1540 1449 est
1569 1409 1693 1450 vec-

149 1490 240 1535 tura
258 1482 483 1552 iustitiae.
512 1482 649 1539 Veni
681 1501 811 1555 ergo
834 1527 852 1553 ,
891 1487 1154 1552 Domine;
1189 1486 1313 1557 quia
1345 1486 1449 1543 etsi
1477 1487 1690 1554 erravi,

151 1582 291 1628 tamen
314 1575 547 1629 mandata
576 1586 663 1630 tua
692 1593 795 1631 non
826 1594 941 1631 sum
971 1578 1159 1632 oblitus
1183 1594 1202 1632 :
1233 1592 1384 1649 spem
1414 1577 1695 1634 medicinze

147 1681 345 1722 reservo.
365 1667 519 1737 Veni,
539 1668 938 1740 Domine;quia
963 1680 1017 1725 et
1045 1685 1200 1724 ovem
1229 1670 1513 1725 erraticam
1544 1670 1696 1725 solus

148 1774 191 1812 es
209 1774 435 1816 revocare
457 1762 551 1833 qui
573 1764 749 1834 possis
771 1771 1008 1834 :etquos
1030 1764 1336 1834 reliqueris,
1359 1764 1569 1836 1255
1589 1781 1693 1820 non

1796 1397 1898 1469 6),
1925 1415 2043 1470 qua:
2089 1417 2225 1455 nova
2265 1413 2319 1457 et
2364 1414 2554 1460 vetera
2584 1409 2811 1464 servasti
2852 1410 3005 1464 mihi.
3048 1410 3394 1480 Signacnlum

1797 1507 1978 1547 meum
2006 1508 2096 1561 es,
2129 1495 2194 1549 ad
2222 1495 2513 1569 imaginem
2546 1516 2721 1556 meam
2781 1518 2839 1557 es
2881 1512 2937 1559 et
2964 1505 3392 1561 similitudinem.

1798 1583 1989 1656 Fulget
2018 1585 2069 1641 in
2106 1597 2157 1641 te
2185 1589 2361 1661 imago
2382 1590 2638 1662 iustitiae,
2671 1594 2850 1667 imago
2879 1597 3188 1667 sapientiae,
3221 1601 3397 1671 imago

1798 1682 2034 1737 virtutis.
2070 1684 2137 1738 Et
2165 1687 2289 1754 quia
2334 1687 2510 1759 imago
2540 1689 2631 1744 Dei
2660 1691 2712 1744 in
2757 1691 2923 1747 corde
2968 1703 3061 1746 tuo
3090 1703 3213 1760 est,
3246 1694 3314 1748 sit
3345 1702 3402 1749 et

1802 1772 1854 1827 in
1887 1774 2142 1844 operibus
2174 1777 2318 1831 tuis:
2353 1779 2423 1833 sit
2450 1779 2660 1850 effigies
2688 1780 2966 1853 Evangelii
2997 1783 3049 1837 in
3083 1784 3187 1838 tuis
3218 1784 3393 1851 factis,

146 1854 821 1947 monstilicahismtipsienitn
839 1857 1138 1926 peccatovis
1157 1858 1696 1927 reditugratulabun-
1725 1852 1773 1912 Β
1804 1865 1939 1918 utin
1969 1866 2073 1919 tuis
2112 1867 2351 1923 moribus
2383 1884 2502 1924 mea
2541 1880 2811 1940 praecepta
2843 1852 3141 1929 custodias.
3178 1875 3399 1947 Effigies

148 1954 229 1999 tur.
245 1945 382 2014 Veni,
397 1956 452 2002 ut
476 1948 647 2003 facias
672 1950 903 2005 salutem
930 1948 985 2005 in
1001 1952 1184 2016 terris,
1202 1952 1252 2006 in
1267 1954 1403 2006 coelo
1416 1951 1695 2019 gaudium.

196 2042 272 2097 30.
312 2042 435 2098 Veni
463 2055 626 2114 ergo,
659 2054 712 2099 et
750 2060 934 2115 quaere
961 2061 1115 2101 ovem
1154 2055 1298 2101 tuam
1324 2046 1436 2115 iam
1472 2062 1578 2101 non
1606 2062 1702 2117 per

145 2137 378 2205 servulos,
403 2153 506 2194 non
539 2154 634 2209 per
654 2140 1022 2195 ntercenarios
1041 2181 1056 2207 ,
1099 2139 1194 2195 sed
1218 2155 1312 2211 per
1334 2141 1699 2211 temetipsum.

144 2227 331 2300 Suscipe
354 2247 435 2287 me
463 2242 484 2270 ε
525 2230 579 2287 iu
606 2248 803 2299 carne,
831 2249 952 2303 qua:
984 2236 1037 2289 in
1068 2234 1238 2290 Adam
1269 2234 1417 2305 lapsa
1443 2246 1546 2291 est.
1572 2235 1705 2291 Sus-

146 2322 240 2390 cipe
263 2338 341 2377 me
369 2338 469 2379 non
514 2339 585 2379 ex
613 2323 795 2391 Sarra,
838 2325 933 2381 sed
966 2341 1030 2380 ex
1062 2325 1267 2392 Maria;
1302 2336 1361 2381 ut
1391 2330 1703 2400 incorrupta

145 2417 199 2472 sit
220 2422 379 2490 virgo,
407 2420 501 2477 sed
536 2422 688 2493 virgo
714 2436 807 2491 per
828 2422 1052 2492 gratiam
1082 2421 1149 2476 ab
1170 2423 1315 2477 omni
1345 2422 1555 2494 integra
1586 2422 1706 2479 labe

148 2512 336 2579 peccati.
364 2512 523 2569 Porta
561 2529 648 2569 me
671 2514 722 2567 in
754 2528 945 2579 cruce,
975 2529 1095 2584 qure
1126 2515 1378 2571 salutaris
1400 2518 1707 2573 errantibus

146 2612 242 2670 est,
266 2603 313 2659 in
342 2620 438 2676 qua
469 2606 595 2662 sola
623 2618 704 2661 est
734 2607 952 2676 requies
980 2605 1244 2678 fatigatis,
1281 2608 1331 2663 in
1362 2624 1464 2679 qua
1492 2611 1609 2665 sola
1634 2611 1709 2665 vi-

147 2704 251 2750 vent
274 2699 599 2769 quicumque
629 2700 951 2755 moriuntur.

201 2791 251 2845 5i
266 2832 277 2844 .
292 2789 516 2849 Pulchre
539 2804 721 2849 autem
740 2794 900 2849 etiam
921 2794 1329 2864 viviﬁca,potest
1344 2793 1469 2861 dici;
1485 2808 1551 2849 eo
1568 2795 1710 2865 quod

149 2884 257 2938 mori
276 2900 376 2939 non
398 2884 774 2956 possit,quem
802 2885 1041 2942 humeris
1061 2885 1174 2940 suis
1203 2886 1375 2942 virtus
1396 2888 1708 2957 portaverit.

202 2975 279 3031 52.
321 2979 451 3035 Dicit
478 2993 620 3049 ergo
649 2989 702 3035 et
728 2979 903 3034 anima
925 3020 939 3045 ,
969 2979 1101 3035 dicit
1126 2988 1180 3033 et
1208 2978 1449 3035 Ecclesia
1482 2996 1495 3033 :
1528 2979 1716 3035 Erravi

145 3067 254 3122 sicut
278 3071 375 3125 oris
409 3087 526 3142 qua:
562 3072 808 3139 perierat.
840 3070 947 3127 Sed
979 3071 1147 3127 dicit:
1185 3070 1409 3139 Quwsiui
1444 3089 1593 3142 quem
1629 3072 1714 3125 di-

147 3158 248 3213 lexit
272 3164 435 3217 anima
462 3180 587 3219 mea
618 3161 794 3235 (Cant.
826 3178 885 3219 ιιι
906 3206 919 3226 .
951 3161 1041 3233 1);
1075 3163 1176 3219 hoc
1207 3173 1291 3218 est
1318 3164 1460 3219 enim
1489 3164 1671 3221 dicere
1697 3182 1711 3220 :

1803 1954 2078 2027 Evangelii
2106 1958 2213 2014 erit
2240 1961 2392 2027 inte,
2421 1962 2466 2017 si
2499 1965 2813 2031 percutienti
2846 1966 3144 2033 maxillam,
3171 1966 3401 2022 alteram

1805 2050 2078 2119 praabeas;
2109 2051 2157 2107 si
2185 2052 2379 2124 diligas
2411 2054 2688 2110 inimicum
2717 2065 2901 2124 tuum;
2931 2058 2976 2113 si
3006 2074 3222 2114 crucem
3253 2069 3400 2113 tuam

1805 2144 1963 2198 tollas
1984 2185 1998 2211 ,
2032 2154 2086 2198 et
2114 2160 2201 2200 me
2225 2147 2491 2216 sequaris.
2525 2147 2652 2203 Ideo
2680 2164 2894 2205 crucem
2929 2161 2953 2187 θ
2984 2165 3085 2221 ego
3126 2167 3224 2222 pro
3252 2149 3406 2206 vobis

1805 2236 2051 2306 portavi;
2084 2252 2150 2291 ne
2171 2245 2227 2290 tu
2264 2254 2361 2308 pro
2385 2249 2435 2293 te
2466 2252 2686 2310 portare
2710 2240 3008 2297 dubitares.

1880 2329 1970 2384 55.
2012 2329 2315 2386 Audierunt
2340 2332 2442 2388 hoc
2463 2333 2586 2388 filia:
2606 2334 2939 2391 Hierusalem
2956 2377 2970 2402 ,
2997 2334 3140 2406 quod
3164 2335 3275 2406 iam
3300 2334 3406 2391 Do-

1807 2422 1986 2477 minus
2012 2421 2169 2479 .lesus
2195 2424 2296 2481 sibi
2338 2424 2637 2482 Eeclesiam
2668 2428 2954 2496 c0pnlabat
2985 2446 2999 2483 :
3040 2438 3094 2483 et
3119 2428 3240 2497 quia
3264 2443 3393 2482 con-

1808 2514 2109 2572 siderantes
2156 2517 2579 2588 magnitudinem
2619 2518 2820 2586 Verbi,
2864 2522 2886 2562 ί
2931 2521 3191 2589 imparem
3245 2519 3407 2573 tantis

1810 2608 2011 2679 nuptiis
2040 2610 2419 2677 aestimabant;
2452 2627 2518 2666 ne
2547 2610 2690 2667 forte
2739 2620 2899 2666 tanta:
2937 2612 3145 2680 copula:
3194 2611 3409 2683 1256

1812 2702 2025 2773 pondus
2050 2704 2321 2759 sustinuere
2350 2719 2454 2758 non
2478 2711 2680 2771 posset,
2705 2713 2967 2759 excusant
2986 2703 3230 2758 dicentes
3259 2721 3272 2758 :
3307 2705 3410 2757 So-

1811 2809 1899 2848 ror
1936 2805 2111 2848 nostra
2150 2811 2305 2865 parva
2326 2834 2340 2859 ,
2371 2804 2416 2848 et
2462 2795 2618 2849 ubera
2649 2811 2750 2848 non
2798 2793 2949 2848 habet
2980 2793 3027 2865 (Ι
3038 2794 3141 2848 bid.
3166 2835 3180 2857 ,
3208 2792 3285 2865 8).
3319 2791 3410 2850 Sic

1813 2890 1958 2945 enim
1989 2890 2078 2959 qui
2117 2889 2308 2943 volunt
2348 2886 2569 2943 differre
2599 2889 2814 2957 nuptias
2835 2930 2849 2953 ,
2888 2902 3149 2943 excusare
3180 2901 3411 2943 consue—

1814 2990 1978 3048 runt,
2018 2992 2073 3035 ut
2101 2980 2437 3050 prmtendant
2462 2980 2766 3035 immatura:
2795 2979 2972 3035 aetatis
3002 2979 3408 3045 infirmitatem,

1816 3083 1873 3129 et
1918 3083 2163 3128 astruant
2200 3073 2344 3143 quod
2395 3074 2558 3127 ubera
2608 3088 2716 3127 non
2770 3071 3004 3137 habeat,
3050 3085 3171 3141 quae
3216 3068 3414 3123 nubilis

1820 3166 2123 3238 signiﬁcant
2144 3175 2356 3236 tempus
2374 3166 2566 3220 aetatis.
2580 3164 2691 3221 lloc
2709 3164 2848 3219 solet
2861 3163 3164 3237 symbolum
3180 3177 3417 3217 commit.

154 3250 344 3324 l’iriﬁca
370 3273 584 3312 seruum
612 3267 790 3322 tuum;
818 3258 1061 3327 quoniam
1088 3258 1335 3313 mandata
1364 3268 1453 3314 tua
1478 3275 1581 3313 non
1605 3276 1718 3314 sum
1745 3231 1790 3294 C
1824 3275 1891 3316 ne
1912 3259 2164 3314 omnibus
2185 3257 2481 3329 virginibus
2495 3272 2616 3313 esse
2630 3256 2899 3325 nupturis;
2922 3265 3114 3310 utcum
3132 3255 3418 3309 uberacm-

146 3342 322 3400 oblitus.
354 3346 465 3420 Ego
504 3357 569 3404 te
614 3349 875 3417 quaesivi;
908 3340 1006 3404 sed
1049 3349 1295 3405 invenire
1321 3366 1427 3405 non
1461 3366 1677 3421 possum
1700 3392 1715 3418 ,

146 3435 233 3489 nisi
260 3446 307 3492 tu
336 3441 583 3496 volueris
614 3441 862 3498 inveniri.
892 3441 958 3496 Et
988 3450 1040 3495 tu
1082 3441 1299 3512 quidem
1332 3443 1414 3497 vis
1443 3443 1669 3499 inveniri
1702 3458 1717 3508 ;

144 3530 224 3585 sed
246 3532 316 3588 vis
342 3534 429 3589 diu
449 3536 632 3618 quaeri
650 3576 667 3603 ,
693 3534 772 3589 vis
803 3535 1113 3606 diligentius
1142 3534 1403 3607 indagari.
1433 3536 1590 3591 Novit
1619 3541 1722 3592 hoc

146 3619 361 3681 Ecclesia
404 3637 537 3694 tua;
577 3628 702 3698 quia
737 3642 844 3682 non
876 3628 956 3683 vis
987 3635 1044 3682 ut
1087 3638 1138 3683 te
1170 3629 1449 3684 dormiens
1476 3640 1675 3698 qurerat
1705 3644 1720 3694 ;

147 3729 236 3770 non
263 3717 336 3773 vis
378 3728 435 3775 ut
477 3731 534 3777 te
575 3720 762 3789 iacens
794 3720 1099 3791 investiget.
1145 3720 1386 3790 Denique
1434 3721 1618 3790 pulsas
1658 3721 1724 3775 ad

143 3810 333 3879 ianuam
352 3858 368 3883 ,
409 3824 469 3871 ut
497 3814 713 3872 excites
743 3814 1102 3869 dormientem
1131 3832 1143 3867 :
1175 3813 1424 3882 exploras
1450 3813 1494 3867 si
1523 3828 1619 3867 cor
1648 3814 1727 3867 vi-

146 3902 286 3973 gilat,
314 3917 367 3962 et
393 3923 526 3963 caro
560 3906 785 3962 dormit.
821 3905 913 3960 Vis
935 3906 1205 3975 iacentem
1247 3905 1425 3961 levare
1445 3946 1460 3972 ,
1491 3906 1678 3960 dicens
1708 3920 1723 3962 :

147 3997 296 4070 Surge
338 4003 428 4073 qui
475 4002 684 4056 dormis
703 4043 718 4064 ,
752 4011 800 4055 et
838 4016 1054 4072 exsurge
1083 4017 1114 4053 a
1144 4000 1358 4054 mortuis
1397 3998 1629 4069 (Ephes.
1661 4014 1693 4052 v
1713 4040 1726 4063 ,

154 4088 252 4162 ll).
293 4092 459 4151 Mittis
510 4110 739 4150 manqu
788 4109 882 4163 per
928 4107 1252 4156 cavernam,
1296 4100 1353 4145 ut
1397 4101 1582 4161 surgat
1622 4108 1635 4143 :
1676 4098 1732 4145 et

148 4187 186 4238 si
233 4187 427 4244 tardius
474 4188 828 4253 surrexerit,
884 4185 1234 4254 derelinquis.
1281 4183 1372 4237 Vis
1421 4191 1480 4237 ut
1527 4193 1732 4253 qutcrat

150 4275 355 4347 iterum,
404 4294 461 4340 et
501 4293 717 4355 quaerat
772 4299 801 4337 a
848 4280 1065 4345 multis,
1121 4289 1176 4334 et
1226 4295 1332 4333 non
1382 4278 1733 4333 obliviscatur

148 4386 404 4442 quzerere,
461 4392 579 4430 non
630 4375 977 4431 obliviscatur
1029 4388 1307 4428 sermones
1356 4381 1475 4426 tuos
1525 4388 1538 4425 :
1585 4380 1641 4426 et
1688 4370 1733 4424 si

152 4472 278 4521 tenet
296 4483 409 4534 eos,
430 4469 639 4525 offeras
670 4479 720 4522 te
751 4467 1061 4532 videndum,
1078 4480 1187 4521 non
1213 4464 1447 4534 refugias
1466 4464 1729 4518 etteneri.

205 4560 287 4615 55.
324 4562 457 4632 Qua:
486 4578 617 4617 cum
647 4571 699 4617 te
726 4562 979 4616 meruerit
1004 4560 1282 4630 amplecti,
1311 4559 1563 4613 ostendet
1593 4557 1726 4613 fruc-

150 4658 221 4706 tus
249 4669 372 4709 suos
394 4698 410 4721 ,
444 4656 671 4711 docebit
708 4669 815 4709 non
847 4654 1067 4707 oblitam
1102 4667 1162 4708 se
1200 4651 1575 4706 mandatorum
1614 4661 1735 4705 tuo-

146 4759 250 4799 rum
270 4789 285 4814 ,
314 4748 579 4819 dicetque
620 4748 756 4802 tibi:
800 4746 950 4811 Veni,
982 4747 1141 4816 frater
1192 4759 1330 4798 meus
1355 4760 1373 4797 :
1403 4758 1645 4798 exeamus
1685 4742 1740 4794 in

148 4854 435 4909 a9rum.....
458 4854 509 4897 et
540 4844 598 4897 iu
639 4840 837 4912 foribus
872 4841 1063 4894 nostris
1093 4838 1258 4892 omnis
1290 4841 1421 4908 fetus
1451 4836 1696 4890 arborum
1722 4852 1741 4890 :

147 4949 264 4988 noro
291 4946 337 4989 et
365 4948 587 5003 cetera;
619 4939 780 5007 frater
801 4951 939 4989 meus
960 4975 975 4999 ,
1005 4933 1201 4987 seruaui
1229 4931 1319 4985 tibi
1345 4928 1517 5002 (Cant.
1544 4945 1646 4996 vn,
1676 4930 1739 4985 11

213 5083 237 5112 ⁸
269 5076 342 5132 lta
375 5077 634 5148 plerique
655 5090 787 5129 mss.
810 5091 839 5127 a
863 5072 1055 5144 quibus
1083 5070 1184 5148 hoc
1207 5078 1412 5148 tantum
1436 5068 1748 5148 discrepant

148 5147 267 5202 edit.
295 5138 442 5219 quod
475 5138 593 5202 vet.
631 5138 1173 5219 liai;ent_,'serpentiui
1213 5142 1300 5194 diu
1340 5139 1547 5193 ulceris.
1585 5138 1744 5219 Burin.

152 5207 387 5289 manu.
418 5219 520 5272 diu
553 5218 761 5273 ulceris.
796 5216 916 5270 Alia
946 5207 1077 5289 vero
1103 5226 1226 5282 pars
1248 5226 1379 5266 mss.
1406 5222 1600 5273 voces,
1626 5207 1743 5275 diu,

149 5285 284 5357 sive,
310 5292 414 5345 diri
456 5290 686 5352 ulceris,
717 5302 823 5341 non
851 5285 1128 5357 exhibent.

213 5359 240 5399 δ
270 5352 447 5427 Εόίι.,
476 5363 733 5432 dignare;
762 5356 1008 5432 Ame‘rh.)
1032 5354 1291 5432 dignaris,
1322 5352 1579 5432 suscipere
1603 5364 1754 5432 quem

153 5432 397 5488 inveneris
422 5424 442 5487 ἑ
469 5424 714 5500 ίηῖροιιε,
745 5441 850 5485 etc.
883 5427 988 5483 Sed
1016 5440 1144 5479 mss.
1173 5427 1340 5479 ferme
1362 5426 1426 5477 ad
1461 5438 1626 5477 unum
1649 5424 1757 5475 lec-

154 5505 276 5559 tioni
308 5516 521 5559 nostra:
549 5502 931 5572 astipulantur.

225 5586 246 5612 ε
283 5577 461 5629 Paris.
505 5564 676 5638 edin;
710 5587 813 5625 non
857 5571 909 5624 in
940 5584 1096 5623 carne
1120 5609 1133 5631 ,
1165 5582 1281 5635 qua:
1318 5564 1373 5619 in
1409 5564 1575 5618 Adam
1619 5564 1763 5633 lapsa

158 5656 246 5701 est.
272 5644 383 5703 Sed
426 5646 563 5700 alia:
594 5657 810 5705 omnes,
839 5653 893 5696 et
938 5641 1117 5694 cuncti
1150 5653 1283 5693 mss.
1308 5647 1567 5702 respuunt
1606 5649 1763 5701 nega-

160 5717 376 5771 tionem.
414 5715 486 5770 Et
514 5716 723 5781 optime
751 5712 800 5766 id
834 5712 1079 5778 quidem;
1108 5724 1281 5781 neque
1310 5706 1453 5760 aliud
1488 5708 1571 5758 hic
1600 5705 1766 5781 signi-

166 5785 386 5851 ﬁcatur,
427 5785 544 5840 nisi
562 5774 715 5855 "quod
745 5774 943 5855 Christi
973 5795 1101 5834 caro
1128 5774 1370 5855 ejusdem
1404 5786 1627 5855 natura:
1658 5774 1773 5855 fne-

166 5860 232 5913 rit
254 5847 422 5926 atqtie
449 5847 742 5912 Ada'csro
758 5893 774 5917 ,
795 5853 938 5907 unde
963 5866 1061 5921 per
1083 5847 1450 5918 generationis
1476 5847 1778 5902 successio-

1821 3354 2000 3423 perint
2024 3351 2290 3416 eminere,
2321 3360 2445 3406 tunc
2464 3349 2828 3419 COniunctioni
2854 3347 3061 3403 habiles
3081 3346 3413 3416 iudicentur.

1893 3444 1985 3501 56.
2027 3444 2281 3500 Turbata:
2304 3443 2466 3514 igitur
2496 3442 2637 3512 quod
2668 3441 2847 3497 stmlio
2894 3440 3200 3494 dilectionis
3232 3447 3421 3508 urgeat

1826 3539 2041 3607 nuptias
2069 3536 2312 3605 Sponsus
2336 3577 2352 3601 ,
2384 3535 2568 3589 dicunt
2598 3552 2611 3589 :
2650 3533 2790 3599 Quid
2822 3532 3067 3604 faciemus
3095 3531 3262 3584 sorori
3302 3545 3422 3583 uos-

1828 3640 1919 3685 trte
1943 3631 1997 3684 in
2026 3629 2111 3684 die
2135 3646 2237 3699 qua
2273 3628 2505 3697 loquetur
2532 3628 2584 3681 in
2626 3643 2687 3681 ea
2729 3623 2981 3699 (Ibid)?
3012 3625 3095 3678 vel
3121 3665 3135 3689 ,
3163 3630 3223 3677 ut
3260 3622 3422 3693 Sym-

1829 3725 2050 3781 machus
2070 3766 2084 3789 ,
2114 3741 2215 3793 qua
2240 3723 2473 3795 loquetur
2500 3722 2586 3786 ei;
2618 3722 2719 3777 hoc
2748 3731 2831 3776 est
2861 3761 2875 3787 ,
2906 3720 3237 3789 sponsalium
3276 3717 3426 3772 cele-

1829 3817 2027 3873 britate
2058 3818 2199 3871 solet
2228 3816 2343 3872 fieri
2372 3815 2667 3870 collocatio
2689 3855 2705 3883 ,
2739 3824 2793 3869 et
2820 3812 3159 3867 conﬁrmatio
3210 3809 3422 3878 nuptia-

1829 3925 1969 3965 rum.
2004 3907 2141 3976 Quid
2179 3923 2306 3978 ergo
2335 3906 2596 3962 faciemus
2617 3948 2631 3971 ,
2659 3906 2845 3959 dicunt
2878 3904 3106 3957 turbata:
3127 3941 3141 3966 ,
3174 3902 3297 3970 quia
3332 3915 3427 3953 ur-

1830 4013 1985 4073 getur
2015 4000 2323 4068 coniunctio
2351 3998 2645 4069 spiritalis?
2667 3997 2712 4053 A
2739 3995 2899 4050 tantis
2932 3994 3134 4061 nuptiis
3163 4005 3426 4047 excusare

1832 4110 1938 4150 non
1969 4101 2225 4163 possunt;
2258 4107 2418 4146 nemo
2443 4091 2588 4145 enim
2615 4100 2699 4144 est
2725 4089 2817 4158 qui
2845 4086 3091 4158 copulam
3119 4085 3203 4140 vel
3229 4084 3426 4139 animm

1832 4197 1888 4245 et
1916 4188 2156 4256 Spiritus
2180 4228 2193 4253 ,
2224 4185 2311 4240 vel
2343 4184 2545 4239 Christi
2577 4193 2631 4238 et
2661 4181 2917 4237 Ecclesia:
2949 4195 3054 4234 non
3085 4178 3297 4233 beatam
3333 4192 3431 4246 pu-

1835 4291 1929 4339 tet.
1960 4279 2065 4337 Sed
2108 4280 2228 4349 quia
2260 4276 2537 4348 plenitudo
2563 4276 2721 4330 Verbi
2757 4274 2839 4330 vel
2876 4273 3111 4343 Spiritus
3137 4269 3309 4325 sancti
3353 4269 3433 4323 vi-

1836 4374 1955 4429 brat
1981 4383 2034 4427 et
2062 4370 2258 4441 fulget,
2289 4381 2342 4425 et
2388 4368 2519 4423 nihil
2552 4376 2635 4423 est
2664 4365 2807 4437 quod
2839 4364 2947 4419 illis
2976 4362 3146 4433 possit
3189 4361 3388 4432 :equari
3416 4402 3432 4426 ,

1839 4466 1961 4522 ideo
1988 4464 2207 4521 differre
2236 4462 2584 4529 desiderant;
2619 4470 2674 4514 ut
2702 4460 2789 4513 illa
2818 4456 3077 4512 dilatione
3108 4455 3189 4509 vel
3216 4455 3393 4508 anima
3414 4494 3431 4519 ,

1839 4559 1922 4614 vel
1955 4556 2195 4613 Ecclesia
2226 4556 2396 4625 possit
2415 4567 2536 4608 esse
2566 4551 2909 4621 perfectior.’

1762 4608 1817 4669 Β
1913 4651 2005 4706 '57.
2047 4608 2435 4713 Dicuntrergo:
2469 4644 2530 4697 Si
2568 4608 2746 4695 inurus
2785 4649 2894 4703 est,
2938 4639 3256 4706 cedi/icemus
3282 4651 3439 4704 super

1843 4761 1958 4800 eum
1984 4740 2308 4811 receptacula
2330 4757 2347 4792 :
2370 4747 2417 4791 et
2443 4738 2487 4789 si
2507 4738 2673 4805 janua
2695 4742 2768 4787 est
2787 4773 2802 4797 ,
2833 4732 3127 4794 sculpantus
3153 4744 3309 4797 super
3327 4743 3442 4780 eam

1845 4836 2047 4891 tabulas
2078 4833 2313 4886 cedrinas
2344 4827 2507 4904 (Ibid.
2532 4869 2548 4892 ,
2572 4826 2649 4897 9).
2693 4822 2876 4879 Murus
2914 4830 2999 4877 est
3040 4820 3218 4873 anima
3248 4818 3441 4873 sancti.

1847 4926 2021 4982 Habet
2051 4934 2107 4979 et
2136 4921 2379 4979 Ecclesia
2432 4932 2616 4973 muros
2663 4927 2793 4969 suos
2818 4955 2831 4975 .
2863 4927 2982 4981 qua:
3015 4913 3124 4981 iam
3156 4907 3448 4979 perfectior

1854 5078 1977 5119 nem
2005 5066 2296 5130 propagata
2318 5064 2430 5121 est;
2455 5054 2582 5109 licet
2602 5050 2845 5121 eiusdem
2870 5060 3092 5120 peccato
3114 5057 3450 5116 nequaquam

1855 5135 2401 5266 madc‘ll’lgrtalaroyihetas
2417 5239 2430 5259 ,
2458 5205 2626 5251 totum
2646 5201 2808 5266 vetus
2830 5192 3236 5266 Testamentum
3262 5186 3457 5266 hicin-

1861 5256 2075 5344 telligc,
2099 5256 2241 5341 quod
2264 5256 2528 5344 integintn
2553 5283 2581 5318 a
2609 5264 2918 5344 Manichteis
2944 5261 3304 5344 rc'jtciehatur.
3329 5256 3455 5325 Epi-

1862 5328 2028 5415 phan’.
2057 5328 2257 5397 l'laeresi
2307 5328 2406 5401 68',
2442 5339 2722 5407 Augustin.
2749 5328 3191 5415 diz_il.eies._.cap.
3215 5328 3309 5383 46.

1940 5427 1963 5453 θ
1994 5416 2084 5471 Sic
2113 5427 2242 5468 mss.
2286 5426 2478 5480 magno
2524 5403 2769 5463 numero.
2814 5403 3064 5480 Nonnulli
3110 5413 3288 5455 tamen
3334 5412 3458 5452 cum

1866 5486 2000 5541 edit.
2033 5486 2288 5539 munibus
2310 5523 2325 5548 ,
2358 5477 2448 5550 ego
2480 5497 2573 5549 pro
2615 5490 2662 5531 te
2704 5477 2901 5546 portavi
2921 5515 2935 5540 ,
2964 5490 3026 5527 ne
3055 5483 3108 5527 tu
3142 5482 3352 5542 propter
3382 5483 3461 5521 me

1872 5571 2077 5630 portare
2101 5556 2382 5615 dubitares,
2404 5551 2519 5630 N_t_)n
2551 5550 2709 5630 male.
2900 5628 2907 5630 _
2989 5616 3021 5630 Δ.

1951 5627 1967 5665 τ
2006 5628 2134 5682 Era.
2164 5634 2220 5680 et
2241 5641 2355 5689 seq.
2383 5622 2541 5677 edit..
2568 5621 2791 5687 impares
2818 5632 2871 5670 se
2893 5621 3048 5669 tantis
3070 5621 3332 5682 nuptiis...
3353 5626 3467 5689 sus-

1877 5702 2038 5755 linere
2066 5715 2165 5751 non
2192 5682 2397 5767 possent
2418 5708 2436 5755 ;
2465 5682 2761 5767 elegantius
2784 5692 3003 5767 Ain-(Erit:
3027 5701 3148 5767 cum
3178 5701 3312 5767 mss.
3333 5725 3345 5738 .
3366 5682 3471 5735 im—

1883 5788 2058 5842 parem
2088 5758 2441 5842 laniis,_etc.,
2468 5758 2569 5842 hoc
2598 5763 2742 5816 enim
2771 5759 2837 5813 ad
2868 5758 3172 5815 Ecclesium
3205 5760 3436 5812 refertur
3455 5790 3474 5815 ,

1888 5835 1995 5896 non
2027 5841 2094 5895 ad
2124 5838 2263 5894 filias
2290 5835 2613 5891 Jerusalem.
