3948 6310
496 341 637 398 1525

1272 331 1516 391 SANCTI
1553 325 1884 388 AMBROSII
1919 325 1985 382 ΙΝ
2027 321 2353 382 Ρ8Α1.ΜΗΜ
2391 317 2606 377 CXVIII
2642 317 3027 377 EXPOSITIO.

3652 317 3788 374 152i

495 457 626 513 dicit
653 473 666 512 :
708 455 824 529 Ego
866 455 1040 509 ciuitas
1082 449 1280 505 munita
1323 446 1493 519 (Esai.
1521 460 1669 500 xxvn
1694 484 1710 509 ,
1751 440 1838 512 '5).
1872 441 1970 495 llic
2009 447 2095 495 est
2121 443 2172 502 Α
2199 436 2492 494 exsultavit
2519 437 2754 507 Spiritus
2785 437 2838 491 in
2871 435 3138 506 Propheta
3161 477 3176 503 ,
3207 435 3430 491 dicens:
3465 434 3631 490 Vinea
3655 439 3794 505 facta

497 562 686 604 murus
705 589 720 613 ,
749 546 840 617 qui
867 544 1031 599 habet
1072 537 1358 596 duodecim
1393 543 1578 607 portas
1605 530 1932 605 apostolicas
1951 571 1966 596 ,
1996 545 2092 599 per

498 659 632 715 quas
657 641 856 713 populo
887 637 1164 693 nationum
1195 639 1342 704 patet
1371 631 1649 700 ingressus
1675 627 1726 681 in
1773 624 2089 680 Ecclesiam.

495 736 602 792 Sed
631 749 817 790 murus
847 729 1100 802 quamvis
1137 725 1396 781 ambitum
1431 721 1596 777 totius
1638 719 1786 774 urbis
1816 715 2093 781 includat,

2198 541 2270 586 est
2308 531 2580 586 Salomoni
2608 532 2663 584 in
2688 528 2967 585 Beelamon
2997 546 3015 584 :
3045 529 3189 584 dedit
3222 529 3423 583 vineam
3445 543 3590 584 suam
3614 527 3683 582 iis
3710 527 3794 597 qui

2197 632 2399 677 servant
2428 621 2604 692 (Cant.
2630 637 2745 687 vm,
2784 618 2893 692 ii).
2922 621 3134 676 Clamat
3168 635 3297 693 ergo
3328 619 3605 690 Spiritus:
3637 619 3795 674 Plan-

2200 722 2308 769 tata
2340 721 2426 768 est
2450 714 2795 785 congregatio
2822 713 3165 783 populorum,
3190 722 3245 768 et
3272 713 3395 767 vilis
3423 722 3641 768 aeterme
3674 709 3794 766 fun-

499 839 627 884 tune
655 837 836 882 tamen
863 832 948 880 est
986 819 1281 883 munitior,
1311 832 1434 873 eum
1477 812 1818 883 receptacula
1847 807 2100 864 habuerit
2200 807 2322 863 data
2369 807 2586 872 radice,
2629 815 2685 861 et
2726 807 2990 876 spiritalia
3037 807 3139 861 sub
3188 806 3378 878 jugum
3425 805 3588 862 Verbi
3633 803 3798 860 corde

499 914 839 990 praeparata,
888 915 941 971 in
988 913 1184 985 quibus
1235 915 1671 980 propugnatores
1721 902 1873 957 urbis
1924 907 2095 954 tutum

499 989 813 1084 speculandi
843 1025 906 1064 ac
938 1006 1124 1063 tuendi
1165 1003 1374 1074 possint
1404 1000 1605 1055 habere
1633 994 1954 1052 subsidium.
1989 989 2095 1084 Sed

499 1083 622 1175 quia
654 1100 991 1159 rationabilis
1016 1099 1134 1153 haec
1173 1096 1362 1151 civitas
1393 1102 1508 1156 eSt,
1542 1099 1597 1145 et
1627 1088 1803 1142 omnis
1828 1098 1953 1152 spes
1981 1083 2099 1152 ejus

499 1199 555 1254 in
589 1198 684 1253 Dei
727 1195 896 1252 verbo
925 1201 1046 1248 est:
1081 1204 1187 1245 non
1233 1190 1404 1242 terrea
1428 1225 1443 1249 ,
1476 1181 1570 1238 sed
1615 1186 1868 1250 argentea
1899 1176 1948 1231 ei
1976 1189 2103 1246 pro-

499 1290 802 1363 pugnacula
853 1286 1226 1355 requiruntur,
1281 1278 1512 1349 eloquiis
1563 1271 1880 1330 coelestibus
1930 1267 2102 1363 magis

502 1360 664 1455 quam
696 1382 945 1451 corporis
967 1377 1338 1449 voluptatibus
1377 1371 1610 1426 hostiles
1641 1369 1875 1438 impetus
1919 1360 2104 1429 repul-

503 1452 625 1533 sare
647 1482 930 1531 consueta.
966 1473 1044 1527 Eo
1076 1471 1204 1525 iulta
1237 1464 1511 1538 praesidio,
1536 1477 1603 1517 eo
1625 1457 1916 1530 splendore
1939 1452 2107 1510 reful-

503 1585 636 1641 gens
664 1569 892 1624 habilior
914 1565 1115 1623 Christi
1145 1562 1352 1632 copula:
1377 1559 1672 1629 iudicatur.

575 1662 664 1717 38.
707 1660 771 1715 Et
804 1659 926 1730 quia
955 1658 1122 1728 janua
1162 1653 1413 1710 Christus
1458 1659 1578 1716 est,
1620 1645 1712 1717 qui
1737 1646 1812 1699 ait
1841 1661 1854 1698 :
1886 1641 1990 1696 Per
2028 1655 2109 1694 me

505 1757 549 1809 si
579 1755 694 1825 quis
719 1753 1013 1818 introierit,
1042 1748 1322 1804 saiuabitnr
1343 1743 1523 1815 (Joan.
1549 1757 1582 1796 x
1606 1781 1621 1807 ,
1649 1738 1707 1811 9)
1733 1755 1748 1804 ;
1781 1746 1835 1792 et
1867 1733 2108 1789 Ecclesia

503 1849 671 1919 janua
701 1854 1074 1915 nuncupatur;
1107 1842 1230 1913 quia
1262 1855 1360 1910 per
1386 1838 1555 1907 ipsam
1589 1841 1732 1903 patet
1759 1829 1970 1900 populis
1993 1826 2110 1881 adi-

507 1951 596 1997 tus
620 1941 686 1995 ad
725 1940 975 1995 salutem.
1000 1937 1078 1991 Ne
1113 1934 1493 1990 haereticorum
1537 1932 1922 1997 corrumpatur
1949 1921 2110 1976 tineis

510 2040 602 2087 aut
631 2031 940 2095 vermibus,
974 2028 1160 2083 dicunt
1189 2025 1315 2080 ﬁlim
1347 2020 1681 2078 Hierusalem
1704 2061 1719 2085 ,
1749 2017 1834 2071 vel
1882 2013 2068 2084 Angeli
2094 2053 2110 2078 ,

510 2126 595 2179 vel
622 2123 817 2177 animae
854 2123 1121 2190 justorum
1151 2135 1165 2172 :
1194 2115 1539 2184 AEdi/icemus
1577 2126 1731 2181 super
1756 2125 1868 2163 eam
1911 2105 2114 2160 tabulas

510 2214 748 2269 cedrinas
775 2255 788 2274 ,
823 2211 926 2266 hoc
965 2220 1050 2266 est
1074 2253 1088 2276 ,
1127 2207 1250 2263 ﬁdei
1299 2205 1550 2261 sublimis
1601 2203 1799 2257 bonum
1843 2198 2112 2261 odorem;

511 2315 596 2362 est
624 2307 766 2360 enim
801 2303 980 2358 suavis
1011 2301 1168 2368 hujus
1193 2299 1432 2354 materia:
1461 2295 1626 2362 odor,
1659 2307 1821 2365 quam
1861 2305 1966 2347 non
1993 2303 2116 2343 ver—

512 2399 618 2454 mis
637 2441 651 2464 ,
682 2413 788 2453 non
833 2397 977 2452 tinea
1000 2399 1334 2462 corrumpat.
1365 2390 1490 2446 ideo
1518 2387 1676 2456 hujus
1705 2382 1947 2441 materia:
1986 2393 2118 2435 usus

511 2495 730 2564 eligitur
761 2501 1027 2548 tectorum
1069 2486 1301 2558 fastigiis
1345 2481 1664 2544 eievandis,
1711 2474 2119 2544 formandisque

513 2589 819 2643 litterarum
858 2581 1144 2638 elementis
1170 2621 1184 2645 ,
1239 2579 1432 2649 quibus
1461 2584 1594 2628 mtas
1638 2569 1858 2642 puerilis
1893 2568 1959 2622 ad
2005 2577 2121 2620 stu-

516 2682 662 2737 dium
692 2678 934 2735 liberalis
964 2673 1288 2731 eruditionis
1315 2671 1592 2726 imbuitur.
1621 2667 1718 2721 Est
1740 2678 1869 2734 ergo
1895 2658 2121 2715 materia

515 2776 620 2831 ista
660 2772 910 2828 sublimis
948 2771 1014 2825 ad
1059 2769 1286 2840 gratiam
1309 2808 1321 2832 ,
1357 2763 1492 2820 levis
1536 2761 1601 2816 ad
1632 2773 1792 2822 onus,
1830 2754 2015 2811 suavis
2053 2751 2121 2806 ad

519 2867 742 2922 odorem
765 2905 778 2927 ,
813 2864 959 2918 utilis
984 2862 1052 2916 ad
1081 2862 1499 2916 instrumentum
1527 2854 1768 2911 scientiae
1788 2894 1802 2916 ,
1831 2850 2028 2906 habilis
2055 2846 2122 2902 ad

522 2955 882 3010 ministerium
912 2952 1236 3022 cognitionis
1259 2960 1500 3004 aeternae.

593 3048 685 3104 39.
727 3046 834 3102 Sed
878 3043 1330 3115 quemadmodum
1371 3041 1638 3110 Sponsam
1689 3051 1842 3092 suam
1896 3034 2124 3103 diligens

527 3144 776 3199 Christus
808 3140 1033 3209 urgebat
1063 3138 1132 3192 ad
1161 3137 1370 3206 copulae
1400 3133 1657 3203 spiritalis
1683 3130 2079 3186 solemnitatem
2109 3143 2124 3179 :

529 3237 603 3289 ita
632 3242 689 3289 et
719 3231 958 3287 Ecclesia
990 3228 1149 3284 Verbi
1175 3227 1372 3282 decore
1397 3225 1508 3294 jam
1537 3231 1691 3290 capta
1737 3219 2027 3274 festinabat
2060 3217 2125 3270 ad
2155 3230 2202 3293 ρ

528 3327 763 3394 nuptias.
804 3323 1038 3390 Ideoque
1084 3332 1358 3373 morarum
1389 3323 1445 3371 et
1489 3311 1771 3366 dilationis
1817 3311 2128 3378 impatiens,

527 3432 660 3488 quas
689 3418 811 3470 ﬁliae
845 3414 1183 3468 Hierusalem
1221 3411 1498 3464 innectere
1545 3406 1755 3479 1257
1784 3404 2131 3475 gestiebant,

531 3512 694 3566 dicit:
720 3508 834 3581 Ego
857 3524 1035 3561 murus
1055 3545 1069 3572 ,
1096 3515 1146 3559 et
1174 3504 1328 3559 ubera
1350 3518 1461 3556 mea
1483 3511 1648 3555 turres
1672 3497 1846 3568 (Cant.
1868 3511 1960 3550 vm
1979 3537 1991 3561 ,
2016 3493 2131 3560 10),

532 3604 636 3658 hoc
659 3611 772 3657 est:
806 3601 985 3655 Nolite
1013 3597 1260 3653 dubitare
1283 3604 1460 3648 utrum
1493 3605 1680 3646 murus
1710 3589 1809 3643 sim
1837 3588 1966 3658 (illa:
1987 3587 2132 3642 enim

532 3699 813 3754 dixerant:
848 3695 892 3749 si
921 3709 1099 3746 murus
1128 3689 1261 3760 est);
1295 3702 1417 3758 ego,
1447 3685 1645 3755 inquit,
1679 3696 1866 3736 murus
1891 3696 2009 3735 sum
2035 3721 2048 3743 ,
2083 3687 2138 3734 et

533 3805 640 3846 non
673 3804 837 3859 parva
872 3786 1039 3840 ubera
1074 3784 1248 3838 habeo
1275 3824 1287 3846 ,
1346 3779 1442 3836 sed
1473 3787 1532 3832 ut
1583 3789 1759 3832 turres
1805 3774 1974 3829 ubera
2017 3786 2137 3827 mea

534 3895 681 3936 sunt.
706 3877 993 3949 Quomodo
1018 3875 1201 3930 dicitis
1219 3915 1233 3939 ,
1261 3873 1385 3942 quia
1419 3886 1526 3925 non
1559 3869 1732 3923 habeo
1771 3865 1974 3921 ubera?
2002 3865 2140 3922 Sen-

537 3991 631 4032 sus
655 4017 669 4043 ,
701 3983 762 4029 ut
787 3983 963 4027 turres
983 4014 998 4037 ,
1031 3969 1205 4024 habeo
1233 3964 1512 4035 sapientiaa
1529 4005 1542 4027 ,
1571 3965 1623 4016 in
1645 3961 1841 4032 quibus
1867 3970 1947 4014 est
1971 3960 2141 4013 abun-

535 4068 720 4122 dantia
742 4106 758 4132 ,
787 4065 928 4119 sicut
953 4063 1217 4128 scriptum
1242 4066 1327 4113 est
1350 4075 1364 4112 :
1391 4055 1460 4109 Et
1491 4053 1809 4109 abundantia
1828 4051 1883 4104 in
1913 4050 2142 4104 turribus

540 4161 643 4214 tuis
686 4156 864 4226 (Psat.
899 4168 1046 4215 cxxt,
1073 4152 1150 4221 7).
1193 4149 1288 4203 llis
1328 4147 1620 4209 uberibus,
1651 4143 1704 4197 id
1743 4153 1847 4207 est,
1888 4141 2142 4196 sensibus

539 4251 776 4306 habilem
808 4261 868 4302 se
897 4244 1062 4299 tantis
1091 4241 1294 4310 nuptiis
1334 4237 1676 4292 aestimabat:
1709 4235 1806 4290 sed
1845 4234 1970 4288 ﬁlim
2010 4233 2141 4289 Ilie-

540 4341 776 4398 rusalem
798 4337 976 4392 adhuc
992 4349 1102 4390 non
1126 4339 1380 4404 poterant
1401 4329 1707 4391 aestimare;
1729 4327 1851 4396 quia
1873 4341 2138 4382 sensuum

541 4435 660 4506 ejus
681 4430 1066 4487 abundantiam
1089 4440 1196 4481 non
1221 4423 1498 4479 videbant.

615 4525 706 4582 40.
750 4523 817 4577 Et
845 4520 1085 4575 addidit:
1120 4517 1236 4588 Ego
1262 4531 1404 4570 erant
1441 4515 1498 4567 in
1527 4511 1693 4567 oculis
1730 4514 1842 4584 ejus
1879 4519 2143 4579 tamquam

2203 907 2485 954 mansueto
2515 897 2652 954 colla
2682 899 2931 968 subjecit.
2965 897 3207 953 Piantata
3239 906 3417 953 autem
3449 907 3532 952 est
3570 897 3625 952 in
3658 898 3798 953 mul-

2205 995 2436 1051 titudine
2488 996 2804 1062 nationum;
2857 995 2959 1050 hoc
3014 995 3158 1051 enim
3211 1009 3336 1050 esse
3395 992 3801 1064 intelligendum

2205 1087 2484 1144 Beelamon
2513 1089 2894 1162 Symmachus,
2921 1089 3116 1158 Aquila
3135 1131 3150 1155 ,
3188 1099 3208 1126 ο
3241 1086 3468 1158 aliaeque
3498 1085 3805 1141 translatio-

2206 1197 2304 1236 nes
2333 1181 2524 1238 Gracco
2553 1196 2808 1237 sermone
2848 1181 3168 1236 docuerunt.
3203 1177 3499 1250 Repudiata
3541 1185 3627 1233 est
3655 1186 3806 1232 vetus

2207 1274 2403 1344 copula
2427 1315 2442 1340 ,
2471 1289 2593 1344 quae
2624 1272 2856 1328 fructum
2884 1273 3079 1328 afferre
3118 1287 3225 1326 non
3273 1280 3483 1341 poterat
3510 1287 3524 1324 :
3572 1269 3698 1324 data
3728 1277 3809 1324 est

2208 1367 2366 1421 vinea
2409 1367 2566 1421 novis
2603 1364 2959 1436 ﬁdelibusque
2999 1363 3330 1427 cultoribus,
3363 1363 3452 1434 qui
3490 1376 3602 1416 non
3633 1360 3806 1416 solum

2212 1460 2394 1516 facere
2440 1459 2676 1515 fructum
2719 1468 2976 1529 possent,
3022 1458 3115 1514 sed
3147 1460 3308 1513 etiam
3349 1451 3646 1511 custodire.
3692 1451 3808 1509 Una

2213 1553 2378 1624 igitur
2408 1552 2525 1606 ovis
2555 1552 2760 1607 erravit
2787 1570 2800 1604 :
2830 1548 2925 1606 sed
2962 1558 3209 1605 revocata
3230 1591 3246 1616 ,
3273 1548 3437 1603 totius
3461 1545 3641 1617 spatia
3667 1545 3810 1600 orbis

2215 1646 2478 1716 implevit.
2511 1645 2681 1702 Unam
2709 1660 2866 1700 ovem
2898 1659 3053 1700 error
3082 1643 3420 1699 abduxerat:
3451 1641 3546 1697 sed
3573 1640 3812 1695 multitu-

2214 1737 2397 1794 dinem
2422 1737 2746 1810 pOpulorum
2769 1736 2983 1792 Domini
3010 1735 3184 1806 gratia
3205 1733 3573 1806 congregavit.
3605 1729 3816 1787 Erravit

2141 1839 2190 1900 Β
2217 1829 2381 1884 homo
2407 1845 2421 1882 :
2455 1827 2550 1883 sed
2577 1826 2820 1883 Ecclesia
2850 1826 2959 1897 jam
3000 1841 3190 1881 murus
3220 1833 3332 1889 est,
3364 1835 3418 1880 et
3456 1837 3647 1879 murus
3686 1823 3814 1876 vali-

2217 1923 2338 1979 dus.
2373 1921 2588 1976 Erravit
2626 1919 2838 1977 Adam:
2883 1933 3070 1975 murus
3095 1927 3180 1974 est
3207 1917 3407 1986 David,
3439 1916 3535 1987 qui
3561 1915 3814 1972 mandata

2223 2013 2318 2070 Dei
2351 2014 2554 2070 oblitus
2585 2028 2692 2068 non
2723 2021 2826 2068 est.
3137 2085 3140 2088 ~

2291 2107 2383 2161 42.
2424 2106 2706 2162 Custodita
2749 2105 2912 2176 igitur
2954 2115 3009 2161 et
3055 2105 3251 2160 vallata
3287 2105 3406 2160 haec
3448 2103 3612 2159 vinea
3646 2101 3817 2157 muni-

2223 2199 2369 2253 mine
2399 2198 2666 2267 spiritali,
2699 2197 2848 2251 mille
2892 2196 3099 2252 fructus
3140 2197 3230 2252 dat
3273 2194 3490 2251 Christo
3511 2237 3526 2262 ,
3555 2194 3816 2250 ducentos

2223 2301 2403 2345 autem
2426 2289 2630 2344 fructus
2653 2289 2989 2346 custodibus.
3023 2289 3254 2360 ideoque
3272 2288 3346 2344 ait
3368 2287 3620 2343 Ecclesia
3647 2305 3662 2342 :
3692 2285 3817 2340 Vitis

2223 2387 2338 2436 mea
2361 2383 2415 2436 in
2437 2390 2709 2454 conspectu
2741 2397 2875 2446 meo,
2905 2381 3046 2435 mille
3077 2381 3348 2437 Salontoni
3368 2423 3384 2448 ,
3413 2387 3460 2435 et
3480 2379 3694 2433 ducenti
3717 2395 3820 2432 ser-

2224 2475 2458 2528 vantibus
2500 2478 2726 2546 fructum
2774 2472 2971 2546 (Ibid.,
3005 2473 3130 2544 12).
3165 2473 3432 2529 Perieciio
3460 2481 3515 2528 et
3543 2471 3819 2542 plenitudo

2224 2565 2424 2620 Christi
2455 2572 2538 2621 est
2566 2565 2743 2636 portio
2766 2566 3133 2621 servulorum.
3169 2563 3347 2620 Habes
3376 2563 3478 2619 hoc
3506 2565 3819 2636 mysterium

2227 2660 2281 2715 in
2307 2659 2526 2723 Genesi,
2554 2659 2642 2714 ubi
2665 2659 2903 2729 quinque
2930 2669 3114 2730 partes
3138 2657 3417 2726 Beniamin
3447 2655 3600 2711 fratri
3625 2655 3818 2726 juniori

2227 2752 2416 2806 tribuit
2444 2750 2668 2820 Joseph,
2694 2751 2936 2822 singulas
2962 2749 3182 2820 reliquis
3206 2749 3464 2804 fratribus
3493 2748 3653 2820 (Gen.
3679 2763 3817 2812 XLIII,

2229 2847 2346 2919 ⁸54).
2384 2845 2612 2900 Domino
2644 2843 2808 2914 igitur
2833 2843 3072 2914 quinque
3113 2855 3372 2897 sensuum
3404 2840 3582 2910 portio
3621 2839 3824 2912 1258

2230 2949 2283 2994 et
2313 2939 2668 3009 praerogativa
2697 2935 2958 3001 defertur,
2983 2949 3145 3005 quam
3176 2933 3256 2988 illi
3284 2931 3468 3003 utique
3497 2933 3690 2987 tribuit
3720 2934 3824 3001 ipse

2231 3049 2392 3104 quem
2414 3032 2618 3101 diligit:
2642 3031 2779 3085 sicut
2802 3030 3058 3084 dilexitet
3077 3028 3328 3092 Paulum,
3347 3027 3440 3082 cui
3456 3023 3611 3082 dedit
3625 3026 3691 3081 ad
3704 3039 3823 3081 evo-

2233 3126 2436 3182 caudas
2464 3135 2654 3195 gentes
2682 3122 2960 3193 sapientia:
2989 3122 3354 3190 principatum
3383 3117 3534 3191 (Act.
3566 3136 3642 3174 xx
3663 3162 3676 3185 ,
3704 3119 3824 3190 ει).

2306 3220 2395 3274 45.
2433 3217 2526 3271 llis
2554 3217 2716 3287 igitur
2743 3214 3005 3268 fructibus
3035 3212 3303 3268 delectata
3333 3210 3575 3266 Ecclesia
3611 3211 3736 3266 dicit
3766 3209 3825 3264 ad

2237 3312 2511 3368 Christum
2539 3327 2552 3364 :
2589 3307 2690 3374 Qui
2725 3308 2870 3366 sedes
2893 3307 2945 3360 in
2969 3306 3157 3370 hortis,
3186 3304 3342 3358 amici
3371 3302 3696 3358 intendentes
3723 3310 3828 3356 sunt

2238 3405 2348 3459 voci
2389 3411 2529 3456 tute:
2565 3416 2740 3456 vocem
2775 3409 2913 3453 tuam
2949 3399 3153 3452 insinua
3185 3395 3312 3450 mihi
3357 3395 3540 3463 (Cant.
3565 3411 3690 3460 vui,
3718 3392 3826 3463 15).

2238 3495 2623 3550 Delectabatur
2655 3492 2802 3548 enim
2829 3490 2974 3562 quod
3013 3490 3063 3544 in
3093 3489 3266 3544 hortis
3291 3487 3542 3543 Christus
3569 3485 3830 3541 sedebat:

2241 3597 2297 3645 et
2334 3590 2386 3643 in
2433 3587 2602 3641 hortis
2636 3584 2796 3656 positi
2821 3583 2984 3638 amici
3015 3581 3374 3637 intendebant
3401 3579 3520 3634 voci
3560 3577 3705 3650 ejus.
3734 3577 3831 3632 Sed

2239 3681 2362 3748 quia
2404 3677 2563 3733 amici
2607 3677 2683 3731 illi
2725 3675 2793 3731 de
2820 3675 3139 3731 cmlestibus
3175 3679 3331 3728 erant
3359 3671 3726 3742 Archangcli,
3753 3667 3832 3723 vel

2242 3770 2675 3834 Dominationes,
2711 3777 2767 3823 et
2798 3767 3002 3823 Throni
3040 3766 3323 3839 (homines
3353 3763 3498 3819 enim
3528 3763 3750 3831 expulsi
3773 3763 3835 3816 de

2244 3863 2496 3932 paradiso
2542 3861 2758 3915 fuerant
2800 3869 3025 3929 propter
3069 3856 3491 3912 inobedientiam
3534 3854 3834 3911 caelestium

2245 3954 2644 4018 mandatorum,
2677 3962 2839 4022 atque
2870 3951 2994 4005 ideo
3019 3949 3196 4005 adhuc
3227 3949 3470 4004 Ecclesia
3499 3962 3696 4002 vocem
3725 3947 3835 4015 ejus

2243 4061 2352 4102 non
2375 4053 2607 4114 poterat,
2634 4059 2796 4115 quam
2816 4039 3332 4114 cupiebat,audirc),
3361 4040 3482 4096 ideo
3506 4041 3585 4094 ait
3609 4060 3622 4094 :
3657 4039 3837 4094 Vocem

2245 4149 2386 4192 tuam
2415 4139 2625 4192 insinua
2666 4137 2814 4192 mihi.
2853 4135 3008 4193 Unde
3042 4146 3099 4191 et
3131 4149 3230 4190 nos
3267 4135 3312 4189 si
3352 4133 3610 4189 volumus
3639 4149 3760 4190 eum
3789 4133 3838 4186 in

2245 4233 2402 4288 nobis
2438 4232 2656 4296 sedere,
2685 4232 2854 4286 simus
2881 4230 3020 4286 borti
3047 4230 3213 4284 clausi
3257 4235 3419 4299 atque
3449 4229 3676 4293 muniti,
3706 4227 3840 4281 iera-

2247 4341 2370 4382 mus
2392 4327 2648 4380 virtutum
2670 4325 2856 4390 tiores,
2880 4323 3065 4394 gratiae
3088 4321 3446 4385 suavitatem;
3479 4328 3541 4373 ut
3566 4319 3841 4390 disputan-

2247 4427 2491 4475 temeum
2514 4418 2738 4489 Angelis
2763 4418 3047 4472 Dominum
3069 4415 3252 4472 Jesum
3291 4413 3480 4468 audire
3525 4414 3815 4483 possimus.

2319 4513 2413 4569 44.
2453 4511 2560 4569 Sed
2589 4513 2710 4588 quia
2751 4511 2989 4566 futurum
3019 4520 3161 4575 erat,
3192 4517 3252 4563 ut
3291 4523 3414 4563 cum
3446 4507 3514 4560 ad
3561 4503 3848 4575 plenitudi-

541 4616 807 4672 inveniens
832 4627 1008 4683 pacem
1037 4609 1222 4682 (Cant.
1254 4622 1367 4672 VIII,
1399 4605 1514 4675 40),
1543 4603 1647 4658 hoc
1673 4611 1792 4656 est:
1823 4600 2145 4655 Deiiberatis
2173 4609 2223 4669 1)
2251 4622 2374 4662 nem
2427 4604 2670 4661 Ecclesia
2729 4605 3066 4674 pervenisset
3092 4644 3106 4668 ,
3158 4599 3633 4672 persecutimtibtts
3689 4597 3846 4652 variis

546 4711 617 4765 de
642 4707 780 4763 meis
809 4704 1090 4770 sensibus,
1130 4716 1252 4756 cum
1296 4713 1483 4769 pacem
1515 4696 1611 4750 Dei
1652 4694 1985 4759 invenerim,
2026 4709 2147 4764 qua:

545 4807 840 4869 exsuperat
881 4811 1098 4852 omnem
1142 4801 1410 4856 mentem,
1453 4799 1479 4827 δ
1505 4800 1560 4844 et
1603 4787 1840 4844 custodit
1886 4787 2048 4842 corda
2092 4795 2148 4841 et

550 4910 746 4953 sensus
767 4894 823 4948 in
852 4890 1068 4947 Christo
1096 4889 1246 4944 Jesu.
1283 4886 1452 4950 Talis,
1482 4881 1676 4951 inquit,
1707 4896 1856 4936 eram
1887 4881 1938 4935 in
1975 4881 2148 4936 oculis

552 4989 774 5060 Sponsi,
802 4986 974 5062 qualis
1001 4999 1119 5055 qua:
1144 4982 1302 5036 habet
1328 4995 1538 5052 pacem.
1570 4977 1839 5048 Scriptum
1862 4985 1946 5031 est
1970 4977 2145 5031 enim:

551 5083 651 5151 Qui
681 5090 827 5136 recte
853 5078 882 5116 ι)
909 5085 1160 5149 quaerunt
1199 5089 1386 5145 pacem
1410 5113 1423 5137 ,
1457 5071 1734 5126 habebunt
1759 5085 1879 5126 eam
1908 5070 2154 5126 testimo—

553 5173 702 5228 nium
754 5169 951 5242 (Prov.
975 5167 1238 5239 xtt,‘20).
1289 5162 1694 5220 Festinantibus
1748 5162 1908 5232 igitur
1955 5161 2155 5216 dilecto

554 5273 716 5334 atque
762 5261 994 5324 dilecta,
1043 5257 1315 5314 celebrata
1364 5253 1678 5326 conjunctio
1726 5253 1985 5323 spiritalis
2038 5262 2153 5321 est,

558 5364 746 5412 mutuo
768 5353 1008 5422 expetita
1038 5364 1330 5406 consensu.

628 5446 721 5502 41.
764 5445 1001 5516 ideoque
1051 5451 1323 5512 tamquam
1371 5439 1614 5510 nuptiale
1661 5452 1864 5495 canens
1913 5451 2157 5508 carmen,

639 5612 666 5640 ι
707 5602 836 5655 Mss.
867 5614 975 5653 non
1008 5599 1185 5667 pauci,
1215 5606 1262 5650 et
1285 5595 1508 5651 custodit
1527 5609 1751 5667 corpora
1773 5601 1820 5667 et
1841 5607 2040 5667 sensus.

631 5671 660 5710 ιι
700 5671 860 5726 Rom.
889 5662 1023 5722 edit.
1044 5708 1058 5732 ,
1089 5676 1324 5736 qurerunt
1365 5681 1562 5736 pacem,
1603 5662 1914 5736 gaudebunt.
1961 5662 2062 5718 Ubi
2089 5662 2159 5736 ad

565 5741 862 5805 marginem
892 5732 1171 5793 adnotavit
1195 5732 1703 5805 Prov.'xtt,20,'qui
1729 5732 1880 5787 locus
1905 5748 1972 5805 eo
1999 5733 2160 5805 modo

570 5811 620 5864 in
655 5803 820 5864 Hebr.
852 5817 908 5861 et
946 5805 1197 5860 omnibus
1227 5804 1568 5859 versionibus
1594 5810 1911 5858 constanter
1940 5803 2155 5880 legitur.

2252 4706 2593 4763 tentaretur;
2628 4697 2752 4752 ideo
2777 4712 2898 4751 cum
2933 4695 3099 4750 Verbi
3131 4695 3299 4765 gratia
3331 4692 3737 4757 delectaretur,
3764 4706 3848 4744 su-

2260 4791 2376 4846 bito
2389 4791 2562 4845 cernit
2582 4789 2804 4843 insidias
2826 4796 3228 4858 persecuturum
3251 4803 3265 4839 :
3290 4794 3343 4840 et
3360 4801 3478 4855 quae
3501 4785 3626 4852 plus
3641 4784 3850 4854 Sponsa

2254 4900 2417 4955 quam
2437 4884 2536 4938 sibi
2563 4884 2801 4948 timeret,
2821 4888 2914 4935 aut
2943 4882 3063 4950 quia
3092 4895 3121 4933 a
3151 4875 3850 4950 persecutoribusChristus

2262 4979 2431 5048 magis
2477 4977 2745 5047 appetitur
2795 4975 2849 5029 in
2888 4975 3080 5040 nobis,
3128 4972 3252 5028 ideo
3299 4975 3416 5028 ait:
3467 4970 3647 5042 Fuge,
3695 4971 3850 5040 frater

2261 5087 2429 5137 meus,
2457 5079 2505 5125 et
2526 5069 2710 5124 similis
2730 5075 2838 5122 esto
2856 5076 2911 5122 tu
2941 5066 3215 5138 capreolis,
3233 5073 3323 5118 aut
3348 5063 3567 5117 [tinnula
3588 5076 3850 5117 cervorum

2257 5180 2418 5235 super
2443 5173 2642 5217 montes
2666 5170 2956 5215 aromatum
2987 5158 3181 5231 (Ibid.,
3209 5156 3320 5227 14).
3354 5156 3586 5230 Propter
3611 5154 3850 5210 inﬁmos

2257 5259 2414 5328 fugit,
2431 5258 2521 5329 qui
2542 5263 2874 5312 tentamenta
2898 5254 3143 5326 graviora
3167 5252 3308 5308 ferre
3330 5265 3436 5306 non
3459 5261 3708 5320 possent.
3735 5247 3851 5304 ideo

2258 5351 2521 5420 scriptum
2549 5357 2632 5406 est
2672 5357 2728 5404 ut
2754 5349 2820 5404 de
2863 5347 3173 5403 civitatibus
3200 5345 3266 5400 ad
3309 5345 3560 5400 civitates
3589 5342 3851 5414 fugiamus

2265 5441 2477 5511 (Matth.
2513 5459 2569 5512 x,
2601 5440 2693 5512 2'5)
2721 5459 2734 5495 :
2765 5449 2819 5496 et
2845 5440 2889 5496 si
2923 5455 3021 5496 nos
3045 5441 3102 5495 in
3129 5438 3230 5494 hac
3253 5437 3475 5494 civitate
3502 5435 3713 5492 fuerint
3733 5449 3849 5508 per-

2261 5595 2513 5652 Attamen
2544 5612 2573 5652 a
2605 5598 2812 5653 cunctis
2855 5612 2986 5653 mss.
3015 5611 3079 5652 ac
3122 5607 3233 5652 vet.
3280 5593 3414 5650 edit.
3459 5592 3552 5649 hic
3599 5593 3850 5650 recedere

2264 5668 2420 5722 nobis
2446 5669 2636 5738 religio
2657 5679 2759 5723 est.

2339 5748 2360 5775 ο
2399 5734 2602 5794 Omnes
2651 5753 2790 5811 pene
2812 5739 2996 5818 scripti
3024 5736 3172 5810 cod.,
3201 5737 3416 5816 aliisque
3435 5734 3763 5804 traditiones.
