3948 6336
218 359 358 415 1525
1112 359 1480 419 EXPOSITIO
1518 361 1770 420 EVANG.
1813 361 1965 420 SEC.
2006 361 2163 422 LUC.
2210 361 2610 421 ADMONITIO.
3179 365 3184 370 ’
3386 364 3527 423 £596

211 472 410 538 secuti,
435 471 704 542 fugiamus
732 472 786 528 in
812 471 996 528 aliam.
1023 472 1254 543 Propter
1275 473 1521 530 infirmos
1544 475 1727 545 igitur,
1757 481 1818 532 ut
1841 476 1895 537 Α
1920 473 2044 530 Cor.
2073 490 2129 544 ιι,
2164 475 2234 531 15
2253 476 2295 548 ).
2327 475 2478 532 Mons
2509 482 2813 532 aromatum
2846 476 3035 547 David,
3077 477 3233 550 cujus
3263 480 3526 534 orationis

213 563 483 629 diximus,
516 562 684 635 fugiat
729 573 1119 636 persequentes
1144 583 1158 620 :
1191 573 1219 603 ⁸
1246 575 1338 621 aut
1369 566 1537 638 fugiat
1565 569 1632 622 ab
1660 568 1816 624 inflr—
1922 567 2058 623 odor
2077 566 2408 622 ascendebat
2427 568 2493 622 ad
2518 567 2841 635 Dominum;
2867 577 2920 626 et
2941 570 3064 626 ideo
3091 571 3308 635 dicebat
3333 588 3346 626 :
3380 569 3528 626 Diri-

214 657 340 722 mis,
367 666 424 712 et
452 663 698 712 transeat
724 656 792 712 ad
824 666 1036 713 montes
1064 668 1392 726 aromatum,
1422 661 1513 732 qui
1546 675 1644 732 pro
1671 677 1816 717 mar-
1922 667 2082 731 gatur
2095 661 2262 714 oratio
2283 675 2418 726 mea,
2437 661 2570 714 sicut
2591 660 2858 716 incensum
2876 662 2928 716 in
2947 672 3222 734 conspectu
3242 663 3522 736 tuo(Psal.

213 748 358 820 tyrio
386 747 611 804 odorem
652 749 871 820 possint
912 753 1085 806 beatas
1114 754 1537 809 resurrectionis
1576 754 1810 810 adferre.
1923 765 2058 816 (ιιι,
2091 750 2171 822 2).

211 841 428 898 Montes
456 850 762 896 aromatum
791 843 963 898 sancti
986 849 1133 898 sunt.
1158 843 1240 898 Ad
1271 859 1366 900 eos
1392 844 1635 917 confugit
1658 845 1818 902 Chri-
1993 840 2084 898 45.
2126 841 2485 915 Symmachus
2508 852 2688 900 tamen
2712 855 2771 901 ει
2794 846 2986 916 Aquila
3011 847 3351 918 ἰηῑθιρτθωιί
3372 857 3520 916 sum.

210 942 354 1001 stus,
377 934 500 1004 quia
531 931 896 989 Fundamenta
922 937 1036 1008 ejus
1054 935 1110 989 in
1139 936 1398 991 montibus
1422 938 1614 992 sanctis
1634 937 1813 1007 (Psal.
1923 935 2064 1007 quod
2085 935 2338 992 Christus
2357 937 2581 992 dicatad
2596 938 2898 996 Ecclesiam
2919 959 2932 995 :
2957 941 3084 1006 Quae
3097 944 3241 997 sedes
3260 944 3314 996 in
3337 943 3520 1008 hortis,

211 1042 440 1092 uxxvx,
469 1026 548 1098 1).
581 1027 660 1082 Ad
689 1043 784 1083 eos
816 1027 979 1099 igitur
1002 1027 1265 1100 confugit,
1291 1029 1383 1098 qui
1408 1040 1534 1085 sunt
1560 1030 1677 1100 ejus
1708 1042 1818 1086 sta-
1922 1028 2026 1083 hoc
2049 1038 2151 1095 est,
2173 1029 2285 1098 jam
2303 1030 2353 1083 in
2379 1029 2550 1084 hortis
2567 1031 2750 1097 sedes,
2783 1047 3027 1103 superno
3049 1033 3206 1104 digna
3230 1035 3516 1106 paradiso;

209 1121 343 1176 hilia
373 1119 753 1175 fundamenta.
785 1119 842 1174 In
869 1120 1028 1176 nobis
1057 1120 1212 1191 fugit,
1242 1121 1296 1176 in
1326 1121 1434 1176 illis
1457 1121 1560 1177 fida
1583 1124 1817 1180 statione
1920 1131 1976 1177 et
2006 1122 2128 1176 ideo
2151 1121 2340 1176 Vocem
2358 1131 2498 1176 tuam
2521 1124 2730 1178 insinua
2750 1126 2900 1192 mihi,
2915 1126 3002 1180 cui
3025 1127 3509 1181 amieiintendunt.

210 1213 484 1269 causistit.
521 1211 675 1268 Mons
701 1214 862 1284 igitur
891 1222 1195 1268 aromatum
1226 1215 1424 1270 Paulus
1454 1225 1566 1282 est,
1597 1218 1687 1288 qui
1721 1233 1818 1288 po—
1925 1217 2037 1286 Ego
2066 1231 2284 1288 quoque
2298 1232 2418 1272 eam
2439 1216 2627 1272 audire
2642 1217 2918 1274 desidero.
2941 1216 3186 1289 Caepitin
3207 1219 3378 1274 hortis
3395 1233 3517 1274 esse

211 1312 316 1359 test
342 1304 530 1359 dicere
557 1321 572 1357 :
611 1303 791 1362 Bonus
820 1305 964 1361 enim
993 1305 1124 1360 odor
1150 1305 1342 1361 Christi
1370 1323 1548 1362 sumus
1581 1307 1687 1364 Deo
1725 1307 1811 1382 (ll
1921 1309 2192 1376 Ecclesia,
2234 1318 2521 1379 postquam
2552 1307 2580 1347 δ
2613 1309 2665 1364 in
2693 1310 2866 1365 hortis
2898 1325 3089 1379 passus
3117 1319 3203 1365 est
3231 1309 3506 1366 Christus.

281 1423 306 1452 ι
349 1417 424 1470 Ita
457 1415 702 1498 plerique
729 1432 880 1498 mss.
914 1419 1036 1498 ‘Alii
1079 1428 1255 1476 tamen
1303 1421 1556 1498 aliquot,
1584 1433 1637 1478 et
1670 1423 1802 1480 edit.
1987 1424 2016 1463 δ
2056 1423 2216 1479 Rom.
2243 1425 2373 1480 edit.
2402 1425 2537 1498 sola,
2563 1425 2614 1478 in
2647 1424 2810 1498 hortis
2829 1435 3013 1498 captus
3034 1434 3107 1480 est
3126 1421 3514 1498 Christus.7$ed

206 1503 420 1567 omnes,
453 1498 544 1542 aut
567 1489 737 1567 fugiat
757 1491 821 1543 ab
843 1490 1056 1559 inﬁmis,
1085 1499 1145 1545 ut
1169 1507 1364 1567 nempe
1391 1489 1558 1548 infimi
1595 1510 1690 1563 per
1709 1510 1806 1550 an-
1914 1505 2274 1567 praeterquam
2298 1497 2444 1563 quod
2469 1504 2645 1564 potest
2663 1497 2715 1550 id
2737 1497 2806 1552 de
2822 1489 3022 1552 Christi
3043 1497 3234 1566 agonia
3261 1497 3516 1567 intelligi,

206 1546 432 1641 tithesiu
458 1546 733 1641 ωοιςιειμε
755 1546 1093 1631 opponat.
1125 1546 1224 1622 sed
1240 1546 1807 1636 ωὲιίυέδββοῑιδηῑίίτ
1913 1546 3233 1641 δίίςῖίιςέιῑιξι--ιῑοῖιιὶετῑέδίιίιῑηςξυνιιῑέῑξι“ιῖίδέίέ
3254 1546 3518 1624 omnis;

206 1630 412 1684 infirmi
441 1630 794 1701 martyribus.
831 1630 835 1631 ⁷
1493 1630 1508 1636 ’
1531 1630 1546 1636 ’
1916 1639 2076 1707 situs,
2110 1630 2324 1695 conscii
2354 1639 2496 1695 horti
2526 1630 2878 1696 consuerunt.

312 1780 363 1786 --
476 1782 843 1789 -__,____._
942 1785 1089 1790 .____-
1416 1788 1425 1792 ,
1666 1791 1687 1795 ,
1886 1790 2021 1795 _,
2172 1789 2391 1794 »μην
2687 1783 2753 1793 _,

3268 1814 3449 1822 1*:

328 1908 455 1992 IN
528 1908 1426 1997 EXPOSITIONEM
1499 1911 2148 2000 EVANGELII
2219 1915 2890 2000 SECUNDUM
2961 1911 3382 2001 LUCAM

1517 2073 1912 2150 ADMON
1921 2076 2187 2149 ITIO.

1269 2227 2441 2264 Ἦ

273 2319 396 2375 Hoc
420 2335 549 2394 opus
573 2322 894 2379 sermonibus
921 2324 1105 2392 quibus
1132 2321 1476 2394 Euangelium
1503 2321 1659 2377 Luca:
1686 2320 1988 2376 Ambrosius
2017 2320 2210 2389 populo
2231 2322 2472 2378 enodauit
2491 2362 2506 2388 ,
2539 2327 2778 2376 constare
2803 2330 2949 2376 castra
2977 2318 3382 2374 controuersiam
3407 2329 3504 2374 est.

195 2411 349 2468 Illud
369 2414 506 2467 enim
529 2429 632 2468 non
656 2415 810 2470 modo
836 2431 902 2469 ex
930 2415 1186 2470 orationis
1217 2416 1418 2485 forma,
1459 2413 1730 2482 citatisque
1756 2410 1910 2486 (Lib.
1938 2427 2034 2479 vn,
2068 2413 2122 2468 in
2149 2429 2269 2483 cap.
2296 2430 2331 2469 ι
2362 2425 2408 2469 et
2442 2429 2567 2479 xw,
2608 2422 2658 2468 et
2680 2412 2835 2484 alibi)
2863 2411 3154 2482 Scriptura!
3193 2413 3250 2466 in
3276 2411 3514 2468 Ecclesia

194 2505 506 2575 priusquam
531 2505 611 2560 air
637 2515 851 2561 sanctus
873 2509 1242 2577 aggrederetur
1281 2508 1349 2560 ad
1380 2505 1678 2572 dicendum,
1711 2506 1941 2561 recitata:
1967 2506 2093 2560 locis
2120 2507 2431 2577 intelligitur
2454 2523 2475 2561 :
2502 2507 2592 2562 sed
2625 2507 2786 2562 multo
2820 2507 2986 2577 magis
3018 2522 3082 2560 ea:
3109 2521 3168 2560 eo
3198 2505 3517 2569 declaratur,

194 2601 338 2664 quod
368 2595 513 2648 illum
555 2595 737 2650 diebus
764 2597 1040 2652 dominicis
1081 2597 1231 2669 (Lib.
1264 2614 1390 2664 VIII,
1413 2599 1467 2652 in
1498 2615 1613 2669 cap.
1645 2597 1774 2667 xxx)
1819 2596 2038 2666 aliisque
2064 2597 2426 2656 celebrioribus
2455 2601 2474 2669 (
2499 2599 2613 2652 Lib.
2646 2615 2697 2653 tv
2717 2640 2732 2664 ,
2767 2600 2819 2652 in
2850 2615 2968 2664 cap.
2996 2596 3069 2669 ν)
3093 2639 3109 2663 ,
3149 2599 3301 2652 uerba
3333 2598 3515 2668 fecisse

196 2689 660 2757 deprehendimus.
693 2689 864 2746 Immo
891 2706 1012 2746 vero
1051 2707 1154 2746 non
1184 2691 1462 2762 difficulter
1487 2690 1946 2746 animadvertimus
1976 2688 2352 2760 Eeangclicum
2393 2702 2586 2746 textum
2624 2707 2774 2761 quem
2809 2707 3067 2760 exponere
3094 2691 3185 2745 ille
3221 2691 3515 2761 cogitabat,

202 2781 415 2852 publice
439 2783 712 2837 recitatum
738 2783 902 2854 fuisse
923 2799 942 2838 :
963 2784 1378 2854 quandoquidem
1423 2783 1716 2846 complures
1740 2783 1968 2852 ejusdem
1996 2782 2264 2857 Evangelii
2291 2786 2432 2840 locos
2451 2825 2467 2851 ,
2496 2794 2639 2839 textu
2666 2800 2768 2838 non
2801 2785 2958 2840 citato
3000 2784 3022 2856 (
3049 2783 3166 2838 Lib.
3201 2800 3238 2838 ιι
3263 2825 3276 2849 ,
3307 2785 3363 2838 in
3393 2801 3514 2854 cap.

195 2891 256 2932 ut
279 2873 330 2947 ),
359 2877 433 2932 ita
458 2877 717 2948 explicat;
749 2885 806 2932 ut
843 2893 960 2948 quas
989 2878 1344 2934 tractabantur
1371 2877 1524 2950 (Lib.
1548 2893 1599 2943 ν,
1631 2877 1683 2930 in
1706 2893 1824 2948 cap.
1853 2891 1956 2941 vn;
1990 2876 2080 2931 lib.
2108 2892 2180 2931 νιι
2200 2919 2216 2944 ,
2251 2879 2306 2932 in
2331 2895 2450 2948 cap.
2478 2894 2552 2943 ix,
2582 2887 2631 2931 et
2660 2877 2851 2948 alibi),
2884 2878 2985 2930 nisi
3011 2878 3229 2931 materia
3259 2877 3512 2930 orationis

195 2970 452 3038 prtelecta
473 2971 676 3041 fuisset,
701 2973 767 3028 ab
797 2972 1121 3029 auditoribus
1141 2974 1258 3043 capi
1283 2973 1494 3027 minime
1519 2971 1822 3040 potuissent.
1857 2968 2010 3036 Quod
2035 2971 2418 3026 incommodum
2444 2986 2508 3026 ne
2535 2971 2695 3024 lector
2725 2984 2924 3040 quoque
2949 2979 3230 3041 pateretur,
3265 2978 3515 3024 curarunt

193 3060 422 3115 editores
467 3060 724 3125 Romani,
757 3062 1184 3134 ut-Evangelicus
1216 3064 1383 3118 omnis
1413 3070 1714 3126 contextus,
1749 3069 1798 3116 et
1843 3061 1888 3118 is
1933 3061 2168 3116 etiamin
2199 3078 2348 3131 quem
2391 3061 2689 3116 Ambrosius
2730 3061 2862 3115 nihil
2902 3061 3128 3126 dixerat,
3165 3060 3510 3115 exhiberetur.

207 3151 400 3208 Verum
440 3171 560 3209 cum
599 3155 654 3210 id
671 3165 931 3226 .prwstare
959 3156 1038 3210 illi
1065 3155 1410 3227 nequiverint,
1438 3155 1564 3225 quin
1594 3170 1699 3212 non
1740 3155 1908 3210 solum
1947 3170 2084 3223 sirpe
2117 3154 2510 3209 Ambrosianam
2539 3155 2824 3210 orationem
2855 3151 3316 3220 interscinderent,
3344 3153 3434 3208 sed
3463 3161 3515 3208 et

193 3245 311 3300 illic
338 3245 484 3300 haud
511 3263 679 3316 pauca
707 3247 895 3317 partim
920 3247 1263 3314 inverterent,
1292 3248 1484 3319 partim
1504 3247 1826 3319 adjicerent;
1850 3247 2011 3302 satius
2035 3248 2198 3301 visum
2224 3255 2298 3302 est
2325 3247 2409 3302 ubi
2437 3263 2613 3302 versus
2642 3248 2730 3317 qui
2758 3250 3033 3318 exponitur
3052 3287 3068 3313 ,
3101 3246 3426 3300 desideratur
3453 3246 3511 3300 in

192 3339 566 3407 manuscriptis
591 3379 607 3404 ,
630 3340 781 3394 illum
811 3340 864 3394 in
892 3341 1125 3412 margine
1154 3340 1391 3396 editionis
1420 3339 1674 3396 indicare.

271 3429 522 3495 Quamuis
548 3431 718 3485 solum
751 3431 1094 3504 Euangelium
1146 3431 1301 3486 Luca:
1341 3431 1691 3486 enarrandum
1731 3430 1828 3486 sibi
1873 3433 2226 3501 proposuisset
2262 3431 2565 3487 Ambrosius
2588 3473 2604 3498 ,
2656 3431 2873 3486 subinde
2901 3441 3070 3486 tamen
3100 3431 3324 3486 aliorum
3355 3431 3511 3486 etiam

193 3523 340 3576 locos
366 3524 581 3592 exponit
608 3521 765 3591 (Lib.
793 3540 850 3590 ν,
874 3525 930 3578 in
955 3539 1074 3593 cap.
1101 3539 1170 3578 νιι
1194 3541 1207 3587 ;
1242 3523 1333 3577 lib.
1360 3539 1432 3589 vr,
1463 3524 1520 3577 in
1545 3539 1660 3592 cap.
1689 3521 1782 3593 ιι)
1809 3541 1824 3576 :
1857 3523 2055 3592 quoties
2084 3522 2318 3577 uidelicet
2347 3523 2386 3576 ii
2425 3524 2504 3578 uel
2529 3523 2731 3593 aliquid
2754 3521 2940 3577 habere
2964 3523 3202 3577 uidentur
3229 3522 3514 3592 peculiaris

193 3614 529 3684 difficultatis
579 3614 735 3684 (Lib.
761 3631 832 3679 ιι,
862 3616 916 3670 in
942 3630 1060 3686 cap.
1085 3631 1123 3670 ιι
1148 3624 1199 3670 et
1238 3614 1370 3686 ιιι),
1399 3614 1480 3669 vel
1510 3631 1542 3668 a
1567 3613 1713 3668 beato
1749 3612 1892 3667 Luca
1921 3616 2066 3684 fuere
2110 3614 2442 3683 praetermissi
2460 3629 2478 3677 ;
2527 3629 2645 3668 cum
2683 3615 2918 3685 alioquin
2955 3630 3135 3668 eorum
3164 3614 3511 3685 cognitionem

193 3707 392 3775 populo
422 3708 639 3762 utilitati
677 3712 912 3780 futuram
949 3713 1140 3762 censet.
1177 3705 1412 3761 Desudat
1444 3708 1764 3776 potissimum
1789 3706 1847 3760 in
1873 3706 2212 3760 conciliandis
2241 3723 2358 3778 quae
2400 3708 2543 3776 apud
2571 3707 2916 3780 coangelistas
2955 3717 3207 3777 apparent
3248 3708 3512 3762 contraria

196 3799 341 3871 (Lib.
371 3817 455 3868 ιιι,
482 3802 595 3855 init.
618 3817 639 3867 ;
663 3800 753 3854 lib.
778 3816 831 3865 ν,
854 3801 910 3854 in
935 3816 983 3854 c.
1007 3817 1040 3854 v
1065 3809 1115 3854 et
1144 3815 1227 3864 Vl;
1262 3800 1351 3853 lib.
1376 3815 1472 3864 vn,
1501 3800 1556 3852 in
1585 3815 1704 3868 cap.
1729 3813 1826 3865 vn,
1857 3807 1904 3854 et
1929 3798 2052 3852 alibi
2082 3799 2322 3868 stepius),
2353 3808 2403 3852 et
2433 3800 2596 3853 sicubi
2622 3800 2805 3854 durior
2831 3801 3021 3853 litterae
3045 3800 3211 3853 nodus
3237 3799 3506 3866 inciderit,

191 3895 266 3948 ad
287 3895 616 3965 spiritualem
635 3896 870 3965 confugit
899 3895 1369 3966 interpretationem
1395 3892 1537 3962 (Lib.
1560 3909 1616 3959 ν,
1645 3893 1698 3946 in
1727 3909 1844 3963 cap.
1871 3907 1973 3955 vn;
2006 3891 2096 3945 lib.
2128 3907 2186 3956 ι,
2214 3891 2268 3944 in
2297 3907 2417 3960 cap.
2442 3892 2620 3962 xxttt),
2644 3893 2697 3944 in
2725 3909 2826 3961 qua
2854 3892 3073 3961 miriﬁce
3092 3892 3213 3946 illos
3240 3892 3510 3945 convenire

191 3991 534 4046 demonstrat.
571 3987 772 4042 Multus
813 3989 968 4043 estin
1013 3987 1304 4042 enarranda
1337 4003 1489 4042 sensu
1531 3985 1762 4040 naturali
1802 3995 1955 4056 atque
1983 3986 2263 4050 historico;
2295 3985 2588 4054 frequenter
2634 3995 2804 4039 tamen
2847 3985 3126 4038 orationem
3164 3983 3408 4038 conuertit
3436 3984 3508 4038 ad

191 4084 472 4154 mysticum
497 4100 516 4137 :
546 4083 638 4137 sed
657 4083 780 4136 inde
799 4097 937 4153 sape
953 4083 1143 4152 saepius
1167 4081 1442 4154 prteclara,
1466 4081 1651 4149 quibus
1679 4081 1875 4150 passim
1898 4078 2382 4133 commentationem
2404 4093 2552 4131 suam
2571 4078 2819 4142 illustrat,
2844 4093 3046 4131 morum
3069 4084 3323 4148 prlecepta
3338 4074 3504 4128 ducit.

191 4173 505 4243 Prcecipuas
534 4187 735 4244 quoque
770 4175 1011 4245 temporis
1052 4175 1134 4229 sui
1171 4174 1417 4238 haereses,
1445 4173 1627 4242 quibus
1659 4170 1852 4227 Christi
1880 4171 2124 4227 diuinitas
2166 4171 2524 4239 impetebatur,
2567 4181 2870 4244 oppugnat,
2901 4173 2997 4225 hoc
3023 4181 3129 4237 est,
3160 4169 3504 4232 Manichwos.

193 4265 567 4334 Photinianos,
606 4269 857 4322 Arrianos
875 4307 892 4334 ,
922 4277 969 4321 et
995 4268 1088 4321 hos
1112 4283 1220 4336 pra:
1247 4267 1466 4331 ueteris,
1500 4276 1554 4320 ut
1584 4276 1701 4337 pote
1723 4265 2111 4320 Catholicorum
2137 4281 2197 4318 ea
2233 4274 2532 4336 tempestate
2559 4267 2729 4321 hostes
2763 4267 3174 4340 infensissimos;
3200 4267 3338 4320 unde
3364 4264 3507 4323 haud

189 4359 394 4432 injuria
419 4359 572 4414 liceat
595 4361 896 4431 affirmare,
923 4361 1054 4413 hanc
1073 4360 1119 4414 ei
1149 4360 1468 4430 potissimam
1491 4360 1650 4428 fuisse
1679 4375 1916 4423 causam,
1949 4355 2042 4411 cur
2071 4356 2415 4429 Euangelium
2449 4359 2607 4414 Luca:
2630 4362 2959 4429 interpretari
2981 4361 3124 4430 apud
3151 4377 3206 4415 se
3235 4368 3502 4415 statueret.

266 4452 384 4507 Hos
413 4469 591 4506 omnes
611 4468 870 4507 sermones
896 4453 1090 4522 redegit
1120 4453 1174 4506 in
1197 4468 1358 4506 unum
1387 4467 1540 4521 opus,
1574 4450 1810 4520 illudque
1835 4451 2141 4520 inscriptum
2173 4452 2334 4508 uoluit
2359 4453 2508 4508 titulo
2536 4455 2872 4524 expositionis
2913 4453 3186 4523 Evangelii
3216 4455 3503 4508 secundum

187 4543 392 4597 Lucam
415 4560 436 4600 :
461 4536 722 4614 quomodo
748 4544 922 4614 ipsum
948 4545 1103 4598 semel
1125 4552 1274 4613 atque
1300 4542 1486 4600 iterum
1508 4542 1569 4596 ab
1595 4543 1884 4615 Augustino
1908 4541 2048 4614 (Lib.
2076 4558 2093 4596 ι
2118 4543 2182 4598 de
2206 4541 2355 4599 Grat.
2391 4541 2565 4601 Chris.
2597 4561 2716 4616 cap.
2740 4543 2846 4610 44;
2881 4545 2950 4600 lib
2973 4561 3010 4598 ιι
3040 4547 3105 4598 de
3126 4544 3334 4599 Pereat.
3366 4545 3504 4616 orig.

184 4653 305 4707 cap.
335 4635 440 4700 hi;
472 4635 567 4688 lib.
599 4651 612 4688 ι
642 4645 780 4688 cont.
814 4635 1018 4689 Julian.
1054 4651 1098 4688 c.
1131 4635 1186 4697 5,
1220 4643 1266 4688 et
1296 4633 1385 4687 lib.
1420 4650 1480 4700 ιι,
1514 4649 1559 4685 c.
1597 4632 1664 4702 5)
1697 4634 1909 4686 citatum
1938 4635 2185 4703 reperias,
2219 4634 2302 4686 cui
2332 4651 2433 4686 non
2464 4637 2615 4703 pauci
2646 4653 2847 4706 quoque
2868 4653 2992 4689 mss.
3019 4637 3116 4689 hac
3141 4637 3193 4689 in
3222 4652 3278 4691 re
3306 4641 3503 4706 favent.

183 4730 252 4782 At
276 4745 396 4782 vero
431 4729 600 4799 falsus
625 4740 699 4782 est
731 4728 914 4783 Sixtus
936 4718 1071 4784 Sen.
1105 4744 1222 4781 cum
1249 4728 1478 4782 eamdem
1507 4728 1642 4782 hanc
1663 4727 2144 4781 commentationem
2173 4725 2239 4779 ab
2269 4736 2480 4780 auctore
2515 4743 2607 4780 suo
2631 4729 2683 4781 in
2713 4728 2870 4781 libros
2894 4745 2995 4782 non
3020 4728 3180 4798 fuisse
3204 4727 3502 4783 distinctam

184 4824 372 4878 asserit
396 4826 493 4876 hoc
523 4832 849 4893 argumento,
873 4823 1010 4891 quod
1037 4821 1378 4892 Augustinus
1411 4837 1673 4891 nusquam
1700 4821 1823 4874 lihri
1851 4821 2081 4889 alicujus
2113 4836 2396 4875 numerum
2426 4823 2557 4876 citat
2589 4821 2608 4892 (
2626 4821 2878 4876 Biblioth.
2907 4823 2996 4876 lib.
3021 4822 3121 4885 ιιι).
3156 4821 3278 4876 Non
3311 4824 3503 4894 legerat

185 4920 418 4987 profecto
451 4917 676 4984 primum
708 4916 938 4984 ejusdem
967 4914 1142 4968 Patris
1169 4915 1354 4970 librum
1385 4913 1452 4970 de
1483 4913 1667 4970 Gratia
1697 4912 1931 4978 Christi;
1966 4914 2017 4966 in
2047 4914 2158 4983 ejus
2187 4914 2318 4968 enim
2345 4931 2463 4986 cap.
2495 4915 2568 4969 64
2597 4925 2646 4969 et
2683 4914 2753 4970 45
2797 4917 3025 4984 plerique
3053 4917 3221 4986 operis
3240 4957 3253 4980 ,
3297 4916 3359 4969 de
3398 4933 3502 4983 quo

182 5011 412 5080 agimus,
439 5010 558 5064 libri
587 5027 800 5064 numero
831 5011 1058 5063 indicato
1079 5010 1148 5062 ad
1169 5009 1422 5062 decimum
1445 5023 1604 5077 usque
1625 5015 1996 5060 memorantur.
2036 5006 2258 5061 Gravius
2285 5008 2458 5061 adhuc
2479 5019 2657 5079 peccat
2693 5007 3002 5062 Passerinus
3030 5010 3049 5078 (
3073 5007 3140 5062 In
3180 5008 3438 5076 Apparet.
3457 5008 3501 5074 ),

181 5101 274 5168 qui
301 5101 442 5156 Sixti
455 5101 720 5174 judicium
746 5111 926 5158 contra
955 5102 1230 5171 Augustini
1249 5101 1609 5162 auctoritatem
1640 5108 1868 5164 secutus,
1898 5109 2231 5154 memoratam
2255 5101 2585 5170 partitionem
2613 5113 2783 5173 negat.
2819 5102 3023 5171 Quippe
3043 5101 3255 5156 dubium
3277 5117 3377 5156 non
3401 5111 3498 5168 est,

179 5195 310 5264 quin
341 5193 755 5260 cacuminibus,
781 5203 895 5260 quae
921 5191 1058 5247 idem
1083 5191 1404 5263 Augustinus
1435 5189 1680 5244 lectitarit
1701 5232 1716 5255 ,
1761 5191 1979 5245 multum
2015 5191 2137 5259 fidei
2166 5193 2232 5244 sit
2260 5191 2550 5246 habendum
2569 5234 2584 5259 ,
2626 5210 2728 5248 non
2770 5194 2939 5248 solum
2977 5206 3184 5264 prapter
3214 5204 3500 5265 temporum

181 5285 522 5351 uicinitatem,
547 5284 640 5337 sed
669 5284 837 5337 multo
863 5285 1026 5357 magis
1049 5293 1260 5353 propter
1290 5283 1436 5340 illius
1458 5281 1699 5336 Doctoris
1731 5283 2072 5336 arctissimam
2104 5298 2220 5336 cum
2246 5283 2513 5340 Ambrosio
2542 5286 2974 5357 conjunctionem.
3013 5287 3261 5341 Fatemur
3289 5287 3502 5354 quidem

181 5379 246 5433 ab
268 5378 367 5433 illo
388 5379 580 5432 librum
604 5388 806 5432 sextum
829 5378 940 5431 loco
964 5377 1169 5447 septimi
1191 5380 1344 5431 semet
1367 5376 1624 5430 nominari
1647 5391 1665 5429 :
1686 5375 1777 5428 sed
1808 5375 1908 5429 nisi
1937 5377 2204 5445 postremis
2236 5393 2448 5446 operum
2479 5380 2750 5450 Augustini
2771 5380 3103 5450 scriptoribus
3133 5383 3268 5434 hunc
3292 5380 3501 5449 lapsum

182 5471 517 5527 tribuendum
543 5481 713 5539 putes,
741 5472 874 5539 forte
900 5469 1174 5524 dicendum
1208 5472 1364 5542 fuerit
1383 5472 1439 5524 in
1471 5471 1566 5524 hoc
1602 5478 1831 5524 erratum
1859 5485 1968 5523 esse
1991 5469 2053 5522 ab
2084 5471 2149 5524 iis
2179 5471 2267 5540 qui
2295 5472 2554 5526 Ambrosii
2583 5475 2948 5542 expositionem
2969 5475 3316 5546 descripsere,
3349 5483 3404 5527 ut
3428 5472 3502 5526 ibi

181 5564 393 5632 septimi
419 5563 543 5616 libri
569 5562 776 5615 initium
803 5572 1075 5630 ponerent,
1114 5578 1212 5633 quo
1235 5563 1372 5617 sexti
1393 5563 1583 5618 limites
1613 5562 1820 5616 extendi
1842 5561 2130 5631 oportebat.

259 5655 502 5728 Scriptos
520 5671 661 5709 anno
691 5654 799 5710 576
821 5655 913 5709 hos
938 5654 1096 5709 libros
1117 5665 1294 5710 auctor
1317 5664 1392 5710 est
1414 5655 1670 5710 Baronius
1698 5655 1802 5726 (Ad
1827 5673 1950 5710 ann.
1975 5654 2131 5727 576),
2155 5658 2307 5711 unico
2331 5659 2574 5713 nimirum
2597 5677 2875 5731 persuasus
2898 5664 3032 5727 loco,
3057 5663 3144 5717 ubi
3177 5661 3268 5717 Vir
3290 5671 3505 5720 sanctus

183 5749 476 5806 Multorum
501 5747 732 5828 (Litus,
752 5748 809 5802 in
835 5764 952 5819 cap.
981 5763 1069 5805 XXI
1087 5751 1106 5818 )
1125 5792 1140 5817 ,
1172 5749 1493 5820 aliorumque
1521 5750 1858 5805 barbarorum
1890 5751 2045 5818 bella,
2075 5769 2236 5822 neque
2261 5769 2363 5809 non
2389 5759 2580 5824 famem
2610 5761 2888 5829 quamdam
2919 5775 2978 5814 ac
3005 5770 3200 5832 pestem
3228 5755 3282 5813 in
3302 5760 3504 5814 anima-

184 5845 262 5912 lia
286 5841 467 5900 omnia
491 5843 736 5899 sentiente
751 5853 801 5896 m
829 5854 1099 5910 memorat.
1128 5841 1237 5901 Sed
1253 5861 1471 5918 magnus
1493 5844 1786 5900 Cardinalis
1807 5861 1982 5902 secum
2001 5845 2114 5919 ipse
2132 5863 2233 5905 non
2253 5848 2380 5904 satis
2402 5853 2670 5918 consentit,
2697 5868 2810 5910 cum
2833 5853 2990 5908 tradit
3016 5852 3320 5925 Apologiam
3349 5849 3520 5915 David
