3948 6360
1200 39 1243 47 -
1278 46 1293 47 7
1352 36 1513 51 —-:——-u—'-
1528 36 2455 62 ηΙ-ΝῌΜᾜ-ῌ,
2468 58 2481 61 ἡ

412 348 553 405 i527
1767 340 2014 398 SANCTI
2048 341 2371 401 AMBROSII
3568 348 3717 405 {528

421 483 527 524 non
557 468 660 523 nisi
688 479 804 538 post
826 481 1019 521 annum
1043 465 1151 522 585
1175 466 1497 520 lucubratum
1517 478 1658 528 esse;
1681 470 1877 518 constat
1898 461 2155 533 siquidem
2180 478 2293 518 eam
2318 462 2469 518 citari
2498 465 2550 517 in
2576 462 2672 517 hac
2697 463 2812 534 ipsa
2835 464 3152 536 expositione
3174 462 3314 537 (Lib.
3339 478 3421 532 ιιι,
3442 465 3498 520 in
3517 482 3565 520 c.
3594 462 3712 538 ιιι),

413 577 477 618 ac
503 561 721 636 proinde
751 562 881 616 hanc
902 560 1006 614 dici
1031 558 1214 613 debere
1239 557 1334 612 illa
1360 558 1715 627 posteriorem.
1752 556 2081 625 Quapropter
2107 564 2163 609 ut
2198 555 2395 627 aliquid
2420 555 2620 626 ﬁrmius
2647 562 2925 623 statuatur,
2956 553 3330 611 observandum
3363 565 3437 611 est
3468 565 3717 613 sanctum

413 654 740 710 Ambrosiam
778 663 1050 716 antequam
1079 651 1134 704 in
1171 648 1507 723 Evangelium
1538 647 1693 705 Luca:
1720 648 1983 708 scriberet,
2015 648 2202 702 multos
2228 647 2417 713 libros,
2446 663 2667 717 quorum
2693 646 2883 702 ibidem
2912 649 3222 704 mentionem
3251 651 3408 721 facit,
3446 651 3503 705 in
3543 652 3721 705 lucem

414 747 665 808 emisisse,
690 761 738 798 v.
769 760 823 814 g.
849 743 931 817 de,
950 740 1134 796 Viiluis
1158 739 1295 813 (Lib.
1327 756 1387 804 ιι.
1417 742 1472 795 in
1498 756 1546 795 c.
1578 757 1648 805 ιι;
1678 740 1770 794 lib.
1795 755 1869 803 IV,
1896 741 1951 793 in
1974 755 2094 807 cap.
2114 740 2189 807 tv)
2220 747 2334 809 post
2361 756 2450 794 an.
2479 739 2609 805 577,
2640 738 2710 795 de
2739 737 2873 795 Fide
2901 738 3042 810 (Lib.
3068 755 3150 807 ιιι,
3181 744 3236 796 in
3263 757 3312 796 c.
3337 741 3417 813 ιιι)
3445 753 3560 813 post
3580 743 3723 811 379,

414 837 483 893 de
505 838 707 905 Spiritu
729 848 919 891 sancto
948 834 1089 908 (Lib.
1117 850 1196 898 γι,
1218 836 1272 889 in
1300 851 1415 907 cap.
1443 832 1529 903 v1)
1553 851 1640 889 an.
1665 834 1791 897 581,
1822 833 1973 902 deniq

2171 832 2386 905 ilogiam
2410 832 2579 889 David
2614 832 2767 904 (Lib.
2792 849 2851 901 ιι,
2880 833 2936 888 in
2959 851 3078 903 cap.
3103 850 3164 901 ιι,
3201 830 3437 907 ριἀιὶυἱ)
3470 848 3583 908 post
3607 837 3730 895 583

412 931 774 1001 compositam.
809 930 945 998 Quin
977 930 1128 984 etiam
1159 945 1249 984 nec
1277 944 1428 983 suum
1456 928 1512 983 in
1544 926 1702 983 Isaia:
1731 928 2052 997 prophetiam
2092 924 2244 998 (Lib.
2266 942 2346 994 ιιι,
2377 928 2430 981 in
2450 942 2568 997 cap.
2593 924 2690 996 ιιι)
2721 926 3147 981 commentarium
3181 927 3316 984 silet.
3349 927 3480 996 Quae
3502 945 3617 984 cum
3646 930 3732 985 ita

410 1024 538 1091 sint,
569 1027 614 1077 si
642 1022 901 1079 Baronius
921 1034 993 1079 tot
1026 1023 1184 1078 libros
1213 1024 1334 1077 huic
1361 1023 1669 1090 expositioni
1710 1023 2001 1084 prcemissos
2029 1020 2373 1090 expendisset,
2406 1020 2547 1076 haud
2573 1035 2710 1092 tegre
2733 1019 3210 1087 animadvertisset,
3239 1029 3315 1076 tot
3341 1038 3500 1093 opera
3527 1023 3593 1078 ab
3628 1040 3725 1093 eo,

411 1120 501 1187 qui
526 1120 594 1173 ad
616 1120 962 1189 episcopatum
997 1136 1030 1172 α
1058 1119 1367 1188 praefectura
1396 1136 1532 1173 anno
1569 1128 1769 1173 tantum
1795 1115 1900 1173 574
1935 1118 2200 1170 traductus
2239 1115 2443 1181 fuerat,
2475 1115 2614 1169 intra
2653 1112 2784 1167 duos
2813 1127 2976 1167 annos
3004 1113 3297 1169 elucubrari
3324 1131 3429 1169 non
3463 1116 3725 1187 potuisse.

415 1209 524 1267 Sed
554 1225 667 1280 qute
693 1210 918 1266 Sanctus
945 1220 1117 1266 noster
1143 1210 1207 1264 de
1232 1208 1455 1264 Iustina:
1479 1211 1535 1264 in
1565 1226 1620 1264 se
1649 1210 1999 1278 persecutione
2020 1208 2194 1263 scribit
2223 1206 2374 1280 (Lib.
2404 1223 2494 1263 vn.
2521 1207 2579 1261 in
2607 1223 2724 1275 cap.
2758 1209 2854 1277 Ix)
2879 1246 2895 1270 ,
2930 1221 2992 1259 ea
3019 1215 3215 1262 tantam
3235 1223 3353 1262 cum
3376 1207 3484 1263 illis
3520 1224 3639 1278 qua
3669 1210 3731 1265 in

411 1304 696 1373 scriptione
719 1304 787 1358 de
810 1303 973 1358 Basil.
1003 1320 1107 1358 non
1141 1304 1275 1357 trad.
1305 1304 1571 1375 leguntur,
1596 1302 1878 1373 praeferunt
1903 1301 2235 1373 a/ﬁnitatem;
2257 1310 2314 1355 ut
2339 1300 2462 1356 inde
2488 1310 2682 1356 constet
2712 1302 3195 1356 commentationem
3221 1300 3286 1354 de
3306 1316 3410 1372 qua
3435 1302 3730 1373 loquimur,

415 1411 519 1450 non
542 1395 645 1449 nisi
666 1394 854 1466 elapsis
882 1396 1200 1467 diﬁcillimis
1237 1396 1346 1450 illis
1375 1395 1687 1469 temparibus
1706 1436 1721 1460 ,
1765 1395 1820 1448 id
1846 1404 1952 1461 est,
1995 1410 2096 1448 non
2124 1403 2243 1450 ante
2279 1410 2473 1449 annum
2500 1393 2607 1450 386
2642 1394 2935 1449 absolutam
2962 1409 3108 1460 esse;
3146 1391 3559 1464 quandoquidem
3593 1394 3737 1450 alibi

419 1487 559 1563 (Lib.
590 1506 667 1557 ts,
695 1491 749 1544 in
777 1507 893 1563 cap.
924 1493 1019 1559 xx)
1040 1507 1240 1560 pacem.
1273 1507 1429 1561 quam
1460 1490 1703 1560 deinceps
1728 1496 2002 1544 consecuta
2028 1496 2105 1543 est
2130 1486 2385 1556 Ecclesia,
2415 1487 2693 1543 memorari
2712 1488 2988 1543 obscurum
3013 1503 3117 1543 non
3146 1496 3240 1541 est.
3274 1485 3445 1541 Porro
3473 1487 3616 1559 quod
3646 1488 3729 1542 ad

416 1583 633 1638 Baronii
659 1595 1042 1652 argumentum,
1065 1585 1114 1638 ei
1142 1600 1244 1638 non
1267 1583 1491 1640 absurde
1518 1584 1682 1654 quivis
1710 1582 2038 1651 respondeat,
2066 1581 2131 1637 de
2157 1581 2538 1638 incursionibus
2561 1580 2900 1636 barbarorum
2921 1582 3136 1636 istorum
3155 1620 3172 1648 ,
3203 1580 3419 1653 aliisque
3439 1581 3733 1637 calamita-

418 1678 552 1732 tibus
581 1687 840 1746 tamquam
863 1676 928 1730 de
957 1676 1106 1730 rebus
1135 1676 1406 1747 prwteritis
1434 1677 1662 1731 locutum
1688 1674 2035 1730 Ambrosium.

494 1769 718 1824 Multum
750 1770 1001 1840 temporis
1040 1769 1163 1824 dum
1190 1770 1238 1824 is
1267 1770 1579 1839 expositioni
1606 1768 1724 1823 huic
1754 1784 1970 1839 operam
2005 1769 2182 1835 daret,
2211 1777 2450 1825 exactum
2486 1776 2580 1824 est.
2609 1767 2768 1823 Enim
2796 1782 2914 1823 vero
2938 1784 3059 1822 cum
3089 1768 3185 1825 sub
3216 1768 3374 1840 ﬁnem
3411 1767 3533 1824 libri
3561 1770 3745 1839 quarti

418 1862 671 1933 signiﬁcet
707 1860 1000 1934 Epiphania
1037 1864 1168 1931 festa
1211 1863 1393 1931 paucis
1418 1871 1539 1915 ante
1563 1860 1739 1915 diebus
1779 1860 2034 1916 celebrata
2072 1877 2181 1916 esse
2209 1860 2362 1935 (Lib.
2394 1874 2470 1930 tv,
2499 1862 2555 1915 in
2583 1878 2700 1933 cap.
2731 1860 2805 1933 ν)
2834 1903 2849 1929 ,
2888 1863 3179 1935 superiores
3209 1861 3369 1918 libros
3410 1879 3505 1933 per
3529 1862 3743 1934 aliquot

420 1954 545 2006 anni
571 1952 810 2022 proxime
835 1953 999 2018 elapsi
1021 1968 1218 2006 menses
1241 1951 1311 2006 ad
1332 1954 1581 2025 paputum
1612 1955 1973 2020 pronuntiatos
1995 1953 2155 2025 fuisse
2174 1955 2440 2025 oportebat
2465 1969 2481 2008 :
2512 1970 2627 2009 cum
2647 1964 2819 2009 autem
2849 1971 2914 2010 ex
2938 1956 3070 2011 libro
3093 1965 3270 2011 octavo
3301 1954 3355 2029 (1
3361 1973 3394 2010 n
3419 1972 3534 2026 cap.
3562 1955 3730 2027 mu)

416 2063 707 2103 sermonem
741 2049 977 2103 habuerit
1005 2048 1375 2103 anniversariis
1414 2049 1818 2103 consecrationis
1845 2064 1955 2103 sua:
1980 2049 2242 2119 encceniis,
2267 2065 2383 2120 quas
2395 2049 2451 2104 in
2477 2048 2713 2103 Ecclesia
2739 2058 2847 2103 tum
2868 2047 3056 2105 (ἔπεσα
3082 2058 3191 2105 tum
3218 2048 3407 2104 Latina
3441 2065 3735 2120 numquam

422 2144 526 2198 nisi
548 2156 622 2196 vn
656 2141 774 2195 idus
799 2141 923 2195 Dec.
961 2142 1325 2197 renuntiantur
1365 2139 1599 2215 (Baron.
1631 2142 1685 2195 in
1723 2140 2030 2214 Μαι-εντα..
2059 2141 2223 2214 etc.),'
2255 2140 2391 2195 hanc
2421 2141 2692 2195 materiam
2719 2144 2878 2212 ferme
2903 2157 2996 2213 per
3023 2141 3282 2197 biennium
3311 2150 3585 2197 tractatam
3618 2157 3742 2197 esse

423 2237 759 2305 manifestum
785 2246 879 2291 est.
910 2234 1065 2290 Nihil
1088 2246 1256 2290 tamen
1281 2237 1365 2290 hic
1388 2236 1729 2299 admiramur.
1761 2253 1879 2290 cum
1902 2252 1966 2291 ex
1991 2236 2281 2308 Augustino
2307 2233 2575 2307 (Confess.
2608 2234 2699 2291 lib.
2730 2251 2802 2303 Vl,
2836 2252 2953 2308 cap.
2978 2237 3037 2307 5)
3062 2236 3478 2308 cognoverimus,
3504 2235 3742 2290 Ambro-

434 2329 562 2383 sium
602 2328 889 2383 Dominicis
930 2337 1131 2383 tantum
1171 2327 1355 2382 diebus
1383 2326 1535 2382 verba
1573 2330 1745 2401 facere
1778 2330 2101 2384 consuevisse
2131 2344 2151 2384 :
2187 2344 2281 2384 nec
2314 2328 2451 2383 illud
2476 2332 2633 2385 etiam
2675 2327 2970 2399 ignoremus
2995 2329 3168 2399 ipsum
3195 2328 3257 2383 ab
3302 2336 3609 2400 argumento
3634 2343 3742 2383 suo

425 2422 735 2495 quandoque
761 2433 1030 2478 avocatum
1056 2438 1166 2476 esse
1184 2432 1397 2493 propter
1423 2424 1647 2495 majores
1667 2422 2034 2488 solemnitates,
2057 2421 2490 2491 quemadmodum
2513 2437 2609 2479 usu
2629 2420 2868 2476 veniebat
2884 2422 2940 2475 in
2960 2437 3110 2477 sacro
3132 2420 3361 2485 Pascha,
3383 2436 3485 2489 quo
3505 2430 3748 2494 tempore

421 2517 539 2587 ipse
562 2530 654 2584 per
684 2531 740 2570 se
768 2514 1162 2569 catechumenos
1187 2513 1505 2569 instituebat.
1538 2514 1645 2570 Sed
1672 2515 1910 2584 fortassis
1939 2515 2093 2570 etiam
2122 2515 2422 2587 contigerit,
2450 2524 2509 2570 ut
2535 2515 2881 2572 intermissum
2908 2531 3040 2587 opus
3068 2524 3283 2588 propter
3309 2513 3535 2572 Iustina:
3557 2531 3746 2587 perse-

426 2608 708 2675 cutionem,
740 2607 947 2662 reddita
975 2607 1180 2662 demum
1208 2606 1584 2678 tranquillitate
1603 2607 1898 2680 perfecerit.

503 2698 568 2754 In
599 2700 861 2773 prioribus
889 2699 1035 2755 libris
1060 2697 1315 2754 nonnulla
1339 2707 1604 2753 mutuatus
1634 2708 1709 2754 est
1736 2699 1799 2752 ab
1833 2697 2057 2772 Origene
2086 2698 2312 2772 (Homil.
2344 2703 2399 2758 in
2423 2699 2583 2775 Luc.)
2618 2700 2807 2758 Utrum
2834 2711 3008 2758 autem
3030 2703 3184 2759 illum
3211 2719 3413 2777 quoque
3437 2704 3491 2758 in
3513 2720 3746 2772 sequen-

429 2790 563 2846 tibus
582 2790 797 2845 subinde
814 2790 1009 2844 imitari
1033 2790 1315 2861 perrexerit
1337 2830 1353 2856 ,
1392 2805 1512 2844 cum
1530 2806 1636 2844 non
1657 2793 1831 2845 omnia
1868 2790 2151 2848 doctissimi
2176 2793 2318 2849 illius
2349 2791 2532 2849 Patris
2557 2810 2719 2867 opera
2756 2794 2826 2849 ad
2854 2811 2947 2851 nos
2973 2798 3327 2866 pervenerint,
3356 2798 3568 2869 definiri
3593 2809 3750 2855 certo

429 2899 535 2939 non
573 2892 758 2953 potest.
799 2882 990 2938 Verum
1020 2901 1084 2939 ex
1115 2884 1377 2939 Ambrosii
1410 2886 1646 2941 oratione
1674 2887 1802 2941 satis
1826 2888 2094 2962 intelligas
2134 2890 2305 2961 ipsum
2348 2890 2539 2945 nemini
2580 2891 2777 2945 homini
2814 2892 3057 2962 privatim
3101 2892 3447 2949 adherentem
3472 2893 3751 2948 variorum

432 2989 706 3033 auctorum
726 2980 998 3049 opiniones
1032 2979 1171 3052 (Lib.
1192 2996 1287 3045 vn,
1317 2981 1371 3036 in
1393 2998 1512 3051 cap.
1539 2998 1649 3046 xlv.
1676 2998 1766 3039 xv:
1793 2993 1840 3039 et
1867 2984 1994 3039 alibi
2017 2986 2253 3058 saepius),
2272 2998 2427 3058 prout
2451 2987 2504 3040 in
2525 3002 2632 3041 rem
2658 3002 2805 3041 suam
2822 3002 2932 3043 esse
2952 2987 3275 3053 videbantur,
3305 3002 3613 3058 proponere,
3644 3005 3751 3045 nec

430 3087 538 3126 non
564 3070 727 3125 multa
757 3069 1005 3126 Ecclesia:
1035 3088 1163 3139 suis,
1186 3072 1394 3141 illisque
1428 3076 1743 3145 temmribus
1772 3076 2110 3147 congruentia
2138 3076 2330 3145 dicere,
2354 3093 2471 3148 qua:
2489 3092 2608 3132 cum
2631 3075 2872 3151 Origenis
2899 3077 3139 3132 doctrina
3158 3078 3369 3132 minime
3389 3077 3751 3135 conterebant.

437 3163 511 3221 Ca
528 3175 693 3219 terum
720 3164 766 3218 si
793 3165 918 3236 quid
939 3181 1004 3220 ex
1028 3165 1173 3220 illius
1202 3166 1410 3233 scriptis
1439 3167 1663 3221 aliorum
1684 3167 1908 3222 Patrum
1933 3168 2003 3223 ad
2027 3169 2192 3225 instar
2218 3162 2416 3237 hausit,
2443 3185 2546 3224 non
2566 3168 2868 3225 dubitarunt
2893 3169 3049 3224 etiam
3074 3170 3388 3240 posteriores
3411 3185 3476 3225 ex
3496 3168 3595 3225 hac
3619 3172 3757 3241 pul-

432 3256 692 3312 cherrima
717 3256 1145 3310 commentatione
1172 3256 1396 3326 plurima
1426 3255 1718 3326 decerpere.
1743 3255 1809 3311 In
1833 3258 2015 3327 primis
2039 3259 2227 3329 falcem
2252 3258 2464 3314 immisit
2486 3260 2541 3313 in
2570 3258 2703 3314 hanc
2729 3270 2947 3332 segetem
2970 3260 3033 3318 S.
3058 3259 3353 3326 Maximus;
3382 3261 3513 3316 adeo
3542 3273 3599 3315 ut
3624 3265 3755 3335 ejus

436 3348 645 3404 nomine
672 3349 909 3419 quaedam
933 3364 998 3403 ex
1032 3348 1129 3403 hoc
1155 3347 1496 3403 Ambrosiam
1523 3357 1746 3403 tractatu
1777 3360 1983 3418 sumpta
2007 3348 2336 3421 Lanfrancus
2370 3365 2426 3406 χι
2451 3350 2644 3404 stucqu
2669 3351 2898 3405 citaverit
2923 3349 3110 3422 (Libel.
3144 3350 3210 3405 de
3229 3350 3460 3406 Celanda
3486 3350 3754 3423 confes).

516 3439 709 3507 Porro,
739 3440 784 3494 si
810 3439 1003 3506 Ruﬁno
1028 3439 1284 3494 credimus
1308 3438 1446 3512 (Lib.
1475 3454 1512 3494 ιι
1542 3436 1773 3510 lnvect.)
1800 3480 1815 3504 ,
1844 3448 1954 3494 erat
1984 3440 2080 3495 hoc
2108 3440 2277 3513 ipsum
2305 3455 2436 3511 opus
2457 3455 2616 3495 unum
2640 3456 2670 3495 e
2692 3439 2896 3495 duobus
2923 3440 3032 3496 illis
3054 3441 3461 3507 commentariis,
3489 3455 3520 3495 e
3538 3439 3759 3513 quibus

434 3533 596 3592 alter.
626 3542 683 3587 ut
709 3549 773 3587 ex
792 3530 979 3586 Paule
1004 3540 1157 3601 atque
1182 3530 1452 3586 Eustachii
1479 3531 1675 3595 indicio
1701 3531 1858 3601 refert
1892 3529 2264 3604 Hieronymus,
2289 3541 2344 3587 et
2370 3530 2623 3586 sensibus
2650 3530 2815 3587 hebes
2843 3536 3014 3597 esSet,
3036 3540 3091 3586 et
3125 3530 3348 3586 verbis:
3374 3529 3514 3586 alter
3536 3530 3594 3585 in
3618 3544 3760 3587 ver-

433 3623 518 3680 bis
545 3622 776 3689 luderet,
809 3623 860 3678 in
891 3622 1179 3677 sententiis
1200 3622 1522 3676 dormiuaret
1550 3620 1747 3695 (Epist.
1775 3621 1843 3676 ad
1875 3620 2031 3675 Paul.
2063 3630 2112 3676 et
2135 3619 2439 3692 Eustoch.).
2470 3618 2579 3676 Sed
2606 3623 2703 3674 etsi
2729 3628 2989 3675 constaret
3019 3635 3081 3674 cu
3101 3619 3167 3674 de
3192 3635 3268 3684 re,
3291 3620 3432 3675 varie
3452 3619 3755 3675 admodum

439 3716 505 3771 de
528 3713 974 3771 lucubrationibus
1019 3714 1186 3768 sancti
1210 3712 1469 3768 Ambrosii
1507 3713 1732 3768 locutum
1759 3711 2165 3785 Hieronymum,
2199 3724 2249 3769 et
2285 3725 2317 3768 a
2338 3714 2554 3769 summis
2582 3713 2840 3769 interdum
2863 3712 3104 3768 laudibus
3129 3713 3200 3768 ad
3225 3722 3577 3783 contemptum
3597 3713 3760 3770 haud

435 3808 566 3863 satis
590 3824 794 3877 agnum
823 3805 1169 3872 descendisse,
1204 3806 1261 3860 in
1286 3805 1521 3873 confesso
1555 3815 1650 3860 est.
1682 3803 1859 3878 Hujus
1895 3806 2158 3861 varietatis
2182 3803 2306 3860 alibi
2331 3805 2582 3860 rationem
2608 3804 2909 3874 aperuimus
2938 3802 3255 3877 (Puerum.
3285 3802 3503 3859 Interim
3526 3805 3759 3875 exposig

439 3900 599 3956 tionis
621 3900 975 3955 Ambrosiame
995 3899 1195 3953 utilitas
1215 3908 1263 3953 et
1294 3897 1602 3952 excellentia
1624 3896 1832 3953 abunde
1860 3897 2148 3951 vindicatur
2162 3939 2176 3963 ,
2200 3907 2307 3951 tum
2331 3897 2469 3967 quod
2495 3896 2645 3952 toties
2667 3897 2730 3951 ab
2752 3895 3038 3968 Augustino
3066 3894 3222 3965 (Loc.
3246 3895 3365 3967 cit.)
3380 3937 3396 3963 ,
3428 3895 3760 3955 Cassiodoro

440 3989 581 4064 (Lib.
613 3990 678 4046 de
707 3989 881 4047 lnstit.
905 3991 1067 4046 divin.
1093 3992 1196 4046 litt.
1227 4006 1343 4061 cap.
1379 3990 1456 4061 7),
1490 3999 1642 4057 atque
1666 3989 1786 4045 aliis
1812 4005 1915 4043 non
1934 3989 2046 4043 sine
2072 3988 2230 4044 laude
2268 3997 2549 4045 memorata
2574 3997 2670 4054 est,
2700 3997 2807 4042 tum
2831 3988 2970 4059 quod
2994 3989 3223 4058 ejusdem
3242 3989 3555 4046 auctoritate
3580 4007 3759 4062 syno-

436 4083 562 4137 dum
590 4081 806 4157 Hispal.
851 4086 1131 4139 secundam
1158 4099 1298 4137 anno
1324 4078 1431 4137 619
1480 4090 1530 4136 et
1578 4081 1794 4137 Sextum
1833 4081 2124 4151 generalem
2153 4078 2310 4152 (Act.
2342 4080 2443 4151 ω)
2480 4077 2587 4136 680
2615 4076 2873 4145 habitam,
2918 4092 3043 4132 usas
3082 4077 3447 4149 comperimus.
3494 4077 3607 4134 Sed
3651 4097 3757 4138 nec

439 4172 795 4244 Hieronymus
821 4176 930 4243 ipse
950 4190 1110 4238 usque
1146 4174 1279 4228 adeo
1326 4189 1418 4244 pro
1444 4172 1860 4229 contemnendis
1900 4171 2054 4243 nugis
2094 4171 2272 4226 habuit
2300 4172 2433 4228 hanc
2459 4172 2854 4244 expositionem,
2885 4180 2941 4227 ut
2983 4187 3088 4228 non
3110 4171 3180 4227 ad
3205 4172 3351 4228 illam
3374 4171 3595 4229 lectores
3615 4190 3753 4233 suos

436 4266 716 4337 aliquando
738 4267 986 4321 remiserit
1020 4264 1216 4338 (Epist.
1242 4265 1368 4331 151,
1397 4273 1576 4335 quaest.
1601 4264 1676 4335 6).

804 4486 1827 4654 SANCTI
1964 4489 3318 4654 AMBROSII

1638 4744 2216 4830 HEDIOLANENSIS
2273 4744 2612 4830 EPISCOPI

1002 5058 1035 5073 _.
1447 4901 2748 5053 EXPOSITIO

608 5124 1612 5257 EVANGELII
1760 5124 1963 5255 SE
1984 5121 2354 5255 CUN
2369 5130 2486 5252 D
2520 5126 2780 5255 UM
2929 5123 3575 5258 LUCAM

1330 5331 1696 5404 LIBRIS
1789 5331 1864 5405 X
1966 5330 2196 5402 COM
2213 5332 2855 5408 PBEHENSA.

1578 5483 2623 5521 ’Μ

1766 5585 2445 5672 PROLOGUS.

518 5730 730 5804 1281
774 5730 822 5787 1.
864 5731 1129 5798 Scripturi
1170 5731 1224 5787 in
1260 5731 1536 5802 Evangelii
1574 5731 1797 5787 Librum
1822 5772 1837 5797 ,
1878 5746 2040 5802 quem
2147 5730 2469 5788 minicarum
2501 5731 2855 5789 distinctione
2876 5731 3126 5803 digessit,
3157 5730 3363 5805 stylum
3385 5730 3571 5801 ipsum
3596 5733 3773 5804 prius

439 5820 616 5878 Lucas
665 5832 885 5879 sanctus
925 5821 1171 5895 pleniore
1227 5823 1467 5892 quodam
1504 5825 1670 5881 modo
1708 5837 1892 5881 rerum
1931 5820 2041 5879 Βο-
2144 5817 2528 5895 exponendum
2567 5836 2860 5897 putamus;
2913 5833 2999 5883 est
3042 5824 3190 5881 enim
3240 5823 3563 5883 historicus.
3615 5824 3765 5884 Nam
