3948 6300
202 272 333 333 i529

1133 279 1498 340 EhPOSITlO
1536 282 1790 341 EVANG.
1834 286 1982 345 SEC.
2026 290 2180 350 LUC.
2224 292 2607 357 PROLOGUS.

3341 316 3478 371 1550

187 388 300 444 licet
331 387 626 460 Scriptura
664 388 844 445 divina
886 390 1179 448 mundana:
1218 408 1439 453 evacuet
1497 401 1773 470 sapientia:
1800 409 1852 469 Α
1880 405 2181 475 pientiam;
2233 426 2462 481 quorum
2516 414 2608 470 alii
2657 430 2779 473 cum
2827 420 2997 476 variis
3037 424 3328 494 generibus
3370 429 3479 485 sint

200 481 511 554 disciplinam
541 526 555 549 ,
597 484 740 555 quod
781 485 987 556 majore
1024 488 1200 544 fucata
1240 492 1529 547 verborum
1570 495 1775 552 ambitu

205 599 346 654 quam
374 599 550 640 rerum
582 585 791 640 ratione
830 587 1061 642 subnixa
1102 590 1211 643 sit:
1254 598 1431 646 tamen
1474 592 1518 647 si
1558 595 1679 664 quis
1718 595 1771 651 in

203 676 479 749 Scripturis
524 678 719 733 divinis
767 681 929 734 etiam
982 681 1071 735 illa
1121 697 1241 753 quae
1291 683 1534 740 miranda
1568 686 1644 742 illi
1676 704 1772 758 pu~

202 776 307 823 tant
333 811 348 836 ,
385 769 575 839 quaerit
599 811 614 837 ,
654 770 912 827 inveniet.

188 874 193 877 '
263 863 311 916 2.
340 863 457 917 Tria
497 872 625 919 sunt
666 866 810 919 enim
861 882 983 937 qua:
1026 868 1332 940 philosophi
1381 873 1567 929 mtntdi
1615 876 1771 931 istius

198 958 675 1028 prterellentissima
704 971 1049 1029 putaverunt,
1077 973 1102 1000 α
1126 965 1395 1035 triplicem
1418 967 1627 1024 scilicet
1649 985 1771 1027 esse

197 1048 494 1124 sapientiam
520 1089 536 1116 ,
564 1051 708 1119 quod
738 1063 828 1104 aut
858 1053 1121 1107 naturalis
1148 1054 1246 1121 sit,
1275 1064 1369 1111 aut
1396 1059 1647 1124 moralis,
1679 1070 1771 1115 aut

195 1141 531 1197 rationabilis.
576 1142 704 1198 llaec
744 1144 848 1199 tria
884 1145 994 1214 jam
1035 1156 1090 1201 et
1132 1147 1183 1201 in
1223 1150 1391 1204 veteri
1418 1149 1770 1207 Testamento

194 1235 442 1306 potuimus
466 1234 777 1291 advertere.
807 1236 947 1306 Quid
974 1238 1118 1293 enim
1146 1239 1291 1295 aliud
1321 1241 1627 1311 significant
1659 1254 1770 1301 tres

194 1326 259 1382 illi
288 1327 465 1398 putei,
496 1343 727 1399 quorum
760 1347 899 1385 unus
938 1344 1021 1386 est
1053 1331 1324 1401 Visionis,
1358 1333 1386 1373 ι)
1419 1336 1558 1392 alius
1585 1336 1770 1393 Abun-

192 1419 406 1483 dantiaa,
451 1423 648 1477 tertius
684 1421 983 1478 Juramenti
1012 1442 1025 1477 :
1057 1425 1159 1479 nisi
1203 1426 1469 1495 triplicem
1514 1429 1668 1484 istam
1714 1432 1767 1484 in

192 1509 497 1567 Patriarchis
534 1514 702 1568 fuisse
733 1514 1027 1569 virtutem?
1052 1515 1416 1572 Rationabilis
1456 1531 1649 1589 puteus
1671 1520 1764 1575 Vi-

188 1601 377 1669 sionis;
408 1618 475 1659 eo
504 1605 653 1674 quod
686 1606 823 1660 ratio
854 1606 1030 1662 visum
1064 1609 1262 1664 mentis
1291 1622 1483 1675 acuat,
1516 1618 1573 1665 et
1601 1613 1767 1668 animi

189 1704 359 1764 purget
407 1696 685 1753 obtutum.
740 1698 963 1754 Ethicus
1020 1711 1217 1770 puteus
1244 1703 1641 1772 Abundantite;
1700 1722 1766 1761 eo

1878 499 2101 569 referti,
2136 503 2331 575 singuli
2367 516 2545 562 tamen
2574 508 2795 567 diverso
2820 528 3023 583 genere
3051 518 3355 585 praestant?
3380 520 3477 577 Est

1876 593 2021 648 enim
2055 610 2181 650 vere
2211 599 2477 667 sapientia
2510 602 2773 659 naturalis
2803 602 2831 641 (ι
2864 606 2915 661 in
2951 606 3093 664 libro
3119 612 3475 682 evangelista:

1873 686 2120 745 Joannis.
2168 691 2339 749 Nemo
2368 696 2510 750 enim
2535 735 2553 762 ,
2599 698 2774 753 audeo
2797 700 2982 757 dicere
3005 744 3019 769 ,
3049 712 3196 758 tanta
3227 707 3476 762 sublimi-

1877 791 1986 839 tate
2026 787 2309 855 Sapiemim
2353 790 2692 860 maiestatem
2742 794 2835 850 Dei
2877 795 3047 860 vidit,
3080 806 3135 853 et
3164 799 3320 854 nobis
3349 816 3477 871 pro-

1873 878 1993 945 prio
2021 892 2275 935 sermone
2309 886 2600 938 reseravit.
2628 884 2990 943 Transcendit
3034 890 3210 947 nubes
3231 932 3246 956 ,
3295 902 3473 948 trans-

1873 970 2059 1024 cendit
2100 971 2340 1028 Virtutes
2379 976 2645 1031 C(Blorum
2677 1018 2692 1042 ,
2738 980 3049 1035 transendit
3096 982 3337 1053 Angelos
3364 1026 3378 1049 ,
3419 994 3475 1043 et

1872 1065 2108 1122 Verbum
2141 1069 2193 1122 in
2226 1070 2495 1142 principio
2526 1074 2735 1141 reperit
2765 1084 2819 1128 et
2851 1073 3090 1131 Verbum
3122 1081 3264 1147 apud
3300 1080 3467 1135 Deum

1870 1158 2026 1213 vidit.
2058 1159 2188 1227 Quis
2216 1171 2395 1217 autem
2429 1165 2691 1219 moralius
2722 1167 3023 1223 secundum
3052 1170 3324 1225 hominem
3356 1172 3472 1227 sin-

1870 1252 1992 1323 gula
2022 1264 2372 1321 persecutus,
2400 1271 2562 1327 quam
2592 1268 2815 1312 sanctus
2842 1260 3149 1328 Matthmus,
3180 1267 3269 1334 qui
3302 1266 3475 1321 edidit

1874 1344 2034 1398 nobis
2072 1346 2285 1418 1263
2329 1358 2601 1419 prmcepta
2633 1352 2846 1407 vivendi
2873 1352 2897 1406 ?
2926 1354 3066 1423 Quid
3096 1357 3471 1415 rationabilius

1873 1436 1966 1490 illo
1999 1446 2022 1473 °
2055 1438 2365 1494 admirabili
2397 1443 2683 1512 copulato,
2714 1459 2875 1515 quam
2907 1448 3051 1516 quod
3082 1460 3302 1505 sanctus
3334 1450 3477 1507 Mar-

1870 1542 1965 1582 cus
2014 1530 2068 1583 in
2121 1531 2394 1600 principio
2436 1536 2622 1590 Statim
2666 1536 2953 1594 locandum
3006 1543 3259 1611 putavit?
3292 1543 3463 1610 Ecce,

1870 1620 2079 1691 inquit,
2110 1624 2255 1677 tnilto
2281 1626 2520 1697 angelum
2556 1645 2725 1683 meum
2758 1630 2776 1699 (
2802 1628 2969 1685 Marc.
3000 1648 3057 1696 ι,
3087 1632 3122 1686 2
3149 1644 3196 1688 et
3227 1635 3260 1689 5
3282 1635 3338 1705 );
3371 1644 3426 1691 et
3447 1678 3463 1703 ,

1874 1713 1992 1769 Vae:
2018 1715 2288 1771 clamantis
2316 1720 2369 1773 in
2409 1719 2649 1784 deserto;
2697 1732 2754 1776 ut
2791 1730 2847 1777 et
2885 1723 3300 1782 admirationem
3349 1742 3466 1782 mo-

186 1787 308 1856 quod
352 1788 683 1843 cedentibus
732 1791 1030 1865 allophylis
1057 1835 1072 1857 ,
1116 1809 1347 1864 quorum
1399 1799 1582 1865 specie
1634 1800 1762 1855 vitia
1796 1792 1843 1852 Β
1870 1820 2049 1873 ver-et,
2098 1821 2152 1865 et
2194 1811 2411 1866 doceret
2437 1813 2713 1869 hominem
2752 1814 3059 1873 humilitate
3101 1828 3261 1890 atque
3301 1820 3472 1876 absti-

185 1879 402 1947 corporis
432 1881 759 1951 ﬁgurantur,
796 1884 929 1939 vivae
960 1886 1109 1941 Isaac
1142 1888 1408 1958 liquorem
1440 1892 1641 1946 mentis
1683 1893 1763 1947 in-

184 1971 331 2026 venit.
362 1973 574 2029 Purum
602 1976 745 2031 enim
778 1977 1051 2047 profluunt
1078 1979 1205 2035 boni
1232 1996 1411 2036 mores
1431 2023 1444 2047 ,
1472 1994 1525 2037 et
1550 1986 1761 2040 bonitas

181 2062 282 2132 ipsa
314 2067 595 2136 popularis
620 2069 862 2125 abundat
885 2072 1008 2126 aliis
1027 2113 1042 2137 ,
1066 2072 1169 2127 sibi
1200 2075 1519 2131 restrictior.
1543 2077 1760 2134 Tertius

179 2168 348 2227 puteus
397 2159 750 2229 Juramenti,
803 2163 905 2219 hoc
942 2176 1064 2231 est,
1117 2170 1399 2237 sapientiae
1453 2174 1756 2240 naturalis,

178 2264 283 2320 qua:
327 2267 386 2307 ea
436 2270 565 2324 qua:
616 2271 776 2324 supra
831 2266 1115 2323 naturam,
1168 2260 1253 2314 vel
1294 2272 1502 2317 natura:
1547 2266 1756 2339 1262

178 2354 316 2412 sunt,
339 2347 792 2417 comprehendat.
822 2349 975 2418 Quod
1004 2351 1145 2405 enim
1172 2354 1494 2421 allirmatur,
1525 2370 1573 2409 et
1603 2359 1755 2427 quasi

178 2437 274 2493 Deo
302 2448 429 2496 teste
470 2442 710 2508 iuratur,
753 2445 916 2498 etiam
948 2444 1130 2500 divina
1167 2447 1585 2516 complectitur,
1630 2466 1753 2506 cum

177 2531 409 2590 Dominus
441 2546 664 2591 natura:
686 2579 700 2603 ,
734 2538 858 2593 fidei
891 2540 1044 2594 testis
1073 2538 1383 2596 adhibetur.
1417 2542 1557 2610 Quid
1588 2546 1751 2600 etiam

176 2632 270 2680 tres
296 2625 415 2683 libri
444 2628 788 2697 Salomonis,
822 2647 966 2687 unus
1007 2632 1075 2687 de
1113 2631 1448 2700 Proverbiis,
1474 2636 1612 2692 alius
1656 2639 1754 2692 Ec-

173 2718 452 2789 clesiastes,
470 2724 676 2779 tertius
704 2725 771 2779 de
792 2724 1028 2782 Canticis
1055 2726 1436 2795 Canticorum;
1469 2732 1570 2785 nisi
1600 2734 1752 2788 trinae

175 2806 315 2879 hujus
342 2816 645 2870 ostendunt
691 2818 848 2873 nobis
889 2817 1172 2887 sapientia:
1210 2831 1455 2875 sanctum
1499 2823 1748 2879 Salomo-

173 2917 277 2958 nem
316 2907 473 2963 fuisse
519 2909 829 2964 solertem?
867 2910 969 2977 Qui
1024 2922 1045 2949 ο
1093 2910 1162 2967 de
1200 2914 1655 2983 rationabilibus,
1696 2925 1751 2972 ct

171 2994 343 3050 ethicis
370 3000 421 3053 in
453 2998 775 3055 Proverbiis
802 3002 1056 3071 scripsit.
1100 3002 1167 3057 de
1200 3006 1534 3063 naturalibus
1564 3009 1615 3062 in
1652 3009 1751 3064 Ec-

172 3088 431 3159 clesiaste;
464 3093 601 3163 quia
648 3092 856 3150 Vanitas
886 3098 1210 3161 vanitatum,
1250 3108 1297 3151 et
1337 3102 1509 3155 omnia
1549 3104 1746 3157 vanitas

1864 1904 2050 1957 ncntia
2083 1913 2135 1957 et
2163 1903 2266 1959 fide
2298 1908 2512 1974 placere
2540 1907 2779 1975 debere,
2812 1911 2951 1965 sicut
2977 1912 3075 1985 ille
3103 1924 3327 1969 sanctus
3366 1915 3464 1972 Jo-

1860 2008 2031 2049 annes
2064 1997 2301 2067 Baptista
2333 1998 2418 2053 his
2457 2000 2521 2054 ad
2563 2002 3029 2060 immortalitatem
3071 2006 3329 2077 gradibus
3369 2022 3461 2064 as-

1862 2086 2043 2141 cendit
2066 2129 2079 2150 ,
2101 2092 2445 2144 'vestimento
2464 2133 2478 2154 ,
2512 2092 2635 2146 cibo
2654 2134 2670 2157 ,
2706 2093 2943 2148 nuntio?

1931 2177 1986 2233 4.
2020 2181 2090 2234 At
2122 2196 2251 2236 vero
2281 2193 2501 2238 sanctus
2530 2184 2706 2239 Lucas
2735 2186 2884 2240 velut
2914 2187 3204 2256 quemdam
3238 2188 3461 2245 histori-

1859 2286 1981 2327 cum
2001 2274 2247 2329 ordinem
2271 2277 2469 2343 tenuit,
2495 2288 2545 2332 et
2574 2278 2728 2349 plura
2755 2279 2908 2335 nobis
2934 2290 3214 2350 gestorum
3240 2282 3459 2339 Domini

1859 2367 2116 2423 miracula
2158 2371 2457 2426 revelavit:
2490 2372 2561 2426 ita
2615 2382 2794 2428 tamen
2847 2384 2906 2429 ttt
2952 2377 3134 2431 omnis
3180 2376 3460 2446 sapientim

1856 2462 2082 2517 virtutes
2140 2464 2412 2534 Evangelii
2471 2466 2630 2520 istius
2688 2468 3145 2536 complecteretur
3208 2468 3453 2523 historia.

1855 2554 1993 2622 Quid
2026 2556 2170 2611 enim
2211 2557 2614 2625 pratcellentius
2640 2558 2706 2612 ad
2739 2559 3062 2627 sapientiam
3108 2561 3411 2615 naturalem
3440 2601 3455 2625 .

1854 2662 2014 2718 quam
2047 2648 2187 2717 quod
2205 2648 2467 2717 Spiritum
2497 2662 2742 2704 sanctum
2757 2659 3059 2707 creatorem
3091 2652 3251 2707 etiam
3275 2652 3455 2707 Domi-

1855 2742 1991 2798 nicte
2021 2744 2412 2799 incarnationis
2443 2746 2717 2802 exsutisse
2748 2748 3013 2803 reseravit
3035 2748 3186 2823 (Luc.
3218 2765 3271 2817 ι,
3297 2752 3365 2805 35
3393 2750 3454 2819 )?

1858 2835 1877 2875 ί
1913 2838 2083 2894 Docet
2123 2854 2252 2909 ergo
2294 2842 2599 2908 naturalia,
2644 2842 2688 2897 si
2730 2852 2879 2897 creat
2917 2844 3162 2914 spiritus.
3206 2843 3362 2901 Unde
3403 2852 3458 2899 et

1852 2930 2019 2985 David
2045 2932 2247 2988 docens
2274 2934 2595 3000 sapientiam
2624 2937 2925 2991 naturalem
2952 2955 2963 2989 :
2994 2935 3214 3001 Emitte,
3245 2936 3413 3007 inquit
3434 2980 3449 3004 ,

1850 3024 2111 3094 Spiritum
2144 3036 2289 3079 tuum
2320 3037 2367 3081 et
2396 3027 2708 3082 creabantur
2736 3029 2754 3097 (
2781 3027 2928 3083 Psal.
2958 3044 3051 3083 cur
3070 3072 3083 3094 ,
3113 3028 3185 3084 20
3210 3028 3251 3099 ).
3284 3029 3449 3085 Docet

1854 3116 2078 3172 moralia
2110 3118 2163 3172 in
2195 3118 2387 3174 eodem
2422 3119 2595 3184 libro,
2627 3136 2751 3175 cum
2794 3136 2881 3176 me
2925 3121 2977 3175 in
3022 3121 3129 3175 illis
3167 3120 3452 3177 beatitudi-

172 3179 361 3251 (Eccles
408 3201 459 3253 t,
490 3185 563 3257 2)
589 3229 603 3252 ,
636 3203 755 3257 quae
786 3189 840 3243 in
874 3189 976 3245 hoc
1018 3190 1222 3245 mundo
1250 3203 1375 3247 sunt
1409 3197 1706 3250 conSIitnta
1729 3238 1743 3263 ,

1857 3210 2013 3265 nibus
2043 3210 2201 3267 docet
2232 3228 2409 3269 mores
2436 3233 2449 3269 :
2478 3214 2928 3285 quemadmodum
2959 3231 3143 3269 amare
3172 3214 3447 3271 inimicum

176 3269 387 3329 l’anitali
424 3280 568 3332 enim
601 3292 837 3335 creatura
867 3283 1100 3356 subjecta
1128 3298 1202 3337 est
1244 3283 1419 3356 (Rom.
1446 3302 1540 3341 vm
1561 3330 1573 3352 ,
1603 3289 1699 3359 ‘20)
1726 3306 1738 3343 :

170 3362 228 3419 de
240 3370 531 3425 moralibus
546 3382 751 3437 autem,
766 3383 819 3429 et
842 3375 1256 3430 rationabilihus
1276 3376 1328 3432 in
1346 3378 1587 3435 Cantieis
1600 3380 1743 3437 Can-

169 3456 414 3529 ticorum;
458 3478 532 3517 eo
571 3465 715 3534 quod
758 3481 880 3521 cum
927 3468 1124 3523 animat
1164 3480 1367 3525 nostra:
1396 3485 1549 3526 amor
1583 3472 1745 3529 Verbi

168 3553 382 3611 celestis
410 3557 743 3624 infunditur,
777 3572 832 3616 et
864 3562 1179 3619 rationabili
1211 3578 1365 3619 mens
1395 3575 1580 3621 sancta
1611 3583 1745 3638 qua-

169 3642 273 3702 dam
298 3652 563 3707 societate
590 3655 970 3719 connectitur;
1015 3655 1334 3713 admiranda
1366 3663 1623 3730 mysteria
1654 3677 1741 3717 re-

166 3739 408 3801 Velantur.

226 3832 275 3891 3.
306 3835 668 3910 Evangelistis
700 3856 918 3912 quoque
958 3858 1119 3913 quam
1164 3854 1322 3914 putas
1367 3846 1610 3906 defuisse
1648 3866 1739 3905 sa-

226 4004 249 4076 ξ
276 3997 417 4055 Hanc
443 3999 818 4076 Philosophia:
846 4003 1165 4060 divisionem
1196 4008 1358 4076 vulgo
1392 4008 1603 4067 Platoni
1634 4014 1733 4069 ad-

167 4067 424 4147 tributmt:
455 4087 569 4147 qua
593 4073 662 4127 de
678 4067 744 4128 re
772 4075 841 4147 ita
870 4084 1087 4147 sanctus
1115 4067 1446 4147 Augustinus
1467 4123 1481 4145 ,
1509 4084 1604 4137 lib.
1638 4067 1735 4142 vin

166 4137 223 4224 tle
240 4137 570 4224 pit'itat._i)ci
588 4185 603 4211 ,
629 4158 748 4212 cap.
772 4143 807 4197 4
830 4144 1029 4224 :_Pluto
1056 4185 1069 4199 .
1093 4188 1106 4201 .
1136 4188 1148 4200 .
1180 4137 1601 4224 .‘pltilosopl'tiam

166 4210 325 4287 fecisse
346 4214 595 4267 laudatur
618 4254 634 4280 ,
662 4210 814 4284 quam
842 4217 893 4271 in
922 4226 1023 4271 tres
1049 4210 1229 4287 partes
1247 4210 1505 4277 distribuit
1531 4242 1549 4279 :
1577 4210 1733 4283 unam

166 4284 387 4337 muralem
413 4300 534 4355 qua:
559 4288 779 4339 maxime
803 4288 856 4340 in
881 4284 1079 4342 actione
1099 4303 1328 4345 versatur
1352 4310 1369 4347 :
1396 4295 1612 4351 alteram
1640 4316 1734 4353 na-

166 4356 358 4429 turalem
379 4396 393 4419 ,
418 4371 538 4425 quae
563 4359 986 4423 contemplationi
1009 4360 1256 4429 deputata
1280 4373 1391 4417 est:
1418 4370 1619 4421 tertiam
1642 4388 1725 4424 ra-

164 4422 380 4503 tionalem
407 4422 511 4495 qua
540 4442 714 4503 verum
740 4422 1125 4503 disterminatur
1164 4450 1195 4503 ᾳ
1236 4435 1391 4503 falso.
1435 4436 1582 4493 Idem
1627 4422 1733 4496 Ira-

164 4490 280 4571 dunt
301 4490 490 4571 Cicero
509 4537 526 4571 ,
558 4498 650 4571 lib.
684 4500 892 4571 uacua.
923 4513 1139 4571 quaest;
1172 4490 1350 4559 La'ert.
1383 4490 1445 4561 iu
1469 4490 1581 4563 vita
1611 4490 1733 4566 na-

166 4564 322 4649 mnis;
362 4568 559 4649 liuseb.
612 4570 680 4649 de
716 4564 957 4649 Prchar'.
1000 4564 1206 4649 Evang.
1242 4576 1359 4649 lib.
1396 4594 1478 4644 χι,
1512 4564 1631 4649 cap.
1660 4564 1727 4647 ἒς

164 4627 464 4727 flutat-clins
502 4649 558 4694 et
586 4641 698 4727 alii.
741 4627 1207 4727 Sulnttamenq‘tii
1242 4627 1644 4727 Philosophiam
1760 4670 1815 4727 ι)

163 4700 259 4778 duo
286 4717 487 4764 tantum
518 4712 762 4766 membra
793 4700 1151 4778 distribuant:
1191 4700 1492 4774 naturalem
1505 4700 1728 4778 'Hé'iitb'l

163 4774 345 4860 ralem,
372 4782 514 4860 quod
546 4797 657 4837 non
697 4783 954 4860 abhorret
992 4787 1063 4839 ab
1085 4774 1390 4860 Augustini
1430 4774 1733 4860 sententia,

164 4842 406 4933 ubiloco
440 4854 620 4933 citato
668 4853 952 4933 subjungit
997 4842 1320 4933 rationalem
1378 4842 1739 4933 phiidgiipiiié

164 4925 350 5003 partem
398 4923 633 5003 utrique,
679 4923 735 4979 id
785 4923 892 4993 est,
941 4927 1141 4982 actioni
1191 4938 1246 4983 et
1293 4923 1738 5003 contemplationi

161 4992 523 5047 necessariam.

224 5056 251 5094 δ
276 5062 417 5131 gilius
438 5064 788 5129 abundantia,
808 5066 954 5123 addit
975 5067 1105 5123 edit.
1133 5069 1290 5123 Rom.
1314 5086 1405 5125 seu
1427 5072 1735 5131 latitudinis.

227 5138 257 5208 °_
274 5130 397 5187 Mss.
425 5133 586 5191 Garri.
611 5145 668 5191 et
689 5137 881 5204 Taur.,
906 5141 969 5194 de
994 5142 1292 5206 moralibus,
1319 5143 1372 5196 id
1401 5153 1495 5208 est,
1523 5130 1723 5201 ethicis».

162 5194 258 5253 Sed
285 5215 637 5279 przcterquam
663 5209 805 5278 quod
836 5194 923 5264 hic
963 5227 1068 5265 nou
1110 5194 1727 5279 obscurum—,wsed—Ela;

163 5280 269 5348 [um
287 5275 646 5344 explicaretur
674 5275 770 5348 per
785 5279 1088 5347 obscurius,
1115 5290 1171 5338 et
1187 5282 1294 5337 duo
1314 5283 1367 5338 bi
1391 5275 1516 5340 cod.
1536 5303 1727 5342 recen-

163 5343 315 5427 ﬂores
335 5343 488 5412 sunt,
513 5343 758 5427 quam‘ut
781 5350 1008 5427 aliorum
1036 5343 1090 5427 et
1117 5354 1248 5409 edit.
1277 5358 1565 5427 consensui
1591 5375 1728 5427 prte-

160 5403 417 5497 {eranturz
458 5403 763 5497 communis
802 5403 1734 5497 tetiiagiiénif'ébiitiitiiiii'bliiést

161 5475 239 5562 llis
262 5485 435 5562 verbis
456 5504 485 5543 e
513 5490 657 5544 Prol.
688 5475 875 5560 expos.
899 5475 958 5549 in
986 5475 1364 5562 nisi."c£iﬁi',
1476 5499 1509 5552 ὅ
1533 5475 1729 5555 :rEtviin

164 5546 437 5636 Proverbiis
461 5562 673 5630 mystica
683 5634 689 5636 _
699 5546 1223 5636 pleraquereperias.~
1478 5546 1728 5625 hin—6n}:

161 5632 252 5704 1th:
276 5628 403 5704 edit.
435 5628 553 5704 eum
583 5628 774 5704 majori
805 5628 956 5704 parte
989 5628 1119 5690 mss.
1154 5638 1218 5691 de
1246 5638 1525 5692 moralibus
1555 5651 1726 5697 autem

162 5698 593 5777 rationalibus.
621 5698 748 5777 sive
778 5698 837 5777 ut
876 5705 1080 5761 habent
1110 5709 1356 5777 plerique
1397 5724 1527 5765 mss.
1560 5722 1605 5764 et
1635 5730 1721 5767 ra-

160 5767 470 5825 tionabilibus
488 5787 507 5825 ~:
522 5771 658 5828 Cod.
673 5771 838 5830 Corb.
852 5786 906 5832 et
931 5777 1021 5831 alii
1045 5767 1252 5847 septem
1268 5767 1720 5853 'pro,~moralibus,

1851 3302 2075 3359 debeam
2109 3304 2282 3374 (Luc.
2316 3323 2397 3372 v1;
2428 3308 2497 3361 27
2528 3318 2577 3363 et
2603 3324 2709 3376 seq.
2741 3312 2758 3377 )
2786 3329 2799 3363 :
2841 3308 3299 3379 quemadmodum
3340 3324 3446 3364 non

1850 3396 2108 3464 referire,
2139 3408 2192 3453 et
2222 3415 2328 3454 non
2362 3412 2710 3471 repercutere
2741 3402 3156 3457 verberantem:
3190 3402 3449 3472 quemad-

1847 3490 2067 3545 modum
2092 3492 2440 3557 benefacere.
2469 3504 2716 3550 mutuum
2748 3495 2879 3550 dare
2909 3510 3031 3550 cum
3062 3495 3447 3566 desperatione

1844 3586 2312 3652 recuperationis,
2360 3595 2454 3639 aut
2500 3587 2961 3641 remunerationis
3020 3595 3076 3640 et
3151 3588 3444 3644 mercedis.

1844 3672 2052 3730 Merces
2082 3677 2223 3731 enim
2256 3677 2470 3733 facilius
2488 3679 2732 3749 sequitur
2749 3695 2856 3734 non
2874 3688 3300 3748 exspectantem.
3337 3680 3445 3735 Do-

1842 3767 1953 3822 cuit
1983 3770 2147 3825 etiam
2182 3772 2524 3827 rationabilia
2549 3815 2562 3837 ,
2593 3789 2715 3827 cum
2759 3774 2908 3842 lego,
2949 3774 3203 3842 quoniam
3251 3773 3352 3839 Qui
3383 3776 3449 3842 ﬁ-

1846 3860 1975 3916 delis
2002 3874 2076 3919 est
2105 3864 2159 3919 in
2188 3866 2432 3934 minimo,
2465 3867 2620 3921 etiam
2651 3866 2701 3920 in
2733 3869 2933 3939 majore
2974 3866 3141 3932 ﬁdelis
3184 3877 3259 3920 est
3290 3867 3442 3939 (Luc.

1846 4021 2066 4092 legunt,
2100 4025 2434 4080 mirabilibus.
2472 4026 2665 4082 Verum
2698 4029 2799 4081 etsi
2832 4028 3081 4082 videatur
3123 4026 3274 4083 hisce
3305 4042 3438 4083 mss.

1846 4092 2062 4160 favere,
2114 4099 2255 4164 quod
2308 4100 2536 4167 legimus
2583 4099 2636 4152 in
2671 4099 2775 4153 linc
2827 4099 3072 4167 periodi,
3125 4098 3439 4155 admiranda

1844 4168 2086 4238 mysteria
2117 4169 2449 4235 revelantur;
2478 4178 2657 4224 tamen
2703 4182 2974 4238 receptam
3015 4171 3301 4225 lectionem
3340 4170 3437 4225 de-

1842 4233 2012 4310 fendit
2041 4238 2172 4310 illud
2206 4255 2271 4292 ex
2303 4233 2493 4295 eodem
2530 4241 2650 4296 loco
2681 4233 2997 4295 memorate
3028 4256 3219 4310 expos.
3246 4282 3259 4303 ,
3300 4240 3439 4296 Hoc-

1841 4321 1937 4375 que
1974 4308 2025 4361 in
2065 4306 2292 4364 Canticis
2324 4312 2459 4365 lucet
2488 4321 2592 4365 tam
2623 4314 2932 4383 mysticum,
2963 4306 3117 4383 quam
3147 4314 3366 4368 morale.

1911 4396 1937 4433 ά
1974 4398 2115 4452 Etlit.
2150 4408 2209 4473 et
2235 4416 2369 4473 mss.
2399 4403 2698 4471 aliquot,in
2725 4403 2858 4457 libro
2890 4402 3163 4473 Evangelii
3188 4404 3275 4471 qui
3311 4404 3438 4473 scri-

1839 4468 1978 4521 bitur
2016 4470 2301 4544 secundum
2338 4468 2614 4527 Joannem.
2660 4475 2822 4544 (ἴοι-Ι).
2852 4484 3014 4544 atque
3041 4468 3145 4527 'alii
3193 4468 3437 4527 melioris

1841 4548 1983 4594 uota:
2004 4581 2018 4603 ,
2052 4542 2104 4595 in
2135 4541 2268 4595 libro
2297 4544 2625 4613 evangelista!
2648 4542 2892 4598 Joannis.

1913 4642 1937 4669 θ
1968 4632 2169 4688 Omnes
2191 4634 2323 4689 edit.
2348 4651 2411 4689 ac
2435 4652 2566 4689 mss.
2591 4637 2818 4703 aliquot,
2842 4635 3140 4690 admirabili
3167 4636 3431 4704 copulata.

1840 4702 2033 4758 Plures
2061 4714 2117 4758 et
2146 4706 2419 4774 potiores,
2464 4702 2727 4774 copulato.
2772 4707 2841 4761 Et
2880 4718 3030 4761 certe
3070 4707 3205 4761 nihil
3232 4702 3390 4760 'vetat
3416 4749 3433 4771 ,

1840 4776 1969 4842 qttin
2009 4784 2068 4828 ut
2106 4775 2303 4830 dicitur
2340 4786 2521 4841 actus,
2563 4785 2619 4832 et
2654 4788 2868 4843 actum;
2911 4778 2981 4831 ita
3021 4777 3182 4832 etiam
3222 4777 3434 4833 dicatur

1840 4845 2121 4917 copulatus
2165 4856 2211 4899 et
2259 4847 2575 4917 copulatum.
2631 4847 2838 4903 llursus
2887 4848 3019 4903 edit.
3074 4847 3232 4901 Rom.
3284 4864 3433 4916 quem

1838 4927 2047 4970 sanctus
2073 4916 2283 4972 Marcus
2304 4916 2328 4983 ;⁷
2371 4929 2425 4971 al
2473 4919 2602 4973 edit.
2654 4930 2760 4973 vet.
2812 4929 2866 4974 et
2909 4934 3069 4983 niss.,
3101 4935 3255 4987 quam
3296 4920 3434 4987 quod

1839 4998 2056 5071 sanctus
2081 4987 2311 5070 Marcus.
2344 4990 2474 5071 Quae
2504 4990 2677 5071 .verha
2717 4990 3264 5071 non_iucommo_dt_tm
3303 5005 3428 5071 sett-

1841 5072 1960 5130 sum
2000 5058 2271 5125 efllcient,
2306 5061 2467 5114 modo
2504 5061 2879 5130 interpreteris
2909 5060 3285 5115 rationabilem
3315 5061 3434 5129 qui-

1839 5128 1964 5183 dem
1992 5144 2113 5183 esse
2141 5131 2286 5184 illum
2309 5128 2758 5200 copulatum,'sed
2781 5133 2957 5185 adhuc
2982 5128 3354 5187 rationabilius
3377 5131 3428 5185 id

1837 5213 1991 5264 esse,
2028 5201 2167 5268 quod
2198 5200 2350 5256 illum
2390 5202 2569 5256 statim
2603 5203 2757 5258 initio
2786 5202 3001 5257 duxerit
3029 5201 3425 5257 collocandum.

1915 5287 1933 5326 ί
1968 5289 2109 5344 Edit.
2142 5289 2297 5345 Rom.
2336 5293 2451 5347 haec
2481 5293 2743 5364 reiecerat
2778 5304 2897 5363 post
2933 5295 3136 5357 verba,
3184 5293 3245 5347 Et
3284 5309 3429 5364 crea-

1836 5360 2046 5425 buntur,
2077 5371 2265 5415 contra
2295 5373 2405 5417 vet.
2435 5360 2572 5421 edit.
2596 5376 2651 5420 et
2678 5360 2809 5418 mss.
2839 5367 3078 5418 omnium
3110 5365 3290 5420 fidem.
3320 5363 3425 5418 Sed

1835 5432 2034 5506 necad
2064 5431 2171 5487 hoc
2203 5434 2311 5506 ulla
2340 5436 2568 5504 cogebat
2608 5435 2938 5497 necessitas.
2988 5451 3113 5489 cum
3157 5437 3227 5490 sit
3267 5452 3429 5506 supc-

1834 5501 1997 5556 rioris
2027 5505 2334 5571 sententia},
2366 5501 2518 5578 quam
2546 5507 2683 5576 quod
2724 5508 2977 5578 Spiritum
3016 5516 3249 5578 sanctum
3283 5501 3427 5578 crea-

1832 5581 2031 5648 tcrem,
2064 5583 2197 5640 ctc.,
2230 5577 2507 5630 conclusio
2530 5575 2733 5648 {cujus
2765 5575 2999 5646 sequens
3033 5578 3157 5632 illa:
3204 5575 3354 5632 Unde
3382 5587 3429 5630 et

1834 5642 2020 5708 llavid,
2057 5649 2555 5708 etc.,conllrmatio
2586 5642 2689 5704 est.
2720 5642 2991 5703 (lactei-nm
3026 5657 3136 5703 tres
3167 5663 3298 5703 mss.
3333 5648 3430 5703 sed

1831 5715 1929 5768 :evi
1971 5717 2292 5790 recentioris
2334 5732 2462 5789 pro,
2500 5720 2547 5774 si
2582 5732 2723 5775 creat
2766 5720 2993 5790 Spiritus
3019 5760 3035 5783 .
3080 5718 3316 5786 habent,
3345 5736 3426 5775 sc-

1827 5794 1967 5839 creta
1991 5785 2244 5857 Spiritus.
