3948 6316
484 333 614 387 1⁸31

1857 323 2103 382 SANCTI
2139 321 2465 381 ASIBROSII

3639 321 3770 378 esse

479 465 604 514 xvr,
640 444 767 517 10).
803 445 942 515 Quid
975 445 1150 500 adhuc
1187 444 1256 500 de
1296 443 1636 499 naturalibus
1674 441 1852 500 dicam
1875 486 1890 510 ,
1931 443 2074 513 quod
2100 445 2154 507 Α
2181 443 2421 499 membra
2477 439 2732 512 perfusus
2759 481 2773 506 ,
2828 439 3089 510 suscipiat
3139 437 3438 494 certamina
3491 438 3729 494 veritatis
3753 481 3766 505 ,

481 538 668 594 docuit
695 539 922 594 virtutes
953 537 1214 592 ctelorum
1243 535 1450 590 moveri
1480 533 1633 607 (Luc.
1667 549 1754 590 χιι
1777 576 1790 601 ,
1813 533 1908 606 26)
1930 575 1946 601 ,
1976 535 2082 590 Do-

480 633 688 686 minum
717 631 894 685 solum
922 643 1048 684 esse
1078 627 1419 699 unigenitum
1450 627 1546 682 Del
1579 626 1778 681 Filium
1799 668 1814 694 ,
1843 626 1896 680 in
1926 625 2080 695 cujus

483 723 734 793 passione
766 719 1007 776 tenebrae
1038 735 1137 790 per
1163 719 1308 774 diem
1339 717 1494 774 factm
1523 725 1677 784 sunt,
1716 728 1858 774 terra
1889 718 2082 773 obscu-

483 823 598 870 rata
628 822 740 879 est,
775 811 857 867 sol
888 811 1086 883 refugit
1119 809 1271 884 (Luc.
1302 825 1464 879 xxtu,
1501 808 1642 880 ΗΠ

553 907 604 963 5.
642 909 786 980 Ergo
805 923 1024 963 omnem
1043 922 1205 978 quem
1235 906 1505 961 mundana
1525 904 1628 960 sibi
1644 903 1929 975 prudentia
1946 903 2082 958 falso

483 1002 723 1058 vindicat
752 1001 1116 1072 principatum
1139 1045 1154 1069 ,
1190 1000 1454 1071 sapientia
1486 1013 1615 1054 vere
1643 998 1887 1068 possidet
1915 997 2081 1067 spiri-

491 1097 616 1154 talis
643 1117 655 1154 :
686 1099 993 1171 praesertim
1045 1111 1167 1152 cum
1189 1139 1204 1164 ,
1237 1095 1498 1151 audacius
1528 1103 1587 1148 ut
1615 1092 1816 1164 aliqt'tid
1855 1107 2085 1162 usurpe-

486 1205 638 1258 mus,
672 1191 789 1260 ipsa
820 1189 956 1245 lides
987 1198 1174 1244 nostra
1195 1230 1211 1255 ,
1247 1191 1420 1258 ipsum
1452 1185 1768 1258 mysterium
1798 1183 2083 1240 Trinitatis

485 1285 604 1342 sine
634 1282 737 1338 hac
770 1282 971 1354 triplici
1002 1279 1266 1352 sapientia
1299 1295 1420 1334 esse
1447 1295 1552 1332 non
1587 1277 1798 1346 possit;
1833 1277 1933 1331 nisi
1965 1292 2085 1330 cre-

484 1376 679 1430 damus
726 1384 751 1412 ι
799 1385 854 1429 et
904 1373 1058 1428 illum
1109 1372 1429 1428 naturaliter
1487 1371 1738 1438 Patrem,
1785 1369 1874 1439 qui
1927 1368 2084 1425 nobis

485 1469 672 1540 genuit
701 1468 1125 1538 Redemptorem
1151 1483 1164 1519 :
1195 1475 1249 1522 et
1275 1466 1425 1520 illum
1453 1464 1691 1520 ethicum
1726 1463 1923 1518 Filium
1944 1505 1959 1529 ,
1991 1464 2085 1534 qui

487 1560 632 1616 Patri
674 1575 845 1630 usque
887 1557 956 1613 ad
1003 1566 1233 1614 mortem
1285 1556 1582 1612 secundum
1631 1555 1904 1610 hominem
1956 1555 2088 1610 obe-

487 1651 676 1718 diens,
722 1666 822 1706 nos
865 1649 1100 1706 redemit
1133 1669 1150 1705 :
1178 1650 1242 1704 'ct
1288 1649 1440 1705 illum
1483 1647 1864 1703 rationabilem
1908 1645 2086 1715 Spiri-

491 1755 624 1811 tum,
658 1746 748 1814 qui
777 1743 1048 1800 rationem
1093 1743 1338 1799 colendae
1384 1741 1681 1796 divinitatis
1703 1783 1717 1808 ,
1756 1750 1810 1796 et
1840 1739 1963 1794 vitae
1995 1754 2088 1793 re-

2182 535 2321 590 haud
2349 534 2511 590 dubie
2541 543 2800 604 perpetua
2834 533 3230 603 promerebitur
3267 542 3600 587 sacratorum
3633 548 3770 603 pra:-

2183 631 2288 685 mia
2344 644 2691 685 coronarum.
2747 627 3025 682 Bonorum
3083 627 3225 680 enim
3283 626 3530 684 laborum
3584 627 3771 684 nobilis

2183 721 2389 777 fructus
2439 731 2560 776 est:
2613 729 2668 776 et
2719 728 2922 791 quanto
2978 720 3128 788 plura
3185 719 3523 784 certamina,
3553 715 3583 756 δ
3629 728 3772 774 tanto

2185 817 2582 889 prmcellentior
2611 830 2813 872 corona
2843 816 3127 870 virtutum.

2254 913 2307 966 7.
2343 909 2448 966 Sed
2477 910 2541 965 ad
2576 909 2909 979 propositum
2940 916 3302 963 revertamur.
3337 905 3606 961 Historico
3633 905 3772 961 enim

2186 1004 2325 1078 styio
2351 1003 2585 1058 diximus
2614 1002 2759 1056 hunc
2791 1001 3073 1071 Evangelii
3106 999 3297 1054 librum
3331 1013 3454 1054 esse
3482 998 3771 1070 digestum.

2191 1098 2427 1167 Denique
2444 1093 2821 1152 describendis
2841 1095 3008 1163 magis
3025 1091 3208 1157 rebus,
3230 1107 3392 1162 quam
3417 1089 3776 1161 exprimendis

2187 1189 2491 1263 prmceptis,
2511 1189 2749 1244 studium
2775 1187 2997 1242 uberius
3018 1184 3427 1255 comparatione
3451 1182 3678 1237 aliorum
3704 1181 3778 1238 vi-

2187 1287 2380 1342 demus
2403 1285 2730 1353 impensum.
2753 1283 2818 1336 Et
2847 1279 2962 1350 ipse
2984 1276 3324 1348 Evangelista
3350 1275 3612 1330 historico
3633 1289 3778 1332 more

2187 1393 2217 1431 a
2245 1377 2556 1432 narratione
2581 1378 2810 1445 sumpsit
2838 1372 3118 1428 exordium
3145 1387 3158 1423 :
3182 1369 3330 1435 Fuit,
3364 1369 3554 1438 inquit,
3585 1368 3644 1422 in
3670 1368 3777 1421 die-

2189 1471 2281 1526 bus
2314 1469 2538 1524 Herodis
2565 1468 2697 1540 regis
2722 1466 2924 1520 Judwaa
2951 1462 3190 1518 sacerdos
3215 1461 3426 1531 quidam
3453 1461 3658 1514 nomine
3682 1458 3780 1514 Za-

2189 1561 2393 1616 charias
2426 1557 2598 1633 (Luc.
2631 1575 2682 1622 l,
2709 1555 2815 1628 5),
2847 1571 3072 1627 eamque
3106 1553 3385 1608 historiam
3421 1551 3580 1622 plena
3612 1551 3781 1622 diges-

2190 1655 2336 1708 tione
2366 1653 2726 1722 persequitur.
2761 1649 2915 1704 Unde
2943 1648 3105 1703 etiam
3138 1646 3174 1702 ii
3203 1647 3292 1717 qui
3325 1654 3557 1716 quatuor
3583 1645 3779 1698 anima-

2193 1745 2323 1799 lium
2357 1747 2556 1800 formas
2599 1759 2718 1812 quae
2761 1742 2815 1796 in
2857 1739 3184 1811 Apocalypsi
3224 1739 3537 1794 revelantur
3581 1736 3778 1810 (Apoc.

486 1829 707 1900 gendze,
769 1830 1023 1884 humanis
1088 1829 1399 1899 pectoribus
1476 1825 1692 1880 infudit.
1761 1824 1872 1880 Nec
1937 1825 2088 1895 quis-

2204 1853 2271 1902 ιν,
2303 1837 2408 1908 7),
2439 1845 2672 1906 quatuor
2703 1834 2983 1906 Evangelii
3015 1833 3186 1888 libros
3230 1831 3614 1903 intelligendos
3643 1830 3780 1884 arbi-

491 1936 651 1994 quam
680 1930 830 1992 putet
851 1937 950 1978 nos
976 1921 1262 1992 potestatis
1286 1929 1381 1974 aut
1409 1919 1626 1975 virtutis
1664 1918 1858 1976 iecisse
1882 1917 2089 1973 distan-

497 2014 663 2080 tiam,
695 2029 817 2069 cum
859 2014 974 2068 haec
1013 2012 1284 2067 calumnia
1321 2011 1484 2066 etiam
1526 2009 1749 2064 Paulum
1791 2009 1961 2079 possit
2000 2009 2088 2064 in-

497 2119 732 2160 cessere.
763 2104 948 2174 Neque
973 2103 1118 2159 enim
1149 2102 1458 2157 distantiam
1488 2101 1614 2157 fecit
1641 2100 1752 2168 ille,
1777 2101 1898 2156 cu'm
1929 2101 2086 2168 dixit,

497 2200 783 2254 Divisiones
822 2199 1108 2270 gratiarum
1143 2205 1293 2260 sunt,
1330 2195 1467 2248 idem
1503 2203 1676 2249 autem
1717 2194 1992 2266 Spiritus:
2044 2202 2092 2248 et

494 2293 770 2348 divisiones
796 2291 1200 2346 ministeriorum
1240 2298 1395 2356 sunt,
1425 2289 1559 2344 idem
1589 2297 1758 2341 autent
1789 2285 2048 2341 Dominus
2071 2301 2091 2341 :

490 2396 541 2441 et
569 2387 847 2441 divisiones
873 2385 1228 2454 operationum
1255 2394 1372 2438 sunt
1395 2425 1408 2446 ,
1436 2380 1576 2437 idem
1605 2391 1776 2435 autem
1809 2380 1971 2446 Deus,
2005 2382 2093 2447 qui

494 2489 735 2552 aperatur
765 2480 936 2533 omnia
960 2479 1014 2531 in
1044 2477 1281 2531 omnibus
1313 2477 1329 2546 (
1354 2475 1375 2531 l
1399 2474 1518 2530 Cor.
1549 2490 1660 2540 xu,
1690 2474 1792 2528 4-6
1817 2473 1853 2543 ).
1886 2471 2092 2542 Opera-

493 2581 586 2626 tur
611 2573 755 2627 enim
785 2570 968 2626 omnia
991 2612 1005 2635 ,
1041 2578 1095 2625 et
1124 2570 1176 2624 in
1207 2569 1458 2624 omnibus
1499 2568 1668 2622 Filius
1691 2609 1704 2632 ,
1742 2570 1882 2622 sicut
1923 2567 2092 2622 habes

495 2667 621 2722 alibi
640 2709 652 2730 ,
684 2667 805 2736 quia
837 2665 1027 2720 Omnia
1056 2674 1102 2720 et
1132 2665 1183 2718 in
1214 2663 1451 2718 omnibus
1477 2661 1715 2716 Christus
1745 2660 1966 2728 (Coloss.
1995 2676 2053 2715 ut
2074 2703 2090 2725 ,

499 2759 556 2814 il
590 2759 628 2830 ).
662 2758 932 2828 Operatur
960 2766 1016 2812 et
1041 2757 1276 2826 Spiritus
1307 2763 1528 2809 sanctus
1549 2798 1563 2821 ,
1597 2754 1724 2824 quia
1757 2753 1945 2807 Omnia
1973 2767 2097 2824 ope-

497 2859 646 2903 ratur
667 2863 800 2904 unus
827 2858 978 2918 atque
998 2848 1136 2902 idem
1162 2847 1417 2919 Spiritus,
1442 2846 1676 2900 dividens
1698 2846 1920 2917 singulis
1941 2853 2095 2916 prout

498 2943 604 2997 vult
638 2941 679 3011 (1
705 2941 827 2996 Cor.
855 2957 966 3005 xu,
997 2941 1110 3009 li).
1143 2940 1294 2995 Nulla
1324 2954 1455 3010 ergo
1485 2939 1858 3009 operationum
1890 2939 2097 2993 distan-

503 3035 576 3089 tia
601 3075 616 3100 ,
652 3033 798 3089 nulla
826 3032 1086 3088 discretio
1113 3040 1234 3096 est,
1266 3030 1359 3085 ubi
1389 3031 1470 3085 vel
1505 3030 1557 3084 in
1587 3030 1775 3095 Patre,
1810 3030 1894 3084 vel
1925 3029 1977 3082 in
2009 3028 2098 3083 Fi-

500 3129 607 3192 lio,
644 3129 728 3183 vel
763 3128 814 3182 in
848 3125 1055 3196 Spiritu
1086 3133 1310 3192 sancto,
1355 3123 1489 3179 nulli
1533 3120 1771 3178 secunda
1814 3121 2097 3192 plenitudo

499 3221 715 3277 virtutis
744 3230 847 3276 est.

572 3313 625 3368 6.
669 3313 798 3369 Hiec
836 3314 1000 3383 igitur
1025 3328 1150 3369 cum
1183 3311 1434 3381 legimus,
1465 3309 1756 3380 diligenter
1782 3309 2098 3364 considere-

504 3421 648 3470 mus,
691 3416 747 3460 ιιι
776 3407 830 3460 in
863 3406 994 3474 ipsis
1033 3407 1167 3462 locis
1195 3405 1352 3460 nobis
1399 3405 1607 3474 possint
1651 3403 1844 3458 melius
1885 3404 2101 3476 12“

502 3496 738 3552 elucere.
767 3497 868 3564 Qui
885 3499 1030 3552 enim
1049 3498 1252 3567 quierit,
1277 3498 1495 3551 inveniet
1513 3513 1532 3551 :
1546 3505 1593 3550 et
1611 3496 1700 3564 qui
1718 3497 1886 3565 pulsat
1908 3499 2100 3565 aperia-

502 3590 644 3643 ικνεὶ
672 3589 690 3658 (
718 3588 909 3645 Matth.
946 3605 1051 3657 vu,
1079 3589 1174 3660 8).
1209 3589 1397 3658 Aperit
1425 3589 1527 3643 sibi
1557 3587 1834 3657 diligentia
1871 3587 2097 3655 januam

503 3682 788 3748 veritatis,
840 3691 896 3736 et
978 3681 1102 3736 ideo
1155 3679 1442 3751 praaceptis
1520 3678 1836 3734 cmlestibus
1899 3694 2098 3748 pares-

507 3789 646 3828 mus.
701 3773 886 3844 Neque
933 3776 1077 3829 enim
1130 3772 1305 3828 Otiose
1333 3773 1534 3828 dictum
1563 3783 1642 3826 est
1677 3773 1921 3838 homini,
1954 3771 2098 3841 quod

505 3867 636 3922 nulli
670 3868 897 3922 aliorum
930 3867 1283 3922 animantium
1309 3886 1323 3919 :
1356 3865 1421 3920 In
1446 3867 1632 3921 sudore
1657 3867 1828 3920 vultus
1854 3866 1928 3918 tui
1955 3881 2101 3918 man-

501 3960 715 4014 ducabis
745 3976 928 4031 panem
954 3969 1098 4013 tuum
1131 3957 1295 4030 (Gen.
1329 3975 1415 4024 tu,
1446 3959 1558 4030 l9).
1594 3959 1688 4012 llis
1719 3958 1862 4013 enim
1893 3949 2102 4012 anima-

504 4052 647 4107 libus
675 4067 792 4122 quze
827 4063 1017 4106 natura
1047 4052 1437 4106 irrationabilia
1464 4061 1622 4119 sunt,
1648 4051 1803 4122 jussu
1834 4051 1928 4105 Dei
1960 4061 2102 4107 terra

508 4143 761 4212 pabulum
795 4142 1102 4197 ministrare
1134 4151 1404 4212 prmeepta
1431 4153 1551 4198 est:
1580 4145 1680 4198 soli
1713 4153 1892 4199 autem
1927 4142 2101 4198 horni-

510 4235 562 4289 ni
583 4273 600 4300 ,
628 4244 687 4288 ut
714 4233 1034 4288 rationabile
1060 4233 1201 4303 quod
1231 4235 1476 4304 accepit,
1506 4244 1794 4299 exerceat,
1827 4235 1953 4288 vitae
1982 4250 2105 4288 cur-

509 4342 604 4382 sus
634 4327 689 4382 in
709 4327 895 4382 labore
926 4327 1315 4397 praescribitur.
1335 4326 1435 4394 Qui
1459 4327 1605 4382 enim
1632 4341 1738 4380 non
1765 4335 1847 4381 est
1878 4338 2110 4382 conten-

509 4431 595 4477 tus
624 4422 935 4477 animalium
966 4421 1165 4492 pabulo
1193 4431 1514 4476 caeterorum
1537 4463 1551 4486 ,
1585 4421 1669 4476 cui
1710 4435 1816 4475 non
1849 4421 1980 4476 satis
2021 4430 2108 4476 est

509 4515 710 4584 lignum
753 4513 1091 4571 l‘ructil‘erum
1132 4514 1186 4569 in
1217 4529 1506 4570 commune
1536 4513 1792 4569 omnibus
1817 4513 1885 4568 ad
1923 4528 2103 4569 escam

2195 1930 2318 1983 trati
2347 1938 2507 1993 sunt,
2539 1927 2682 1982 hunc
2708 1926 2902 1982 librum
2931 1925 3122 1980 volunt
3147 1924 3294 1978 vituli
3322 1925 3505 1994 specie
3533 1921 3778 1994 (igurari;

2194 2023 2392 2079 vitulus
2432 2023 2575 2079 enim
2615 2019 2969 2077 sacerdotalis
2998 2027 3082 2075 est
3113 2018 3351 2072 victima.
3389 2016 3458 2072 Et
3484 2017 3625 2072 bene
3653 2030 3781 2070 con-

2192 2116 2334 2186 gruit
2363 2114 2531 2169 vitulo
2561 2113 2648 2168 hic
2678 2111 2958 2182 Evangelii
2991 2109 3152 2176 liber,
3186 2109 3307 2179 quia
3353 2124 3382 2164 a
3413 2105 3782 2162 sacerdotibus

2196 2206 2494 2270 inchoavit,
2514 2215 2570 2260 et
2593 2202 3064 2270 consummavitin
3083 2200 3277 2266 vitulo,
3298 2200 3387 2270 qui
3402 2201 3643 2254 omnium
3665 2213 3780 2268 pec-

2195 2313 2313 2354 eata
2338 2297 2664 2368 suscipiens,
2693 2296 2970 2367 prototius
2998 2293 3184 2348 mundi
3213 2294 3318 2346 vita
3335 2291 3778 2353 cstimmolatus;

2195 2391 2554 2448 sacerdotalis
2578 2391 2720 2444 enim
2751 2399 2835 2444 est
2860 2390 2951 2443 ille
2980 2386 3202 2442 vitulus.
3238 2385 3384 2440 Idem
3409 2384 3613 2453 quippe
3633 2394 3685 2439 et
3711 2383 3782 2436 vi-

2197 2486 2340 2540 tulus
2391 2494 2445 2539 et
2491 2483 2780 2537 sacerdos:
2826 2481 3118 2542 sacerdos,
3167 2479 3290 2549 quia
3343 2477 3665 2546 propitiator
3707 2482 3782 2529 est

2197 2588 2424 2642 noster;
2459 2576 2778 2632 advocatum
2811 2574 2953 2629 enim
2987 2573 3160 2642 ipsqu
3204 2570 3466 2625 habemus
3506 2567 3649 2639 apud
3686 2568 3779 2622 Pa-

2200 2681 2335 2726 trem
2367 2689 2381 2724 :
2407 2670 2632 2735 vitulus,
2661 2668 2780 2738 quia
2811 2683 2908 2722 suo
2937 2667 3198 2736 sanguine
3227 2679 3325 2718 nos
3351 2661 3531 2723 diluit,
3563 2672 3615 2717 et
3642 2659 3783 2716 rede-

2198 2765 2316 2819 mit.
2367 2762 2435 2818 Et
2467 2763 2604 2817 bene
2647 2760 2876 2826 accidit,
2911 2768 2967 2813 ut
2994 2757 3252 2829 quoniam
3286 2753 3567 2822 Evangelii
3604 2753 3786 2808 librum

2198 2857 2494 2912 secundmn
2527 2855 2836 2910 Matthtenm
2865 2852 3098 2908 diximus
3129 2865 3249 2906 esse
3281 2847 3542 2903 moralem
3566 2889 3578 2913 ,
3613 2845 3785 2916 opinio

2201 2948 2571 3019 hujuscemodi
2598 2964 2702 3002 non
2731 2945 3272 3016 prmtermitteretur;
3303 2955 3481 2997 mores
3504 2939 3650 2996 enim
3678 2952 3788 3010 pro-

2203 3049 2317 3119 prie
2339 3045 2594 3100 dicuntur
2623 3043 2864 3098 humani.

2271 3139 2325 3194 8.
2349 3137 2600 3205 Plerique
2625 3145 2802 3189 tamen
2831 3141 3020 3203 putant
3042 3133 3215 3203 ipsum
3242 3129 3528 3185 Dominum
3555 3134 3786 3181 nostrum

2126 3226 2170 3289 C
2205 3233 2258 3286 in
2289 3227 2996 3301 quatuorlﬂvangeliilibris,
3015 3236 3248 3294 quatuor
3275 3222 3464 3279 formis
3480 3221 3788 3277 animalium

2203 3323 2416 3392 iigurari
2437 3364 2451 3386 ,
2485 3319 2627 3390 quod
2659 3319 2802 3375 idem
2837 3320 3029 3382 homo,
3062 3318 3202 3373 idem
3233 3316 3320 3372 leo
3342 3359 3356 3381 ,
3389 3315 3534 3370 idem
3563 3313 3787 3379 vitulus,

2204 3416 2344 3469 idem
2377 3414 2552 3484 aquila
2584 3427 2705 3467 esse
2734 3411 3141 3480 comprobatur.
3185 3409 3358 3463 Homo
3388 3408 3510 3478 quia
3546 3417 3700 3460 natus
3728 3418 3789 3457 ex

2205 3508 2368 3563 Maria
2397 3515 2479 3560 est
2509 3525 2521 3560 :
2553 3506 2670 3572 leo,
2700 3506 2824 3575 quia
2854 3503 3008 3559 fortis
3040 3510 3124 3557 est
3152 3521 3166 3558 :
3201 3499 3398 3555 vitulus
3419 3541 3434 3566 ,
3465 3499 3593 3569 quia
3625 3493 3791 3578 hostia

2205 3612 2322 3656 est:
2351 3600 2526 3670 aquila
2548 3639 2564 3665 ,
2594 3598 2717 3670 quia
2752 3596 3086 3653 resurrectio
3117 3606 3218 3651 est.
3256 3596 3428 3663 Atque
3455 3591 3531 3644 ita
3567 3593 3618 3646 in
3650 3587 3792 3644 libris

2206 3691 2432 3762 singulis
2460 3691 2628 3746 forma
2652 3689 2971 3744 animalium
2999 3688 3286 3757 figuratur,
3306 3695 3362 3739 ut
3379 3683 3792 3752 uniuscujusque

2207 3788 2325 3843 libri
2359 3787 2530 3841 series
2561 3785 2930 3856 popositorum
2961 3782 3204 3836 videatur
3234 3778 3550 3834 animalium
3583 3783 3673 3829 aut
3710 3787 3795 3827 na-

2210 3891 2376 3943 turzc,
2431 3885 2524 3931 aut
2564 3876 2784 3940 virtuti,
2829 3883 2921 3929 aut
2960 3874 3180 3945 gratite,
3224 3881 3314 3925 aut
3360 3869 3627 3924 miraculo
3673 3879 3789 3920 cou-

2207 3973 2413 4028 venire.
2467 3970 2597 4038 Qum
2633 3969 2844 4041 1265
2870 3969 3000 4021 licet
3042 3965 3218 4039 omnia
3265 3965 3319 4018 in
3361 3961 3618 4017 omnibus
3655 3959 3791 4020 sint;

2211 4077 2390 4120 tamen
2437 4061 2718 4132 plenitudo
2761 4059 3007 4130 quaedam
3057 4059 3112 4112 in
3153 4056 3380 4128 singulis
3417 4055 3679 4109 virtutum
3719 4055 3797 4104 est

2211 4155 2565 4226 singularum.
2596 4153 2784 4208 Ortum
2816 4152 3053 4207 hominis
3079 4151 3219 4206 alius
3245 4148 3488 4222 (Matth)
3519 4143 3800 4214 descripsit

2213 4247 2461 4312 uberius,
2491 4261 2672 4300 mores
2702 4261 2916 4316 quoque
2959 4244 3194 4298 hominis
3227 4241 3512 4312 prmceptis
3544 4233 3799 4293 uberiori-

2213 4341 2314 4396 bus
2343 4339 2603 4395 erudivit.
2642 4338 2796 4394 Alius
2823 4334 3109 4409 (Marcus)
3147 4351 3175 4389 a
3213 4334 3469 4405 potentiae
3510 4331 3679 4400 cmpit
3713 4342 3800 4382 ex-

2214 4433 2496 4504 pressione
2523 4431 2744 4496 divinae,
2775 4431 2918 4501 quod
2943 4447 3006 4485 ex
3028 4430 3175 4498 Rege
3201 4427 3342 4492 Rex,
3371 4424 3531 4480 fortis
3560 4439 3625 4479 ex
3653 4420 3800 4485 forti,

2214 4540 2376 4580 verus
2409 4539 2474 4579 ex
2506 4537 2662 4586 vero,
2694 4523 2869 4576 vivida
2902 4529 3130 4577 mortem
3161 4519 3359 4574 virtute
3387 4511 3802 4583 contempserit.

509 4608 736 4664 datum:
780 4610 874 4663 sed
910 4609 1134 4664 delicias
1179 4608 1280 4662 sibi
1327 4609 1597 4663 variarum
1645 4608 1876 4677 exquirit
1920 4608 2109 4677 epula-
2134 4613 2186 4674 1)
2213 4619 2430 4676 Τρι-ιῑυε
2461 4617 2674 4690 (Lucas)
2704 4617 3027 4673 sacriﬁcium
3061 4614 3275 4690 1266
3301 4609 3647 4667 sacerdotale
3672 4618 3802 4678 pra)-

511 4715 667 4764 rum,
719 4701 942 4756 delicias
989 4701 1089 4756 sibi
1138 4701 1518 4756 transmarinis
1559 4701 1789 4756 arcessit
1826 4715 1858 4756 e
1905 4701 2103 4766 terris,

510 4792 734 4848 delicias
767 4794 936 4848 verrit
961 4807 992 4848 e
1019 4793 1272 4848 ﬂuctibus
1295 4835 1309 4858 ,
1339 4807 1592 4849 recusare
1625 4809 1730 4848 non
1770 4793 1966 4860 debet,
2014 4791 2106 4866 qui

511 4885 698 4942 labore
730 4885 925 4940 victum
955 4885 1212 4956 requirit,
1245 4886 1468 4942 brevem
1499 4886 1545 4941 si
1577 4886 1816 4942 laborem
1861 4902 1958 4956 pro
1997 4887 2104 4942 vita

508 4979 698 5034 subeat
723 4987 948 5034 aeterna.
979 4981 1164 5050 Itaque
1191 4982 1235 5034 si
1262 4982 1383 5050 quis
1411 4981 1464 5036 in
1495 4979 1612 5037 haec
1637 4991 1970 5037 secretarum
1998 4981 2108 5036 dis-

512 5070 852 5140 putationum
880 5073 1183 5127 certamina
1213 5075 1438 5128 veniens
1461 5116 1475 5138 ,
1511 5085 1676 5131 exuat
1705 5090 1764 5130 se
1791 5075 1917 5129 vita:
1949 5073 2108 5145 hujus

508 5162 755 5231 exposita
784 5163 847 5217 ad
876 5180 1119 5220 errorem
1149 5166 1548 5234 sollicitudine,
1580 5175 1637 5223 et
1664 5166 1839 5221 nudus
1867 5166 2105 5233 malitiae,

509 5254 710 5310 athleta
759 5255 976 5324 pietatis
1015 5258 1139 5313 oleo
1177 5257 1403 5328 spiritali
1444 5259 1590 5314 velut
1620 5258 1868 5331 quietiam
1911 5257 2107 5314 animae

517 5422 610 5494 m‘
641 5413 798 5472 Rom.
834 5416 1008 5494 edit._,
1042 5427 1090 5471 et
1119 5417 1272 5474 illum
1298 5419 1589 5476 naturalem
1620 5417 1829 5474 Patrem
1859 5457 1874 5473 .
1912 5458 1925 5472 .
1960 5458 1972 5471 .
2012 5455 2026 5472 .
2059 5425 2109 5476 et

510 5483 660 5542 illum
689 5487 935 5550 moralem
961 5487 1193 5548 Patrem.

2214 4711 2358 4766 misit
2403 4720 2457 4764 et
2506 4711 2676 4779 ipsam
2717 4709 2870 4763 vituli
2920 4707 3353 4762 immolationem
3383 4702 3529 4774 style
3578 4698 3802 4770 quodam

2216 4803 2461 4874 pleniore
2488 4802 2720 4857 diﬂ'udit.
2753 4800 2989 4867 Quartus
3032 4798 3309 4868 copiosius
3347 4799 3566 4852 ceteris
3611 4791 3803 4848 divina

2214 4896 2470 4952 miracula
2515 4893 2935 4951 resurrectionis
2977 4893 3268 4964 expressit.
3299 4889 3450 4946 Unus
3490 4888 3655 4959 igitur
3691 4898 3803 4942 om-

2215 4989 2325 5054 nia,
2357 4998 2413 5044 et
2437 5003 2575 5044 unus
2603 4989 2654 5042 in
2686 4987 2959 5052 omnibus,
2985 4986 3124 5040 sicut
3150 4969 3344 5038 lectum
3372 4990 3455 5035 est
3477 4977 3704 5051 (Coloss.
3726 4989 3802 5038 tu,

2215 5084 2340 5145 li):
2371 5097 2481 5138 non
2509 5081 2790 5136 dissimilis
2819 5081 2870 5134 in
2898 5078 3146 5149 singulis,
3178 5075 3270 5130 sed
3294 5089 3461 5130 verus
3491 5073 3547 5127 in
3577 5066 3800 5126 cunctis.

2207 5176 2314 5232 Sed
2333 5174 2443 5247 jam
2472 5175 2646 5241 ipsum
2671 5187 2981 5230 sermonem
3010 5169 3321 5226 adoriamur
3348 5164 3656 5236 Evangelli.

2283 5416 2312 5457 δ
2342 5416 2512 5472 Tanto
2541 5413 3139 5488 praeellentioreorona
3170 5409 3416 5466 virtutum
3437 5445 3455 5469 .
3485 5414 3677 5460 vocem
3695 5395 3804 5470 Ῐυὶΐο

2213 5498 2378 5548 tutum
2406 5484 2564 5546 Rom.
2599 5487 2736 5544 edit.
2776 5484 3095 5543 sustulerat.
