3948 6304
221 304 359 362 1553

1223 310 1588 371 EXPOSITIO
1628 311 1884 371 EVANG.
1925 315 2076 373 SEC.
2121 313 2278 373 LUC.
2320 317 2450 375 LIB.
2491 319 2533 376 l.

534 445 2172 472 mm.—

3387 327 3526 388 £554

2173 460 2504 473 —_—-w

2517 463 2942 479 w‘—-

1417 536 1765 624 LIBER
1837 539 2318 630 PRIMUS.

1676 706 2100 732 ’.α-*-

293 803 506 879 1265
540 801 706 876 (Cap.
751 804 794 861 Ι.
819 835 889 850 -
919 805 1080 864 Vers.
1125 807 1215 879 1).
1274 808 1561 877 Quoniam,
1614 811 1819 882 inquit,
1846 815 1896 877 Α
1924 812 2194 869 redundat
2223 829 2238 867 :
2270 813 2532 884 haereses,
2559 820 2696 872 'cum
2732 819 2902 874 multa
2929 819 3184 889 habeant,
3211 836 3377 878 unum
3415 839 3524 882 non

213 899 368 950 multi
388 899 568 951 conati
592 908 716 953 sunt
746 898 989 956 ordinare
1004 903 1355 956 narrationem
1385 919 1580 960 rerum.

290 989 344 1045 i.
384 988 656 1061 Pleraque
682 1001 1016 1060 nostrorum,
1063 994 1522 1064 quemadmodum
1567 1002 1814 1052 veterum

210 1078 553 1146 Judarorum,
607 1081 832 1151 paribus
855 1089 911 1138 et
937 1085 1228 1155 generibus
1274 1085 1578 1141 formontur
1599 1096 1655 1143 et
1681 1103 1812 1142 cau-

211 1171 345 1226 sis‘I
373 1179 536 1244 atque
587 1175 961 1246 exemplorum
1000 1177 1258 1234 similium
1285 1179 1400 1250 pari
1449 1196 1582 1246 usu,
1641 1182 1815 1234 exitu-

211 1280 321 1336 que
364 1267 734 1335 conveniunt,
789 1269 1166 1342 principioque
1218 1287 1401 1328 rerum
1451 1279 1506 1327 et
1550 1272 1656 1328 line
1682 1287 1815 1328 con-

209 1358 446 1413 cordant
495 1361 515 1412 ':
572 1358 709 1414 Nam
761 1359 904 1416 sicut
933 1361 1088 1416 multi
1141 1363 1193 1418 in
1236 1363 1329 1418 illo
1384 1364 1583 1437 populo
1626 1364 1812 1420 divino

212 1447 382 1504 infusi
428 1449 632 1520 Spiritu
654 1452 1072 1523 fprophetarunt
1104 1471 1117 1507 :
1152 1455 1241 1510 alii
1270 1464 1451 1511 autem
1482 1456 1810 1527 prophetare

210 1556 273 1596 se
305 1541 725 1612 pollicebantur,
749 1554 801 1599 et
845 1545 1241 1616 professionem
1271 1547 1638 1604 destituebant
1660 1565 1812 1606 meu-

208 1633 372 1688 dacio
390 1631 606 1705 (Jerem.
631 1651 824 1705 xxvnt,
851 1637 930 1708 l),
947 1647 1102 1694 erant
1124 1640 1266 1697 enim
1293 1641 1806 1712 pseudopropltette,

207 1727 395 1796 potius
439 1743 601 1798 quam
652 1729 956 1800 prophetas,
1003 1733 1145 1788 sicut
1186 1733 1428 1789 Ananias
1467 1734 1608 1790 illius
1632 1734 1805 1802 Azor;

205 1827 330 1875 erat
353 1828 534 1876 autem
559 1820 588 1860 ι’
619 1823 802 1894 pepuli
828 1825 997 1894 gratia
1014 1824 1328 1882 discernere
1355 1827 1600 1897 spiritus,
1635 1836 1692 1882 ut
1712 1842 1806 1882 co-

202 1922 501 1982 gnosceret
555 1927 690 1986 quos
737 1913 946 1971 referre
999 1916 1224 1973 deberet
1265 1919 1318 1974 in
1350 1935 1632 1974 numerum
1679 1934 1808 1990 pro-

201 2009 531 2080 phetarum;
571 2026 707 2083 quos
755 2021 936 2068 autem
986 2015 1138 2085 quasi
1185 2015 1362 2071 bonus
1407 2015 1805 2072 nummularius

197 2103 567 2174 improbaret,
601 2105 655 2161 in
683 2105 880 2177 quibus
927 2110 1150 2163 materia
1203 2109 1374 2181 magis
1403 2121 1657 2180 corrupta
1686 2126 1804 2167 sor-

1923 905 2144 962 habent.
2203 905 2362 962 Multi
2392 910 2529 962 enim
2557 913 2748 975 conati,
2804 914 2900 967 sed
2933 912 3028 968 Dei
3058 915 3230 985 gratia
3274 915 3522 973 destituti

1919 1005 2065 1052 sunt.
2101 997 2350 1071 Plerique
2387 1000 2551 1055 etiam
2582 1017 2649 1056 ex
2704 1013 2934 1074 quatuor
2961 1004 3244 1076 Evangelii
3280 1007 3436 1063 libris
3469 1010 3521 1064 in

1920 1105 2087 1145 unum
2129 1100 2238 1146 eea
2263 1107 2381 1162 quas
2421 1093 2699 1148 venenatis
2755 1103 3080 1163 putaverunt
3125 1099 3520 1154 assertionibus

1919 1183 2328 1252 convenientia,
2359 1185 2715 1242 referserunt.
2761 1188 2973 1262 1266
3021 1189 3095 1244 Ita
3127 1190 3366 1246 Ecclesia
3399 1207 3519 1262 qua:

1921 1294 2084 1332 unum
2131 1278 2484 1350 Evangelium
2528 1281 2722 1348 habet,
2781 1300 2945 1338 unum
2992 1285 3157 1338 Deum
3211 1285 3408 1340 docet:
3438 1285 3520 1342 illi

1916 1378 2096 1424 autem
2116 1372 2207 1442 qui
2228 1372 2392 1426 alium
2411 1373 2578 1427 Deum
2605 1375 2802 1429 veteris
2817 1374 3176 1441 Testamenti,
3195 1376 3359 1431 alium
3394 1377 3521 1434 novi

1917 1477 2191 1535 asserunt,
2217 1483 2282 1523 ex
2309 1469 2491 1525 multis
2514 1469 2820 1542 Evangeliis
2862 1487 2968 1527 non
2994 1488 3158 1530 unum
3190 1473 3358 1530 Deum
3381 1517 3396 1543 ,
3419 1475 3518 1531 sed

1915 1559 2098 1628 plures
2121 1559 2390 1616 fecerunt.

1985 1651 2040 1706 '5.
2085 1651 2338 1720 Quoniam
2369 1655 2539 1719 multi,
2571 1655 2767 1726 inquit,
2798 1657 2971 1710 conati
3001 1666 3138 1712 sunt.
3188 1656 3382 1712 Conati
3413 1659 3518 1713 uti-

1913 1758 2018 1813 que
2049 1745 2124 1798 illi
2147 1754 2306 1812 sunt,
2352 1747 2439 1816 qui
2473 1747 2702 1818 implere
2731 1750 3112 1819 nequiverunt.
3140 1748 3281 1820 Ergo
3313 1750 3512 1806 multos

1913 1837 2164 1906 cmpisse,
2187 1853 2286 1892 nec
2304 1838 2635 1909 implevisse,
2657 1841 2819 1896 etiam
2843 1851 3063 1898 sanctus
3081 1841 3253 1898 Lucas
3270 1845 3515 1900 testimo-

1913 1929 2003 1983 nio
2017 1928 2366 1999 locupletiore
2381 1939 2626 1997 testatur,
2649 1931 2835 1987 dicens
2850 1933 3112 2003 plurimos
3123 1949 3245 1990 esse
3259 1946 3506 1992 conatos.

1911 2021 2014 2089 Qui
2046 2020 2190 2076 enim
2234 2031 2460 2078 conatus
2485 2033 2571 2079 est
2618 2024 2892 2094 ordinare,
2926 2042 3025 2081 suo
3054 2026 3242 2084 labore
3282 2037 3510 2085 conatus

1912 2123 2020 2182 est,
2048 2130 2147 2171 nec
2177 2116 2444 2185 implevit.
2472 2116 2600 2172 Sine
2627 2127 2825 2173 conatu
2853 2129 2979 2174 sunt
3009 2119 3154 2174 enim
3187 2120 3512 2179 donationes

195 2197 385 2264 deret,
428 2213 590 2265 quam
637 2199 754 2257 veri
799 2201 1061 2272 splendor
1103 2203 1323 2259 luminis
1364 2204 1689 2260 resultaret:
1721 2205 1800 2260 sic
1830 2213 1877 2275 Β
1904 2218 1956 2265 et
1977 2209 2149 2280 gratia
2185 2209 2300 2276 Dei,
2333 2226 2453 2280 qua:
2483 2210 2571 2265 ubi
2589 2226 2647 2266 se
2673 2210 2951 2278 infuderit,
2986 2214 3162 2283 rigare
3189 2215 3507 2283 consuevit;

193 2301 256 2348 et
281 2293 504 2348 nuncin
555 2308 697 2349 novo
742 2295 1096 2351 Testamento
1141 2296 1295 2351 multi
1347 2297 1636 2366 Evangelia
1659 2298 1796 2352 scri-

193 2386 334 2442 bere
374 2389 552 2442 conati
582 2397 740 2456 sunt,
788 2405 909 2460 qua:
960 2389 1089 2445 boni
1140 2392 1488 2447 nummularii
1529 2407 1636 2447 non
1669 2408 1801 2463 pro—

191 2477 418 2534 barunt.
479 2478 653 2536 Unum
679 2491 860 2537 autem
892 2483 1264 2538 tantummodo
1285 2483 1338 2538 in
1366 2492 1595 2555 quatuor
1627 2483 1798 2540 libros

192 2572 469 2644 digestum
491 2588 556 2629 ex
580 2573 828 2629 omnibus
858 2575 1100 2631 arbitrati
1132 2586 1259 2631 sunt
1287 2576 1717 2646 intelligendum.

264 2667 323 2720 2.
368 2665 437 2721 Et
475 2667 623 2722 aliud
683 2668 901 2738 quidem
959 2667 1130 2724 fertur
1181 2669 1562 2740 Evangelium,
1602 2681 1624 2709 ο
1653 2670 1797 2740 quod

186 2757 484 2814 duodecim
518 2759 804 2829 scripsisse
861 2759 1133 2815 dicuntur.
1186 2761 1363 2816 Ausus
1393 2771 1476 2816 est
1501 2761 1664 2818 etiam
1699 2761 1799 2817 Ba-

187 2853 385 2910 silides
407 2854 761 2927 Evangelium
789 2856 1050 2925 scribere,
1085 2859 1228 2927 quod
1253 2859 1450 2914 dicitur
1497 2860 1794 2916 secundum

186 2943 516 3003 Basilidem.
571 2943 767 3004 Fertur
816 2949 977 3006 etiam
1009 2951 1155 3006 aliud
1215 2953 1593 3023 Evangelium,
1648 2953 1792 3025 quod

185 3039 456 3094 scribitur
504 3039 806 3096 secundum
857 3041 1144 3098 Thomam.
1195 3036 1329 3107 Novi
1357 3045 1503 3100 aliud
1529 3047 1791 3116 scriptum

185 3130 495 3187 secundum
526 3130 826 3192 Matthiam.
869 3133 1125 3205 Legimus
1152 3135 1331 3207 aliqua
1357 3137 1519 3210 (Dial.
1551 3139 1642 3204 57,
1671 3155 1791 3209 cap.

188 3227 438 3299 Legimus
491 3227 715 3300 aliqua),
746 3244 815 3284 ne
855 3230 1101 3300 legantur
1132 3247 1146 3285 :
1173 3231 1425 3300 legimus,
1462 3247 1529 3287 ne
1579 3233 1795 3303 ignore-

186 3335 316 3374 mus
342 3338 357 3374 :
387 3319 615 3390 legimus
647 3336 754 3376 non
787 3331 841 3376 ut
864 3327 1166 3388 teneamus,
1198 3323 1293 3378 sed
1321 3332 1377 3378 ut
1407 3326 1755 3395 repudiemus
1775 3367 1790 3394 ,

185 3421 245 3467 et
266 3419 326 3466 ut
362 3413 597 3467 sciamus
626 3414 804 3483 qualia
839 3415 945 3469 sint
973 3415 1026 3470 in
1055 3416 1250 3486 quibus
1282 3417 1553 3486 magniﬁci
1584 3419 1672 3472 isti
1699 3433 1794 3473 cor

184 3503 441 3558 exaltant
463 3518 642 3560 suum.
673 3506 780 3562 Sed
808 3504 1074 3573 Ecclesia,
1108 3523 1228 3562 cutn
1245 3518 1476 3578 quatuor
1511 3508 1791 3580 Evangelii

1902 2311 1959 2358 ut
1981 2319 2088 2358 non
2111 2312 2287 2374 egeat,
2312 2303 2407 2359 sed
2431 2304 2699 2360 redundet
2724 2306 3006 2378 scriptoris
3040 2307 3340 2379 ingenium.
3384 2307 3505 2365 Non

1901 2403 2126 2451 conatus
2159 2405 2243 2452 est
2271 2393 2578 2465 Mattltrcus,
2621 2414 2728 2453 nou
2760 2407 2988 2454 conatus
3012 2408 3097 2455 est
3129 2400 3362 2468 Marcus,
3393 2417 3504 2458 non

1900 2502 2126 2546 conatus
2153 2501 2238 2546 est
2279 2490 2550 2557 Joannes,
2600 2507 2707 2548 non
2766 2503 2994 2548 conatus
3039 2501 3122 2549 est
3153 2494 3326 2549 Lucas
3359 2513 3372 2548 :
3407 2494 3503 2551 sed

1901 2583 2084 2638 divino
2112 2583 2314 2653 Spiritu
2336 2582 2645 2640 ubertatem
2666 2583 2938 2639 dictorum
2955 2601 3246 2656 rerumque
3261 2587 3502 2643 omnium

1901 2675 2266 2742 ministrante,
2311 2676 2430 2732 sine
2456 2675 2566 2731 ullo
2596 2676 2878 2732 molimine
2916 2689 3095 2748 coepta
3135 2679 3494 2749 complerunt.

1899 2769 1970 2824 Et
1998 2769 2119 2824 ideo
2151 2769 2277 2824 dicit
2316 2787 2328 2823 :

1973 2861 2228 2928 Quoniam
2255 2862 2404 2916 ntulti
2431 2863 2598 2917 conati
2623 2872 2740 2916 sunt
2771 2863 3016 2920 ordinare
3039 2865 3389 2920 narrationem
3418 2881 3502 2921 re-

1897 2971 2033 3020 rum,
2066 2971 2179 3025 qua!
2205 2955 2257 3009 in
2284 2956 2450 3022 nobis,
2485 2957 2752 3027 completa:
2779 2968 2920 3026 sunt,
2972 2959 3056 3013 vel
3083 2953 3103 2996 ἲ
3140 2974 3254 3030 qua
3271 2959 3325 3013 in
3354 2961 3498 3019 nobis

1897 3046 2208 3102 redundant.

1968 3140 2020 3195 ι.
2049 3139 2216 3208 Quod
2239 3139 2384 3194 enim
2424 3139 2714 3209 redundat,
2749 3141 2883 3197 nulli
2910 3140 3096 3198 deﬁcit
3126 3160 3140 3198 :
3183 3142 3326 3198 etde
3349 3157 3496 3200 com-

1899 3234 2043 3305 pleto
2098 3249 2258 3289 nemo
2288 3233 2534 3301 dubitat,
2585 3251 2707 3290 cum
2741 3234 2901 3291 iidem
2950 3235 3174 3292 ell‘ectus
3218 3235 3494 3306 adstruat,

1895 3330 2077 3384 exitus
2113 3328 2324 3399 prodat.
2360 3328 2545 3399 Itaque
2591 3329 2944 3399 Evangelium
3002 3332 3334 3403 completum
3366 3341 3491 3400 est,

1893 3429 1949 3476 et
2014 3420 2283 3476 redundat
2342 3419 2592 3476 omnibus
2655 3436 2748 3491 per
2805 3422 3116 3478 universum
3185 3423 3376 3478 orbem
3428 3425 3495 3478 ii-

1897 3513 2141 3582 delibus,
2194 3521 2250 3571 et
2297 3521 2322 3562 8
2352 3525 2560 3570 utentes
2628 3515 2867 3571 omnium
2919 3516 3093 3588 rigat,
3142 3519 3492 3588 animumque

184 3596 362 3653 libros
387 3595 605 3668 habeat,
633 3615 732 3672 per
754 3601 1066 3658 universum
1093 3601 1350 3657 mundum
1375 3600 1403 3640 ά
1435 3602 1790 3674 Evangelistis
1820 3596 1867 3660 C
1897 3605 2199 3662 conﬁrmat.
2254 3604 2395 3675 Ergo
2462 3605 2718 3663 fundatus
2770 3607 2824 3663 in
2884 3617 3034 3680 petra
3061 3653 3075 3678 ,
3141 3619 3194 3664 et
3232 3609 3326 3680 qui
3378 3625 3495 3665 om-

261 3767 288 3798 ιι
320 3758 485 3812 Rom.
517 3756 676 3821 edit.,
709 3765 861 3826 atque
898 3755 1249 3824 exemplorum
1275 3755 1433 3809 simili
1459 3771 1574 3810 usu.

259 3828 289 3868 δ
313 3829 465 3885 Care
489 3828 684 3889 credas
735 3825 875 3888 hanc
925 3825 1198 3884 Ambrosii
1247 3837 1482 3881 mentem
1520 3826 1710 3894 fuisse,
1740 3836 1798 3884 ttt

183 3901 426 3970 singulis
466 3915 498 3954 e
526 3899 727 3970 populo
748 3897 1056 3970 Ιιιάαξοιῖυιη
1103 3913 1221 3970 eam
1277 3899 1502 3970 gratiam
1535 3900 1796 3953 attribue-

184 3967 302 4037 riti
332 3987 457 4026 cum
484 3967 841 4041 eiuspartem
864 3967 1038 4041 multo
1069 3967 1354 4022 maximam
1391 3967 1550 4041 toties
1582 3984 1611 4023 a
1635 3983 1796 4040 pseu-

184 4038 551 4111 doprophetis
599 4038 881 4110 deceptam
911 4039 1281 4094 tradantsaeri
1307 4038 1525 4094 codices
1555 4057 1569 4092 :
1600 4038 1654 4093 at
1676 4055 1795 4095 cre-

185 4115 419 4171 dibilius
449 4122 532 4168 est
578 4113 756 4180 ipsum
789 4115 925 4165 hanc
952 4112 1346 4180 prerogativam
1372 4111 1419 4164 ei
1451 4111 1794 4167 sacerdotum

185 4185 448 4253 collegio.
477 4183 902 4255 quodsanedrim
931 4181 1214 4255 vocabant,
1249 4181 1638 4255 adscripsisse;
1670 4197 1792 4237 cum

186 4255 256 4312 ad
308 4253 509 4311 eorum
540 4253 801 4323 judicium
835 4255 886 4307 in
916 4253 1170 4318 gravibus
1199 4253 1577 4307 controversiis
1609 4269 1796 4307 recur-

188 4341 316 4384 rere
348 4328 580 4395 populus
602 4325 858 4395 iubeatur
902 4323 1059 4378 Deut.
1091 4337 1220 4387 xvtt,
1249 4323 1306 4385 9,
1336 4331 1392 4395 et
1416 4337 1532 4395 seq.
1586 4324 1792 4378 Forsan

189 4393 361 4454 etiam
403 4393 509 4452 hoc
559 4393 766 4454 tantum
823 4395 1184 4465 signiﬁcatum
1231 4393 1430 4458 voluit,
1463 4394 1794 4464 benignitate

187 4469 379 4524 divina
405 4467 574 4538 fuisse
597 4469 898 4538 provisum,
931 4481 996 4521 ne
1036 4479 1287 4536 umquam
1315 4466 1596 4538 universus
1625 4481 1796 4536 pepo-

189 4541 277 4594 lus
322 4556 352 4593 a
399 4537 550 4592 falsis
596 4535 877 4607 prophetis
911 4535 1338 4605 perverteretur,
1361 4545 1421 4590 ut
1448 4535 1582 4607 Reg.
1609 4535 1691 4603 tu,
1727 4539 1793 4596 l9

192 4619 451 4678 tempore
478 4609 665 4664 Achab
688 4609 884 4663 factum
916 4609 1162 4675 legimus.

265 4693 292 4720 σ
326 4681 486 4735 Rom.
515 4679 647 4733 edit.
677 4680 815 4750 quod
861 4678 1134 4734 duodecim
1177 4678 1584 4750 apostoliaquo
1626 4682 1790 4737 etiam

189 4751 466 4808 vocabulo
483 4749 847 4822 adulterinum
867 4753 971 4806 hoc
997 4749 1348 4822 Evange’lium
1374 4749 1442 4804 ab
1465 4749 1792 4821 Hieronymo

190 4823 512 4880 nominatur
540 4821 812 4877 Promtnio
833 4820 886 4876 in
919 4821 1132 4886 Matllt.;
1157 4820 1274 4875 'sed
1305 4837 1403 4873 vox
1437 4820 1680 4893 apostoli,
1701 4840 1794 4876 su-

190 4909 382 4959 pressa
406 4895 463 4948 in
480 4902 592 4948 vet.
614 4893 747 4948 edit.
763 4908 825 4946 ac
848 4908 978 4946 mss.
1009 4893 1141 4946 satis
1163 4906 1191 4945 a
1221 4894 1421 4946 lectore
1450 4892 1788 4960 intelligitur.

192 4965 340 5022 infra
369 4979 504 5019 vero
521 4963 620 5018 ubi
641 4978 833 5018 omnes
863 4964 994 5022 edit.
1047 4971 1104 5017 et
1140 4962 1321 5032 plures
1345 4977 1474 5017 mss.
1508 4965 1794 5019 secundum

1901 3765 1954 3812 et
2001 3757 2090 3812 alii
2121 3758 2374 3814 nonnulla
2421 3773 2491 3814 ex
2546 3759 2630 3813 his
2673 3759 2984 3815 insanorum
3020 3760 3490 3833 Evangelislarum

1899 3833 2222 3900 commentis
2254 3839 2580 3895 memorant,
2624 3846 2743 3900 qu:c
2791 3833 2972 3886 omnia
3025 3834 3248 3899 conligit
3267 3834 3494 3890 decreto

1898 3914 1997 3973 suo
2037 3898 2282 3973 Gelasius
2302 3941 2315 3964 ,
2347 3911 2400 3953 et
2430 3898 2797 3973 Innocentius
2823 3902 2862 3966 l,
2901 3901 3057 3973 epist.
3079 3905 3135 3968 5,
3160 3898 3223 3957 ad
3253 3904 3488 3973 Exuper.

1899 3969 2390 4045 Notandum‘porro
2408 3971 2550 4045 quod
2584 3972 2672 4045 hic
2699 3969 3176 4045 dicitur,;Legiittus
3207 3969 3404 4045 aliqua,
3431 3993 3493 4029 ne

1899 4041 2167 4111 leguntur;
2212 4043 2386 4095 innuit
2431 4042 2576 4095 enim
2608 4041 2692 4095 his
2715 4045 2894 4097 verbis
2918 4042 2975 4098 S.
3009 4041 3207 4098 Doctor
3228 4041 3491 4102 honorum

1898 4112 2278 4188 episcoporum
2312 4127 2505 4168 munus
2530 4127 2672 4174 esse,
2703 4122 2762 4166 ut
2794 4129 2989 4188 pravos
3020 4115 3189 4170 libros
3235 4117 3334 4184 ipsi
3369 4135 3492 4188 per-

1898 4182 2180 4257 volventes
2205 4182 2438 4257 ‘detecto
2471 4199 2656 4257 eorum
2688 4199 2898 4257 veneno
2939 4187 3061 4257 illos
3112 4182 3380 4257 refellant,
3436 4200 3490 4246 el

1897 4252 2038 4324 plebi
2064 4269 2174 4308 smn
2205 4253 2305 4308 hac
2329 4253 2581 4324 pestifera
2622 4255 2855 4311 lectione
2882 4255 3226 4314 inter-dicant.

1967 4322 1994 4363 ἀ
2023 4325 2180 4378 Rom.
2213 4322 2371 4387 οὐκ..
2409 4325 2706 4397 Evangelii:
2734 4329 3008 4382 redundat.

1971 4406 1995 4434 θ
2027 4397 2104 4452 Ea
2135 4399 2442 4454 temeritate
2478 4399 2857 4468 corrumpendi
2877 4414 3062 4453 sacras
3101 4401 3320 4468 paginas
3349 4401 3488 4456 Mar-

1895 4467 2111 4522 cionem
2169 4469 2218 4521 in
2254 4469 2543 4536 Evangelio
2587 4468 2645 4524 li.
2673 4467 2831 4523 Lucre
2871 4485 3025 4524 usum
3056 4467 3323 4524 testantur
3351 4471 3483 4525 Ter-

1896 4539 1994 4611 tul.
2025 4538 2076 4592 in
2099 4538 2276 4611 libris
2294 4537 2554 4611 adversus
2589 4539 2844 4611 eumdem
2900 4541 3234 4611 Innreticum,
3261 4552 3312 4593 et
3355 4541 3485 4611 Epi-

1894 4609 2059 4681 phau.
2095 4610 2230 4681 liter.
2255 4609 2416 4681 4._De
2459 4608 2876 4681 tnanichmorum
2923 4618 3098 4662 autem
3127 4610 3190 4681 in,
3221 4608 3487 4681 conspur-

1895 4677 2084 4734 candis
2114 4678 2268 4732 libris
2305 4677 2502 4750 divinis
2544 4679 2769 4732 audacia
2818 4679 2906 4733 hic
2956 4691 3140 4750 aperte
3164 4677 3488 4738 Ambrosius

1896 4761 2083 4805 noster
2106 4767 2208 4802 non
2228 4764 2386 4803 secus
2406 4763 2469 4803 ac
2481 4747 2590 4804 Leo
2615 4765 2953 4821 papa,scrm.
2979 4747 3012 4804 4
3034 4750 3100 4804 de
3121 4751 3339 4821 Epiph.,
3356 4769 3488 4808 con-

1894 4833 2238 4891 qtterunturo
2275 4820 2353 4873 Ad
2396 4819 2704 4891 extremum
2746 4819 2999 4875 Gelasius
3049 4819 3234 4875 citato‘
3266 4823 3487 4878 decreto

1897 4890 2191 4963 Evangelia
2221 4890 2444 4946 Luciani
2468 4899 2642 4963 atque
2670 4890 2867 4963 llericii
2893 4895 3200 4963 apocrypha
3224 4893 3482 4948 declarat.

1895 4962 2164 5018 Caeterum
2191 4963 2292 5017 hoc
2313 4963 2433 5016 loco
2465 4961 2625 5015 liceat
2644 4961 2820 5016 obiter
2845 4961 3140 5017 admonere
3170 4962 3270 5018 hoc
3293 4964 3487 5021 decre-

190 5036 670 5118 Bau'lidemamss.
695 5034 932 5123 quinque
955 5031 1196 5123 melioris
1219 5043 1359 5123 noun
1383 5033 1586 5123 l'ggunt,
1608 5051 1791 5123 secun-
1816 5063 1870 5123 Ι)
1897 5041 2006 5123 Iliun
2038 5034 2107 5116 de
2122 5034 2300 5123 Jlibris
2339 5031 2866 5123 apocrvpblistquod
2888 5119 2896 5123 Α
2903 5035 3247 5123 recentiores
3265 5037 3484 5123 quidam

190 5109 320 5162 dum
348 5106 617 5178 proprium
646 5101 861 5178 nomen;
892 5107 964 5158 De
988 5107 1083 5178 hoc
1118 5103 1366 5178 Basilidis
1392 5101 1681 5178 Evangelio
1709 5101 1788 5161 lo-

191 5175 378 5247 quitur
410 5175 776 5245 llieronymus
803 5176 968 5230 citato
1010 5175 1152 5238 loco,
1173 5183 1229 5229 et
1252 5175 1302 5228 in
1333 5175 1454 5228 lsai.
1489 5191 1608 5244 cap.
1639 5191 1786 5244 thv,

194 5249 285 5305 ubi
304 5249 410 5302 alia
439 5247 701 5316 nonnulla
733 5247 1036 5313 hujusmodi
1058 5247 1364 5315 apocrypha
1383 5247 1668 5316 Evangelia
1700 5264 1786 5302 re-

191 5325 405 5376 censet.
455 5315 876 5387 Evangeliorum
906 5332 1120 5388 quoque
1165 5316 1391 5388 Thomas
1441 5332 1505 5371 ac
1542 5315 1789 5375 Matthiae

191 5390 340 5446 idem
365 5389 732 5462 Hieronymus
757 5387 1056 5462 memorato
1074 5388 1308 5462 [ft-orem.
1334 5387 1387 5462 in
1416 5387 1602 5462 Matth.
1638 5405 1788 5462 men-

194 5462 400 5517 tionem
435 5458 588 5527 facit,
617 5461 760 5514 sicut
784 5466 840 5513 et
862 5459 1137 5528 Evangelii
1166 5458 1463 5513 secundum
1508 5458 1791 5514 Bartbolo-

192 5546 418 5587 meum.
475 5529 723 5599 Denique
746 5529 985 5584 haeretici
1038 5545 1104 5584 eo
1161 5544 1332 5598 usque
1385 5530 1789 5597 amplificarunt

191 5617 484 5674 numerum
505 5599 1141 5674 pseudoevaugeliorum,
1193 5610 1257 5674 ut
1273 5614 1428 5674 suum
1451 5601 1616 5674 e_tiam_
1636 5600 1788 5657 ludat

193 5671 464 5800 mori
495 5669 886 5735 ascriberetur,
903 5671 1352 5753 quemadmodum
1367 5669 1436 5724 ab
1461 5669 1783 5754 Epiphanio,

311 5793 313 5796 .
383 5741 512 5800 158.
537 5755 603 5798 ac
620 5741 983 5800 Theodoreto.
1001 5740 1134 5796 ltb.t
1158 5740 1355 5796 ﬂaret.
1374 5741 1783 5800 fabul..dtscere

247 5745 400 5800 trusi
420 5741 512 5808 58,
537 5755 603 5798 ac
620 5741 983 5805 Theodoreto,
1001 5740 1099 5796 lib.
1117 5757 1134 5796 ι
1158 5740 1355 5796 ﬂaret.
1373 5741 1561 5812 fabul.,
1574 5743 1787 5801 discere

194 5823 303 5878 est.
325 5813 612 5892 Origenes,
636 5813 792 5870 Hom.
820 5815 845 5877 1
871 5813 923 5868 in
945 5812 1098 5882 Luc.,
1117 5812 1511 5878 Athanasiusin
1527 5814 1782 5892 Syuopsi,

1897 5103 2197 5158 Hort‘nisdac
2227 5103 2460 5172 pootilici
2490 5102 2808 5168 attribuunt,
2833 5118 2863 5156 a
2888 5105 3048 5157 nobis
3083 5104 3184 5158 sub
3223 5119 3485 5160 consueto

1894 5173 2094 5230 Gelasii
2124 5175 2278 5228 titulo
2316 5174 2558 5240 allegari,
2612 5175 2733 5244 quia
2783 5173 2910 5227 illud
2935 5174 2988 5227 in
3020 5191 3149 5228 mss.
3182 5186 3308 5230 ante
3335 5179 3485 5232 mille

1897 5261 2068 5318 annos
2094 5247 2538 5318 exaratiseadem
2569 5244 2916 5318 inscriptione
2941 5255 3300 5318 praenotatum
3329 5263 3488 5318 [epe-

1893 5317 2082 5369 riatur.
2149 5315 2278 5369 Vide
2327 5315 2529 5370 Mabill.
2586 5322 2832 5369 nostrum
2884 5315 2937 5368 in
2979 5314 3195 5372 Dium.
3227 5319 3290 5372 de
3315 5314 3485 5373 Cursu

1893 5384 2081 5458 Gallic.
2119 5386 2147 5458 §
2171 5385 2220 5453 l,
2251 5403 2394 5440 num.
2419 5387 2474 5442 9.

1970 5459 1990 5496 ί
2023 5457 2211 5533 Grgcce
2245 5459 2778 5533 πεπληροφορημένωνῄ
2823 5458 3069 5533 inditis,
3117 5461 3258 5529 quod
3315 5461 3482 5517 etiam

1892 5530 2147 5601 nonnulli
2168 5537 2405 5592 vertunt,
2417 5527 2705 5601 qum'nobia
2727 5527 2930 5583 abunde
2951 5527 3182 5601 probato:
3204 5533 3490 5588 mrtJ'ldo

1891 5609 2077 5656 annot.
2108 5598 2351 5656 Cor-derii
2400 5603 2450 5656 itt
2489 5600 2746 5654 Catenam
2781 5598 3202 5670 graec.'Patrum
3243 5603 3310 5659 ad
3338 5605 3484 5660 hunc

1889 5686 2126 5727 versum.

1962 5752 1989 5791 ε
2020 5741 2184 5801 Corb.
2216 5743 2339 5804 cod.
2371 5751 2425 5801 et
2446 5743 2537 5809 alii
2559 5757 2668 5798 non
2698 5743 2880 5825 pauci,
2912 5754 3102 5810 mentes
3145 5747 3376 5806 omnium
3405 5762 3488 5814 rc-

1888 5817 1981 5890 git.
