3948 6314
444 286 586 346 1535

1787 281 2031 342 SANCTI
2073 282 2396 343 AMBROSII

3608 286 3740 346 1558

443 423 570 465 nem
625 407 750 464 lldei
805 407 1100 480 sumpserit
1141 403 1554 478 plenitudinem,
1619 403 2045 458 ﬁrmamentum-
2073 420 2123 480 Α
2150 419 2247 459 eor
2275 419 2486 460 eorum.
2549 405 2667 476 Ipse
2711 420 2926 478 quoque
2957 420 3064 462 non
3093 405 3172 463 se‘
3199 420 3360 478 posse
3386 421 3416 462 a
3439 405 3638 462 Iudaeis
3664 408 3744 463 vi-

441 517 548 572 que
601 501 954 564 constantiae,
1009 507 1159 554 recte
1213 497 1346 552 dicit
1384 514 1397 551 :
1435 495 1565 564 Qut:
1617 495 1671 549 in
1706 496 1852 550 nobis
1903 511 2042 548 com-

442 595 593 667 pletis
627 604 781 660 sunt;
811 591 1068 665 quoniam
1119 606 1224 646 non
1253 592 1424 662 signis
1469 600 1524 645 et
1565 589 1858 660 prodigiis,
1888 597 1914 626 ι
1945 589 2042 644 sed

444 689 615 745 verbo
643 703 770 743 vera
802 697 857 741 et
908 685 1044 741 falsa
1073 684 1484 748 discriminant,
1514 683 1606 751 qui
1653 683 1908 738 salutaria
1943 683 2046 736 Do-

445 781 580 838 mini
623 789 776 851 gesta
809 778 1146 840 describunt.
1179 777 1265 832 vel
1307 777 1395 845 qui
1425 777 1666 830 animqu
1709 775 2045 830 mirabilibus

446 873 564 942 ejus
587 869 892 926 intendunt.
941 869 1080 938 Quid
1112 871 1256 926 enim
1285 881 1392 923 tam
1433 867 1778 935 rationabile,
1809 877 2046 938 quamnt

445 965 661 1031 credas,
689 965 832 1032 quod
865 965 998 1036 legis
1023 979 1086 1020 ea
1098 973 1252 1036 gesta
1271 979 1391 1034 qua:
1412 977 1574 1032 supra
1599 964 1873 1018 hominem
1897 975 2045 1029 sunt,

449 1057 681 1128 potioris
729 1072 852 1113 esse
903 1067 1134 1123 natura»;
1187 1066 1240 1110 at
1287 1072 1418 1110 vero
1469 1072 1591 1112 cum
1625 1056 1757 1126 legis
1811 1071 1875 1110 ea
1927 1071 2048 1126 quas

449 1159 579 1206 sunt
623 1151 870 1214 moralia,
896 1149 1132 1218 suscepti
1171 1149 1364 1205 credas
1399 1149 1608 1221 1267
1639 1164 1760 1203 esse
1803 1149 2049 1218 corporis

447 1242 773 1311 passiones?
801 1241 876 1297 lta
906 1240 1074 1298 verbo
1105 1250 1266 1312 atque
1304 1242 1538 1307 ratione,
1583 1256 1687 1295 non
1718 1239 1886 1310 signis
1915 1239 2049 1295 lides

451 1344 639 1389 nostra
664 1333 942 1389 inundatur.

524 1425 705 1498 (Vers.
739 1425 820 1497 2.)
855 1425 1003 1480 Sicut
1054 1425 1399 1492 tradiderunt,
1447 1425 1657 1497 inquit,
1685 1425 1830 1481 nobis
1874 1425 1963 1497 qui
1989 1425 2052 1479 ab

449 1514 600 1570 initio
630 1517 731 1586 ipsi
759 1517 1014 1580 viderunt,
1039 1527 1086 1572 et
1113 1518 1334 1571 ministri
1356 1522 1563 1590 [uerunt
1595 1517 1763 1571 Verbi.

522 1610 576 1666 ὅ.
619 1609 737 1665 Non
787 1609 1038 1681 congruit
1068 1611 1170 1666 ista
1203 1612 1440 1680 locutio,
1473 1622 1526 1666 ut
1558 1611 1585 1650 δ
1615 1612 1785 1681 magis
1812 1611 2055 1666 ministe-

453 1704 595 1761 rium
620 1705 771 1760 verbi
800 1706 972 1760 visum
1004 1721 1163 1776 quam
1187 1706 1432 1761 auditum
1457 1721 1581 1762 esse
1601 1707 1908 1761 credamus.
1944 1705 2052 1761 Sed

2147 496 2264 552 deri
2291 498 2611 555 testiﬁcatur
2635 497 2824 554 dicens
2855 517 2868 553 :
2914 497 3085 554 Duces
3123 502 3247 555 ειεσὶ
3266 541 3279 563 ,
3307 501 3564 570 liquantes
3613 499 3743 553 culi-

2148 610 2276 660 cem,
2325 595 2574 648 cautelam
2621 604 2791 647 autem
2839 594 3113 665 glutientes
3149 593 3367 664 (Matth.
3422 607 3575 659 mit,
3628 589 3744 660 24).

2148 686 2263 742 Non
2287 685 2421 740 vidit
2447 702 2568 740 eum
2606 687 2808 741 Pilatus
2839 702 2852 739 :
2889 701 2996 740 non
3028 685 3281 740 viderunt
3305 685 3404 750 illi,
3426 683 3519 754 qui
3549 682 3748 738 clama-

2150 781 2281 837 bant
2336 799 2348 836 :
2395 781 2678 854 Cruciﬁge,
2735 780 2978 853 cruci/ige
3021 796 3135 834 eum
3176 778 3360 851 (Joan.
3403 793 3523 842 ιιι,
3561 775 3650 848 6);
3703 775 3749 832 si

2150 875 2292 929 enim
2319 874 2605 939 vidissent,
2641 889 2933 945 numquam
2987 873 3272 927 Dominmn
3305 871 3604 942 majestatis
3631 885 3752 926 cru-

2150 969 2581 1038 ciﬁxissent.Qui
2607 984 2738 1040 ergo
2759 969 2928 1024 Deum
2958 966 3114 1032 vidit,
3139 966 3273 1022 vidit
3294 964 3632 1029 Emmanuel,
3653 963 3754 1018 hoc

2152 1072 2256 1123 est,
2306 1061 2439 1116 vidit
2489 1061 2775 1116 nobiscum
2839 1060 3048 1114 Deum:
3090 1059 3184 1129 qui
3235 1066 3416 1113 autem
3469 1056 3752 1111 nobiseum

2153 1155 2322 1211 Deum
2360 1171 2464 1211 non
2496 1155 2650 1220 vidit,
2699 1171 2805 1209 non
2847 1154 3020 1226 potuit
3049 1151 3235 1207 videre
3284 1166 3446 1222 quem
3473 1151 3632 1221 virgo
3663 1163 3754 1219 pe-

2153 1251 2312 1320 perit.
2347 1248 2611 1318 Denique,
2641 1250 2733 1318 qui
2769 1263 2876 1300 non
2901 1243 3250 1302 crediderunt
3279 1241 3372 1300 Dei
3399 1241 3626 1308 Filium,
3657 1255 3753 1296 nec

2154 1339 2350 1396 Filium
2374 1340 2599 1409 virginis
2643 1337 3013 1394 crediderunt.

2227 1433 2280 1486 7.
2321 1432 2460 1499 Quid
2489 1443 2572 1486 est
2603 1446 2733 1502 ergo
2763 1431 2934 1486 Deum
2983 1429 3206 1486 videre?
3236 1427 3374 1484 Nolo
3406 1442 3492 1482 me
3521 1427 3752 1482 interro-

2155 1539 2270 1593 ges,
2321 1523 2671 1594 Evangelium
2706 1524 3004 1593 interroga,
3039 1523 3214 1593 ipsum
3257 1521 3541 1575 Dominum
3578 1521 3752 1575 inter-

2155 1630 2307 1686 roga,
2337 1612 2361 1652 ἀ
2391 1616 2555 1670 immo
2581 1615 2866 1671 docentem
2897 1615 3018 1669 audi
3052 1633 3065 1669 :
3097 1613 3363 1684 Philippe.
3389 1613 3476 1684 qui
3501 1612 3752 1682 videtme,

2159 1711 2320 1778 videt,
2357 1720 2403 1764 et
2435 1709 2650 1764 Patrem
2691 1710 2779 1780 qui
2829 1725 2909 1763 me
2958 1709 3120 1762 misit.
3165 1706 3433 1772 Quomodo
3480 1715 3534 1760 tu
3579 1705 3757 1760 dicis:

454 1796 579 1868 quia
605 1810 710 1850 non
729 1796 1050 1864 prolativum
1084 1796 1330 1860 verbum,
1369 1797 1465 1852 sed
1496 1798 1846 1852 substantiale
1876 1799 2054 1868 signa-
2085 1817 2129 1877 Β
2161 1803 2385 1858 Ostende
2425 1802 2572 1856 nobis
2599 1801 2810 1856 Patrem
2831 1802 2857 1855 Ρ
2883 1798 3004 1854 Non
3028 1800 3194 1854 credis
3215 1799 3335 1868 quia
3348 1813 3438 1868 ego
3466 1797 3519 1850 in
3546 1797 3756 1869 1268

455 1897 542 1942 tur
567 1886 806 1942 Verbum
833 1889 963 1943 illud
990 1888 1134 1959 quod
1164 1904 1293 1944 caro
1342 1889 1542 1944 factum
1570 1900 1675 1955 est,
1698 1901 1752 1945 et
1794 1889 2056 1945 habitavit

457 1978 511 2035 in
537 1979 694 2035 nobis
718 1997 732 2034 :
760 1995 866 2034 non
901 1981 1124 2051 vulgare
1151 1980 1397 2047 verbum,
1431 1981 1528 2036 sed
1560 1981 1692 2036 illud
1721 1981 1943 2037 rmleste
1973 1982 2056 2037 in-

455 2073 800 2143 telligamus,
845 2074 932 2128 cui
962 2073 1208 2146 Apostoli
1262 2078 1658 2132 ministrarunt.
1694 2079 1758 2134 Et
1788 2087 1967 2134 tamen
1999 2077 2056 2134 iu

456 2163 649 2221 Exodo
683 2165 880 2221 lectum
917 2178 1023 2232 est,
1050 2169 1174 2238 quia
1205 2170 1436 2240 populus
1473 2171 1690 2226 videbat
1718 2185 1908 2227 vocem
1948 2172 2056 2226 Do-

457 2256 589 2310 mini
618 2255 814 2325 (Exod.
841 2274 934 2324 xx,
983 2259 1070 2331 18)
1103 2279 1116 2312 :
1147 2271 1201 2316 et
1227 2261 1412 2332 utique
1439 2279 1540 2318 vox
1565 2279 1670 2318 non
1705 2265 1940 2330 videtur,
1962 2266 2056 2320 sed

456 2348 690 2403 auditur.
728 2347 841 2404 Vox
868 2351 1013 2405 enim
1037 2352 1165 2421 quid
1195 2363 1299 2421 est,
1335 2355 1438 2409 nisi
1462 2369 1644 2419 ,sonus
1673 2357 1764 2426 qui
1798 2373 1904 2410 non
1927 2371 2058 2412 ocu-

457 2439 525 2495 lis
552 2443 811 2507 eernitnr,
844 2443 940 2498 sed
979 2459 1112 2500 aure
1159 2446 1493 2516 percipitur?
1547 2447 1744 2503 Verum
1793 2449 2058 2504 altissimo

459 2532 680 2602 ingenio
711 2532 885 2587 voluit
921 2533 1200 2591 declarare
1248 2537 1482 2608 Moyses,
1525 2539 1648 2610 quia
1696 2555 1797 2596 vox
1844 2541 2059 2597 videtur

460 2624 554 2680 Dei
578 2641 592 2689 ;
627 2625 903 2680 interioris
923 2628 1070 2682 enim
1099 2630 1296 2684 mentis
1318 2631 1530 2686 videtur
1550 2632 1743 2688 obtutu
1763 2649 1778 2696 ;
1805 2634 1856 2688 in
1883 2634 2058 2689 Evan-

454 2717 598 2786 gelio
621 2730 801 2773 autem
848 2735 955 2775 non
979 2735 1113 2786 vox,
1158 2722 1253 2778 sed
1289 2723 1417 2778 illud
1460 2725 1600 2794 quod
1637 2741 1770 2782 voce
1797 2741 2062 2797 prazsmno

457 2810 563 2864 tius
593 2819 710 2875 est,
741 2810 977 2867 Verbum
1010 2813 1242 2870 videtur.
1297 2815 1451 2872 Unde
1479 2829 1532 2873 et
1575 2817 1813 2876 Joannes
1841 2832 2061 2878 sanctus

458 2899 800 2970 Evnngelista
834 2921 846 2954 :
881 2903 1032 2968 Quod
1052 2915 1186 2972 erat,
1209 2907 1405 2978 inquit,
1441 2909 1502 2962 ab
1535 2911 1708 2978 initio,
1742 2915 1884 2983 quod
1909 2915 2061 2969 audi-

457 2992 643 3057 vimus,
685 3002 734 3046 et
775 2995 913 3064 quod
937 2997 1180 3063 uidimus,
1206 3009 1252 3053 et
1274 3002 1436 3054 oculis
1460 3005 1649 3058 nostris
1680 3009 2056 3077 perspeximus,

457 3095 505 3140 et
544 3103 729 3140 manus
755 3097 947 3142 nostra:
972 3101 1212 3146 scrutata:
1233 3103 1352 3147 sunt
1375 3094 1439 3148 de
1476 3095 1644 3150 Verbo
1679 3099 1797 3151 vita:
1831 3117 1842 3152 :
1875 3110 1923 3153 et
1954 3102 2059 3154 vita

2158 1894 2340 1963 Patre,
2367 1904 2415 1949 et
2442 1894 2595 1948 Pater
2612 1895 2667 1948 in
2697 1910 2774 1947 mc
2802 1904 2873 1948 est
2908 1891 3092 1964 (Joan.
3121 1907 3228 1958 xw,
3264 1892 3297 1944 9
3325 1899 3369 1944 et
3407 1888 3530 1959 10)?
3562 1887 3754 1956 Utique

2157 2003 2264 2043 non
2287 2001 2484 2058 corpus
2513 1986 2723 2041 videtur
2754 1989 2805 2040 in
2832 1998 3094 2056 corpore,
3137 1996 3240 2038 nec
3290 1979 3511 2051 Spiritus
3550 1979 3762 2033 videtur

2156 2080 2210 2137 in
2241 2081 2433 2151 spiritu
2468 2080 2601 2137 :sed
2632 2079 2782 2134 solus
2818 2077 2907 2134 ille
2940 2078 3102 2133 Pater
3148 2075 3359 2130 videtur
3405 2075 3457 2128 in
3486 2072 3645 2138 Filio,
3675 2079 3762 2126 aut

2159 2175 2258 2228 iste
2287 2172 2458 2228 Filius
2481 2172 2697 2228 videtur
2727 2172 2779 2226 in
2822 2171 3000 2226 Patre.
3056 2169 3172 2225 Non
3204 2167 3348 2224 enim
3377 2165 3680 2222 dissimiles
3710 2167 3758 2220 in

2159 2267 2510 2322 dissimilibus
2537 2266 2789 2320 videntur
2819 2281 2833 2318 :
2865 2264 2961 2320 sed
3004 2263 3091 2318 ubi
3114 2265 3297 2318 unitas
3323 2261 3662 2332 Operationis
3681 2266 3760 2314 est

2159 2371 2321 2428 atque
2342 2359 2575 2424 virtutis,
2606 2369 2659 2413 et
2682 2357 2850 2413 Filius
2881 2357 2934 2411 in
2956 2355 3139 2423 Patre,
3188 2364 3246 2410 et
3272 2355 3434 2410 Pater
3452 2354 3670 2407 videtur
3709 2351 3759 2408 in

2161 2450 2318 2505 Filio.
2357 2450 2486 2517 Quae
2510 2465 2625 2519 ego,
2648 2449 2841 2520 inquit,
2873 2465 3028 2520 opera
3049 2448 3210 2517 facio,
3240 2456 3288 2500 et
3315 2447 3405 2501 ille
3429 2445 3556 2518 facit
3587 2441 3756 2518 (Joan.

2160 2560 2210 2609 v,
2243 2541 2355 2616 l9).
2389 2543 2443 2598 In
2476 2543 2732 2612 operibus
2762 2542 2934 2596 Patris
2961 2541 3121 2596 Jesus
3151 2540 3386 2604 videtur,
3431 2539 3482 2594 in
3507 2539 3760 2610 operibus

2161 2633 2282 2689 Filii
2308 2643 2362 2690 et
2407 2635 2566 2689 Pater
2607 2637 2870 2688 cernitur.
2903 2633 3045 2688 Vidit
3086 2632 3272 2688 Jesum
3329 2633 3420 2703 qui
3473 2630 3757 2688 Galilaeam

2161 2725 2293 2780 illud
2323 2726 2636 2797 mysterium
2663 2723 2841 2797 (Joan.
2871 2739 2930 2788 ιι,
2955 2724 3033 2794 9).
3067 2727 3093 2756 ⁸
3117 2723 3171 2778 id
3200 2732 3306 2790 est,
3329 2738 3395 2778 ex
3423 2737 3563 2792 aqua
3587 2721 3760 2778 vinum

2161 2818 2360 2874 factum
2389 2819 2556 2884 vidit;
2597 2818 2737 2888 quod
2771 2833 2930 2873 nemo
2975 2825 3180 2888 posset,
3223 2817 3323 2872 nisi
3353 2815 3541 2871 mundi
3591 2815 3764 2870 Domi-

2165 2929 2266 2969 nus
2291 2915 2557 2969 elementa
2578 2921 2918 2968 convertere.
2974 2910 3141 2966 Video
3164 2910 3372 2976 Jesum,
3402 2908 3624 2980 quando
3651 2909 3764 2978 lego

2163 3007 2283 3079 qui-i
2313 3021 2458 3062 (ειηεο
2490 3007 2662 3061 linivit
2699 3020 2766 3062 os
2788 3005 2886 3061 tios
2917 3006 3050 3070 luto,
3078 3015 3132 3060 et
3162 3004 3399 3060 reddidit
3420 3005 3620 3060 visum.
3679 3003 3762 3074 Ip-

2163 3114 2282 3153 sum
2314 3099 2457 3154 enim
2489 3113 2823 3169 recognosco
2851 3099 2944 3170 qui
2964 3098 3031 3153 de
3063 3099 3175 3152 luto
3203 3097 3357 3152 ﬁnxit
3388 3096 3692 3163 hominem,
3714 3106 3766 3152 et

457 3181 724 3248 apparuit,
758 3190 804 3235 et
834 3183 1077 3248 vidimus,
1132 3194 1178 3236 et
1199 3193 1463 3252 testamur,
1495 3197 1546 3241 et
1575 3187 1946 3245 annuntiamus
1974 3209 2063 3246 vo-
2089 3199 2133 3264 ρ
2165 3192 2215 3246 ei
2257 3191 2474 3246 vivendi
2505 3189 2779 3260 spiritum,
2811 3200 2866 3246 et
2893 3191 3108 3246 videndi
3147 3191 3328 3246 lutnen
3383 3188 3580 3244 infudit
3613 3188 3762 3262 (Gen.

458 3273 534 3326 bis
556 3274 619 3326 de
648 3275 778 3342 vita,
824 3290 940 3344 quae
977 3287 1082 3330 erat
1109 3277 1252 3345 apud
1283 3277 1510 3346 Patrem,
1556 3291 1607 3336 et
1647 3285 1891 3354 apparuit
1919 3288 2062 3342 nobis

457 3362 508 3434 (Ι
532 3363 688 3419 Joan.
723 3382 762 3431 ι,
796 3367 818 3420 l
852 3378 898 3420 et
917 3367 998 3438 2).
1034 3367 1196 3425 Vides
1229 3387 1358 3442 ergo
1410 3373 1552 3444 quod
1610 3373 1843 3430 Verbum
1891 3377 1984 3433 Dei
2010 3388 2065 3434 et

459 3461 636 3515 visum
668 3465 1054 3534 estapostolis,
1081 3475 1136 3520 et
1164 3467 1564 3523 anditum.Non
1594 3471 1768 3526 solum
1799 3474 1942 3527 enim
1972 3459 2062 3528 se?

458 3552 695 3607 cundum
734 3569 933 3624 corpus
957 3556 1213 3612 viderunt
1258 3558 1584 3627 Dominum,
1637 3562 1733 3617 sed
1786 3565 1949 3620 etiam
1980 3580 2068 3621 se-

457 3644 694 3699 cundum
723 3645 993 3714 Verbum;
1044 3649 1296 3706 viderunt
1325 3652 1470 3707 enim
1522 3653 1788 3722 Verbum,
1817 3659 1907 3727 qui
1943 3674 2064 3714 cum

460 3737 649 3809 Moyse
683 3749 738 3794 et
768 3739 881 3795 Elia
931 3742 1188 3798 viderunt
1241 3745 1473 3815 gloriam
1506 3746 1668 3803 Verbi
1699 3747 1810 3821 (Cf.
1845 3733 2064 3820 August.

462 3831 635 3904 Epist.
688 3851 846 3893 nunc.
883 3835 1009 3904 148,
1039 3837 1112 3894 αι.
1171 3839 1319 3909 ill).
1380 3840 1472 3896 Isti
1523 3843 1667 3898 enim
1700 3845 1952 3901 viderunt
1981 3846 2070 3902 Je-

457 3941 600 3991 sum,
620 3929 782 3998 quiin
808 3945 903 3982 sua
928 3929 1178 3986 viderunt
1197 3933 1402 4002 gloria;
1433 3935 1524 3990 alii
1551 3951 1656 3991 non
1679 3937 1952 4004 viderunt,
1975 3941 2068 4010 qui

459 4033 660 4088 corpus
712 4021 1088 4076 tantummodo
1129 4023 1313 4080 videre
1368 4035 1697 4094 potuerunt;
1760 4046 1867 4084 non
1923 4032 2068 4086 enim

463 4113 857 4180 corporalibus,
887 4116 983 4170 sed
1003 4117 1338 4186 spiritalibus
1358 4123 1532 4176 oculis
1564 4122 1722 4179 Iesus
1752 4125 1987 4182 videtur.

536 4206 590 4262 6.
634 4205 877 4277 Denique
915 4208 1087 4264 Judaei
1124 4223 1146 4250 ε
1181 4227 1286 4267 non
1343 4214 1595 4270 viderunt
1616 4232 1738 4271 eum
1765 4235 1780 4283 ;
1807 4220 1930 4284 quia
1963 4236 2070 4276 non

466 4299 726 4354 videbant
751 4300 802 4355 in
831 4301 1046 4371 spiritu.
1076 4303 1224 4360 Vidit
1243 4306 1389 4361 enim
1414 4308 1720 4377 Abraham;
1748 4313 1874 4381 quia
1899 4315 2076 4383 scrip-

467 4398 581 4446 tum
613 4404 697 4448 est
729 4410 743 4447 :
770 4393 1030 4450 Abraham
1074 4398 1211 4452 diem
1255 4417 1423 4454 meum
1479 4403 1630 4466 vidit,
1681 4413 1729 4458 et
1764 4408 1970 4478 gavisus
1998 4419 2074 4462 est

469 4483 651 4556 (Joan.
678 4502 795 4553 vin,
840 4488 957 4560 56).
1009 4489 1152 4547 Vidit
1173 4509 1302 4564 ergo
1328 4509 1453 4552 eum
1507 4497 1806 4566 Abraham,
1839 4502 1931 4570 qui
1965 4502 2072 4557 Do-

2167 3301 2228 3352 ιι,
2253 3285 2330 3357 7).
2361 3284 2530 3340 Video
2557 3284 2764 3352 Jesum,
2792 3284 3009 3356 quando
3035 3294 3256 3355 peccata
3273 3283 3584 3347 eondonat;
3616 3297 3768 3338 nemo

2167 3377 2310 3432 enim
2374 3385 2549 3447 potest
2599 3387 2816 3447 peccata
2881 3377 3196 3441 dimittere,
3257 3377 3361 3431 nisi
3429 3375 3582 3430 solus
3633 3375 3770 3430 Deus

2169 3471 2363 3544 (Marc.
2413 3489 2473 3538 ιι,
2519 3471 2623 3528 6et
2652 3474 2731 3544 7).
2779 3471 2952 3529 Video
3001 3472 3213 3539 Jesum,
3257 3471 3475 3542 quando
3506 3471 3769 3527 Lazarum

2168 3571 2519 3626 suscitatzet
2555 3585 2662 3625 non
2717 3570 2969 3626 viderunt
2997 3571 3088 3642 qui
3146 3569 3398 3625 viderunt
3449 3568 3635 3641 (Joan.
3695 3584 3772 3632 XI,

2169 3661 2284 3733 44).
2317 3661 2488 3717 Video
2511 3661 2717 3729 Jesum,
2744 3663 2902 3718 video
2930 3661 3096 3718 etiam
3129 3659 3366 3728 Patrem,
3399 3660 3621 3732 quando
3649 3674 3773 3714 oeu-

2171 3753 2253 3809 los
2292 3753 2358 3809 ad
2387 3755 2583 3809 cmlum
2615 3756 2789 3824 erigo,
2836 3755 2903 3810 ad
2933 3755 3100 3810 maria
3126 3764 3412 3820 converto,
3460 3752 3530 3808 ad
3576 3763 3773 3808 terram

2172 3858 2464 3919 retorqueo
2500 3867 2511 3902 :
2551 3847 2840 3903 Invisibilia
2871 3849 3004 3902 enim
3033 3850 3165 3920 ejus,
3201 3865 3290 3915 per
3317 3864 3377 3902 ea
3405 3862 3523 3917 qut:
3552 3845 3774 3920 perfecta

2172 3953 2288 3996 sunt
2333 3943 2612 4007 intellecta,
2639 3942 3027 4012 conspiciuntur
3059 3939 3236 4012 (Rom.
3264 3956 3304 4006 ι,
3327 3939 3448 4010 ΞΟ).

2245 4035 2299 4090 8.
2343 4034 2491 4090 Sicut
2519 4033 2841 4088 tradiderunt
2870 4033 3036 4098 nobis,
3067 4034 3155 4102 qui
3177 4032 3240 4086 ab
3275 4032 3422 4086 initio
3444 4031 3707 4093 viderunt,
3731 4037 3773 4083 et

2174 4126 2398 4181 ministri
2447 4130 2653 4197 fuerunt
2685 4125 2862 4179 Verbi.
2893 4124 3122 4180 Gemina
3169 4125 3342 4179 virtus
3368 4123 3531 4177 estin
3561 4122 3778 4176 homine

2176 4217 2438 4287 perfecto,
2470 4225 2601 4270 utet
2632 4217 2862 4271 intentio
2889 4217 2982 4282 sit,
3009 4224 3065 4270 et
3091 4215 3255 4270 actio.
3301 4214 3595 4284 Utramque
3622 4215 3780 4285 igitur

2175 4311 2429 4366 virtutem
2475 4320 2697 4366 sanctus
2721 4311 3074 4380 Evangelista
3124 4310 3388 4380 apostolis
3423 4307 3642 4376 defert;
3677 4323 3780 4363 non

2176 4403 2351 4457 solum
2400 4402 2544 4458 enim
2587 4403 2875 4469 viderunt,
2920 4404 3014 4457 sed
3055 4403 3218 4458 etiam
3278 4402 3539 4469 ministri,
3571 4401 3779 4472 inquit,

2183 4493 2338 4548 Verbi
2368 4498 2595 4564 fuerunt.
2624 4493 2856 4550 Intentio
2888 4494 3132 4556 visionis,
3159 4493 3393 4549 actionis
3417 4503 3503 4548 est
3530 4495 3787 4549 ministe-

469 4579 673 4634 minum
705 4581 890 4653 utique
918 4582 972 4639 in
1000 4599 1232 4655 corpore
1259 4602 1364 4644 non
1399 4588 1617 4646 videbat
1650 4608 1664 4645 :
1695 4591 1790 4647 sed
1822 4595 1911 4662 qui
1935 4594 2068 4650 vidit
2097 4599 2149 4659 Ι)
2173 4590 2312 4644 rium
2347 4605 2361 4643 :
2393 4589 2516 4643 linis
2547 4599 2730 4644 autem
2779 4588 3094 4644 intentionis
3120 4596 3206 4643 est
3233 4588 3379 4643 actio
3410 4605 3424 4642 :
3457 4587 3782 4658 principium

469 4671 526 4727 in
554 4673 769 4743 spiritu,
801 4675 937 4730 vidit
979 4677 1030 4732 in
1058 4693 1325 4750 corpore:
1357 4683 1448 4752 qui
1495 4693 1676 4739 autem
1701 4684 1838 4740 vidit
1865 4686 1918 4740 in
1950 4702 2073 4742 cor-

468 4779 622 4835 pore,
653 4775 709 4820 et
736 4782 842 4823 non
869 4769 1002 4824 vidit
1030 4772 1082 4826 in
1133 4774 1364 4842 spiritu;
1399 4790 1500 4830 nec
1553 4776 1608 4831 in
1639 4778 1758 4848 ipso
1783 4779 1918 4834 vidit
1943 4794 2067 4835 eor-

471 4871 624 4926 pore,
648 4860 791 4929 quod
849 4861 1090 4921 videbat.
1111 4865 1261 4923 Vidit
1310 4883 1434 4922 eum
1464 4868 1684 4936 Esaias;
1719 4882 1772 4925 et
1796 4873 1920 4942 quia
1941 4873 2075 4928 vidit

473 4949 526 5004 in
556 4950 772 5019 spiritu.
793 4953 926 5009 vidit
956 4963 1012 5010 et
1034 4956 1085 5010 in
1112 4973 1365 5027 corpore.
1400 4959 1642 5030 Denique
1673 4960 1796 5016 Non
1833 4962 2068 5029 habebat,

470 5043 664 5114 inquit,
690 5048 908 5117 speciem
927 5067 1074 5104 suam
1097 5067 1256 5120 neque
1273 5052 1504 5108 decorem
1522 5052 1693 5126 (Esai.
1719 5071 1828 5114 Llll.
1855 5055 1935 5126 2).
1955 5055 2073 5112 Non

473 5138 725 5196 viderunt
750 5158 873 5198 eum
897 5142 1070 5200 Judaei
1093 5162 1108 5209 ;
1133 5145 1463 5202 obezeeatum
1495 5150 1639 5205 enim
1663 5160 1782 5206 erat
1810 5150 2075 5221 insipiens

551 5309 578 5338 ⁸
613 5300 770 5356 Rom.
797 5299 954 5367 edit.,
983 5302 1076 5356 sed
1101 5303 1250 5358 verbo
1269 5313 1418 5374 atque
1446 5304 1649 5358 ratione
1668 5319 1810 5368 vera,
1836 5310 1941 5358 etc.

549 5390 578 5429 δ
608 5391 705 5466 Sic
725 5392 857 5448 edit.
892 5407 1110 5466 omnes,
1162 5408 1226 5448 ac
1259 5411 1390 5450 mss.
1413 5395 1640 5466 aliquot.
1667 5393 1869 5466 Novem
1899 5403 2080 5448 tamen

479 5475 587 5538 non
619 5464 820 5538 intima;
849 5474 991 5538 notae
1015 5464 1198 5538 legunt
1233 5476 1286 5519 ut
1328 5464 1577 5538 magisge
1625 5465 1824 5535 quibus
1849 5475 2083 5538 quatuor

481 5535 670 5604 majus,
695 5535 1033 5606 ministerium
1060 5536 1215 5592 verbi.
1240 5553 1391 5606 quam
1413 5534 1626 5590 auditus
1647 5534 1673 5589 7:
1695 5551 1761 5588 ex
1788 5534 1893 5602 quo
1915 5534 2080 5606 etiam

480 5603 957 5677 numerouquidam
981 5603 1340 5677 iortercalami
1399 5608 1573 5677 lap-tt,
1625 5623 1778 5677 quam
1821 5605 2079 5660 auditum.

484 5671 591 5728 Sed
622 5674 675 5729 in
705 5675 814 5729 illis
843 5675 1094 5730 omnibus
1115 5676 1292 5743 deest,
1327 5671 1511 5733 visum.

559 5797 580 5822 ο
605 5782 729 5840 Mss.
769 5782 933 5843 Corb.
960 5797 1015 5843 et
1045 5787 1137 5846 alii
1166 5800 1273 5846 non
1318 5793 1496 5862 pauci,
1544 5810 1646 5847 non
1673 5787 1910 5847 viderunt
1939 5810 2078 5864 eum,

2183 4682 2413 4737 actionis
2444 4683 2695 4736 intentio.
2727 4685 2904 4753 Atque
2933 4689 2994 4735 ut
3014 4681 3236 4752 proprio
3262 4681 3639 4750 apostolorum
3672 4690 3786 4735 uta-

2187 4791 2308 4828 mur
2337 4774 2606 4844 exemplo,
2659 4773 2889 4829 intentio
2917 4783 3024 4839 est,
3055 4773 3199 4842 quod
3227 4772 3418 4827 Petrus
3443 4781 3496 4826 et
3519 4771 3786 4827 Andrazas

2183 4866 2364 4922 audita
2397 4866 2605 4921 Domini
2625 4880 2758 4921 voce
2783 4864 3014 4921 dicentis
3041 4881 3054 4918 :
3092 4861 3110 4901 τ
3134 4859 3349 4917 Faciam
3371 4879 3456 4917 vos
3475 4863 3591 4932 fieri
3617 4863 3788 4932 pisca-

2185 4969 2320 5014 tores
2347 4960 2608 5013 hominum
2641 4958 2854 5030 (Matth.
2911 4971 2987 5019 tv,
3024 4955 3140 5028 l9),
3172 4957 3292 5010 sine
3323 4957 3432 5010 ulla
3458 4971 3788 5026 comperen-

2184 5053 2462 5109 dinatione
2485 5054 2826 5124 reliquerunt
2843 5053 3129 5115 scalmum,
3166 5049 3400 5106 Verbum
3423 5049 3602 5104 secuti
3633 5057 3786 5106 sunt.

2179 5149 2288 5206 Sed
2320 5164 2426 5204 non
2455 5149 2636 5203 statim
2669 5149 2721 5202 in
2768 5149 3068 5205 intentione
3109 5147 3254 5204 actio
3283 5161 3299 5200 :
3327 5160 3430 5200 nec
3459 5144 3532 5199 ibi
3562 5143 3782 5215 quidem

2183 5301 2270 5370 qui
2301 5299 2557 5354 videbant.
2601 5298 2762 5364 Vidit,
2791 5308 2897 5354 ete.
2947 5299 3062 5354 Non
3107 5299 3270 5364 male,
3312 5297 3356 5352 si
3407 5303 3529 5368 post
3559 5297 3786 5352 verbum

2192 5372 2450 5436 videbant,
2475 5371 2910 5437 subintelligatur
2928 5372 2979 5424 in
3007 5386 3239 5436 corpore.

2263 5439 2288 5478 ἀ
2317 5441 2439 5496 Vet.
2464 5441 2596 5496 edit.
2621 5453 2672 5494 et
2697 5442 2940 5510 plerique
2961 5456 3092 5495 mss.
3115 5442 3270 5494 immo
3291 5437 3720 5510 dicentem_audi.

2265 5521 2289 5549 ο
2319 5510 2386 5564 Id
2405 5521 2502 5576 est,
2535 5529 2598 5566 ea:
2625 5508 2756 5581 aqua
2805 5508 2978 5566 vinum
3022 5512 3248 5581 factum:
3293 5509 3415 5562 llmc
3445 5508 3616 5581 verba
3672 5524 3788 5576 quae

2192 5597 2298 5637 non
2327 5581 2428 5636 nisi
2471 5583 2524 5638 in
2550 5579 2720 5638 tribus
2751 5597 2883 5637 mss.
2904 5593 2955 5636 et
2984 5582 3036 5636 in
3064 5582 3194 5635 edit.
3223 5579 3377 5633 Rom.
3413 5580 3786 5646 reperiuntur,

2186 5669 2218 5708 e
2246 5654 2423 5723 glossa
2449 5655 2501 5708 in
2527 5663 2730 5708 textum
2765 5654 3049 5722 irrepsisse
3090 5651 3226 5705 haud
3252 5649 3748 5723 itnprolmbilcesh

2269 5723 2288 5762 ί
2320 5723 2485 5780 Corb.
2506 5733 2563 5781 et
2583 5725 2674 5780 alii
2705 5719 2932 5793 aliquot,
2974 5724 3164 5795 faciam
3195 5736 3280 5776 vos
3304 5720 3589 5791 piscatores
3614 5719 3784 5775 homi-

2186 5809 2256 5848 tm
2264 5812 2309 5847 »ιι
2320 5835 2329 5845 .
