3960 6310
445 225 582 294 tas)

1776 228 2022 295 SANCTI
2059 237 2389 296 AMBROSII

3606 227 3754 291 13ιο

438 353 685 408 consumi
730 360 912 424 potest
945 369 957 408 :
992 352 1342 422 Evangelium
1394 352 1643 410 consumi
1701 365 1809 408 non
1841 362 2038 423 potest.
2071 371 2120 432 Α
2148 354 2242 408 bus
2271 353 2530 408 mandatis
2562 361 2609 407 et
2634 351 3097 427 justiﬁeationibus
3134 350 3346 406 Domini
3374 351 3484 406 sine
3507 351 3749 422 querela.

438 445 798 517 Evangelium
859 446 1060 500 bonum
1112 445 1304 516 pignus
1357 455 1440 500 est
1472 463 1487 499 :
1517 445 1614 501 sed
1659 441 1783 500 vide
1833 460 1902 500 nc
1958 445 2041 501 vel

439 541 493 595 in
524 544 704 596 animo
745 552 841 597 tuo
886 541 1014 596 illud
1055 552 1147 596 aut
1181 542 1324 596 tinea
1361 551 1453 595 aut
1502 555 1686 611 :crugo
1733 548 2036 596 consumat.

430 629 718 689 Consumit
740 635 915 699 tinea,
944 635 989 690 si
1029 633 1176 704 quod
1218 634 1356 691 bene
1386 633 1604 706 legeris,
1640 633 1781 689 male
1823 632 2040 689 credas.

515 725 600 780 15.
642 717 813 782 Tinea
842 725 1132 782 haereticus
1157 733 1268 794 est,
1305 727 1446 782 tinea
1475 725 1738 782 Photinus
1761 733 1865 790 est,
1895 726 2041 782 tinea

431 827 521 874 tua
555 821 863 876 Arriusest.
911 818 1122 877 Scindit
1174 822 1592 886 vesntncntuin,
1621 820 1711 892 qui
1739 829 1955 892 separat
2010 834 2042 873 a

437 913 550 969 Deo
598 909 852 969 Verbum.
898 911 1108 971 Scindit
1147 914 1530 970 vestimentum
1581 911 1882 981 Photinus,
1914 928 2040 969 cum

430 997 562 1074 legit
597 1023 610 1060 :
644 1001 711 1059 In
759 1007 1018 1076 principio
1073 1015 1183 1061 erat
1239 999 1500 1070 Verbum,
1550 1016 1598 1061 et
1664 999 1886 1059 Verbum
1931 1013 2040 1059 erat

433 1095 574 1166 apud
607 1097 793 1165 Deum,
814 1107 861 1152 et
883 1097 1026 1153 Deus
1047 1107 1157 1153 erat
1185 1097 1368 1169 (Joan.
1396 1114 1436 1164 l,
1471 1093 1546 1168 l).
1590 1096 1863 1167 lntegrum
1895 1096 2040 1151 enim

431 1188 816 1244 vestimentum
860 1198 976 1257 est,
1021 1189 1067 1245 si
1117 1188 1266 1260 legas
1301 1207 1313 1242 :
1347 1185 1416 1242 Et
1469 1186 1610 1243 Deus
1647 1196 1757 1242 erat
1792 1185 2035 1242 Verbum.

429 1277 624 1349 (lbid.)
655 1278 866 1335 Scindit
896 1280 1277 1336 veStimeutum
1309 1281 1400 1350 qui
1432 1289 1650 1351 separat
1677 1295 1706 1334 a
1739 1280 1848 1335 Deo
1878 1277 2039 1336 Chrio

433 1377 600 1426 stum.
629 1371 839 1429 Scindit
866 1375 1251 1429 vestimentum
1274 1374 1366 1444 qui
1401 1372 1531 1444 legit
1562 1391 1575 1428 :
1613 1369 1740 1428 Ηωε
1767 1383 1841 1428 est
1869 1383 2037 1428 autent

433 1465 537 1518 vita
591 1475 822 1531 (eterna,-
876 1473 931 1520 ut
980 1475 1295 1537 cognoscant
1345 1475 1394 1521 te
1431 1465 1600 1520 solum
1639 1481 1814 1520 verum
1871 1461 2037 1519 Deum

430 1555 614 1630 (Joan.
670 1566 804 1624 xvn,
834 1557 938 1630 3);
971 1557 1075 1614 nisi
1119 1565 1416 1638 cognoscat
1462 1567 1517 1614 et
1560 1551 1859 1613 Christum.
1915 1553 2033 1612 Non

435 1653 580 1708 enim
631 1653 808 1708 solum
870 1651 1086 1708 Patrem
1143 1661 1273 1709 vere
1316 1653 1484 1708 Deum
1537 1667 1870 1722 cognoscere
1925 1651 2034 1705 vita

2222 445 2307 501 15.
2353 445 2522 502 Docet
2548 461 2648 501 nos
2673 443 2952 518 Scriptura
2991 443 3172 501 divina
3215 461 3324 501 non
3354 446 3529 500 solum
3561 458 3751 500 mores

2147 538 2201 594 in
2242 539 2308 596 iis
2361 541 2450 610 qui
2501 537 2881 610 praedicabiles
2935 550 3080 606 sunt,
3132 539 3228 594 sed
3268 540 3431 595 etiam
3487 548 3751 610 parentes

2145 646 2403 705 Oportere
2451 637 2780 703 landari;ut
2825 637 2989 691 veluti
3033 635 3354 691 transmissa
3382 634 3754 690 immaculata:

2147 721 2403 802 puritatis
2447 727 2738 785 litcrcditas
2784 729 2838 785 in
2895 731 2962 785 iis
3014 745 3152 802 quos
3202 729 3455 784 volumus
3501 727 3749 794 laudare,

2148 821 2442 892 praecellat.
2500 823 2632 891 Qua!
2677 823 2819 878 enim
2853 821 2956 876 alia
3001 821 3230 877 intentio
3285 823 3389 875 hoc
3427 821 3550 876 loco
3571 818 3754 875 sancti

2146 909 2534 985 Evangelistae,
2569 915 2672 969 nisi
2699 925 2757 969 ut
2783 926 3006 970 sanctus
3030 915 3270 971 Joannes
3319 913 3559 984 Baptista
3592 913 3757 970 nobi-

2146 1004 2332 1061 litetur
2391 1007 2743 1077 parentibus,
2793 1006 3109 1073 miraculis,
3161 1005 3436 1074 moribus,
3486 1021 3753 1074 munere,

2143 1097 2432 1168 passione?
2475 1099 2566 1154 Sic
2591 1102 2754 1155 etiam
2785 1100 2959 1154 sancti
2991 1099 3214 1155 Samuel
3245 1107 3417 1155 mater
3443 1099 3601 1154 Anna
3629 1099 3757 1154 lau-

2142 1189 2305 1245 datur
2330 1209 2344 1245 :
2369 1190 2448 1246 sic
2471 1190 2617 1247 Isaac
2646 1206 2676 1246 a
2703 1193 3020 1262 parentibus
3041 1191 3380 1247 nobilitatem
3413 1191 3624 1261 pietatis
3658 1205 3758 1246 ac-

2142 1287 2489 1358 cepit,quam
2519 1290 2755 1358 posteris
2781 1287 3092 1358 dereliquit.
3134 1285 3402 1344 Sacerdos
3431 1287 3615 1357 itaque
3643 1287 3757 1340 Za-

2140 1379 2377 1448 charias,
2402 1396 2501 1436 nec
2533 1382 2709 1436 solum
2736 1380 3017 1449 sacerdos,
3039 1380 3134 1437 sed
3167 1381 3331 1436 etiam
3357 1381 3425 1437 de
3447 1381 3564 1437 vice
3583 1379 3753 1447 Αιιὶςι,

2141 1473 2194 1530 id
2225 1483 2308 1529 est
2336 1474 2534 1530 nobilis
2563 1475 2708 1531 inter
2734 1475 3044 1546 superiores
3071 1474 3331 1530 familias.

2216 1567 2301 1622 16.
2344 1567 2587 1636 Eluxor,
2620 1569 2820 1640 inquit,
2873 1573 2987 1642 ejus
3033 1570 3096 1624 de
3141 1565 3352 1638 ﬁliabus
3375 1569 3570 1624 Aaron.
3624 1567 3754 1625 Non

2141 1655 2318 1713 solum
2343 1659 2506 1730 igitur
2545 1675 2577 1714 a
2622 1661 2957 1730 parentibus,
3018 1659 3114 1716 sed
3153 1660 3316 1716 etiam
3347 1676 3376 1715 a
3440 1660 3752 1730 majoribus

432 1753 636 1801 aeterna
667 1755 789 1802 est:
821 1744 919 1802 sed
934 1745 1099 1801 etiam
1124 1753 1150 1782 η
1176 1743 1453 1799 Christum
1485 1759 1818 1815 cognoscere
1848 1753 2033 1799 verum
2066 1751 2113 1812 B
2141 1751 2315 1806 sancti
2374 1749 2600 1807 Joannis
2673 1751 2927 1806 nobilitas
2985 1761 3351 1823 propagatur;
3407 1768 3514 1810 non
3564 1768 3752 1809 saccu-

433 1837 626 1904 Deum,
658 1845 848 1893 verum
874 1837 942 1892 de
970 1845 1120 1901 Vero,
1160 1836 1332 1891 Deum
1381 1835 1450 1891 de
1479 1835 1612 1902 Deo,
1645 1835 1752 1889 vita
1782 1845 1865 1890 est
1889 1849 2033 1889 sem-

435 1930 669 2000 piterna.
703 1929 871 1985 Tinea
907 1938 992 1984 est
1015 1928 1294 1984 Christum
1331 1937 1666 1997 cognoscere
1697 1927 1814 1982 sine
1839 1925 2035 1981 divini-

433 2020 564 2075 tatis
591 2020 718 2087 lide,
741 2029 839 2074 aut
863 2021 1110 2090 corporis
1129 2023 1503 2075 sacramento.
1521 2013 1690 2073 Tinea
1703 2028 1788 2074 est
1813 2019 2029 2084 Arrius,

427 2118 577 2168 tinea
602 2121 690 2170 est
719 2114 1015 2170 Sabeiiius.
1044 2112 1255 2168 Patitur
1280 2111 1378 2168 bas
1427 2109 1600 2169 tineas
1653 2113 1873 2182 spiritus
1901 2111 2034 2169 lluc—

431 2207 701 2262 tuentium
731 2217 746 2261 ι
781 2207 983 2275 patitur
1007 2204 1105 2260 has
1147 2204 1322 2260 tineas
1347 2205 1571 2275 spiritus
1600 2205 1693 2276 qui
1715 2219 1822 2261 non
1861 2204 2035 2260 credit

430 2299 556 2370 quia
594 2299 755 2355 Pater
787 2311 841 2355 et
867 2297 1039 2354 Filius
1080 2295 1360 2354 divinitate
1403 2307 1569 2352 unum
1617 2305 1786 2352 sunt:
1827 2295 2036 2353 Scindit

425 2391 572 2462 quod
603 2392 862 2462 scriptum
892 2400 978 2448 est
1003 2407 1020 2446 :
1044 2389 1160 2463 Ego
1201 2402 1249 2446 et
1273 2389 1433 2445 Pater
1456 2407 1617 2445 unum
1646 2405 1818 2446 sumus
1847 2389 2029 2464 (Joan.

423 2490 479 2551 κ,
514 2482 628 2555 50),
664 2489 756 2556 qui
802 2497 973 2541 unum
1005 2495 1101 2556 per
1144 2484 1414 2540 discretas
1449 2485 1786 2541 substantias
1817 2486 2033 2544 dividit.

427 2576 640 2632 Patitur
665 2578 804 2633 hanc
827 2580 1030 2634 tineam
1055 2576 1299 2649 spiritus,
1335 2577 1428 2646 qui
1457 2575 1643 2634 Jesum
1675 2577 1950 2635 Christum
1978 2578 2032 2633 in

427 2681 597 2726 carne
626 2671 838 2727 venisse
867 2687 974 2728 non
1006 2673 1183 2730 credit
1218 2693 1231 2732 :
1263 2685 1318 2733 et
1348 2677 1465 2748 ipse
1492 2682 1575 2729 est
1599 2672 1777 2732 tinea:
1809 2671 1924 2742 ipse
1952 2678 2038 2726 est

425 2764 575 2818 enim
625 2763 998 2822 antichristus.
1033 2767 1134 2835 Qui
1190 2775 1370 2824 autem
1424 2766 1494 2823 de
1532 2767 1644 2822 Deo
1692 2773 1839 2833 sunt,
1871 2761 2033 2819 (idem

431 2865 651 2923 tenent;
683 2869 738 2914 et
786 2860 909 2916 ideo
947 2864 1152 2918 tineam
1203 2863 1316 2934 pati
1345 2880 1450 2918 non
1483 2870 1709 2934 queunt,
1743 2876 1864 2933 qua:
1895 2860 2033 2916 divi-

425 2949 507 3005 dit
535 2953 942 3010 vestimentum.
999 2955 1171 3011 Omne
1224 2957 1370 3011 enim
1401 2956 1542 3026 quod
1567 2957 1712 3010 inter
1751 2969 1812 3010 se
1837 2951 2034 3009 dividi-

428 3055 538 3114 tur,
563 3046 920 3104 sicutsatana:
937 3065 1184 3120 regnum,
1211 3066 1318 3105 non
1338 3059 1516 3120 potest
1545 3067 1666 3106 esse
1687 3059 2027 3120 perpetuum.

2139 1837 2238 1898 lari
2297 1853 2567 1915 potestate
2617 1843 2892 1912 sublimis,
2943 1844 3039 1900 sed
3092 1845 3375 1916 religionis
3396 1847 3748 1903 successione

2137 1939 2484 1994 venerabilis.
2559 1935 2718 1995 Tales
2785 1940 2932 1996 enim
2987 1939 3233 2011 majores
3304 1939 3505 1997 habere
3553 1939 3752 1996 debuit

2137 2035 2476 2104 prmuuntius
2527 2032 2771 2102 Christi;
2823 2044 2880 2088 ut
2929 2050 3038 2090 non
3097 2043 3331 2106 repente
3394 2043 3748 2105 conceptam,

2135 2123 2234 2181 scd
2283 2141 2312 2180 a
2365 2125 2661 2196 majoribus
2710 2135 3030 2197 acceptam,
3082 2135 3139 2182 ct
3188 2128 3307 2196 ipso
3353 2123 3585 2181 inlusam
3616 2125 3752 2196 iure

2137 2229 2344 2276 naturae
2397 2220 2696 2292 przcdicare
2754 2219 2919 2276 iidem
2981 2219 3254 2276 Dominici
3309 2218 3587 2276 videretur
3633 2217 3752 2275 ad-

2138 2321 2358 2370 ventus.

2211 2407 2301 2460 l7.
2343 2405 2529 2475 Erant,
2555 2403 2752 2477 inquit,
2783 2405 2933 2460 ambo
2946 2405 3078 2476 justi
3100 2403 3394 2460 incedentes
3419 2405 3475 2459 in
3501 2403 3746 2459 omnibus

2146 2497 2410 2554 mandatis
2431 2508 2478 2552 et
2495 2496 2961 2572 justiﬁcationibus
2982 2495 3195 2552 Domini
3214 2497 3324 2552 sine
3348 2495 3572 2568 querela.
3598 2495 3750 2563 Quid

2137 2591 2204 2647 ad
2250 2589 2354 2648 hoc
2385 2591 2633 2648 referunt
2662 2592 2754 2662 qui
2788 2591 3026 2661 peccatis
3077 2589 3190 2646 suis
3219 2589 3414 2646 solatia
3442 2589 3750 2660 proderen-

2138 2692 2243 2747 tes,
2274 2685 2392 2740 sine
2421 2684 2661 2755 peccatis
2681 2682 3050 2754 frequentibus
3080 2681 3356 2738 hominem
3381 2691 3570 2753 putant
3612 2697 3752 2739 esse

2139 2794 2246 2832 non
2289 2791 2472 2847 posse,
2503 2786 2557 2831 et
2587 2785 2812 2832 utuntur
2849 2775 3152 2843 versiculo;
3207 2775 3332 2846 quia
3362 2774 3624 2846 scriptum
3657 2785 3746 2830 est

2137 2867 2190 2924 in
2239 2869 2381 2927 Job:
2415 2867 2584 2924 Nemo
2614 2868 2835 2923 mundus
2873 2885 2905 2921 a
2936 2867 3115 2933 sorde,
3172 2883 3264 2922 nec
3291 2867 3336 2921 si
3378 2883 3480 2921 una
3518 2865 3602 2920 die
3631 2867 3750 2922 vita

2137 2967 2251 3038 ejus
2277 2964 2341 3018 sit
2385 2963 2440 3017 in
2493 2972 2652 3028 terra,
2697 2963 2955 3017 numerosi
2994 2977 3190 3018 menses
3213 2963 3327 3028 eius
3351 2961 3416 3015 ab
3446 2961 3558 3030 ipso
3578 2957 3739 3033 (Job.

2135 3073 2250 3124 xtv,
2281 3058 2316 3113 4
2343 3067 2392 3112 et
2418 3056 2510 3127 5)?
2533 3056 2743 3124 Quibus
2757 3056 3194 3126 respondendum
3221 3067 3328 3124 est,
3358 3056 3507 3126 prius
3531 3051 3750 3124 utquid

501 3137 590 3194 14.
634 3141 728 3197 Est
758 3142 921 3198 etiam
955 3159 1138 3214 aerugo
1169 3143 1358 3211 animi,
1394 3160 1518 3200 cum
1550 3142 1894 3199 saecularium
1913 3158 2032 3197 sor-
2059 3133 2104 3196 C
2137 3149 2208 3204 sit
2259 3147 2534 3204 hominem
2590 3151 2710 3204 sine
2763 3157 2991 3218 peccato
3035 3162 3158 3204 esse
3209 3146 3468 3204 deliniant
3500 3164 3515 3202 :
3552 3156 3747 3203 utrum

421 3234 588 3291 dibus
611 3235 969 3308 cupiditatum
1009 3239 1280 3310 religiosa:
1317 3239 1462 3294 acies
1503 3237 1820 3293 intentionis
1851 3235 2027 3292 obdu—

425 3329 590 3395 citur,
623 3339 720 3384 aut
765 3329 892 3386 lidei
920 3333 1128 3403 paritas
1179 3331 1528 3390 decoloratur
1575 3331 1718 3387 nube
1763 3331 2025 3402 perlidiaa.

426 3420 632 3492 Airugo
679 3424 880 3479 mentis
926 3431 1012 3481 est
1055 3427 1132 3482 rei
1176 3427 1445 3497 cdpidltas
1487 3425 1810 3482 familiaris:
1844 3442 2030 3498 aerugo

427 3514 627 3570 mentis
651 3513 867 3571 incuria
907 3527 993 3572 est
1023 3535 1036 3569 :
1070 3533 1252 3589 aerugo
1278 3519 1475 3574 mentis
1501 3529 1580 3574 est
1607 3518 1832 3573 ambitio
1853 3517 2030 3588 digni-

425 3613 618 3676 tatum,
650 3609 693 3663 ει
718 3608 772 3663 in
802 3609 885 3664 his
917 3623 1127 3668 summa
1155 3627 1281 3682 spes
1309 3611 1435 3666 vita:
1480 3612 1766 3681 prmsentis
1796 3612 2026 3666 locetur.

421 3692 628 3755 Etideo
655 3699 721 3755 ad
749 3700 928 3757 divina
957 3702 1231 3770 conversi,
1266 3712 1524 3758 acuamus
1548 3702 1845 3774 ingenium,
1871 3718 2028 3758 excr-

419 3800 644 3850 eeamus
692 3793 976 3861 allectum;
1007 3803 1065 3850 ut
1088 3795 1327 3866 gladium
1383 3793 1533 3851 illum
1557 3837 1574 3864 ,
1615 3811 1774 3866 quem
1807 3795 2024 3851 vendita

422 3893 573 3942 veste
603 3880 758 3960 (Luc.
803 3899 936 3956 χχιι,
985 3885 1104 3956 56),
1137 3893 1246 3944 emi
1277 3887 1734 3960 Domitiusjubct,
1777 3899 2024 3959 paratum

417 3995 634 4053 semper
664 3994 718 4039 et
769 3982 1009 4040 lucidum
1040 3991 1314 4055 tamquam
1363 3985 1416 4039 in
1445 3983 1634 4056 vagina
1679 3984 1877 4041 mentis
1924 4000 2026 4040 re-

419 4075 702 4130 conditum
742 4074 947 4130 habere
977 4077 1270 4145 possimus.
1322 4076 1487 4131 Arma
1518 4077 1661 4132 enim
1684 4076 1946 4146 spiritalia
1970 4087 2024 4132 et

417 4166 581 4222 l‘ot'tia
605 4167 718 4222 Deo
740 4167 807 4221 ad
839 4166 1201 4222 destruendas
1229 4168 1562 4224 munitiones
1584 4157 1847 4225 militibus
1868 4168 2024 4224 Chri-

415 4259 485 4314 sti
518 4257 720 4314 debent
773 4267 991 4328 semper
1019 4274 1144 4315 esse
1191 4259 1521 4328 praesentia;
1557 4276 1626 4317 ne
1656 4275 1777 4315 cum
1808 4263 2024 4318 venerit

413 4351 524 4408 dux
543 4351 782 4408 caelestis
807 4351 1032 4418 militiae,
1069 4349 1280 4426 1271
1305 4349 1412 4407 situ
1436 4360 1750 4408 nostrorum
1783 4349 2023 4410 offensus

415 4455 720 4510 armorum,
750 4443 1068 4517 alegionum
1091 4462 1312 4502 suarum
1328 4461 1429 4503 nos
1456 4447 1720 4502 sccietate
1746 4457 2019 4505 secernat.

2132 3255 2431 3312 numquam
2470 3239 2696 3295 omnino
2747 3255 3034 3311 peccasse,
3073 3255 3142 3294 an
3181 3238 3416 3296 desiisse
3461 3239 3748 3310 peccaret

2131 3335 2187 3391 Si
2213 3335 2356 3390 enim
2390 3335 2491 3388 hoc
2513 3341 2703 3403 putant
2729 3330 2846 3388 sine
2873 3343 3098 3404 peccato
3125 3347 3272 3399 esse,
3295 3330 3324 3369 ι)
3355 3331 3580 3388 desiisse
3608 3345 3748 3401 pec-

2132 3442 2260 3484 care
2293 3445 2305 3480 :
2347 3436 2403 3482 et
2433 3425 2548 3496 ipse
2573 3427 2892 3494 consentio;
2932 3424 3122 3480 Omnes
3149 3425 3285 3480 enim
3301 3434 3666 3498 peccaverunt,
3694 3434 3749 3480 et

2131 3527 2274 3590 egeni
2317 3519 2485 3590 gloria
2515 3515 2613 3572 Dei
2645 3513 2824 3590 (Rom.
2853 3532 2933 3583 nt,
2959 3517 3077 3590 23).
3101 3516 3194 3574 Sin
3226 3527 3429 3585 autem,
3462 3532 3587 3574 eum
3637 3518 3749 3589 qui

2130 3620 2370 3668 veterem
2395 3627 2636 3667 errorem
2659 3611 2982 3678 correxerit,
3014 3619 3067 3666 et
3092 3609 3144 3665 in
3176 3625 3296 3666 eam
3322 3626 3383 3667 se
3405 3609 3527 3666 vita:
3557 3621 3750 3668 trans-

2130 3705 2444 3762 iormaverit
2471 3705 2810 3776 qualitatem,
2836 3714 2895 3760 ut
2917 3715 3184 3776 temperet
3203 3720 3234 3760 a
3256 3713 3503 3775 peccato,
3527 3718 3745 3777 negant

2131 3797 2407 3853 abstinere
2453 3812 2484 3851 a
2509 3795 2758 3865 delictis,
2814 3812 2921 3852 non
2970 3811 3188 3867 possum
3219 3795 3276 3852 in
3303 3812 3498 3853 eorum
3526 3812 3745 3854 convc-

2130 3889 2249 3946 nire
2293 3887 2617 3945 sententiam
2649 3905 2664 3955 ;
2694 3904 2817 3945 cum
2859 3888 3104 3958 legamus
3137 3908 3149 3943 :
3180 3887 3316 3956 Quia
3368 3889 3444 3942 sic
3472 3883 3744 3944 Dominus

2127 3984 2309 4038 dilexit
2335 3979 2717 4038 Ecclesiant....
2742 3993 2798 4036 ut
2824 3977 3055 4036 exhibeat
3083 3980 3181 4037 sibi
3209 3979 3321 4054 ipse
3347 3979 3654 4054 gloriosam,
3687 3992 3744 4038 et

2129 4089 2232 4130 non
2262 4074 2530 4130 habentem
2559 4074 2837 4140 maculam,
2887 4083 2975 4127 aut
2996 4090 3199 4145 rugam,
3247 4084 3337 4127 aut
3361 4073 3560 4144 aliquid
3589 4077 3744 4147 ejus-

2129 4169 2315 4224 modi:
2341 4173 2434 4225 sed
2480 4178 2535 4222 ut
2585 4167 2650 4222 sit
2693 4177 2906 4235 sancta,
2936 4175 2986 4222 et
3013 4167 3350 4222 immaculata
3395 4165 3622 4239 (Ep/tes.
3662 4184 3736 4238 ν,

2127 4259 2199 4316 95
2229 4271 2276 4316 et
2305 4255 2422 4330 27).
2476 4255 2608 4314 Nam
2640 4274 2764 4315 cum
2812 4255 3056 4315 Ecclesia
3087 4275 3153 4314 ex
3183 4259 3458 4330 gentibus,
3492 4259 3596 4316 hoc
3621 4272 3739 4329 est,

2127 4368 2192 4409 ex
2221 4351 2599 4425 peccatoribus
2627 4363 2953 4423 congregata
2999 4354 3105 4421 sit,
3136 4353 3409 4423 quomodo
3443 4369 3511 4410 ex
3541 4370 3744 4411 macu-

2127 4443 2253 4500 latis
2290 4444 2627 4501 immaculata
2681 4455 2859 4516 potest
2911 4459 3065 4510 esse;
3132 4445 3235 4502 nisi
3272 4445 3446 4516 primo
3501 4461 3601 4517 per
3632 4447 3743 4504 Dei

485 4541 668 4615 (Vers.
695 4541 749 4607 5,
776 4540 857 4614 6).
903 4539 1050 4610 Fuit,
1095 4542 1290 4614 inquit,
1338 4541 1392 4596 in
1422 4537 1600 4596 diebus
1631 4537 1857 4596 Herodis
1883 4543 2018 4613 regis
2045 4527 2097 4587 D
2124 4537 2390 4608 gratiam,
2449 4536 2591 4608 quod
2635 4537 2819 4592 abluta
2866 4552 2895 4592 a
2946 4537 3149 4594 delicto
3205 4536 3276 4594 sit
3309 4555 3323 4592 :
3356 4537 3552 4594 deinde
3581 4539 3740 4608 quod

411 4627 633 4704 Ιηαωω,
667 4635 909 4690 sacerdos
962 4634 1174 4705 quidam
1227 4635 1435 4689 nomine
1484 4626 1767 4689 Zacharias
1819 4635 1882 4687 de
1911 4634 2020 4688 vice

407 4729 546 4784 Abia
571 4747 590 4785 :
619 4740 672 4785 et
699 4743 832 4785 αποι-
887 4729 1000 4800 ejus
1029 4729 1095 4782 de
1120 4727 1336 4798 ﬁliabus
1374 4727 1575 4790 Aaron.
1625 4736 1673 4782 et
1701 4739 1887 4782 nomen
1908 4727 2020 4798 ejus

413 4819 704 4878 Eliubeth.
743 4812 815 4876 Et
848 4829 995 4877 mm
1020 4819 1175 4875 ambo
1207 4820 1375 4894 justi,
1406 4817 1700 4875 incedentes
1751 4820 1806 4874 in
1852 4819 2023 4875 omni-

409 5026 770 5097 plorimorum
797 5026 1080 5083 hominum
1115 5021 1384 5081 mendacii
1429 5018 1819 5078 commixtione
1847 5014 2005 5073 adut-

411 5108 767 5226 wiei‘g.vet.
795 5169 930 5225 edit.
961 5170 1158 5238 quibus
1213 5165 1418 5238 scripti,
1449 5163 1574 5224 cod.
1627 5160 2006 5238 consentiunt.

409 5241 556 5297 Edit.
586 5257 716 5298 vero
769 5241 928 5295 Rom.
979 5232 1161 5295 iocum
1187 5232 1611 5308 inter'poiaverat
1649 5234 1754 5289 hoc
1797 5232 2003 5308 modo:

406 5313 669 5369 Christum
697 5323 1002 5382 cognoscere
1052 5309 1222 5366 Deum
1265 5305 1501 5375 ηοω,
1543 5319 1720 5361 νει-κη
1771 5305 1835 5361 de
1865 5317 2006 5370 vero,

407 5385 512 5440 vita
537 5395 612 5440 est
631 5385 962 5456 sempiterna.

477 5474 508 5515 ι’
535 5477 692 5532 Rom.
719 5475 877 5543 cdit.,
905 5485 1185 5548 numquam
1214 5471 1421 5528 cumino
1441 5477 1699 5548 peccasse.
1755 5463 2009 5548 Ceterae,

409 5559 472 5602 ac
515 5561 645 5603 mss.
681 5535 894 5610 omnes,
930 5535 1142 5619 desiisse
1161 5559 1393 5619 peccare,
1418 5535 1496 5619 ex
1525 5542 1720 5619 quibus
1749 5535 1929 5593 verbis
1951 5543 2014 5619 ut

408 5601 711 5692 depellatur
740 5601 1060 5692 ambiguitas
1083 5601 1261 5673 locum
1303 5601 1556 5692 ittt'ellige'
1574 5614 1678 5666 isto
1711 5624 1883 5692 sensu
1907 5623 1920 5660 :

410 5679 592 5762 dicant
613 5701 738 5762 cum
779 5679 1334 5762 essé'sine‘peccato,
1371 5679 2014 5762 qui'peccat'ede-sierit,

411 5757 480 5816 de
507 5755 609 5814 ltac
629 5757 949 5816 deﬁnitione
973 5749 1109 5831 ipsis
1135 5749 1424 5825 assentior,
1456 5749 1579 5811 cum
1621 5753 1725 5808 alia
1754 5751 1808 5807 itt
1836 5749 2016 5805 homi-

2130 4647 2227 4700 pcr
2271 4629 2588 4700 qualitatem
2643 4644 2748 4684 non
2808 4626 3063 4700 peccandi
3119 4629 3741 4687 abstineatadelictis?

2125 4723 2202 4779 ita
2222 4737 2324 4780 nec
2343 4723 2413 4778 ab
2437 4722 2591 4778 initio
2623 4723 2998 4789 immaculata;
3031 4724 3279 4779 humanae
3309 4724 3454 4779 enim
3492 4721 3597 4779 hoc
3621 4723 3740 4781 im-

2128 4815 2389 4889 possibile
2415 4825 2501 4872 est
2542 4823 2749 4872 natura:
2784 4833 2797 4870 :
2829 4815 2926 4872 sed
2959 4823 3056 4888 per
3083 4811 3180 4872 Dei
3223 4816 3452 4888 gratiam
3481 4823 3537 4874 et
3583 4832 3737 4889 qua-

2115 5023 2213 5086 nes
2237 5013 2510 5086 quadrare
2556 5023 2811 5086 nequeat.
2853 5009 2964 5069 Sed
3003 5013 3048 5068 si
3079 5017 3342 5086 presteres
3388 5016 3738 5076 contendant

2111 5083 2205 5157 qui
2238 5083 2528 5157 recesserit
2554 5099 2584 5138 a
2625 5083 2901 5157 prioribus
2949 5083 3186 5154 peccatis
3211 5126 3226 5152 ,
3253 5085 3307 5157 in
3333 5096 3608 5155 posterum
3654 5089 3736 5146 ab

2111 5101 2205 5157 qui
2238 5099 2528 5141 recesserit
2554 5099 2584 5138 a
2625 5099 2901 5210 Brtortnus
2949 5099 3186 5154 peccatis
3211 5126 3226 5152 ,
3253 5099 3307 5141 tn
3333 5099 3608 5155 posterum
3654 5099 3731 5146 an

2111 5158 2304 5213 iisdem
2325 5168 2423 5229 aut
2439 5155 2562 5210 aliis
2592 5169 2619 5210 a
2664 5157 2877 5229 stinerei
2900 5169 3008 5211 non
3044 5169 3235 5229 posse,
3256 5153 3308 5213 id
3344 5173 3474 5213 vero
3501 5160 3731 5229 penitus

2113 5229 2348 5283 inﬁcior.
2383 5227 2608 5283 Certum
2633 5239 2741 5281 non
2777 5228 2915 5282 levia
2949 5237 3004 5282 et
3030 5225 3366 5296 quotidiana,
3405 5225 3733 5300 sed'gravia

2115 5310 2357 5371 peccata,
2382 5299 2561 5371 qualia
2594 5306 2721 5371 sunt
2773 5314 2895 5371 quae
2927 5300 3352 5371 sanetilicautem
3375 5299 3604 5371 gratiam
3624 5317 3735 5358 ex-

2111 5368 2358 5436 cludunt,
2389 5368 2476 5423 hic
2513 5369 2861 5440 intelligenda
2889 5383 3012 5440 esse
3056 5368 3401 5426 manifestum
3427 5381 3544 5437 est;
3593 5388 3734 5430 cum

2116 5442 2232 5514 ipse
2246 5440 2499 5496 miseram
2532 5441 2672 5496 hanc
2693 5439 2974 5514 peccandi,
3003 5440 3180 5514 quoad
3204 5443 3307 5496 isto
3319 5451 3551 5514 corpore
3573 5457 3733 5500 mor-

2119 5514 2184 5567 tis
2200 5512 2512 5576 liberemur,
2540 5511 2921 5568 necessitatem
2946 5511 3144 5582 passim
3167 5511 3448 5582 agnoscat.
3483 5514 3552 5570 Et
3567 5525 3733 5573 certe

2113 5596 2276 5656 quam
2299 5583 2532 5656 pulchre
2561 5583 2665 5656 ipsi
2702 5593 2824 5656 cum
2857 5578 3160 5654 Augustino
3187 5578 3288 5640 hac
3310 5578 3366 5640 in
3396 5594 3552 5656 parte
3579 5602 3729 5644 con-

2117 5653 2317 5723 veniat,
2352 5667 2383 5710 ι
2407 5653 2568 5711 nobis
2588 5653 2703 5723 iam
2736 5653 3226 5711 tuitooservatum.

2117 6291 2143 6293 _
2637 6299 2684 6303 —
3055 6300 3114 6307 ‘-
3261 6301 3288 6306 Ὦ
3403 6301 3432 6306 Αι
3544 6301 3572 6310 -ι
3629 6300 3684 6310 ν--ε
3733 6300 3814 6310 ν-.-κ
3859 6307 3868 6310 -
3897 5929 3946 6310 J
