3960 6368
175 90 243 98 ﬁ.»

166 268 266 343 tstt

1148 246 1519 324 Exposmo
1557 258 1815 320 avena.
1856 255 2005 315 ssc.
2048 240 2202 313 LUC.
2243 252 2375 311 LIB.
2414 250 2458 309 ι.

3292 237 3432 306 iliis

167 396 323 452 litatem
373 386 481 452 sui,
511 383 639 457 quia
663 365 786 456 ‘jam
835 395 944 437 non
972 388 1180 452 peccat,
1213 380 1276 434 tit
1303 387 1360 434 ut
1386 375 1733 435 immaculata
1760 400 1811 460 Α
1840 382 1895 429 et
1918 370 2399 443 justiticationibus
2433 367 2642 424 Domini
2677 386 2690 421 :
2723 367 2821 425 sed
2858 367 3023 425 etiam
3067 366 3185 424 sine
3215 369 3437 437 querela

167 482 342 540 videam
364 492 408 530 r-

1841 465 2156 522 iucedenles
2221 464 2315 519 ait.
2378 461 2532 528 Quod
2582 462 2721 517 mire
2765 476 2888 517 cum
2939 459 3260 532 prophetico
3305 475 3437 517 con—

238 566 454 629 l8.i'lec
478 567 657 624 otiose
682 565 860 638 justos
909 574 1039 621 ante
1068 553 1237 621 Deum
1265 561 1424 627 dixit,
1448 559 1738 615 incedentes
1840 560 1984 632 gruit
2033 557 2215 623 dicto,
2272 572 2381 628 quo
2448 566 2668 611 sanctus
2712 556 2970 611 Salomon
3024 555 3080 609 in
3134 551 3444 610 Proverbiis

189 667 232 721 in
254 656 480 718 mandatis
502 670 553 715 et
563 652 1029 734 justiﬁcationibus
1054 646 1262 711 Domini
1287 672 1300 709 :
1337 653 1612 727 1272b:
1633 666 1741 722 quo

188 758 364 815 Patrem
403 744 857 823 omnipotentem,
885 760 942 807 et
971 742 1164 806 Filium
1187 745 1621 819 comprehendit.
1654 738 1744 801 Fi-

186 850 297 907 lium
319 864 429 908 esse
453 847 543 917 qui
566 846 742 919 legem
773 846 992 913 tulerit,
1040 842 1296 900 mandata
1325 838 1741 913 praescripserit,

184 943 317 1002 etiam
337 952 548 997 sanctus
566 941 738 996 Lucas
755 939 1089 1009 evangelista
1113 936 1356 994 declarat
1371 934 1606 1008 (Luc.vr,
1627 934 1740 1004 47).

180 1039 237 1096 Ει
262 1028 384 1095 bene
398 1035 579 1107 justus
604 1043 732 1091 ante
752 1034 956 1099 Deum;
992 1048 1099 1089 non
1135 1033 1278 1087 enim
1304 1031 1483 1086 omnis
1505 1028 1597 1101 qui
1620 1027 1740 1098 jus-

180 1139 251 1186 tus
272 1136 486 1186 estante
516 1128 764 1183 homines
785 1168 802 1195 ,
846 1124 1031 1197 jusms
1074 1136 1158 1183 est
1197 1135 1322 1181 ante
1352 1124 1544 1180 Deum.
1571 1122 1746 1176 Aliter

180 1221 619 1287 rideutbomines,
648 1221 806 1276 aliter
830 1219 983 1276 videt
1002 1220 1145 1275 Deus
1174 1235 1191 1275 ς
1224 1217 1475 1275 homines
1496 1217 1548 1271 in
1580 1213 1741 1280 facie,

178 1314 298 1370 Deus
319 1312 367 1369 in
399 1310 588 1369 corde.
633 1308 700 1367 Et
740 1311 867 1367 ideo
921 1310 1037 1366 ﬁeri
1082 1318 1264 1382 potest
1303 1319 1361 1364 ut
1410 1306 1636 1378 aliquis,
1666 1303 1748 1359 af-

176 1403 346 1462 fectata
372 1400 619 1459 bonitate
655 1401 926 1474 populari,
952 1402 1136 1474 justus
1160 1400 1406 1457 videatur
1432 1398 1563 1454 mihi
1590 1414 1603 1451 :
1631 1398 1749 1467 jus-

172 1504 247 1554 tus
293 1488 469 1554 autem
511 1507 639 1554 ante
683 1488 850 1553 Deum
904 1511 1014 1553 non
1061 1497 1167 1563 sit,
1203 1495 1251 1552 si
1287 1492 1500 1565 justitia
1544 1506 1650 1547 non
1679 1506 1745 1547 ex

174 1590 344 1648 mentis
371 1576 724 1663 simplicitate
765 1584 1067 1659 formetur,
1097 1588 1192 1645 sed
1229 1584 1543 1643 adulatione
1581 1586 1749 1641 simu-

170 1674 325 1748 letur;
373 1674 696 1738 abscondita
747 1682 893 1737 enirn
928 1681 981 1735 in
1014 1696 1079 1735 ea
1107 1676 1271 1735 homo
1295 1694 1401 1734 non
1426 1675 1628 1748 poterit
1655 1666 1751 1731 de-

1844 667 1971 709 usus
2022 661 2106 708 est
2155 649 2343 707 dicens
2376 667 2391 704 :
2424 648 2649 704 Provide
2690 648 2823 704 bona
2866 663 3067 719 semper
3110 664 3286 703 coram
3305 644 3440 713 Deo,

1842 754 1891 799 et
1912 760 2086 800 coram
2111 742 2404 798 hominibus
2426 742 2604 815 (Prov.
2638 756 2717 810 ιιι,
2741 741 2821 811 4).
2862 739 3017 796 Nulla
3048 756 3178 811 ergo
3221 740 3439 810 querela

1845 849 1949 906 est,
1992 837 2080 893 ubi
2124 848 2179 892 et
2224 835 2420 892 mentis
2452 834 2664 891 bonitas
2714 833 3036 901 concordat,
3099 840 3156 889 et
3177 832 3321 887 lacti.
3373 832 3442 887 Et

1847 932 2164 1003 plerumque
2201 927 2413 1000 justitia
2466 927 2654 985 durior
2707 920 2986 984 hominum
3034 925 3313 998 querelam
3341 939 3441 981 ex-

1846 1027 1998 1081 citat.

1917 1120 2010 1176 20.
2052 1117 2222 1186 Quam
2246 1121 2377 1173 vero
2397 1124 2662 1186 congruat
2688 1114 2978 1172 verborum
3010 1115 3124 1186 ipsa
3145 1114 3444 1183 distinctio,

1847 1218 1904 1266 et
1930 1208 2065 1264 ordo
2112 1209 2434 1273 conveniat,
2486 1206 2775 1278 diligenter
2821 1208 3063 1263 adverte.
3121 1204 3447 1275 Incedentes,

1849 1302 2052 1374 inquit,
2094 1304 2147 1357 in
2179 1301 2412 1357 omnibus
2440 1303 2698 1356 mandatis
2746 1310 2794 1356 et
2829 1302 3283 1374 justiﬁcationibus
3342 1301 3450 1358 Do-

1850 1396 1997 1451 mini.
2019 1384 2173 1452 Prius
2198 1397 2342 1452 enim
2377 1396 2712 1461 mandatum,
2742 1395 2980 1451 secunda
3012 1403 3098 1452 est
3110 1394 3446 1467 iustiﬁcatio.

1848 1482 2031 1561 itaque
2056 1506 2177 1545 cum
2223 1491 2491 1545 mandatis
2534 1489 2848 1546 caelestibus
2875 1489 3182 1556 obedimus,
3216 1491 3269 1547 in
3297 1506 3450 1546 man-

1851 1582 1993 1639 datis
2012 1582 2315 1639 incedimus
2368 1582 2580 1639 Domini
2606 1599 2622 1648 ;
2659 1582 2867 1656 1373
2894 1598 3017 1639 cum
3044 1582 3370 1654 iudicamus,
3398 1591 3455 1638 ct

1852 1692 2089 1748 congrue
2114 1677 2440 1747 judicamus,
2472 1686 2660 1734 tenere
2689 1672 2904 1734 Domini
2926 1677 3342 1749 iustiﬁcationes
3367 1677 3451 1733 vi-

170 1772 519 1847 prebeudere.
553 1772 822 1866 _Perl'ecta
865 1768 1032 1845 igitur
1064 1768 1181 1830 laus
1234 1780 1358 1838 est,
1401 1781 1527 1827 ante
1576 1762 1748 1861 Deum
1781 1794 1829 1866 ﬁ
1853 1771 2066 1827 demur.

164 1870 348 1937 justum
378 1882 528 1924 esse.
551 1856 709 1925 Unde
748 1876 804 1924 et
844 1862 1140 1937 Apostolus
1170 1882 1183 1922 :
1215 1866 1374 1937 Cujus
1394 1864 1525 1929 laus,
1554 1854 1745 1934 inquit,

170 1974 257 2013 non
272 1975 329 2013 ea:
344 1952 666 2025 hominibus,
688 1960 780 2014 sed
808 1975 871 2014 ea;
886 1954 996 2013 Deo
1016 1967 1089 2013 est
1112 1950 1292 2032 (Rom.
1321 1971 1382 2024 ιι,
1405 1950 1521 2024 29).
1553 1948 1753 2010 Beatus

167 2051 309 2121 plane
350 2052 441 2108 ille
467 2051 565 2123 qui
604 2051 658 2107 in
697 2059 995 2122 conspectu
1055 2050 1147 2104 Dei
1195 2049 1375 2118 justus
1405 2055 1508 2103 est.
1556 2038 1754 2102 Beatus

165 2143 281 2207 ille,
332 2134 398 2200 de
424 2156 541 2216 quo
585 2138 852 2200 Dominus
896 2143 1152 2216 dignatur
1188 2142 1375 2198 dicere
1407 2159 1421 2195 :
1453 2137 1588 2194 Ecce
1641 2155 1754 2194 uere

164 2230 420 2304 Israelita,
472 2230 532 2291 in
573 2239 674 2307 quo
712 2238 861 2292 dolus
908 2255 1011 2292 non
1035 2247 1112 2293 est
1141 2228 1372 2311 (10am,
1405 2226 1543 2307 47);
1594 2249 1753 2291 verus

165 2331 295 2387 enim
342 2329 635 2397 Israelita,
675 2332 767 2404 qui
826 2330 997 2388 Deum
1056 2328 1228 2399 videt,
1277 2340 1333 2386 et
1353 2328 1525 2386 videri
1551 2344 1612 2385 se
1656 2343 1754 2383 no-

164 2421 230 2477 rit
256 2437 284 2476 a
310 2414 439 2490 Deo,
474 2433 537 2479 et
557 2410 660 2494 ipsi
690 2422 912 2478 exhibet
933 2421 1122 2479 cordis
1140 2421 1374 2478 occulta.
1423 2414 1589 2477 Solus
1607 2420 1751 2475 enim

165 2511 455 2582 perfectior,
489 2504 590 2586 qui
612 2504 679 2570 ab
700 2527 767 2569 eo
797 2513 1082 2584 probatur,
1125 2510 1219 2585 qui
1248 2528 1358 2568 non
1390 2521 1570 2584 potest
1601 2506 1709 2566 falli
1738 2527 1751 2564 :

162 2601 359 2660 iudicia
399 2604 555 2663 enim
603 2594 819 2661 Domini
841 2621 961 2661 vera
985 2598 1164 2678 (Psal.
1199 2621 1354 2674 xvm,
1384 2604 1472 2676 l0)
1507 2623 1521 2660 :
1553 2604 1755 2675 judicia

163 2707 325 2752 autem
355 2697 647 2753 hominum
679 2710 825 2769 saepe
850 2692 1150 2765 falluntur;
1182 2707 1241 2753 ut
1267 2704 1321 2753 et
1361 2694 1575 2771 iniustis
1599 2696 1759 2767 justi-

163 2789 243 2845 tize
267 2790 491 2860 gratiam
548 2784 862 2863 frequenter
914 2786 1250 2858 adscribant,
1299 2802 1352 2848 et
1400 2791 1607 2863 justum
1666 2799 1760 2846 aut

166 2881 280 2937 odio
308 2895 738 2955 persequantur,
770 2893 864 2939 aut
898 2883 1181 2939 mendacio
1225 2882 1563 2939 decolorent.
1598 2876 1759 2937 Novit

163 2982 328 3031 autem
354 2970 1386 3047 Dominusimmacalatorumvias(Psal.
1416 2990 1600 3041 xxxvr,
1632 2973 1754 3042 l8);

162 3072 253 3122 nec
290 3080 388 3138 pro
443 3078 741 3140 peccatore
786 3062 1145 3135 laudabilem,
1207 3084 1306 3124 nec
1346 3083 1445 3138 pro
1502 3066 1755 3122 laudabili

166 3166 491 3226 peccatorem
529 3152 665 3215 :sed
721 3166 1159 3231 unumquemque
1208 3174 1304 3231 pro
1334 3159 1755 3230 competentium
1784 3194 1831 3263 Ε

162 3248 350 3318 iudicat
398 3253 622 3308 ratione
678 3252 1026 3320 meritorum;
1060 3250 1202 3307 idem
1243 3261 1329 3308 est
1379 3250 1524 3308 enim
1555 3249 1761 3308 arbiter

165 3340 348 3399 mentis
368 3347 424 3401 et
454 3336 613 3400 l‘acti.
646 3340 832 3399 Divina
862 3358 1093 3416 namque
1123 3336 1327 3414 judicia
1354 3345 1607 3400 meritum
1630 3340 1763 3416 justi

163 3448 220 3489 ex
243 3434 438 3494 mentis
465 3436 684 3502 habitu,
720 3453 828 3492 non
858 3435 1039 3507 aliquo
1061 3435 1325 3493 factorum
1356 3435 1501 3493 exitu
1530 3439 1762 3494 metiun-

165 3530 260 3583 tur.
304 3522 646 3600 Plerumque
671 3530 817 3585 enim
849 3536 942 3584 aut
969 3521 1108 3585 bona
1136 3538 1289 3585 mens
1313 3526 1438 3586 lacti
1466 3529 1759 3601 reprehen-

164 3620 324 3679 slbilis
341 3626 497 3680 cuitu
526 3621 905 3678 deformatur:
937 3628 1030 3677 aut
1081 3622 1326 3692 improba
1348 3620 1601 3694 cogitatio
1633 3620 1761 3679 facti

166 3710 381 3786 alicuius
410 3716 627 3773 decore
674 3714 904 3771 velatur.
936 3710 1045 3771 Sed
1077 3714 1239 3769 etiam
1281 3710 1423 3784 quod
1454 3710 1590 3770 bene
1621 3714 1761 3771 fece-

164 3807 252 3873 ris,
295 3809 338 3863 si
382 3804 538 3864 male
580 3804 935 3879 cogitaveris,
980 3806 1165 3862 divino
1216 3806 1422 3878 judicio
1451 3821 1556 3863 non
1588 3812 1767 3879 potest

167 3896 523 3974 comprobari.
561 3892 841 3971 Scriptum
884 3907 967 3956 est
1008 3900 1152 3956 enim
1189 3912 1201 3954 :
1233 3892 1383 3956 Iuste
1410 3900 1550 3970 quod
1560 3904 1766 3974 justum

165 4004 233 4046 est
283 3994 615 4067 persequeris
674 3984 856 4065 (Deut.
915 4001 1030 4061 xvi,
1074 3988 1192 4066 20).
1243 3984 1378 4047 Nam
1410 3992 1511 4047 nisi
1537 4003 1681 4049 esset
1712 4002 1770 4048 ut

164 4084 354 4153 justum
397 4088 613 4159 injuste
665 4084 910 4153 faceres,
969 4094 1263 4156 numquam
1314 4082 1520 4140 dictum
1575 4091 1763 4141 esset:

1927 1862 2019 1919 2t.
2064 1863 2231 1920 Plena
2272 1864 2434 1936 igitur
2457 1862 2697 1919 laudatio
2725 1872 2810 1920 est
2850 1878 2971 1936 quae
2999 1880 3208 1936 genus,
3242 1879 3458 1934 mores,

1856 1955 2128 2022 cilicium,
2159 1956 2393 2021 factum,
2423 1954 2683 2025 judicium
2712 1954 3150 2025 comprehendit.
3190 1955 3373 2013 Genus
3401 1958 3454 2012 in

1857 2047 2178 2119 majoribus,
2208 2061 2390 2104 mores
2411 2047 2463 2102 in
2491 2047 2763 2118 aequitate,
2788 2045 3028 2118 ofﬁcium
3051 2047 3105 2102 iu
3129 2046 3456 2113 sacerdotio,

1856 2143 2056 2198 tactum
2091 2141 2142 2196 in
2177 2141 2458 2207 mandato,
2492 2140 2544 2195 in
2569 2139 2964 2212 justilicatione
2984 2139 3270 2211 judicium.

1929 2232 2114 2305 (Vers.
2144 2232 2200 2297 8,
2232 2222 2288 2298 9,
2321 2229 2434 2303 l0.)
2466 2228 2691 2286 Factum
2710 2239 2782 2287 est
2809 2241 3002 2299 autem,
3029 2247 3146 2286 cum
3169 2231 3459 2288 sacerdotio

1858 2327 2154 2397 fungeretur
2185 2322 2472 2378 Zacharias
2513 2323 2567 2378 in
2599 2322 2782 2378 ordine
2819 2324 2943 2378 uicis
2982 2339 3091 2378 sum
3118 2334 3235 2381 ante
3274 2316 3460 2380 Domi-

1859 2432 1983 2470 num
2020 2416 2205 2483 Deum,
2232 2416 2513 2472 serum!th
2544 2417 2968 2481 consuetudinem
2994 2416 3289 2486 sacerdotii,
3321 2429 3461 2475 sorte

1858 2510 1984 2564 exiit
2027 2519 2084 2563 ut
2110 2510 2377 2585 incensum
2418 2519 2632 2582 poneret
2675 2511 2939 2582 ingressus
2975 2512 3031 2565 in
3075 2510 3321 2583 templum
3353 2509 3461 2568 Do-

1859 2602 1988 2656 mini
2011 2618 2031 2657 :
2052 2612 2100 2657 et
2125 2603 2289 2658 omnis
2314 2603 2538 2675 populus
2556 2605 2688 2675 [oris
2713 2603 2891 2660 orabat
2918 2603 3048 2659 hora
3072 2604 3287 2659 incensi.

1929 2696 2020 2751 22.
2063 2696 2288 2751 Videtur
2325 2696 2415 2753 hic
2450 2705 2671 2754 sanctus
2700 2696 2992 2755 Zacharias
3032 2714 3276 2754 summus
3308 2699 3459 2755 desi-

1860 2788 2016 2858 gnari
2054 2788 2349 2855 sacerdos;
2391 2789 2516 2859 quia
2537 2830 2552 2857 ,
2600 2790 2741 2845 sicut
2780 2789 2979 2846 lectum
3010 2798 3095 2845 est
3122 2797 3148 2827 ⁸
3174 2789 3243 2846 de
3278 2792 3461 2862 priore

1862 2884 2217 2939 tabernaculo
2271 2886 2323 2939 in
2372 2883 2517 2954 quod
2564 2897 2784 2955 semper
2826 2883 3104 2941 intrabant
3144 2884 3460 2942 sacerdotes

1862 2974 2160 3030 ministeria
2183 2985 2653 3044 consummantes,
2675 2992 2783 3032 non
2808 2992 2914 3032 uno
2940 2986 3145 3033 tantum
3169 2970 3294 3033 anni
3323 2987 3462 3035 tem-

1863 3081 1997 3136 pore
2025 3066 2300 3123 intrabant
2322 3067 2375 3122 in
2404 3066 2661 3138 templum
2690 3084 2705 3124 :
2737 3068 2792 3124 in
2819 3068 3062 3126 secunde
3083 3079 3262 3126 autem
3289 3071 3462 3127 semel

1864 3160 1916 3215 in
1947 3175 2093 3215 anno
2135 3160 2429 3232 singularis
2455 3175 2701 3217 summus
2728 3161 2987 3218 sacerdos
3016 3177 3122 3218 non
3172 3162 3290 3219 sine
3326 3178 3461 3227 san-

1864 3256 2052 3326 guine,
2106 3271 2267 3327 quem
2294 3254 2515 3313 offerret
2536 3271 2636 3328 pro
2665 3272 2725 3313 so
2750 3266 2805 3313 et
2827 3256 3011 3328 populi
3034 3256 3248 3313 delictis
3267 3255 3460 3331 (Hebr.

1864 3364 1921 3415 x,
1950 3347 1984 3404 6
2010 3359 2056 3402 et
2089 3347 2171 3420 7).
2202 3344 2304 3404 Hic
2335 3358 2423 3405 est
2447 3350 2537 3406 ille
2561 3366 2809 3406 summus
2837 3351 3094 3408 sacerdos
3114 3392 3130 3418 ,
3166 3350 3256 3423 qui
3285 3351 3465 3408 adhuc

1866 3450 2013 3496 sorte
2052 3441 2345 3512 quaeritur;
2393 3442 2518 3514 quia
2566 3458 2728 3499 verus
2775 3443 2955 3500 adhuc
2998 3443 3328 3517 ignoratur:
3374 3444 3467 3516 qui

1866 3532 2011 3589 enim
2042 3543 2195 3591 sorte
2224 3534 2446 3607 legitur,
2478 3535 2713 3591 humano
2734 3535 2940 3607 judicio
2968 3552 3074 3592 non
3100 3535 3468 3609 comprehen-

1866 3622 2034 3680 ditur.
2059 3626 2153 3681 llle
2183 3626 2344 3697 igitur
2365 3627 2731 3699 quaerebatur,
2758 3636 2815 3685 et
2834 3629 2973 3685 alius
2996 3629 3347 3701 figurabatur.
3373 3629 3470 3690 ille

1867 3721 2216 3789 quaerebatur
2243 3734 2407 3777 verus
2432 3720 2485 3776 in
2518 3730 2781 3778 aeternum
2808 3722 3087 3790 sacerdos,
3115 3723 3204 3779 cui
3234 3723 3467 3780 dicitur:

1868 3809 1952 3865 Tu
1991 3829 2046 3867 es
2089 3811 2330 3867 sacerdos
2362 3811 2423 3878 lin
2456 3822 2705 3867 aeternum
2752 3812 2928 3885 (Psat.
2959 3827 3080 3880 crs,
3110 3812 3169 3884 4)
3200 3831 3214 3867 :
3242 3814 3335 3884 qui
3360 3830 3468 3871 non

1871 3902 2169 3959 hostiarum
2191 3916 2410 3968 cruore,
2431 3901 2525 3957 sed
2549 3902 2770 3972 proprio
2786 3904 3048 3973 sanguine
3065 3901 3280 3959 Patrem
3300 3904 3470 3979 Deum

1868 3996 2056 4067 generi
2096 3993 2481 4051 reconciliaret
2516 3995 2774 4050 humano.
2818 3994 2925 4051 Sed
2956 4003 3087 4051 tunc
3112 3994 3329 4067 sanguis
3355 3996 3475 4053 lun-

1869 4088 2103 4145 debatur
2148 4088 2201 4143 in
2229 4088 2444 4158 specie,
2478 4095 2532 4143 et
2574 4087 2629 4143 in
2668 4088 2851 4158 specie
2887 4088 3144 4146 sacerdos
3184 4089 3478 4146 ordinaba-

166 4174 308 4235 Jaste
331 4180 480 4250 quod
508 4183 713 4249 iustum
741 4186 814 4232 est
842 4178 1175 4247 persequeris.
1206 4176 1274 4231 Et
1302 4184 1451 4232 certe
1476 4191 1638 4247 posse
1656 4177 1775 4246 jus-
1876 4192 1965 4238 tur
1995 4200 2008 4238 :
2039 4197 2184 4238 nunc
2223 4182 2348 4254 quia
2374 4182 2576 4239 veritas
2603 4182 2750 4239 venit
2767 4220 2787 4250 ,
2814 4182 3186 4256 relinquamus
3210 4185 3474 4256 speciem,

168 4276 269 4325 tam
298 4272 508 4344 injuste
560 4268 676 4327 fieri
721 4267 904 4326 docuit
944 4280 1045 4326 nos
1066 4269 1182 4341 ipse
1229 4260 1482 4326 Salvator
1534 4266 1770 4326 dicens:

1875 4274 2170 4332 veritatem
2214 4284 2529 4346 sequamur.
2567 4264 2635 4331 Et
2677 4284 2807 4332 tunc
2844 4275 3066 4348 quidem
3095 4277 3241 4334 Vica
3286 4290 3478 4348 erant,

166 4360 286 4418 Cum
310 4364 507 4436 feceris
531 4358 936 4434 elemosynam,
960 4362 1067 4417 noli
1096 4363 1218 4417 tuba
1238 4376 1422 4417 canere
1440 4370 1563 4416 ante
1584 4371 1651 4416 te.
1682 4361 1774 4427 Et,
1878 4381 2025 4424 nunc
2062 4375 2247 4422 autem
2288 4375 2375 4423 est
2410 4370 2769 4440 perpetuitas.
2812 4365 2842 4406 ιι
2880 4368 3013 4424 Erat
3040 4384 3193 4441 ergo,
3230 4380 3290 4426 et
3329 4378 3481 4428 certe

168 4452 287 4510 Cum
328 4459 534 4524 oratis,
565 4470 675 4511 ποθι
719 4454 862 4510 eritis
906 4455 1040 4509 siem
1086 4454 1375 4526 hypocriten
1399 4452 1614 4526 (Matth.
1638 4467 1715 4517 VI,
1739 4452 1777 4506 2
1879 4469 1998 4516 erat
2019 4459 2176 4531 cujus
2203 4460 2350 4518 vices
2374 4462 2538 4517 etiam
2566 4456 2918 4533 gerebantur.

164 4560 206 4602 et
226 4549 302 4623 5).
332 4551 561 4607 Bonum
613 4560 699 4605 est
751 4546 1146 4614 misericordia,
1206 4547 1407 4603 bonum
1431 4553 1517 4601 est
1553 4540 1730 4601 oratio
1759 4564 1772 4599 :

1950 4548 2044 4612 23.
2087 4546 2248 4613 Sorte
2273 4572 2406 4629 ergo
2426 4550 2733 4628 legebatur,
2763 4566 2823 4615 ut
2848 4552 3100 4617 introiret
3126 4556 3180 4614 in
3218 4558 3481 4631 templum

165 4608 483 4712 sed'potest
511 4632 718 4711 injuste
770 4632 888 4693 lieri
909 4679 924 4704 ,
956 4638 1001 4691 si
1055 4608 1332 4704 iactantiae
1383 4650 1545 4691 causa
1575 4634 1777 4708 aliquis
1802 4608 1856 4669 D
1881 4608 2246 4705 εηξιζιξιιᾶέξέῖ

164 4735 389 4805 pauperi
414 4732 719 4805 largiatur,
750 4741 807 4786 ut
828 4729 1081 4785 videatur
1109 4729 1182 4784 ab
1202 4729 1533 4785 liminibus.

1884 4738 2083 4807 hiberl,
2110 4739 2238 4810 quid
2255 4740 2402 4795 aliud
2423 4740 2848 4812 signiﬁcabatur,
2872 4741 2972 4798 nisi
2997 4752 3120 4799 eum
3142 4742 3484 4801 sacerdotem

232 4826 322 4882 ιε.
363 4825 539 4883 [iam
564 4828 789 4881 sanctus
838 4820 1183 4893 Enngelista
1235 4826 1343 4879 non
1382 4821 1554 4878 solum
1600 4820 1759 4894 justo:

1884 4842 2007 4889 esse
2034 4833 2341 4900 venturum,
2363 4832 2520 4902 cuius
2540 4824 2867 4891 sacriﬁcium
2896 4849 3005 4891 non
3027 4838 3173 4892 esset
3193 4843 3486 4894 comitium

165 4929 287 4977 ante
329 4919 563 4991 Deum,
612 4927 669 4975 et
723 4915 1038 4974 incedentes
1096 4915 1153 4972 in
1209 4908 1478 4972 mandatis
1526 4917 1779 4974 omnibus

1887 4939 2012 4981 cum
2036 4922 2254 4980 caeteris
2278 4940 2295 4979 ε
2325 4922 2419 4994 qui
2443 4923 2680 4997 denique
2700 4941 2813 4983 non
2836 4926 2893 4983 in
2918 4926 3242 4984 manufactis
3266 4927 3487 4998 templis

233 5048 704 5138 ‘_‘0m,,‘ét“‘.,
827 5052 996 5138 priore
1030 5046 1362 5138 tabernaculo
1390 5060 1591 5137 δευτέραν
1619 5053 1789 5138 intro-
1886 5052 2236 5138 inferioribus
2267 5059 2574 5138 intelligas,
2616 5070 2676 5138 es
2709 5064 2874 5138 malis
2898 5063 3199 5138 amandare
3240 5066 3486 5135 gregario.

166 5129 283 5191 but
317 5122 633 5196 sacrantes
669 5122 953 5187 utinisteria
999 5128 1406 5196 consummant“
1434 5139 1454 5180 :
1480 5122 1535 5181 in
1562 5128 1785 5183 secundo
1888 5146 2049 5196 nent,
2100 5126 2394 5187 dicendum
2444 5122 2571 5188 Erit
2601 5134 2951 5193 Ambrosium
2997 5137 3052 5193 in
3096 5151 3163 5191 ea
3214 5122 3489 5195 latitantia

167 5198 373 5273 Cum,
402 5206 528 5261 etc.
561 5192 693 5263 Ant.
725 5194 858 5255 edit.
892 5202 1063 5273 atque
1087 5206 1220 5253 mss.
1255 5192 1483 5273 addunt.
1514 5236 1528 5250 .
1556 5232 1615 5273 .A.

1658 5214 1786 5253 con-
1885 5199 2058 5274 fuisse
2077 5240 2096 5268 ,
2124 5201 2302 5274 Vicera
2331 5202 2597 5274 cujusque
2624 5205 2843 5261 familia:
2870 5206 2938 5263 ad
2972 5207 3399 5274 ministrantium
3433 5209 3488 5264 in

166 5278 431 5345 sum
260 5261 265 5265 ’
324 5260 370 5273 ”
429 5260 656 5345 ρει
685 5260 1632 5345 tantuntannit‘emporeintrabantin
1657 5276 1788 5345 tem—
1889 5260 2099 5345 templo:
2116 5268 2293 5345 semel
2326 5260 2535 5345 tantum
2572 5275 2628 5331 in
2676 5260 2833 5332 anno,
2866 5260 3488 5345 escensionem;

167 5332 335 5413 ﬂii,
364 5332 653 5413 3183;,
682 5334 1026 5404 ncnnulli....
1060 5332 1282 5394 intrabat
1310 5340 1363 5393 in
1386 5339 1651 5409 templum.
1684 5341 1786 5395 De-

171 5348 335 5413 silit,
466 5383 484 5401 .
512 5348 653 5401 MSS.
682 5348 1026 5404 ncnnulli....
1060 5348 1282 5394 intrabat
1310 5348 1363 5393 in
1386 5348 1651 5409 templum.
1685 5348 1786 5395 De-

171 5408 335 5489 atque
349 5348 830 5489 saetigeram.
856 5418 982 5489 pgst
1001 5418 1668 5489 vocenthconsmnmantes,
1694 5426 1789 5466 ne-

168 5474 459 5559 gafi'onem,
483 5476 683 5551 habet,
703 5474 878 5556 qua
897 5478 1026 5559 licet
1046 5474 1409 5559 recentiorem
1436 5474 1786 5559 sequj‘visum

171 5546 695 5629 feasst
720 5546 839 5629 'prte
868 5564 928 5612 se
951 5546 1089 5629 ferat
1115 5546 1529 5629 expeditiorem;
1556 5546 1673 5607 Non
1705 5556 1783 5606 ta-

1891 5340 2143 5426 post‘l6_8
2165 5340 2296 5426 dies.
2329 5344 2552 5414 rediret,
2586 5355 2647 5410 ut
2666 5363 2733 5405 ex
2758 5347 2809 5404 J.
2839 5349 3040 5420 Scalig.
3069 5340 3323 5409 observat
3348 5349 3492 5408 Cm.

1890 5413 1994 5470 tius
2022 5413 2076 5470 in
2110 5415 2255 5471 hunc
2282 5413 2488 5475 locum.

1962 5482 1990 5524 ι)
2034 5478 2175 5565 Edit.
2201 5485 2362 5543 Rom.
2386 5488 2441 5544 in
2467 5498 2616 5565 textu
2630 5490 2978 5565 jugulum-st
3005 5493 3284 5565 sequentia
3313 5510 3327 5547 ι
3359 5492 3493 5553 Erat

1893 5571 2037 5637 ergo,
2064 5562 2112 5613 et
2154 5568 2304 5637 certe_
2325 5570 2435 5615 erat
2458 5564 2614 5635 cujus
2797 5564 2951 5618 etiam
2987 5562 3297 5637 parabantur
3321 5581 3341 5620 ι
3367 5580 3493 5635 (μη

173 5614 576 5697 Malitia!)
604 5614 889 5697 displicent
914 5624 1007 5697 qui
1032 5614 1251 5697 leguli],
1279 5614 1505 5697 intrgbat
1524 5662 1541 5690 ,
1569 5632 1700 5697 etc.,
1733 5629 1793 5697 ut
1895 5614 1993 5682 no's
2019 5614 2073 5684 in
2102 5645 2259 5685 suum
2289 5614 2470 5686 locum
2498 5614 2611 5690 in}
2636 5614 2769 5691 edit.

174 5682 559 5758 raénﬁiid
591 5682 860 5761 sinistris
887 5682 1394 5763 sacerddtem'tsed
1420 5695 1499 5753 sic
1528 5682 1791 5755 etiamali-

176 5756 336 5834 detur
360 5756 676 5830 inserenda
704 5756 935 5840 negnlio.
968 5756 1208 5824 Tandem
1252 5760 1297 5823 si
1325 5756 1392 5822 de
1419 5763 1793 5821 sacerdotibus

1896 5697 2058 5756 ritate
2088 5702 2441 5758 restituimus.
2518 5771 2523 5775 ρ
