3960 6304
478 257 618 316 liii?)

1728 250 1740 256 -
1826 212 2086 296 sanari
2115 234 2446 294 annuosn

3653 223 3787 288 1544

474 374 804 432 sacrificaret
837 383 935 441 pro
982 366 1171 433 nobis,
1221 364 1317 421 sed
1367 363 1420 418 in
1466 361 1552 417 sui
1595 356 1845 428 corporis
1873 355 2078 426 templo
2105 361 2156 421 Α
2183 363 2265 408 tus
2287 351 2462 423 Filius
2482 352 2568 422 qui
2592 360 2669 404 est
2689 350 2742 404 in
2765 349 2887 403 sinu
2913 347 3116 417 Patris,
3141 349 3254 420 ipse
3277 347 3540 404 enarravit
3570 344 3786 417 (Ibid).

477 474 664 523 nostra
693 470 911 534 peccata
950 465 1224 514 vacuaret.
1255 454 1419 512 Sorte
1459 466 1589 523 ergo
1626 450 1972 516 quaerebatur
1998 462 2086 501 sa-

478 558 697 616 cerdos.
736 554 866 610 Ideo
892 553 1126 608 fortasse
1169 556 1226 604 et
1263 547 1467 602 milites
1503 545 1823 600 vestimenta
1869 540 2084 597 Domini

480 648 852 706 sortiebantur
893 643 1075 718 (Joan.
1106 658 1232 706 xu,
1270 638 1390 711 24),
1421 648 1481 694 ut
1519 637 1774 708 quoniam
1802 636 1855 690 in
1888 633 2086 704 templo

482 757 582 800 suo
612 756 709 812 pro
736 739 894 796 nobis
926 738 1188 794 Dominus
1212 734 1430 791 deferre
1458 731 1788 788 sacrilicinm
1819 743 2086 802 praepara-

478 835 592 900 bat,
621 841 648 870 ι
674 832 819 888 circa
851 832 1029 901 ipsum
1060 843 1276 901 quoque
1302 826 1472 883 sortis
1497 825 1723 897 agitatio
1755 830 2086 894 prteceptum

481 927 643 1000 Legis
682 926 953 997 impleret.
1002 924 1233 994 Propter
1266 921 1412 993 quod
1451 920 1568 975 ait:
1603 918 1727 973 Non
1765 920 1878 972 veni
1905 916 2088 990 Legem

485 1023 704 1084 solvere,
728 1019 820 1074 sed
846 1018 1136 1088 adimplere
1164 1014 1379 1087 (Matth.
1405 1031 1459 1083 v,
1494 1013 1569 1082 7).
1605 1009 1820 1085 1274
1840 1011 2003 1065 Certe
2032 1018 2091 1064 ut

484 1114 602 1186 ipse
639 1120 818 1178 esset,
849 1109 939 1181 qui
970 1118 1025 1164 et
1048 1115 1397 1178 exspectatus
1435 1105 1489 1160 in
1515 1103 1690 1158 veteri
1716 1102 2087 1168 Testamento,

485 1219 544 1267 et
573 1207 830 1264 mandato
859 1207 956 1262 Dei
1000 1204 1277 1260 videretur
1301 1202 1528 1258 electus.
1569 1199 1815 1270 Denique
1845 1206 1902 1253 et
1927 1212 2091 1267 super

487 1299 792 1373 apostolum
827 1296 1106 1353 Matthiam
1137 1293 1166 1334 ι’
1192 1309 1314 1349 sors
1347 1291 1546 1349 cecidit
1575 1288 1712 1361 (Act.
1744 1305 1794 1356 ι,
1825 1288 1938 1360 26),
1970 1299 1992 1326 ο
2025 1302 2093 1343 ne

487 1395 719 1468 apostoli
757 1391 956 1450 electio
996 1405 1026 1446 a
1057 1387 1314 1446 mandato
1356 1387 1668 1456 discrepare
1713 1384 1849 1455 legis
1892 1381 2094 1438 veteris

490 1488 794 1544 videretur.

561 1578 742 1652 (Vers.
788 1573 904 1647 11.)
950 1573 1209 1645 Apparuit
1250 1579 1422 1626 autem
1467 1568 1551 1624 illi
1595 1565 1822 1639 Angelus
1882 1563 2096 1620 Domini

488 1683 631 1731 stans
656 1690 689 1727 a
710 1670 904 1726 dextris
930 1667 1115 1724 altaris
1139 1665 1356 1721 incensi.

559 1767 650 1822 24.
695 1763 812 1819 Non
837 1761 1111 1818 immerito
1130 1759 1357 1829 angelus
1380 1755 1594 1811 videtur
1618 1755 1672 1810 in
1700 1753 1935 1824 templo;
1965 1750 2093 1823 quia

486 1861 607 1918 veri
631 1855 942 1914 Sacerdotis
964 1853 1077 1923 jam
1105 1850 1453 1906 nuntiabatur
1479 1847 1768 1913 adventus,
1794 1853 1850 1902 et
1871 1845 2094 1902 caeleste

490 1950 818 2011 sacrificium
867 1944 1182 2019 parabatur,
1235 1943 1288 1998 in
1333 1957 1442 2013 quo
1495 1941 1673 2011 angeli
1726 1941 2097 1995 ministrarent

491 2044 602 2118 (Cf.
629 2044 768 2114 Aug.
796 2040 946 2110 epist.
971 2035 1099 2102 148,
1127 2037 1200 2090 al.
1228 2035 1353 2098 111,
1382 2044 1431 2088 ει
1461 2033 1630 2105 alibi).
1664 2031 1736 2088 Et
1759 2033 1898 2087 bene
1923 2045 2094 2101 appa-

491 2136 670 2193 ruisse
694 2132 892 2189 dicitur
917 2129 1002 2195 ei,
1032 2128 1125 2198 qui
1153 2142 1276 2182 eum
1313 2134 1538 2196 repente
1564 2124 1873 2194 conspexit.
1902 2123 1968 2176 Et
1995 2121 2098 2176 hoc

491 2226 804 2301 specialiter
833 2232 927 2279 aut
955 2222 1024 2277 de
1051 2219 1292 2290 angelis,
1321 2225 1416 2272 aut
1453 2216 1522 2272 de
1565 2216 1676 2272 Deo
1703 2215 1986 2284 Scriptura
2011 2213 2096 2268 di-

493 2322 622 2378 vina
648 2329 836 2377 tenere
859 2315 1170 2382 consuevit;
1204 2311 1428 2382 utquod
1456 2326 1563 2365 non
1589 2317 1768 2380 potest
1791 2307 2096 2379 prtevideri,

493 2425 758 2485 apparere
797 2409 1039 2472 dicatur;
1086 2405 1166 2460 sic
1205 2402 1350 2458 enim
1396 2401 1566 2456 babes
1609 2420 1622 2454 :
1663 2400 1923 2470 Apparuit
1961 2397 2102 2453 Deus

494 2505 719 2564 Abrahae
743 2502 811 2556 ad
835 2500 1007 2556 ilicem
1041 2495 1275 2552 Mambre
1304 2492 1462 2565 (Gen.
1487 2508 1616 2548 xvut
1636 2533 1652 2559 ,
1687 2493 1766 2561 l).
1794 2490 1931 2546 Nam
1954 2491 2046 2560 qui
2072 2486 2099 2526 ἀ

491 2614 621 2659 ante
645 2615 752 2655 non
777 2593 1148 2669 praesentitur,
1176 2589 1272 2646 sed
1294 2588 1586 2658 repentino
1612 2585 1828 2641 videtur
1853 2592 2098 2656 aspectu,

491 2707 758 2766 apparere
801 2695 1154 2746 memoratur.
1183 2681 1304 2738 Non
1341 2681 1488 2737 enim
1532 2677 1786 2734 similiter
1815 2675 2102 2734 sensibilia

493 2786 767 2847 videntur,
794 2791 849 2839 et
875 2781 922 2836 is
949 2781 1004 2835 in
1035 2776 1190 2848 cujus
1216 2773 1500 2829 voluntate
1527 2780 1551 2808 ο
1589 2771 1755 2826 situm
1797 2777 1883 2824 est
1907 2768 2100 2831 videri,

496 2887 556 2938 et
601 2879 756 2950 cuius
805 2885 1011 2930 natum
1061 2879 1148 2927 est
1184 2884 1294 2925 non
1320 2866 1531 2931 videri,
1579 2861 1874 2920 voluntatis
1902 2860 2100 2918 videri.

497 2975 633 3032 Nam
676 2971 722 3029 si
749 2986 859 3026 non
883 2967 1028 3035 vult,
1056 2980 1164 3020 non
1196 2963 1448 3018 videtur:
1477 2961 1522 3015 si
1551 2959 1699 3027 vult,
1725 2959 1964 3013 videtur.
1992 2957 2106 3027 Ap-

497 3068 679 3143 paruit
721 3067 866 3122 enim
912 3063 1054 3117 Deus
1090 3056 1362 3122 Abrahae,
1397 3055 1524 3126 quia
1557 3052 1730 3108 voluit
1772 3069 1786 3106 :
1819 3052 1950 3116 alii,
1977 3049 2103 3120 quia

498 3164 709 3230 noluit,
757 3175 865 3216 non
912 3154 1187 3228 apparuit.
1220 3151 1409 3207 Visum
1456 3156 1546 3204 est
1588 3147 1753 3202 etiam
1799 3143 2097 3214 Stephano,

500 3273 625 3316 cum
664 3252 998 3325 lapidaretur
1029 3262 1060 3302 a
1094 3245 1318 3316 populo,
1347 3239 1549 3312 aperiri
1574 3239 1772 3296 cmlum
1804 3254 1818 3290 :
1846 3236 1993 3292 visus
2019 3245 2103 3291 est

497 3353 664 3410 etiam
693 3349 852 3405 .Iesus
878 3354 1030 3399 stans
1053 3340 1120 3397 ad
1148 3339 1431 3394 dexteram
1464 3333 1591 3398 Dei;
1625 3341 1679 3387 et
1707 3345 1814 3386 non
1844 3339 1929 3384 est
1957 3327 2103 3385 visus

497 3463 529 3504 a
572 3443 770 3517 populo
806 3441 944 3512 (Act.
971 3453 1044 3492 vtt
1067 3477 1082 3499 ,
1109 3435 1227 3505 55).
1263 3432 1412 3487 Vidit
1449 3429 1639 3485 Esaias
1684 3427 1973 3482 Dominum
2002 3425 2100 3482 Sa-

502 3539 691 3600 baoth,
721 3532 814 3589 sed
841 3532 981 3586 alius
1007 3528 1200 3583 videre
1227 3541 1335 3581 non
1364 3522 1571 3594 potuit;
1597 3519 1724 3591 quia
1753 3519 1842 3575 cui
1869 3518 2098 3591 placuit,

503 3627 754 3704 apparuit
784 3623 958 3698 (Esai.
986 3635 1060 3688 γι,
1094 3618 1170 3691 1).
1309 3683 1324 3692 Χ

573 3723 666 3778 25.
701 3719 769 3774 Et
793 3715 925 3789 quid
963 3713 1033 3770 de
1060 3708 1376 3768 hominibus
1401 3704 1699 3779 loquimur,
1724 3721 1846 3761 cum
1884 3706 2045 3761 etiam
2079 3703 2099 3743 ί

502 3816 573 3874 de
599 3813 735 3885 ipsis
758 3807 1075 3867 cmlestibus
1098 3800 1393 3860 virtutibus
1421 3808 1476 3855 et
1514 3797 1874 3868 potestatibus
1902 3797 2101 3868 legeri-

503 3922 646 3970 mus,
669 3903 793 3976 quia
817 3900 984 3957 Deum
1008 3913 1153 3953 nemo
1180 3893 1308 3950 vidit
1335 3907 1579 3962 umquam
1601 3889 1783 3960 (Joan.
1814 3907 1854 3956 ι,
1884 3890 2010 3962 18)ἳ
2037 3889 2106 3946 Et

501 4001 730 4068 addidit,
757 3994 902 4070 quod
928 3994 1068 4050 ultra
1093 3989 1348 4048 cmlcstes
1372 3993 1457 4042 est
1479 3993 1778 4057 potestates
1807 4000 1822 4039 :
1854 3981 2103 4055 Unigeni-

579 4187 607 4216 ι
645 4177 806 4232 Rom.
837 4170 996 4236 edit.,
1024 4169 1164 4222 circa
1183 4167 1350 4238 ipsum
1372 4178 1569 4287 quoque
1589 4162 1745 4216 sortis
1772 4162 2106 4232 agitationem

579 4257 821 4287 ωροηιιιηι
849 4241 999 4287 Lenia
1022 4239 1343 4287 itttnlerelttr.
1424 4243 1599 4287 ronter
1625 4233 1763 4287 (mod
1788 4234 1884 4287 ait.

508 4257 822 4325 praeceptum
847 4233 999 4314 Legis
1022 4233 1343 4308 impleretur.
1375 4233 1599 4302 PrOpter
1625 4233 1763 4299 quod
1788 4234 1884 4287 ait.

578 4342 608 4383 δ
647 4338 883 4395 Sortium
916 4347 1072 4388 usum
1100 4329 1156 4385 in
1186 4326 1356 4383 veteri
1385 4324 1738 4380 Testamento
1761 4323 2102 4394 frequentem

509 4415 679 4471 luisse
721 4411 930 4477 ignorat
978 4416 1159 4477 nemo.
1187 4397 1293 4456 Sed
1319 4411 1421 4477 nec
1456 4395 1526 4451 ab
1554 4395 1783 4477 August.
1827 4397 2100 4477 epi_s_t.‘al.

2120 1709 2170 1772 Β

2188 446 2295 499 Aut
2320 442 2700 513 adquiescatur
2723 439 2888 512 igitur
2914 455 3141 496 necesse
3164 450 3268 506 est,
3298 441 3347 496 si
3371 440 3543 496 Deum
3573 438 3793 495 Patrem

2188 548 2352 591 nemo
2396 533 2533 589 vidit
2577 547 2866 604 umquam,
2909 531 3109 588 Filium
3152 532 3327 587 visum
3373 545 3497 588 esse
3539 529 3594 586 in
3621 527 3796 584 veteri

2189 625 2577 691 Testamento;
2606 634 2663 681 et
2691 624 2944 681 desinant
2971 623 3214 680 haeretici
3237 637 3306 680 ex
3328 622 3552 694 Virgine
3573 622 3622 676 ei
3647 618 3799 690 prin-

2189 717 2389 789 cipium
2434 716 2599 782 dare,
2643 716 2734 789 qui
2764 725 3056 787 antequam
3094 725 3412 772 nasceretur
3434 729 3500 769 ex
3530 711 3757 783 Virgine
3778 751 3796 779 ,

2189 811 2474 867 videbatur
2500 829 2512 866 :
2547 821 2638 865 aut
2676 819 2826 866 certe
2854 810 3028 866 refelli
3057 825 3164 866 non
3189 818 3400 881 potest,
3426 807 3509 862 vel
3536 807 3757 862 Patrem
3779 845 3798 871 ,

2190 903 2274 960 vel
2302 903 2497 959 Filium
2519 944 2535 970 ,
2567 904 2653 960 vel
2700 911 2850 960 certe
2878 902 3141 974 Spiritum
3171 911 3451 967 sanctum,
3482 910 3508 948 ε
3540 899 3588 954 si
3618 909 3802 955 tamen

2191 1009 2277 1056 est
2317 999 2555 1070 Spiritus
2581 1000 2754 1056 sancti
2787 999 2924 1055 visio
2951 999 3112 1072 (Aug.
3147 998 3261 1054 loco
3288 996 3493 1067 citato),
3522 1009 3586 1051 ea
3613 992 3803 1066 specie

2192 1095 2390 1162 videri,
2423 1109 2585 1166 quam
2616 1094 2868 1149 voluntas
2889 1092 3143 1164 elegerit,
3176 1106 3282 1147 non
3313 1101 3504 1146 natura
3532 1090 3806 1144 formare-

2191 1185 2296 1253 rit;
2326 1189 2584 1259 quoniam
2616 1187 2882 1258 Spiritum
2920 1201 3137 1258 quoque
3160 1187 3334 1240 visum
3381 1183 3698 1252 accepimus
3746 1181 3804 1237 in

2193 1281 2470 1337 columba.
2507 1282 2572 1336 Et
2599 1281 2725 1337 ideo
2759 1281 2926 1336 Deum
2972 1295 3132 1336 nemo
3171 1280 3307 1335 vidit
3341 1293 3630 1350 umquam;
3674 1277 3806 1348 quia

2191 1389 2312 1431 eam
2337 1391 2456 1447 quae
2473 1375 2525 1430 in
2545 1375 2658 1432 Deo
2679 1375 2888 1430 habitat
2900 1374 3292 1444 plenitudinem
3315 1371 3616 1428 divinitatis
3637 1384 3808 1427 nemo

2193 1471 2516 1543 conspexit,
2567 1486 2730 1527 nemo
2773 1479 2955 1527 mente
2998 1478 3094 1526 aut
3135 1469 3309 1526 oculis
3359 1464 3803 1537 comprehendit.

2204 1563 2346 1618 Vidit
2373 1563 2518 1620 enim
2541 1565 2610 1620 ad
2635 1574 2924 1634 utrumque
2955 1563 3167 1637 1275
3191 1560 3539 1618 referendum
3562 1569 3668 1616 est.
3699 1558 3810 1614 De-

2197 1658 2364 1728 nique
2393 1673 2517 1713 cum
2544 1657 2761 1714 additur
2789 1676 2802 1712 :
2835 1655 3143 1729 Unigenitas
3174 1655 3224 1710 F
3225 1655 3347 1710 ilius
3371 1657 3483 1724 ipse
3503 1652 3804 1717 enarravit,

2196 1751 2464 1808 mentium
2514 1752 2688 1822 magis
2735 1765 2895 1820 quam
2942 1749 3226 1804 oculorum
3275 1747 3414 1803 visio
3455 1745 3802 1810 declaratur;

2197 1845 2415 1915 Species
2440 1843 2587 1901 enim
2614 1843 2848 1909 videtur,
2873 1841 3044 1897 virtus
3074 1857 3205 1898 vero
3225 1847 3477 1897 narratur
3506 1856 3518 1893 :
3549 1837 3636 1893 illa
3660 1852 3809 1893 ocu-

2199 1937 2290 2004 lis,
2331 1938 2448 1992 bzec
2475 1945 2656 1992 mente
2690 1931 3191 2004 comprehenditur.

2268 2032 2360 2088 26.
2397 2030 2503 2087 Sed
2523 2029 2648 2101 quid
2668 2030 2735 2084 de
2755 2029 3022 2085 Trinitate
3043 2024 3256 2081 dicam?
3274 2021 3561 2094 Seraphim
3581 2019 3808 2092 quando

2197 2123 2404 2188 voluit,
2433 2123 2720 2192 apparuit,
2753 2129 2811 2177 et
2835 2134 3026 2176 vocem
3062 2117 3183 2187 ejus
3208 2116 3397 2172 Esaias
3419 2114 3567 2171 solus
3594 2111 3812 2169 audivit

2199 2215 2371 2292 (Esai.
2407 2231 2486 2282 vt,
2513 2214 2592 2287 6).
2621 2211 2887 2285 Apparuit
2915 2211 3143 2283 angelus
3164 2251 3180 2277 ,
3215 2217 3270 2264 et
3299 2222 3440 2262 nunc
3467 2214 3669 2276 prasto
3700 2212 3810 2270 est,

2200 2308 2295 2365 sed
2326 2325 2432 2363 non
2456 2306 2703 2374 videtur;
2734 2320 2910 2376 neque
2933 2305 3099 2360 etiam
3127 2304 3179 2358 in
3207 2308 3477 2370 potestate
3505 2307 3692 2354 nostra
3727 2306 3813 2351 est

2202 2403 2412 2464 videre.
2441 2400 2536 2457 sed
2567 2403 2619 2456 in
2650 2407 2916 2471 potestate
2949 2397 3097 2452 illius
3125 2409 3413 2466 apparere.
3445 2392 3676 2456 Tamen,
3705 2389 3809 2446 etsi

2204 2505 2451 2569 potestas
2494 2511 2603 2550 non
2644 2505 2728 2550 est
2753 2492 3000 2559 videndi,
3046 2501 3131 2548 est
3173 2491 3347 2561 gratia
3376 2471 3723 2559 promerendi
3753 2493 3812 2540 ut

2206 2591 2393 2647 videre
2423 2587 2717 2661 possimus.
2742 2586 2812 2642 Et
2843 2585 2966 2642 ideo
2995 2585 3084 2657 qui
3113 2583 3302 2640 habuit
3325 2583 3575 2654 gratiam,
3609 2581 3814 2635 meruit

2203 2684 2414 2753 copiam
2451 2699 2464 2738 :
2508 2696 2608 2736 nos
2648 2679 2860 2750 copiam
2889 2693 2996 2733 non
3036 2691 3337 2742 meremur,
3368 2675 3493 2746 quia
3523 2674 3697 2729 Deum
3731 2671 3810 2726 vi-

2209 2774 2374 2832 dendi
2398 2773 2625 2843 gratiam
2650 2787 2761 2827 non
2785 2769 3070 2826 habemus.

2275 2866 2370 2920 27.
2411 2865 2482 2922 Et
2526 2863 2654 2935 quid
2702 2863 2896 2918 mirum
2928 2863 2974 2918 si
3022 2864 3075 2917 in
3118 2859 3374 2933 prmsenti
3418 2857 3653 2923 saeculo,
3711 2855 3812 2912 nisi

2205 2957 2424 3031 quando
2447 2957 2598 3023 vult,
2646 2955 2912 3012 Dominus
2941 2971 3048 3011 non
3075 2954 3326 3010 videtur?
3356 2950 3413 3006 In
3438 2951 3550 3020 ipsa
3592 2964 3813 3021 quoque

2206 3051 2614 3110 resurrectione
2643 3066 2750 3106 non
2779 3049 2936 3106 facile
2962 3058 3044 3105 est
3067 3049 3242 3104 Deum
3266 3046 3472 3108 videre,
3499 3044 3600 3098 nisi
3626 3043 3701 3098 iis
3722 3042 3812 3114 qui

2205 3146 2374 3202 corde
2399 3155 2526 3200 sunt
2553 3144 2772 3199 mttndo.
2809 3143 2880 3198 Et
2919 3141 3043 3197 ideo
3069 3141 3145 3196 ait
3177 3157 3190 3192 :
3222 3137 3371 3193 Beati
3404 3134 3597 3191 mundo
3620 3134 3813 3199 corde;

2206 3239 2308 3308 ipsi
2333 3238 2468 3292 enim
2499 3236 2663 3292 Deum
2701 3234 2944 3289 videbunt
2970 3231 3188 3304 (Matth.
3219 3247 3272 3295 v,
3299 3229 3376 3300 8).
3409 3228 3650 3295 Quantos
3685 3226 3814 3281 bea-

2209 3340 2293 3388 tos
2337 3332 2444 3400 iam
2492 3337 2906 3394 numeraverat,
2939 3335 2994 3382 et
3037 3337 3217 3380 tamen
3265 3321 3486 3378 videndi
3518 3319 3603 3375 bis
3634 3318 3812 3374 Deum

2208 3442 2319 3483 non
2365 3427 2692 3498 promiserat
2732 3423 3074 3480 facultatem!
3129 3423 3186 3479 Si
3234 3436 3367 3492 ergo
3412 3419 3450 3477 ii
3475 3419 3564 3490 qui
3607 3415 3815 3472 mundo

2209 3530 2336 3576 sunt
2383 3519 2579 3588 corde,
2630 3518 2802 3573 Deum
2831 3515 3124 3581 videbunt;
3158 3515 3344 3585 utique
3378 3510 3470 3566 alii
3517 3525 3627 3566 non
3655 3509 3814 3564 vide-

2207 3613 2363 3668 bunt.
2393 3612 2581 3684 Neque
2607 3611 2755 3668 enim
2782 3609 2989 3680 indigni
3036 3609 3202 3663 Deum
3231 3606 3523 3672 videbunt,
3559 3619 3747 3675 neque
3770 3604 3814 3658 is

2203 3709 2293 3780 qui
2326 3709 2494 3764 Deum
2521 3705 2704 3761 videre
2734 3706 3001 3768 noluerit,
3033 3710 3213 3772 potest
3245 3701 3417 3757 Deum
3455 3698 3667 3754 videre.
3705 3694 3816 3753 Nec

2205 3799 2260 3856 in
2292 3801 2412 3856 loco
2441 3799 2584 3856 Dens
2615 3797 2850 3863 videtur,
2878 3796 2974 3852 sed
3005 3795 3208 3851 mundo
3237 3793 3404 3850 corde
3435 3811 3446 3846 :
3481 3806 3586 3848 nec
3617 3806 3814 3862 corpo-

2207 3893 2413 3950 ralibus
2459 3892 2634 3949 oculis
2680 3891 2822 3945 Deus
2867 3886 3152 3960 quaeritur,
3195 3901 3296 3942 nec
3343 3881 3816 3940 circumscribitur

2205 3989 2352 4054 visu,
2383 4003 2488 4045 nec
2512 3997 2658 4044 tactu
2684 3992 2924 4050 tenetur,
2954 3995 3054 4038 nec
3076 3980 3291 4037 auditur
3320 3978 3519 4046 aifatu,
3551 3992 3656 4034 uec
3681 3992 3815 4035 sen-

2207 4181 2425 4222 cansant
2455 4167 2684 4223 Actunm
2712 4182 2802 4222 xvr
2837 4172 3094 4220 narratur
3131 4161 3425 4232 Apostolus
3451 4161 3811 4220 Timotheum

2208 4249 2364 4308 patre
2403 4239 2591 4310 gentili
2624 4247 2809 4294 natum
2849 4231 3284 4310 circumcidiSSe._
3307 4233 3409 4289 Adi
3439 4233 3515 4290 sis
3541 4231 3817 4290 Thomas-

2206 4306 2385 4366 sinum
2407 4306 2634 4380 Discipl.
2675 4310 2821 4365 Eccl.
2853 4308 2946 4362 lib.
2977 4323 3036 4372 ll,
3067 4321 3189 4380 cap.
3223 4306 3311 4360 14.

2282 4391 2305 4420 ο
2345 4379 2508 4437 Corb.
2536 4374 2687 4450 c'od.,
2714 4389 2772 4435 ut
2789 4380 3012 4451 apostoli
3031 4378 3210 4432 electio
3231 4395 3263 4432 a
3289 4374 3534 4432 mandato
3556 4375 3720 4448 Legis
3743 4375 3819 4432 ri-

510 4452 1143 4550 isojvn.'.7{é"é§s,
1172 4452 1390 4550 usuali:
1411 4482 1550 4522 novo
1577 4452 1734 4550 ptine
1765 4452 2098 4550 repudiatur.
2129 4471 2182 4531 1)
2207 4452 2433 4550 άεςεῑιξςῖ

510 4536 852 4614 etiirConc.
885 4536 1093 4605 Ba'rcel.
1124 4559 1252 4599 ann.
1287 4540 1417 4614 599,
1449 4553 1569 4614 can.
1607 4538 1662 4614 5,
1696 4536 2100 4614 comprobatur.

510 4608 583 4686 At
605 4608 750 4683 forte
779 4621 1064 4678 mirabitur
1089 4616 1289 4686 aliquis
1314 4611 1601 4686 scripsisse
1629 4608 1975 4664 Ambrosium
2008 4623 2105 4686 no_-_

509 4679 684 4756 inlini
700 4679 918 4752 sortem
939 4689 1143 4745 idcirco
1167 4679 1276 4741 illic
1297 4679 1595 4756 adhibitam
1618 4693 1763 4756 esse,
1795 4694 1868 4756 nc_
1882 4679 2105 4756 apostoli

714 4749 1042 4821 Vaimandato
1090 4758 1384 4824 discrepare
1420 4750 1774 4827 legis_v_eteris
1821 4749 2100 4827 videretur,

511 4820 813 4898 Difﬁcultas
840 4844 1020 4890 autem
1052 4829 1176 4886 inde
1205 4820 1399 4898 oritur,
1436 4820 1578 4898 (ιιιοά
1607 4820 1881 4898 janrtunc
1912 4820 2100 4898 hujus-

511 4891 667 4969 ﬁliai
688 4891 890 4980 legales
906 4899 1329 4980 _obse_rvationes
1371 4895 1424 4950 in
1451 4891 2102 4980 desire}udine-lrnvab'iisse

510 4962 857 5040 antistiit".
891 4977 963 5032 At
988 4975 1157 5029 relato
1178 4971 1281 5024 hoc
1302 4967 1572 5040 ipsoloco
1597 4962 1930 5040 Venerabilis
1959 4962 2101 5017 Beda

511 5033 1130 5112 ivli-Acta'anostolorum
1160 5039 1450 5110 objectioni
1477 5033 1808 5112 occurritad
1839 5049 1960 5112 eum
1989 5049 2105 5087 mo-

511 5105 985 5180 dutniiﬂﬂlattltias
1031 5125 1148 5168 ante
1187 5105 1552 5183 péntecosten,_
1585 5105 1790 5174 inquit,
1839 5105 2104 5183 ordinatus

509 5176 649 5250 Icili
692 5194 970 5264 quieritur;
991 5187 1134 5264 guia
1169 5176 1648 5264 scilicetncndunt
1681 5185 1790 5264 ergt
1839 5176 2104 5256 plenitudo

508 5245 1134 5336 Spirittissancti‘eﬂ'usa.
1169 5253 1323 5336 [inde
1351 5252 1429 5305 sic
1449 5248 1655 5332 colligit
1681 5263 1702 5336 ἱ
1726 5245 2106 5336 llonec‘veritaf

507 5315 880 5407 ιῖᾶἦιρὶαῖιίειιιν,⁸
919 5315 1141 5401 ﬁguram
1187 5325 1329 5380 licuit
1375 5315 1627 5407 exerceri:
1674 5315 1807 5372 Inde
1835 5327 1925 5407 ‘est
1966 5318 2106 5400 quod

509 5391 760 5463 Matihias
793 5391 882 5471 qui
919 5391 1039 5455 ante
1063 5406 1387 5471 pentecosten
1422 5391 1722 5471 ordinatur:
1743 5397 1880 5471 sorte
1916 5391 2102 5471 quam:

505 5458 881 5536 tui-ivit'li'oc
922 5473 978 5528 in
1023 5458 1419 5543 posterioribus
1469 5480 1534 5518 eo
1577 5461 1908 5543 conﬁrmat,
1957 5458 2098 5529 quod

506 5533 694 5623 postea
726 5549 780 5602 in
807 5533 1077 5623 electione
1099 5540 1478 5623 draconorum
1496 5533 1646 5623 nulla
1677 5547 1814 5623 sors
1827 5545 2099 5623 φςιρΔἫῙ

507 5600 603 5676 itit:
621 5600 1001 5675 intervenisse.
1033 5611 1170 5666 Addi
1197 5610 1357 5664 etiam
1394 5613 1571 5676 potest
1597 5603 1646 5657 id
1676 5601 1816 5676 forte
1840 5616 1912 5676 _eo
1938 5600 2100 5655 modo

507 5673 786 5760 peractum
817 5698 990 5760 esse,
1021 5693 1179 5760 utne
1208 5673 1411 5735 ludatis
1456 5689 1645 5758 recens
1671 5675 1740 5728 ad
1785 5673 1944 5756 [idem
1970 5685 2101 5760 con:

506 5741 1023 5819 iersi'sotfeusionis
1063 5751 1286 5810 daretur
1313 5746 1562 5815 occasio,
1612 5759 1775 5816 quam
1819 5743 1990 5814 ipsam
2027 5741 2099 5798 ob

2277 4520 2306 4561 (ι
2361 4524 2506 4581 Idem
2561 4523 2726 4580 Corb.
2782 4532 2838 4579 et
2889 4521 2983 4578 alii
3040 4521 3288 4592 aliquot,
3345 4528 3464 4575 ante
3514 4534 3621 4574 non
3678 4535 3818 4590 pra:-

2206 4605 2458 4652 sentatur.

2283 4676 2305 4704 °
2343 4666 2434 4723 Sic
2467 4681 2660 4722 omnes
2691 4680 2825 4722 mss.
2857 4679 2918 4720 ac
2944 4672 3053 4720 vet.
3088 4661 3220 4718 edit.
3262 4660 3587 4718 Rom.‘vero
3628 4661 3814 4718 locum

2206 4740 2477 4794 contraxit
2503 4739 2554 4793 in
2587 4738 2728 4793 banc
2756 4736 3021 4802 formam,
3051 4735 3207 4790 situm
3244 4742 3318 4787 est
3358 4732 3556 4800 uideri,
3605 4745 3816 4789 natura:

2205 4825 2324 4864 vero
2349 4820 2423 4864 est
2449 4827 2554 4864 non
2585 4809 2766 4863 videri.

2282 4879 2302 4919 ί
2343 4881 2481 4936 Cum
2533 4894 2694 4935 nemo
2742 4878 3043 4934 catholicus
3089 4874 3624 4946 ambigereipossit,
3677 4875 3813 4946 quin

2207 4951 2354 5009 beati
2399 4951 2592 5024 Angeli
2641 4949 3104 5024 semper_videant
3132 4945 3323 5002 faciem
3366 4945 3572 5011 Patris,
3604 4945 3816 5024 intelli-

2208 5024 2417 5092 gcndns
2443 5017 2529 5080 Iti'c
2552 5023 2706 5079 locus
2741 5017 2812 5076 de
2836 5021 3069 5092 visione,
3103 5026 3160 5072 ut
3189 5023 3419 5092 vocant,
3445 5017 3817 5092 comproben-

2208 5086 2344 5149 siva.
2368 5094 2522 5163 Quod
2547 5093 2764 5163 quidem
2793 5092 2908 5160 ipse
2933 5089 3284 5163 Doctorsatis
3307 5097 3495 5163 aperte
3516 5086 3813 5159 significat,

2208 5166 2338 5221 dum
2361 5159 2494 5220 infra
2514 5159 2719 5230 subdit,
2734 5159 3101 5233 plenitudinem
3122 5159 3404 5233 diuinitatis
3424 5174 3577 5233 nemo
3597 5175 3816 5231 conspe-

2207 5239 2284 5293 xit
2306 5279 2321 5303 ,
2351 5254 2500 5291 nemo
2521 5245 2686 5291 mente
2706 5227 2798 5288 aut
2823 5234 2986 5287 oculis
3021 5229 3423 5303 comprimenda.
3461 5227 3813 5303 Nequevero

2207 5299 2367 5364 aliter
2395 5308 2768 5378 accipiendum
2795 5314 2881 5378 est
2907 5299 3152 5378 quodait
3173 5299 3598 5378 Chrysostomus
3625 5301 3810 5378 ςἐπςί

2210 5369 2714 5458 ᾠτόβπιβξέστίηὸ
2743 5377 2866 5458 esti;
2902 5369 2962 5458 alii
3003 5369 3478 5458 κὸνονλτροφῆται,
3517 5372 3644 5427 ἀλλά
3687 5369 3809 5458 0:311

2210 5451 2416 5526 ἄγγελοι
2456 5442 2740 5526 adnuo-tim
2772 5442 3118 5526 Δἇιρχὸινένέλοι.
3161 5442 3322 5526 Nam;
3345 5443 3399 5496 in
3423 5445 3809 5526 sequentibus

2208 5513 2350 5578 haud
2378 5520 2644 5591 ambiguis
2671 5513 3368 5591 verln'sFeipseespunit,
3385 5513 3474 5591 ubi
3499 5513 3671 5591 dicit,
3700 5514 3809 5591 agr

2207 5595 2370 5655 οὕτως
2390 5583 2554 5655 οὖδιᾶ
2586 5588 2717 5648 οἶδεν
2744 5593 2813 5652 ὡς
2839 5588 2866 5644 ὁ
2894 5583 3030 5650 Tios.
3063 5585 3129 5640 Ει
3158 5583 3294 5639 infra
3320 5584 3498 5640 eidem
3530 5583 3671 5640 Filio
3705 5585 3808 5640 tri.

2207 5668 2324 5723 buit
2345 5654 2471 5740 stili,
2502 5654 2686 5740 inpie?)
2709 5668 2801 5740 tot";
2831 5663 3027 5740 Πᾳτρός
3054 5654 3352 5740 κατάληψιν..

2282 5747 2305 5784 υ
2348 5726 2506 5792 Rom.
2530 5726 2660 5792 edit.
2685 5733 2822 5802 sola,
2839 5733 2883 5789 si
2908 5726 3077 5787 tamen
3102 5736 3150 5783 et
3177 5726 3406 5800 Spiritus
3427 5735 3640 5784 sanctus
3661 5728 3808 5784 visus
