3960 6300
188 434 298 477 cum
327 439 582 494 praesens
606 444 729 502 est,
760 453 866 493 non
894 443 1129 499 videtur.
1164 446 1403 517 Denique
1436 468 1535 507 nee
1563 456 1791 524 apostoli

194 529 372 572 omnes
396 518 685 581 Christum
718 529 1008 599 videbant;
1058 546 1114 592 et
1152 538 1278 596 ideo
1322 543 1437 598 ait:
1471 518 1636 602 Tanto
1664 558 1791 604 tem-

196 624 311 677 pore
333 613 592 671 vobiscum
619 637 757 689 sum,
780 636 829 678 et
850 625 1024 682 adhuc
1046 646 1124 683 me
1144 647 1246 686 non
1268 638 1576 708 cognovistis
1602 639 1784 711 (Joan.

194 717 295 768 χεν,
329 702 418 773 9)!
452 708 557 776 Qui
588 714 735 769 enim
766 721 1022 787 cognovit
1045 739 1167 793 qua:
1194 726 1269 781 sit
1298 702 1560 799 latitudo,
1590 742 1646 788 et
1671 735 1790 791 lon-

190 798 394 867 gitudo,
429 812 485 859 et
515 805 771 878 altitudo,
802 820 857 866 et
887 814 1245 885 profundum,
1276 830 1332 876 et
1377 798 1789 893 supereminen-

190 898 294 945 tem
330 894 576 952 scientia:
602 898 928 960 charitatem
952 906 1192 975 Christi,
1230 911 1366 967 vidit
1388 923 1444 969 et
1468 915 1749 974 Christum
1768 960 1785 987 ,

188 988 319 1041 vidit
345 998 403 1043 et
442 988 684 1049 Patrem.
716 993 827 1053 Nos
873 1000 1017 1055 enim
1062 1002 1176 1073 jam
1220 1006 1521 1064 secundum
1566 1026 1785 1068 carnem

187 1096 294 1135 non
319 1083 569 1140 novimus
592 1084 892 1157 Christum,
922 1092 1017 1148 sed
1041 1097 1336 1154 secundum
1369 1101 1650 1171 spiritum;
1677 1107 1788 1176 spi-

186 1174 322 1231 ritus
357 1176 505 1233 enim
548 1189 676 1237 ante
709 1182 902 1239 faciem
934 1197 1174 1243 nostram
1206 1191 1455 1249 Christus
1486 1196 1781 1265 Dominus,

183 1269 270 1336 qui
303 1286 405 1326 nos
431 1273 483 1326 in
508 1288 724 1331 omnem
750 1277 1144 1346 plenitudinem
1167 1283 1263 1339 Dei
1291 1286 1664 1345 misericordia
1687 1307 1783 1347 sua

182 1362 414 1434 implere
445 1365 728 1437 dignetur;
760 1379 818 1425 ut
847 1371 1020 1429 videri
1044 1376 1220 1446 possit
1240 1393 1270 1432 a
1300 1379 1474 1436 nobis.
1497 1381 1629 1437 Ideo
1654 1399 1784 1454 ergo

178 1456 432 1526 apparuit
492 1457 769 1515 Zachariae
843 1464 1083 1535 angelus
1130 1483 1159 1523 a
1214 1468 1422 1527 dextris
1469 1473 1657 1529 altaris
1703 1475 1783 1531 in-

179 1548 352 1611 censi,
383 1549 511 1617 quia
533 1558 788 1622 apparuit
811 1570 933 1611 cum
962 1557 1155 1628 voluit,
1184 1576 1292 1616 non
1318 1565 1569 1634 apparuit
1595 1582 1785 1636 quam-

180 1638 272 1695 diu
305 1640 498 1697 noluit.

250 1733 342 1789 28.
387 1735 656 1807 Apparuit
675 1748 855 1797 autem
878 1757 908 1797 a
934 1744 1146 1803 dextris
1167 1748 1356 1805 altaris
1381 1750 1623 1818 incensi;
1657 1755 1782 1825 quia
1813 1761 1861 1821 Β

178 1827 379 1884 divinat
429 1829 642 1902 insigne
688 1836 1081 1894 misericordiae
1135 1840 1416 1901 deferebat
1459 1863 1471 1899 :
1525 1846 1782 1905 Dominus

177 1921 323 1977 enim
351 1940 385 1977 a
415 1923 614 1981 dextris
640 1938 714 1982 est
742 1930 890 1998 mihi,
923 1949 985 1986 ne
1012 1950 1332 1992 commoveor
1362 1938 1536 2010 (Psal.
1573 1958 1667 2009 xv,
1699 1943 1779 2016 8).

176 2012 245 2069 Et
272 2015 403 2071 alibi
437 2034 449 2071 :
484 2016 741 2076 Dominus
760 2026 1011 2094 protectio
1037 2036 1125 2082 tua
1151 2046 1309 2100 super
1329 2048 1537 2087 manum
1555 2035 1780 2092 dexterae

173 2117 278 2161 tum
318 2108 497 2179 (Psal.
529 2127 635 2167 cxx
657 2157 672 2182 ,
707 2114 785 2187 5).
834 2118 1012 2189 Atque
1043 2125 1249 2177 utinam
1298 2124 1454 2180 nobis
1501 2142 1719 2199 quoque
1752 2139 1778 2167 ει

172 2199 523 2259 adolentibus
550 2206 766 2273 altaria,
797 2208 1125 2267 sacriﬁcium
1152 2212 1526 2273 deferentibus
1555 2219 1779 2275 assistat

169 2297 421 2367 angelus,
456 2298 625 2354 immo
650 2300 892 2371 praebeat
919 2305 1323 2376 selvidendum.
1351 2308 1471 2364 Non
1503 2312 1648 2366 enim
1677 2312 1777 2368 du-

170 2391 314 2448 bites
366 2394 629 2451 assistere
671 2397 924 2468 angelum
948 2439 961 2463 ,
1008 2400 1227 2471 quando
1250 2402 1500 2459 Christus
1527 2406 1772 2474 assistit,

168 2487 389 2555 quando
419 2486 674 2545 Christus
703 2490 1037 2547 immolatur.
1070 2492 1277 2547 Etenim
1314 2496 1510 2565 pascha
1540 2507 1775 2554 nostrum

169 2580 471 2637 immolatus
500 2593 575 2638 est
610 2583 845 2638 Christus
875 2584 922 2654 (Ι
951 2582 1073 2640 Cor.
1102 2602 1157 2653 v,
1191 2586 1267 2657 7).
1292 2586 1403 2645 Nec
1428 2591 1676 2647 verearis
1706 2608 1775 2649 ne

168 2674 419 2729 turbetur
436 2689 534 2731 cor
555 2684 707 2731 tuum
740 2677 919 2747 angeli
942 2679 1151 2733 visione
1176 2679 1581 2750 (perturbamur
1600 2683 1770 2752 enim,

166 2774 223 2822 et
261 2783 292 2822 a
326 2777 518 2822 nostro
559 2768 864 2824 alienamur
894 2769 1125 2838 affectu,
1176 2772 1393 2842 quando
1435 2775 1773 2845 praestringi-

168 2876 287 2916 mur
299 2861 533 2933 alicujus
554 2862 856 2932 superioris
869 2864 1152 2933 potestatis
1173 2864 1449 2937 occursu),
1465 2864 1607 2922 idem
1626 2866 1771 2923 enim

168 2954 391 3026 angelus
429 2957 522 3026 qui
547 2955 846 3011 occurrerit
871 2956 1054 3024 nobis,
1073 2956 1399 3013 confirmare
1421 2971 1521 3013 nos
1549 2960 1767 3028 poterit,

170 3051 308 3107 sicut
340 3052 619 3108 turbatum
646 3061 773 3109 ante
800 3051 1079 3109 Zachariae
1106 3052 1349 3108 firmavit
1383 3053 1657 3121 animum,
1689 3052 1766 3109 di-

173 3160 298 3200 cens
332 3164 348 3203 ε

245 3238 419 3309 (Vers.
454 3239 546 3306 15,
579 3239 695 3312 14.)
738 3239 822 3294 Ne
847 3241 1026 3295 timeas
1055 3240 1346 3306 Zacharia,
1380 3241 1629 3311 quoniam
1655 3257 1770 3297 ecce

179 3332 333 3386 oratio
364 3342 451 3387 tua
476 3334 726 3388 exaudita
758 3334 972 3406 1276
998 3344 1071 3389 est
1095 3351 1112 3388 :
1140 3343 1184 3389 et
1215 3351 1345 3389 uxor
1378 3345 1469 3390 tuo
1496 3335 1766 3391 Elizabeth

183 3427 333 3492 pariet
357 3428 555 3495 ﬁlium,
586 3436 633 3483 et
657 3429 861 3482 vocabis
899 3445 1082 3483 nomen
1112 3432 1226 3502 ejus
1271 3429 1526 3485 Joannem
1551 3447 1569 3481 :
1596 3442 1642 3485 et
1668 3431 1766 3485 erit

184 3517 407 3586 gaudium
430 3518 519 3573 tibi
549 3535 567 3573 :
603 3529 650 3574 et
670 3520 821 3574 multi
854 3520 909 3573 in
940 3520 1209 3575 nativitate
1228 3521 1340 3592 ejus
1370 3522 1687 3592 gaudebunt.

246 3609 330 3663 29.
358 3610 518 3667 Plena
552 3626 796 3682 semper,
828 3620 883 3667 et
909 3611 1271 3669 redundantia
1302 3623 1427 3669 sunt
1460 3614 1640 3670 divina
1669 3616 1765 3671 be-

185 3702 359 3759 neﬁcia
391 3722 403 3757 :
439 3720 542 3761 non
583 3708 780 3778 exiguo
810 3706 1108 3762 constricta
1153 3722 1412 3775 numero,
1462 3708 1557 3763 sed
1603 3707 1758 3763 uberi

184 3795 429 3854 bonorum
458 3810 786 3857 coacervata
822 3808 1119 3871 congestu;
1152 3810 1211 3857 ut
1249 3802 1337 3857 hic
1368 3801 1541 3872 primo
1572 3816 1763 3872 preca-

184 3887 332 3946 tionis
353 3893 580 3959 fructus,
615 3892 814 3950 deinde
840 3892 1045 3949 sterilis
1083 3904 1272 3963 partus
1298 3894 1504 3959 uxoris,
1533 3904 1645 3949 tttm
1668 3894 1762 3950 lte-

186 3981 287 4036 titia
326 3985 713 4055 plurimorum,
758 3996 811 4042 et
854 3985 1167 4057 magnitudo
1206 3988 1444 4042 virtutis.
1490 3985 1760 4043 Altissimi

182 4088 378 4148 quoque
404 4080 672 4151 propheta
715 4080 1051 4152 promittitur
1082 4097 1095 4133 :
1127 4080 1256 4150 quin
1300 4081 1496 4146 etiam,
1545 4096 1615 4136 ne
1654 4096 1760 4151 qua

180 4181 311 4225 esset
330 4172 617 4240 dubitatio,
642 4173 807 4229 futuri
833 4188 1050 4245 quoque
1072 4173 1395 4229 vocabulum
1419 4173 1754 4245 designatur.

176 4259 352 4320 Tantis
378 4268 538 4338 igitur
566 4282 732 4338 supra
760 4276 944 4322 votum
987 4266 1314 4334 fluentibus,
1345 4283 1452 4322 non
1481 4268 1758 4324 immerito

176 4354 474 4415 diffidentire
504 4375 664 4431 poena
697 4361 973 4415 silentium
1014 4368 1099 4416 est
1127 4377 1142 4415 :
1174 4359 1317 4430 quod
1346 4360 1397 4414 in
1434 4359 1755 4429 posteriori-

176 4447 268 4505 bus
289 4454 717 4522 esplanabimus.
739 4452 1011 4509 Solemnis
1038 4460 1217 4508 autem
1241 4452 1427 4508 laetitia
1450 4462 1534 4509 est
1554 4455 1607 4510 in
1633 4462 1755 4510 ortu

1218 237 1585 299 EXPOSlTlt)
1625 243 1876 306 EVANG.
1919 250 2068 312 SEC.
2112 254 2267 315 LUC.
2310 259 2440 318 LIB.
2481 266 2520 320 Ι.

2501 380 2663 437 etiam
2694 396 2947 454 parentes
2972 394 3174 460 gratias
3199 411 3359 468 agere
3385 420 3491 461 non

1895 464 2075 520 minus
2119 482 2216 537 pro
2264 480 2404 540 ortu,
2453 490 2615 545 quam
2663 495 2760 549 pro
2806 486 3015 543 meritis
3059 488 3332 560 filiorum;
3385 513 3491 553 nou

1894 557 2039 612 enim
2086 560 2362 620 mediocre
2392 582 2586 624 munus
2616 582 2699 626 est
2734 573 2862 642 Dei,
2895 576 3026 633 dare
3054 580 3254 639 liberos
3288 602 3491 657 prepa-

1890 660 2109 720 gatores
2138 658 2389 727 generis,
2423 664 2785 722 successionis
2832 669 3098 729 haeredes.
3143 677 3283 748 Lege
3317 680 3491 740 Jacob

1891 740 2178 801 duodecim
2213 747 2446 805 filiorum
2471 757 2827 823 generatione
2863 763 3100 833 gaudere
3138 767 3289 839 (Gen.
3321 787 3447 828 xm
3472 817 3485 838 ,

1889 833 2004 907 28).
2036 837 2271 895 Abraha:
2312 843 2455 901 filius
2497 846 2657 904 datur
2707 850 2863 922 (Gen.
2904 872 3023 924 ut,
3068 833 3155 930 2)..
3194 833 3492 921 Zacharias

1889 930 2196 988 exauditur.
2224 934 2473 992 Divinum
2502 940 2664 1010 igitur
2697 960 2917 1014 munus,
2946 949 3253 1011 fecunditas
3282 967 3365 1013 est
3395 974 3487 1028 pa-

1890 1021 2082 1075 rentis.
2118 1024 2296 1095 Agant
2334 1028 2514 1097 itaque
2557 1042 2739 1099 patres
2762 1040 2999 1108 gratias,
3028 1047 3151 1114 quia
3183 1021 3485 1117 generave-

1889 1121 2016 1166 runt
2045 1131 2059 1167 :
2095 1114 2225 1183 filii,
2253 1118 2375 1188 quia
2407 1126 2805 1196 generatisunt
2834 1149 2846 1183 :
2881 1142 3104 1201 matres,
3135 1114 3258 1208 quia
3289 1144 3485 1212 conju-

1887 1203 1957 1272 gii
1987 1207 2223 1274 przemiis
2250 1208 2623 1283 honorantur;
2658 1220 2926 1291 stipendia
2958 1228 3101 1281 enim
3132 1231 3341 1287 militia:
3373 1250 3487 1291 sua:

1890 1293 1984 1349 filii
2016 1307 2161 1353 sunt.
2195 1300 2399 1359 Vernet
2429 1305 2481 1359 in
2508 1306 2604 1364 Dei
2632 1309 2847 1369 laudem
2880 1325 3052 1386 terra,
3094 1323 3218 1391 quia
3248 1324 3483 1381 colitur:

1889 1388 2139 1457 mundus,
2164 1393 2287 1463 quia
2304 1399 2687 1467 cognoscitur:
2714 1403 2977 1475 Ecclesia,
3002 1411 3125 1480 quia
3148 1413 3364 1473 devotae
3388 1434 3485 1474 nu-
3506 1415 3524 1423 “

1886 1495 2038 1537 mero
2066 1485 2240 1553 plebis
2276 1502 2524 1560 augetur.
2559 1493 2671 1552 Nec
2706 1499 2885 1557 otiose
2915 1503 2968 1559 in
3014 1506 3283 1580 principio
3328 1510 3484 1584 (Gen.

1886 1586 1943 1639 Il,
1976 1573 2070 1645 24)
2115 1579 2296 1635 statim
2324 1580 2556 1640 Genesis
2584 1588 2678 1644 Dei
2725 1591 2879 1662 jussu
2910 1573 3223 1670 eonjugium
3267 1573 3493 1675 copula-

1885 1672 1993 1731 tur,
2019 1667 2121 1723 nisi
2148 1679 2204 1725 ut
2232 1670 2458 1732 haeresis
2481 1678 2811 1739 destruatur.
2839 1686 2932 1742 Sic
2952 1667 3098 1744 enim
3124 1692 3269 1751 Deus
3292 1699 3475 1769 conju-

1886 1755 2031 1827 gium
2071 1760 2335 1831 probavit,
2372 1776 2431 1822 ut
2453 1768 2709 1841 jungeret
2738 1793 2750 1828 :
2783 1778 2861 1832 sic
2888 1795 3274 1842 remuneratus
3299 1755 3414 1855 est:
3430 1800 3490 1847 ut

1885 1847 2083 1918 quibus
2112 1855 2374 1914 sterilitas
2405 1859 2547 1918 filios
2570 1864 2916 1938 denegasset,
2950 1873 3121 1942 pietas
3148 1876 3327 1935 divina
3356 1847 3488 1939 eon-

1884 1941 2125 2000 cederet.

1954 2033 2135 2105 (Vers.
2166 2040 2284 2112 i5.)
2324 2042 2395 2099 Et
2417 2049 2517 2101 erit
2544 2065 2763 2122 magnus
2791 2070 2965 2112 coram
2993 2059 3236 2120 Domino.

1952 2126 2043 2181 51.
2084 2127 2201 2186 Νοη
2242 2138 2491 2206 corporis
2519 2139 2643 2210 hic,
2685 2144 2782 2199 sed
2826 2149 3022 2206 anima:
3052 2157 3480 2224 magnitudinem

1880 2215 2198 2278 declaravit.
2248 2224 2348 2281 Est
2388 2243 2572 2286 coram
2620 2234 2848 2294 Domino
2892 2245 3209 2313 magnitudo
3248 2251 3478 2318 animm,

1878 2312 2195 2382 magnitudo
2225 2318 2441 2377 virtutis
2484 2341 2497 2377 :
2542 2334 2626 2381 est
2667 2330 2831 2385 etiam
2863 2312 3102 2402 parvitas
3147 2342 3380 2413 animae,
3427 2356 3483 2403 et

1878 2406 2113 2473 pueritia
2145 2410 2384 2469 virtutis.
2412 2415 2573 2473 Juxta
2601 2422 2745 2477 enim
2777 2425 2973 2483 anima:
3009 2439 3064 2485 et
3104 2440 3349 2504 corporis
3381 2456 3484 2495 nu-

1877 2512 2153 2557 meramus
2176 2513 2386 2571 aetates,
2418 2523 2527 2565 non
2556 2527 2655 2581 pro
2685 2517 2897 2574 ratione
2935 2525 3227 2593 temporis,
3258 2528 3355 2583 sed
3385 2545 3484 2600 pro

1875 2591 2137 2658 qualitate
2165 2595 2410 2664 virtutis;
2455 2610 2513 2655 ut
2552 2604 2634 2658 vir
2662 2607 2939 2675 perfectus
2981 2591 3074 2669 ille
3115 2591 3352 2686 dicatur,
3385 2591 3478 2691 qui

1874 2697 2060 2742 careat
2104 2704 2294 2749 errore
2343 2696 2626 2764 pueritiae,
2674 2709 2730 2755 et
2771 2702 3039 2762 lubricum
3094 2710 3480 2772 adolescentia:

1874 2778 2041 2834 animi
2078 2784 2390 2840 maturitate
2430 2802 2537 2843 non
2580 2792 2782 2847 sentiat
2812 2813 2824 2849 :
2859 2798 3088 2866 pusillus
3138 2812 3356 2873 autem,
3388 2812 3478 2878 qui

1874 2870 2081 2927 nullum
2112 2873 2289 2932 adhuc
2315 2877 2533 2935 virtutis
2562 2882 2810 2941 videatur
2848 2886 3102 2948 habuisse
3132 2909 3473 2963 processum.

1874 2958 2029 3018 Unde
2060 2964 2196 3021 illud
2237 2966 2292 3022 in
2327 2969 2640 3038 Hieremia.
2678 2990 2801 3031 cum
2832 2978 3192 3040 misereretur
3217 2986 3481 3048 Dominus

1874 3051 2124 3111 deflentis
2156 3058 2431 3129 Ephraem,
2455 3062 2483 3102 ιι
2509 3073 2564 3120 et
2593 3077 2811 3136 peccata
2846 3074 3061 3143 propria
3086 3076 3434 3149 deprecantis
3462 3102 3474 3138 :

1791 3150 1837 3213 C
1871 3146 1915 3199 Α
1950 3150 2221 3219 juventule
2267 3192 2282 3217 ,
2331 3155 2541 3226 inquit,
2596 3176 2710 3215 mea
2756 3163 2978 3221 dilectus
3036 3146 3173 3225 mihi
3211 3184 3287 3228 est
3331 3178 3478 3244 ﬁlius

1870 3237 2135 3311 Ephrem,
2168 3260 2296 3313 puer
2332 3246 2385 3301 in
2414 3248 2615 3305 deliciis
2642 3250 2856 3321 (Jerem.
2891 3272 3047 3326 χχχι,
3076 3261 3191 3332 20).
3224 3263 3284 3319 Si
3325 3237 3471 3326 enim

1870 3346 1975 3387 non
2006 3333 2199 3391 fuisset
2226 3352 2366 3408 puer
2406 3340 2459 3396 in
2488 3340 2731 3414 deliciis,
2771 3363 3065 3420 numquam
3110 3358 3469 3424 peccavisset.

1867 3424 1937 3481 Et
1962 3426 2104 3483 bene
2134 3437 2427 3503 utrumque
2467 3434 2628 3504 dixit,
2674 3450 2729 3494 et
2759 3440 2813 3495 in
2857 3443 3098 3514 deliciis,
3130 3459 3185 3504 et
3214 3466 3472 3522 puerum;

1866 3529 1951 3574 est
1977 3521 2122 3577 enim
2172 3540 2329 3594 puer,
2376 3527 2468 3598 qui
2509 3544 2620 3585 non
2668 3543 2858 3601 peccat
2895 3552 2908 3591 :
2955 3536 3092 3594 Ecce
3134 3559 3263 3612 puer
3293 3562 3471 3614 meus,

1865 3627 2017 3683 quem
2057 3615 2187 3688 elegi
2222 3616 2391 3687 (Esai.
2426 3635 2578 3687 mu,
2608 3623 2721 3695 10).
2754 3625 2857 3683 Per
2884 3627 3111 3686 delicias
3140 3633 3323 3705 itaque
3347 3653 3472 3707 pec-

1865 3707 2026 3773 cavit,
2062 3718 2083 3747 ο
2117 3710 2207 3779 qui
2236 3710 2312 3766 ita
2330 3721 2449 3767 erat
2470 3713 2795 3773 informatus
2820 3737 2849 3774 a
2879 3722 3133 3792 Domino,
3165 3736 3224 3782 ut
3251 3732 3469 3789 nescius

1865 3810 2010 3857 esset
2036 3803 2258 3858 erroris.
2296 3804 2440 3876 Ergo
2465 3817 2520 3862 et
2548 3809 2593 3863 si
2618 3826 2753 3879 puer
2783 3812 2834 3866 in
2867 3814 3079 3873 deliciis
3111 3835 3218 3874 non
3250 3821 3465 3892 fuisset,

1864 3902 1921 3949 et
1948 3894 1995 3949 si
2022 3894 2076 3949 in
2104 3895 2281 3951 virum
2311 3898 2610 3966 perfectum
2641 3902 2855 3959 virtutis
2884 3909 3243 3975 processisset
3269 3923 3429 3971 astate
3448 3960 3462 3983 ,

1863 4004 2156 4060 numquam
2181 3990 2365 4061 lapsus
2386 3992 2610 4061 fuisset;
2634 4004 2696 4051 ut
2718 3997 2796 4053 illi
2822 4014 3046 4058 necesse
3070 4014 3220 4062 esset
3249 4009 3463 4065 veniam

1861 4097 2083 4138 suorum
2114 4092 2305 4154 petere
2341 4088 2549 4159 1277
2575 4089 2918 4163 delictorum,
2949 4111 3072 4152 cum
3105 4102 3276 4172 magis
3302 4108 3466 4161 meri-

1861 4182 2039 4231 torum
2069 4178 2291 4247 prtemia
2314 4194 2539 4248 sperare
2564 4180 2811 4239 deberet.
2847 4186 2985 4254 Quid
3012 4189 3175 4245 etiam
3201 4192 3464 4255 Dominus

1859 4276 2047 4323 noster
2073 4268 2127 4324 in
2159 4269 2457 4342 Evangelio
2491 4273 2704 4331 videtur
2734 4279 3044 4349 exprimere
3064 4324 3078 4347 ,
3125 4300 3249 4341 cum
3280 4288 3413 4346 dicit
3447 4310 3460 4347 :

1861 4358 2043 4415 Nolite
2074 4372 2395 4418 contemnere
2417 4380 2577 4420 unum
2606 4384 2669 4423 ea:
2691 4371 2896 4440 pusillis
2923 4374 3035 4428 istis
3058 4374 3272 4446 (Matth.
3305 4398 3458 4451 xvut,

1861 4452 1972 4525 10).
2014 4452 2123 4510 Sed
2172 4455 2294 4512 loco
2332 4471 2435 4512 suo
2481 4461 2637 4528 plura
2683 4474 2989 4520 serventur.
3040 4466 3187 4538 Ergo
3230 4474 3461 4540 pusillus

172 4548 227 4594 et
250 4545 591 4613 generatione
632 4555 980 4611 sanctorum;
1013 4554 1235 4601 sanctus
1263 4545 1408 4601 enim
1436 4560 1542 4601 non
1574 4545 1753 4601 solum
1781 4545 1832 4606 D
1858 4545 2167 4601 contrarius
2192 4556 2277 4602 est
2304 4563 2521 4619 magno.
2553 4549 2621 4604 Et
2658 4551 2736 4617 si,
2762 4552 2915 4623 juxta
2947 4556 3299 4629 Apostolum,
3328 4580 3457 4635 par-

170 4646 437 4701 parentum
475 4636 681 4710 gratia,
714 4637 811 4692 sed
850 4638 1014 4693 etiam
1061 4637 1208 4694 salus
1252 4646 1338 4693 est
1367 4638 1748 4709 plurimorum.

169 4722 317 4784 Unde
342 4729 697 4787 admonemur
744 4730 845 4786 hoc
886 4730 1010 4787 loco
1048 4738 1366 4786 sanctorum
1398 4731 1756 4801 generatione

168 4815 282 4872 laeta
292 4820 352 4875 ri.

168 4971 259 5016 est.
306 4962 359 5019 ld
401 4975 581 5022 autem
631 4973 975 5021 autumamus
1018 4979 1085 5020 eo
1127 4978 1290 5020 sensu
1334 4963 1746 5022 intelligendum

164 5048 268 5113 quo
298 5034 352 5091 S.
378 5036 572 5119 Iliam.
608 5052 624 5091 ι
658 5047 795 5119 part;
830 5045 1021 5119 quiest:
1056 5037 1146 5117 .43,
1178 5044 1282 5119 art.
1313 5037 1367 5119 '_7,
1405 5035 1470 5090 ad
1496 5034 1550 5096 6.
1588 5043 1749 5119 negat

164 5102 217 5158 in
246 5117 351 5160 vet.
378 5102 730 5163 Testamento
768 5102 964 5161 factam
996 5108 1162 5162 fuisse
1188 5106 1425 5173 Spiritus
1454 5107 1625 5160 sancti
1665 5102 1748 5159 vi.

163 5175 368 5232 sihilem
395 5179 731 5260 missionem.
760 5178 1192 5260 Alioqitinenim
1212 5186 1324 5260 tres
1350 5193 1622 5260 person-as.
1640 5176 1738 5260 SS.

164 5242 432 5331 Trinitatis
473 5248 783 5331 Abrahamo
816 5242 1365 5331 apparuisse‘li‘quido
1404 5248 1456 5302 in
1494 5249 1657 5331 libris
1678 5248 1746 5305 de

161 5318 346 5373 eodem
386 5319 729 5385 Patriarcha,
780 5327 836 5374 et
881 5319 1011 5374 alibi
1046 5318 1212 5374 tradit
1258 5320 1345 5375 hic
1385 5328 1572 5375 noster
1618 5321 1747 5374 Ant-

158 5386 391 5472 δτοδίνεε
711 5462 741 5472 ν.
880 5460 892 5472 .
1024 5460 1035 5472 .

227 5469 254 5497 ⁸
294 5461 460 5530 llujns
488 5460 593 5516 loci
622 5460 931 5544 testimonio
961 5460 1129 5544 utitur
1158 5461 1317 5544 Card.
1338 5461 1521 5544 liena.
1555 5460 1748 5544 flerunt

152 5529 354 5605 Liturg.
375 5529 476 5587 lib.
504 5548 544 5598 ι,
573 5547 694 5618 cap.
720 5532 812 5618 ἓξ,
839 5548 986 5618 uum.
1023 5533 1077 5597 9,
1120 5544 1176 5586 ut
1208 5533 1628 5618 thurifieationis
1652 5550 1749 5618 an:

150 5602 454 5669 tiquitatem
505 5603 717 5687 probet.
756 5602 867 5688 Sed
909 5618 981 5688 eo
1012 5604 1341 5688 nonhmiuus
1380 5603 1748 5688 demgnstrari

148 5683 327 5745 potest
370 5674 675 5759 admissum
721 5674 789 5729 ab
832 5674 1069 5759 antiquis
1112 5674 1455 5759 Datrihusjn
1503 5675 1747 5759 Ecclesia

144 5744 335 5807 verum
377 5744 739 5810 sacrificium,
784 5760 887 5814 qua
921 5745 987 5799 de
1026 5761 1086 5800 re
1117 5747 1390 5807 Ambrosii
1422 5755 1615 5806 extant
1642 5748 1750 5805 loci

676 5843 947 5902 PATROL.
985 5839 1127 5902 XV.

1858 4639 2021 4694 vulus
2043 4639 2146 4695 sub
2170 4640 2457 4697 elementis
2481 4650 2566 4698 est
2596 4660 2609 4695 :
2644 4643 2775 4699 Cum
2804 4648 2946 4703 enim
2977 4666 3202 4709 essemus
3231 4663 3453 4730 parvuli,

1858 4734 1953 4788 sub
1999 4733 2260 4790 elementis
2299 4734 2453 4800 huius
2492 4738 2673 4791 mundi
2700 4754 2906 4796 eramus
2954 4742 3166 4815 (σαῖσι.
3208 4766 3287 4819 tv,
3321 4755 3454 4825 10);

1861 4840 1993 4898 ergo
2019 4842 2247 4899 magnus
2277 4842 2441 4900 supra
2472 4830 2743 4888 elementa
2767 4833 2954 4891 mundi
2979 4846 3080 4893 est.

1850 4966 2188 5038 complures,
2211 4977 2269 5024 ut
2291 4967 2403 5038 jam
2432 4968 2562 5026 alibi
2589 4970 3017 5030 observavimus.

1922 5085 1950 5124 ι)
1990 5085 2070 5142 lta
2099 5087 2233 5144 edit.
2282 5086 2504 5163 Amerb.
2553 5088 2604 5144 in
2645 5104 2898 5163 corpore.
2933 5092 3061 5149 Era.
3111 5106 3165 5152 et
3210 5099 3336 5156 Gill.
3394 5106 3450 5163 iu

1850 5173 2022 5228 marg.
2056 5173 2177 5241 cum
2228 5172 2361 5241 mss.
2405 5159 2521 5213 fere
2560 5159 2835 5219 omnibus.
2888 5164 3033 5241 E_dit_.
3080 5179 3260 5241 autem
3297 5159 3449 5241 Era:

1850 5228 1977 5285 Gill.
2012 5244 2075 5283 ac
2105 5228 2266 5317 Rom;
2292 5232 2352 5317 in.
2372 5245 2605 5314 corpore
2627 5249 2752 5288 cum
2778 5238 3123 5304 paucissimis
3143 5256 3301 5313 mss.,
3332 5228 3453 5317 pe}:

1850 5309 1966 5353 cata
1993 5300 2208 5371 propria
2232 5300 2569 5371 deplorantis.

1925 5467 1948 5495 ο
1989 5456 2192 5513 Omnes
2221 5456 2378 5524 etlit.,
2409 5459 2499 5527 qui
2529 5472 2631 5531 non
2667 5457 2740 5511 ita
2779 5468 2891 5531 erat
2935 5460 3248 5531 informatus
3276 5484 3307 5521 a
3334 5467 3451 5525 Do-

1852 5529 2012 5583 mino.
2038 5527 2241 5583 Omnes
2281 5543 2413 5583 mss.
2433 5570 2458 5604 ._
2478 5529 2565 5604 qui
2604 5530 2710 5591 ita,
2741 5529 2825 5604 vel
2845 5571 2859 5596 ,
2890 5527 3011 5601 quia
3036 5535 3109 5589 ita
3152 5547 3295 5604 erat,
3341 5554 3447 5599 etc.

1850 5600 2203 5670 Negationem
2234 5612 2412 5655 autem
2445 5598 2535 5655 hic
2580 5598 2912 5668 superfluam
2953 5618 3076 5659 esse
3107 5598 3321 5665 videtur
3366 5598 3452 5667 sa-

1852 5672 1922 5727 tis
1950 5671 2190 5729 indicare
2215 5686 2449 5743 sequens
2470 5672 2751 5728 conclusio
2780 5690 2793 5728 :
2822 5671 2964 5746 Ergo
2990 5685 3039 5730 et
3058 5679 3101 5731 si
3128 5696 3255 5750 puer
3284 5683 3337 5737 in
3363 5687 3451 5743 de-

1852 5742 2009 5812 liciis,
2037 5752 2145 5801 etc.
