3960 6324
485 232 623 298 154⁵1.

545 349 637 408 5:2.
675 347 992 419 Erititaque
1030 345 1266 401 Joannes
1297 354 1525 410 magnus
1571 352 1679 392 non
1711 336 1914 392 virtute
1957 343 2157 406 εον-Α

481 440 652 512 poris,
683 438 989 496 sedanimre
1015 431 1407 506 magnitudine.
1431 430 1674 498 Denique
1697 443 1802 484 non
1830 428 1962 484 lines
1981 430 2078 484 ali-

479 535 635 605 cujus
663 532 975 606 propagavit
1007 530 1244 599 imperii,
1267 544 1372 583 non
1394 525 1698 596 triumphos
1724 523 1934 592 aliquos
1957 524 2075 580 bel-

480 630 572 688 lici
598 627 906 691 certaminis
929 625 1145 684 adoreis
1171 622 1527 700 praeoptavit:
1557 621 1654 677 sed
1678 620 1831 690 quod.
1851 628 1935 675 est
1963 635 2078 675 am-

472 723 640 796 plius,
676 723 727 778 in
753 721 969 776 deserto
1003 717 1325 788 prtedicans,
1359 715 1582 782 delicias
1613 713 1916 780 hominum,
1948 728 2073 776 cor-

475 819 731 888 porisilue
780 812 1055 868 lasciviam
1111 824 1304 884 magna
1351 808 1516 880 animi
1562 806 1759 866 virtute
1782 807 2071 877 depressit.

473 907 744 968 Parvulos
769 921 898 976 ergo
927 904 979 976 in
1010 903 1234 967 sacculo,
1259 916 1485 972 magnus
1515 902 1565 954 in
1583 900 1798 970 spiritu.
1832 899 2077 968 Denique

474 1001 632 1073 quasi
657 1012 884 1069 magnus
906 1039 921 1063 ,
954 1012 1054 1051 nec
1083 997 1207 1050 vita:
1227 1004 1416 1064 captus
1444 991 1752 1060 illecebris,
1787 993 2075 1056 sententiae

472 1094 836 1152 constantiam
870 1089 1087 1146 vivendi
1119 1086 1392 1146 desiderio
1423 1085 1669 1144 mutavit.

544 1187 728 1262 (Vers.
774 1181 888 1255 15.)
952 1181 1017 1236 Et
1049 1181 1288 1250 Spiritu,
1333 1178 1542 1250 inquit,
1574 1186 1751 1234 sancto
1786 1178 2073 1243 replebitur

473 1281 648 1338 adhuc
672 1281 726 1334 in
754 1290 902 1336 utero
928 1277 1104 1332 matris
1130 1291 1260 1334 sunt.

539 1375 632 1430 53.
666 1371 782 1428 Non
836 1381 920 1434 est
948 1369 1172 1428 dubium
1214 1383 1402 1436 verum
1452 1367 1554 1424 hoc
1591 1368 1766 1438 angeli
1798 1382 1920 1428 esse
1943 1383 2070 1438 pro-

469 1469 730 1534 missum;
756 1465 1021 1535 siquidem
1053 1470 1276 1522 sanctus
1331 1461 1591 1528 Joannes,
1622 1469 1914 1530 antequam
1974 1476 2070 1520 na-

466 1539 736 1628 sceretur,
772 1556 962 1614 matris
993 1555 1170 1618 adhuc
1197 1557 1248 1608 in
1274 1562 1428 1614 utero
1453 1551 1682 1622 positus,
1714 1552 1948 1621 Spiritus
1973 1567 2066 1606 ac-

469 1651 616 1725 cepti
635 1649 864 1722 gratiam
895 1646 1220 1718 designavit.
1249 1644 1382 1704 Nam
1414 1659 1540 1712 cum
1571 1651 1627 1710 et
1660 1652 1813 1714 pater
1832 1642 1954 1710 eius
1971 1653 2065 1702 aut

467 1755 645 1812 mater
681 1742 826 1804 nulla
858 1750 984 1804 ante
1034 1738 1303 1806 mirabilia
1332 1738 1594 1804 fecissent
1617 1779 1632 1804 ,
1667 1737 1720 1792 in
1767 1743 1924 1792 utero
1972 1750 2068 1806 pa-

463 1839 635 1896 rentis
661 1836 944 1902 exsiliens,
973 1833 1180 1906 parenti
1202 1831 1415 1894 Domini
1438 1830 1830 1901 evangelisavit
1856 1828 2062 1886 adven!

462 1943 578 1988 tum
606 1949 620 1995 ;
652 1933 730 1985 sic
758 1931 901 1983 enim
937 1928 1104 1981 habes
1126 1968 1141 1994 ,
1186 1924 1330 1995 quod
1362 1939 1484 1979 cum
1530 1924 1842 1979 advenisset
1895 1932 2069 1980 mater

465 2023 683 2080 Domini
701 2021 768 2080 ad
785 2019 1086 2085 Elizabeth,
1107 2021 1182 2082 ait
1200 2019 1288 2081 illa
1311 2017 1469 2083 :Ecce
1493 2016 1703 2085 utfacla
1724 2027 1797 2074 est
1820 2017 2066 2078 salutatio

461 2115 848 2182 tuaiuguribus
869 2114 1015 2178 meis,
1049 2112 1331 2168 exsultarit
1355 2111 1529 2180 infans
1556 2111 1609 2169 in
1644 2119 1786 2168 utero
1819 2096 2066 2177 meb(Lue

461 2227 504 2279 ι,
527 2209 619 2274 44,
651 2208 838 2276 infra).
873 2205 1122 2260 Nondum
1165 2204 1312 2258 enim
1353 2210 1471 2266 erat
1501 2201 1624 2258 illi“
1649 2201 1875 2270 spiritus
1902 2203 2026 2256 vitte
2047 2241 2063 2267 ,

460 2300 557 2362 sed
574 2299 794 2369 spiritus
809 2296 1021 2369 gratia).
1040 2296 1284 2366 Denique
1296 2295 1494 2356 etalibi
1512 2293 1731 2360 vivendi
1747 2293 2064 2354 substantias

458 2407 795 2462 praecurrere
815 2389 1192 2448 sanctilicandi
1216 2389 1446 2459 gratiam
1466 2385 1741 2455 potuimus
1758 2385 2060 2454 advertere,

461 2500 583 2544 cum
607 2485 737 2544 dicit
766 2483 1063 2540 Dominus:
1095 2480 1414 2552 Priusquam
1443 2481 1614 2544 quires
1633 2479 1696 2536 de
1713 2480 1886 2543 uulua,
1912 2495 2064 2536 sauc-

455 2582 648 2654 tiﬁcaui
666 2589 788 2645 te,et
811 2579 1116 2650 prapltetum
1138 2578 1193 2632 in
1212 2577 1446 2648 gentibus
1465 2578 1613 2646 positi
1628 2588 1675 2632 te
1689 2575 1906 2647 (larem.
1924 2591 1962 2643 l,
1978 2575 2059 2648 5).

457 2675 612 2736 Atius
639 2673 784 2734 enim
812 2683 896 2728 est
923 2672 1148 2743 spiritus
1171 2671 1305 2728 vita:
1321 2670 1486 2740 huius
1505 2710 1522 2737 ,
1544 2670 1684 2734 alius
1710 2671 1897 2741 gratiae
1921 2687 1936 2725 :
1970 2671 2062 2728 ille

453 2765 732 2822 nascendo
759 2765 926 2820 sumit
951 2760 1257 2828 exordium,
1294 2762 1580 2820 moriendo
1606 2762 1916 2824 delectum:
1960 2763 2062 2820 iste

457 2872 568 2912 non
592 2857 959 2927 temporibus,
993 2871 1100 2916 non
1133 2855 1383 2920 uitalibus
1410 2863 1698 2915 coercetur
1721 2896 1737 2922 ,
1766 2870 1873 2912 non
1905 2854 2060 2912 obitu

455 2950 789 3020 extinguitur
810 2991 825 3014 ,
858 2966 968 3005 non
993 2951 1114 3012 alvo
1145 2950 1336 3004 matris
1364 2949 1694 3009 excluditur.
1727 2950 1974 3020 Denique
2001 2959 2062 3006 et

456 3053 649 3102 sancta
674 3044 839 3102 Maria
865 3044 1024 3113 plena
1054 3053 1248 3102 sancto
1276 3043 1482 3113 Spiritu
1523 3043 1870 3113 prephetavit
1897 3042 2054 3112 (Luc.

1814 217 2061 288 SANC'II
2098 216 2426 287 AMBROSI!

3647 232 3791 290 ιω

2258 341 2435 410 (Vers.
2469 341 2581 409 17.)
2615 342 2831 399 Prteibit
2861 344 2915 400 in
2944 354 3225 417 conspectu
3252 345 3467 402 Domini
3514 347 3571 402 in
3593 349 3788 418 spiritu

2181 442 2228 488 et
2258 442 2440 488 uirtute
2468 435 2621 491 Elite.

2249 525 2337 592 56.
2371 526 2516 592 Bene
2547 527 2648 592 ista
2669 527 3005 599 junguntur;
3031 545 3325 601 numquam
3355 532 3503 587 enim
3523 531 3646 586 sine
3669 532 3785 586 vir-

2181 625 2292 673 tute
2345 619 2601 687 spiritus,
2635 635 2733 680 uec
2777 623 2897 678 sine
2947 621 3141 692 spiritu
3197 624 3368 680 virtus
3397 631 3501 678 est.
3539 621 3610 678 Et
3657 621 3784 679 ideo

2179 709 2411 772 fortasse
2442 713 2495 768 in
2524 713 2718 783 Spiritu
2741 725 2796 775 et
2822 716 3023 775 virtute
3050 717 3212 783 Elite;
3241 717 3366 787 quia
3383 725 3608 783 sanctus
3630 717 3783 772 Elias

2177 814 2231 862 et
2263 807 2517 869 virtutem
2549 824 2796 880 magnam
2828 809 3015 868 habuit
3044 822 3097 867 et
3117 811 3346 880 gratiam
3371 827 3384 864 :
3406 810 3690 876 virtutem,
3721 819 3783 866 ut

2177 900 2244 956 ad
2269 901 2429 960 ﬁdem
2450 902 2665 962 animos
2689 905 3013 974 populorum
3041 921 3072 960 a
3114 903 3337 975 perﬁdia
3386 917 3737 975 retorqueret
3762 923 3776 957 :

2175 993 2431 1052 virtutem
2479 994 2824 1056 abstinentiae
2882 1007 3046 1068 atque
3079 997 3386 1066 patientia.
3422 1007 3479 1054 et
3523 998 3782 1068 spiritum

2174 1085 2558 1156 prapbctandi.
2604 1087 2666 1143 In
2705 1089 2926 1145 deserto
2958 1091 3127 1153 Elius.
3163 1091 3217 1146 in
3244 1090 3464 1147 deserto
3487 1090 3777 1164 Joannes;

2173 1177 2266 1234 ille
2295 1180 2476 1235 corvis
2505 1181 2827 1250 pascebatur
2848 1223 2864 1249 ,
2898 1182 2988 1239 hic
3017 1183 3198 1240 dumis
3223 1200 3238 1250 ;
3287 1193 3344 1242 et
3372 1184 3579 1240 calcata
3625 1188 3779 1242 omni

2173 1271 2468 1342 voluptatis
2494 1273 2752 1330 illecebra
2777 1316 2792 1340 ,
2827 1276 3218 1345 parcimoniam
3255 1277 3528 1347 praetulit,
3563 1279 3781 1334 luxum-

2173 1379 2280 1434 que
2305 1366 2634 1436 contempsit
2659 1385 2672 1424 :
2697 1368 2792 1425 ille
2814 1365 3006 1428 Achab
3029 1369 3172 1439 regis
3198 1371 3424 1439 gratiam
3440 1384 3546 1426 non
3577 1371 3781 1440 quassi-

2171 1457 2270 1523 vit,
2298 1456 2387 1512 hic
2416 1459 2620 1527 Sprevit
2648 1459 2882 1518 Herodis
2906 1460 3032 1516 :ille
3051 1461 3343 1518 Jortlanem
3365 1462 3568 1526 divisit,
3599 1461 3688 1518 bic
3707 1464 3779 1520 ad

2171 1547 2446 1610 lavacrum
2476 1551 2714 1610 salutare
2739 1555 3045 1618 convertit:
3079 1554 3166 1609 hic
3187 1571 3311 1610 cum
3332 1555 3564 1611 Domino
3588 1571 3779 1611 versa-

2172 1651 2258 1697 tur
2289 1644 2342 1697 in
2370 1645 2546 1711 terris,
2584 1646 2678 1700 ille
2707 1662 2830 1701 cum
2861 1647 3096 1702 Domino
3115 1658 3342 1717 apparet
3368 1647 3423 1702 in
3448 1647 3661 1719 gloria:
3688 1648 3777 1705 hic

2097 1734 2144 1798 Β
2172 1734 2387 1802 prioris,
2419 1734 2513 1792 ille
2540 1737 2820 1806 sequentis
2851 1737 3117 1794 Dominici
3151 1753 3459 1808 prtecursor
3480 1739 3772 1802 adventus:

2171 1827 2262 1892 ille
2286 1838 2407 1894 post
2435 1828 2726 1889 triennium
2755 1840 3091 1889 arescentem
3109 1832 3303 1902 pluviis
3327 1840 3530 1888 terram
3550 1834 3767 1902 rigavit,

2170 1929 2226 1980 et
2251 1920 2339 1976 hic
2364 1933 2488 1992 post
2511 1923 2803 1982 triennium
2827 1924 3000 1982 nostri
3020 1924 3268 1995 corporis
3288 1925 3510 1984 humum
3527 1925 3775 1982 lideiim-

2169 2016 2268 2072 bro
2292 2016 2549 2086 pertudit.
2569 2020 2778 2086 Quaeris
2793 2020 2935 2089 quod
2964 2020 3255 2080 triennium
3275 2021 3370 2076 sit‘t
3387 2019 3543 2087 Ecce,
3569 2021 3770 2090 inquit,

2169 2111 2292 2165 anni
2317 2119 2417 2168 tres
2443 2121 2583 2178 sunt,
2610 2128 2674 2168 ex
2700 2128 2800 2181 quo
2829 2114 2976 2174 venio
3004 2129 3239 2184 quarens
3269 2118 3500 2184 fructum
3527 2115 3581 2168 in
3615 2114 3776 2185 ficul-

2170 2220 2265 2264 nea
2291 2205 2410 2271 bac,
2446 2215 2494 2261 et
2518 2222 2624 2267 non
2644 2206 2848 2262 inuenio
2877 2205 3030 2279 (Luc.
3063 2223 3177 2273 aut,
3206 2208 3301 2276 7);
3329 2208 3594 2279 mysticus
3621 2208 3772 2262 enim

2168 2313 2428 2356 numerus
2460 2298 2806 2367 debebatur,
2853 2311 2913 2358 ut
2956 2301 3105 2356 salus
3163 2301 3376 2372 populis
3416 2301 3768 2360 redderetur.

2167 2388 2320 2450 Unus
2349 2391 2402 2447 in
2449 2391 2782 2451 Patriarchis
2809 2407 3018 2450 annus:
3050 2393 3290 2466 denique
3337 2393 3405 2456 de
3456 2395 3773 2452 hominibus

2167 2493 2298 2546 tunc
2325 2486 2451 2542 anni
2498 2495 2793 2555 proventus
2824 2485 2944 2551 fuit.
2971 2487 3152 2558 qualis
3174 2504 3284 2546 non
3315 2485 3420 2544 luit
3451 2497 3643 2557 postea
3677 2505 3774 2544 su-

2167 2592 2265 2647 per
2294 2587 2515 2636 terram.
2562 2579 2718 2636 Alius
2748 2578 2801 2636 in
2855 2578 3038 2651 Moyse
3105 2589 3160 2636 et
3189 2580 3472 2650 prophetis
3523 2581 3770 2640 steteris.

2167 2667 2383 2726 Tertius
2413 2671 2464 2728 in
2495 2671 2712 2730 Domini
2745 2670 3049 2734 Salvatoris
3069 2669 3312 2727 adventu
3336 2694 3352 2727 ι
3380 2669 3539 2739 Ecce,
3564 2670 3774 2743 inquit,

2163 2782 2358 2821 artuum
2394 2765 2598 2821 Domini
2629 2772 2898 2834 acceptum
2918 2807 2932 2831 ,
2965 2773 3013 2822 et
3041 2765 3178 2820 diem
3205 2765 3560 2825 retributionis
3590 2767 3609 2834 (
3636 2763 3773 2820 Luc.

2164 2873 2240 2923 ιν,
2268 2858 2380 2928 19).
2419 2857 2487 2913 Et
2537 2857 2630 2913 ille
2656 2854 3050 2927 paterfamilias
3078 2856 3172 2927 qui
3197 2857 3466 2927 plantavit
3500 2859 3726 2922 vineam
3758 2899 3773 2924 ,

2163 2967 2274 3008 non
2295 2952 2464 3010 semel
2485 2937 2775 3009 exactores
2799 2951 3098 3018 fructuum,
3117 2952 3214 3010 sed
3232 2952 3432 3022 smpius
3448 2953 3776 3016 deatiuavit:

2165 3045 2399 3114 prinmm
2419 3044 2692 3110 servulos,
2725 3044 2969 3105 secundo
2993 3044 3134 3108 alios
3159 3046 3410 3110 scutulas
3442 3046 3773 3116 destinavit,

451 3154 493 3204 ι,
523 3137 614 3203 46,
644 3135 808 3207 infra)
833 3153 846 3192 ;
871 3144 926 3196 et
949 3134 1182 3199 Elismus
1210 3143 1459 3190 mortuus
1476 3134 1794 3192 defunctum
1816 3135 2056 3190 cadaver.
2080 3127 2125 3190 C
2159 3137 2325 3192 tertio
2345 3145 2524 3191 autem
2542 3136 2735 3192 Filium
2758 3152 2915 3192 suum
2935 3136 3084 3191 misit
3106 3136 3289 3206 (Matt.
3316 3153 3430 3198 xxx.
3463 3139 3532 3193 55
3546 3148 3597 3193 et
3613 3139 3776 3211 τεῳ).

453 3229 691 3284 hominis
711 3239 855 3293 tactu
869 3229 951 3284 sui
971 3226 1218 3296 corporis
1233 3225 1630 3293 suscitavitth
1649 3227 1779 3300 Reg.
1796 3243 1918 3293 xm,
1932 3227 2053 3298 2i):

452 3332 508 3380 et
528 3323 744 3384 Samuel
785 3330 907 3390 post
935 3333 1188 3384 mortem,
1220 3319 1521 3376 secundum
1553 3319 1852 3387 Scriptura:
1897 3320 2054 3376 testi.

453 3413 718 3477 mollium,
751 3413 928 3475 futura
957 3429 1064 3470 non
1088 3411 1256 3466 tacuit
1286 3412 1328 3482 (l
1361 3410 1491 3483 Reg.
1518 3426 1711 3476 xxvut,
1738 3411 1802 3468 ii
1828 3421 1875 3464 et
1897 3413 2051 3481 seq.).

525 3506 614 3561 3i.
655 3504 720 3566 Et
754 3505 984 3574 Spiritu,
1013 3503 1213 3573 inquit,
1245 3512 1423 3562 sancto
1452 3503 1753 3574 replebitur.
1783 3501 1883 3558 Cui
1909 3503 2056 3560 enim

448 3597 603 3660 adest
619 3597 852 3666 Spiritus
868 3596 1082 3667 gratiae,
1105 3595 1240 3656 nihil
1261 3595 1437 3658 deest.
1462 3595 1530 3658 Et
1555 3595 1642 3654 cui
1667 3593 1882 3668 Spirtus
1900 3610 2057 3652 sanc-

446 3700 534 3746 tus
574 3688 870 3754 infunditur
896 3731 910 3756 ,
943 3704 1259 3760 magnarum
1311 3688 1595 3758 plenitudo
1628 3689 1892 3744 virtutum
1943 3699 2048 3745 est.

458 3783 704 3854 Denique

518 3879 697 3946 (Vers.
726 3876 837 3948 16.)
873 3876 1090 3942 Multos,
1125 3877 1339 3947 inquit,
1394 3878 1626 3948 ﬁliorum
1645 3877 1816 3935 Israel
1847 3893 2059 3937 conten

450 3983 519 4028 tet
543 3973 612 4028 ad
641 3972 922 4034 Dominum
952 3971 1120 4028 Deum
1142 3973 1395 4044 ipsorum.

520 4064 608 4122 35.
666 4062 786 4132 Non
833 4079 1060 4132 egemus
1118 4064 1439 4140 testimonip
1490 4066 1637 4144 quod
1695 4066 2056 4136 plurimorum

449 4164 671 4214 sanctus
711 4154 950 4218 Joannes
998 4154 1166 4210 corda
1225 4160 1594 4222 converterit,
1628 4158 1681 4212 in
1731 4174 1840 4228 quo
1898 4159 2057 4219 nobis

449 4248 782 4320 prophetica:
801 4247 1096 4314 Scriptura
1110 4255 1164 4308 et
1182 4247 1512 4317 evangelicae
1529 4248 1915 4317 suffragantur.
1943 4249 2056 4306 Vox

445 4343 594 4409 enim
619 4341 893 4409 statuentis
920 4341 974 4400 in
1005 4339 1242 4400 deserto:
1268 4338 1458 4403 Durate
1483 4342 1618 4399 uiam
1643 4339 1896 4403 Domino.
1929 4357 2041 4403 rec.-

445 4446 524 4491 tas
564 4436 720 4506 [unite
741 4434 950 4495 semitas
998 4434 1110 4504 ejus
1140 4433 1311 4503 (Esai.
1347 4449 1440 4499 ιιι,
1463 4435 1535 4498 5;
1565 4432 1752 4494 Matth.
1779 4450 1855 4501 tu,
1875 4434 1930 4504 6)
1957 4452 1969 4487 :
1994 4447 2052 4492 et

444 4533 768 4602 baptismate
780 4530 992 4602 1278
1012 4528 1225 4598 populis
1249 4527 1592 4597 lrcqnentata
1612 4529 1896 4585 declarant
1916 4544 2048 4588 con-

442 4638 615 4688 vertite
665 4622 840 4691 Plebis
869 4638 976 4678 non
1007 4620 1311 4681 mediocres
1333 4618 1510 4679 factos
1554 4635 1680 4678 esse
1712 4635 2041 4690 processus;

441 4719 569 4787 quia
598 4716 726 4780 dum
773 4714 1015 4779 creditur
1053 4713 1288 4777 Joanni,
1331 4713 1576 4775 creditur
1624 4712 1870 4777 Christo.
1926 4714 2076 4777 Non,

440 4816 584 4869 enim
633 4811 702 4867 de
730 4827 811 4875 se,
836 4809 931 4871 sed
965 4810 1032 4868 de
1063 4808 1290 4869 Domino
1318 4807 1648 4877 praedicabat
1707 4810 2049 4877 praenuntius

443 4906 668 4962 Christi.
699 4906 765 4958 Et
788 4903 913 4958 ideo

511 5053 536 5078 ιι
565 5041 795 5108 Spiritus
821 5038 959 5096 vitae.
987 5035 1074 5090 hic
1108 5049 1213 5104 non
1241 5042 1323 5087 est
1355 5032 1706 5108 accipiendos
1733 5047 1831 5108 pro
1861 5032 2024 5098 ratio-

435 5115 541 5169 nali
569 5106 770 5174 anima,
824 5108 917 5162 sed
950 5117 1152 5162 tantum
1199 5121 1293 5173 pro
1340 5106 1481 5157 aeris
1526 5107 1917 5169 resiliratiooe,
1971 5114 2029 5157 ut

432 5174 634 5240 DuCtor
664 5182 949 5250 Angelicus
973 5186 1126 5232 acuto
1155 5175 1395 5250 exposuit
1418 5189 1482 5250 ιιι
1529 5181 1679 5243 parte
1709 5183 1902 5243 qu;cst.
1932 5174 2027 5240 9.7,

433 5269 536 5312 :trl.
577 5257 633 5308 ‘2.
661 5253 724 5305 Et
753 5246 859 5304 ltut‘.
883 5253 1043 5303 etiam
1067 5246 1275 5300 ratione
1299 5246 1667 5304 intelligamus
1695 5260 1917 5301 necesse
1946 5256 2031 5300 est

434 5326 576 5396 quod
609 5329 704 5384 ait,
739 5322 939 5375 vivendi
970 5319 1641 5396 substantia:“prwt'urrere
1670 5315 2032 5396 sanctificandi

430 5387 693 5467 jratiam;
742 5394 948 5468 ett-nini
977 5405 1071 5456 per
1105 5387 1321 5468 vivendi
1368 5387 1723 5468 substantiam
1756 5387 2032 5468 designari

429 5458 686 5521 Eamdont
703 5464 1113 5532 respirationem
1138 5467 1270 5513 ειυς
1290 5458 1534 5532 declarat
1550 5458 1889 5532 Ambrosius,
1904 5463 2028 5511 'cutn

428 5541 476 5591 ei
509 5541 757 5604 spiritum
779 5528 967 5605 gratiae
997 5546 1277 5605 opponens
1306 5528 1374 5581 de
1408 5529 1589 5605 priore
1616 5529 1769 5592 dicit,
1795 5528 1884 5582 ille
1911 5545 2033 5581 nas-

431 5601 592 5662 cendo
649 5601 804 5660 suutt'l
852 5603 1121 5658 exordium
1168 5617 1183 5652 :
1231 5601 1298 5654 de
1345 5603 1648 5664 posteriore
1696 5611 1876 5653 autem
1927 5616 2034 5653 non

427 5680 540 5733 aluo
581 5683 756 5731 mutris
788 5675 1098 5729 excluditur.
1134 5671 1538 5724 litconlirmari
1585 5686 1654 5726 ex
1695 5687 1760 5724 eo
1811 5679 2028 5738 potest,

425 5749 570 5820 quod
587 5749 678 5804 illa
698 5745 899 5804 verba;
931 5743 1246 5823 Priusquam
1276 5751 1322 5796 te
1354 5745 1630 5812 [amtorem
1658 5741 1709 5795 in
1734 5749 1895 5807 utero,
1919 5741 2037 5795 noui
2072 5768 2074 5772 τ

2230 3232 2323 3288 57.
2357 3229 2516 3290 Venit
2539 3245 2670 3300 ergo
2697 3230 2938 3294 Joannes
2959 3231 3010 3286 in
3032 3230 3228 3299 spiritu
3261 3239 3321 3296 ει
3355 3231 3557 3297 virtuts
3590 3231 3773 3302 Elim;

2160 3325 2391 3383 alterum
2421 3323 2569 3383 enim
2587 3325 2706 3382 sine
2731 3324 2907 3386 altero
2933 3338 3040 3386 non
3061 3333 3242 3405 potest
3269 3339 3414 3391 esse.
3435 3324 3586 3391 sicut
3605 3326 3778 3392 etiam

2159 3418 2214 3474 in
2244 3417 2596 3488 sequentibus
2627 3418 2918 3488 reperitur,
2949 3432 3071 3478 cum
3093 3417 3324 3474 dicitur:
3355 3414 3593 3490 Spiritus
3618 3434 3778 3476 sauc-

2160 3523 2241 3567 tus
2289 3512 2613 3584 superueniet
2656 3521 2728 3576 te,
2771 3520 2819 3571 et
2858 3511 3021 3570 uirtus
3053 3510 3304 3575 Altissimi
3357 3510 3688 3577 οριιιηριίαρἰ
3730 3521 3781 3566 te

2161 3602 2315 3675 (Luc.
2337 3619 2376 3668 ι,
2394 3603 2485 3666 '55,
2511 3603 2672 3671 intra)
2685 3600 2810 3664 .Sed
2833 3601 3066 3666 fortasse
3087 3601 3193 3657 hoc
3212 3617 3374 3676 supra
3388 3617 3512 3670 nos,
3532 3612 3594 3672 et
3607 3618 3778 3672 supra

2161 3695 2438 3764 apostolos
2458 3693 2484 3732 δ
2516 3694 2764 3752 videatur
2783 3695 3114 3765 exemplum.
3153 3693 3283 3769 Nam
3309 3705 3366 3762 et
3397 3693 3488 3760 ille
3513 3695 3618 3756 sub
3650 3695 3782 3752 Elia

2159 3787 2336 3846 diviso
2362 3803 2520 3843 amne
2565 3787 2867 3852 ﬂuvialium
2898 3803 3153 3842 recursus
3193 3786 3471 3854 undarum
3516 3786 3572 3858 ip
3603 3787 3780 3859 erigis.

2163 3896 2288 3936 nem
2318 3880 2581 3946 ﬂuminis,
2611 3882 2751 3936 sicut
2771 3880 2902 3936 dicit
2927 3881 3242 3950 Scriptura:
3271 3879 3532 3946 19rdqnis
3556 3896 3779 3948 conuer-

2163 3991 2251 4033 sus
2276 3984 2349 4030 est
2396 3984 2679 4035 retrorsum
2707 3973 2878 4045 (Psal.
2909 3990 3044 4038 cuit
3064 4015 3079 4042 ,
3112 3974 3168 4045 5)
3198 3972 3478 4052 significat
3506 3973 3777 4040 salutaris

2163 4065 2368 4126 lavacri
2396 4065 2577 4120 futura
2608 4065 2889 4136 mysteria,
2924 4081 3018 4134 per
3041 4080 3164 4136 qua:
3189 4065 3240 4124 in
3271 4065 3578 4138 primordia
3613 4076 3780 4122 natu-

2163 4169 2301 4214 tura:
2331 4174 2465 4224 Sine,
2495 4159 2587 4228 qui
2615 4157 2873 4227 baptizati
2907 4157 3110 4216 fuerint
3135 4158 3352 4230 parvuli
3381 4174 3412 4218 a
3441 4159 3654 4232 malitia
3685 4176 3779 4216 re-

2162 4249 2469 4316 formantur
2509 4250 2616 4322 (Cf.
2669 4250 2916 4321 August.,
2961 4250 3051 4305 lib.
3098 4266 3115 4304 ι
3159 4260 3342 4315 contra
3369 4250 3484 4310 Jul.
3531 4248 3727 4322 Pelag.
3757 4292 3784 4328 ,_

2158 4341 2362 4413 cape).
2394 4341 2536 4408 Quid
2563 4341 2708 4411 quod
2737 4342 2904 4404 etiam
2929 4341 3193 4415 apostolis
3219 4342 3334 4406 suis
3354 4343 3475 4416 ipse
3501 4343 3782 4404 Dominus

2157 4435 2414 4497 virtutem
2444 4433 2678 4503 Spiritus
2707 4450 2828 4490 esse
2851 4434 3198 4506 tribuendam
3229 4434 3513 4508 promisit,
3539 4436 3738 4498 dicens
3758 4457 3776 4493 :

2159 4538 2181 4564 ε
2224 4526 2500 4596 Accipiens
2530 4527 2763 4582 virtutem
2807 4527 3103 4600 adueniente
3125 4528 3179 4582 in
3204 4543 3291 4582 vos
3319 4527 3524 4599 Spiritu
3551 4542 3772 4589 sancto.

2159 4617 2296 4690 (Act.
2333 4634 2369 4682 ι,
2394 4617 2687 4688 8).Deinde
2715 4619 2768 4674 in
2797 4619 3186 4692 sequentibus:
3215 4618 3409 4693 Fartus
3437 4631 3536 4692 est,
3562 4622 3773 4692 inquit,

2158 4714 2328 4778 subito
2375 4729 2532 4770 sonus
2561 4714 2623 4776 de
2651 4713 2814 4780 aulo,
2875 4722 3140 4783 tamquam
3181 4716 3230 4767 vi
3281 4730 3472 4788 magna
3539 4719 3778 4787 ferretur

2161 4808 2394 4876 Spiritus
2426 4805 2562 4880 (Act.
2597 4822 2633 4860 ιι
2662 4846 2677 4871 ,
2709 4804 2786 4878 2).
2821 4807 2966 4862 Bene
2988 4808 3036 4860 vi
3091 4815 3279 4878 magna
3301 4850 3315 4874 ,
3372 4809 3498 4878 quia
3549 4809 3778 4880 Spiritu

2161 4900 2267 4953 oris
2297 4900 2408 4969 ejus
2434 4897 2598 4951 omnis
2619 4897 2775 4951 virtus
2806 4913 2980 4951 eorum
3012 4896 3185 4968 (Psal.
3217 4914 3395 4965 xxm,
3418 4900 3498 4970 6).
3551 4899 3622 4954 Et
3657 4903 3777 4958 vir-

2141 5040 2207 5096 te,
2243 5047 2272 5084 ιι
2331 5029 2528 5097 quibus
2556 5028 2671 5086 Jer.
2708 5030 2860 5086 locus
2896 5030 2950 5086 in
2979 5032 3192 5086 cunctis
3217 5031 3346 5088 edit.
3391 5047 3456 5094 ac
3489 5049 3626 5094 mss.
3658 5039 3772 5096 ali-.-

2142 5112 2298 5178 quot.
2336 5101 2621 5178 exordium
2669 5103 2959 5178 d_ucit.Ain
2999 5103 3394 5178 antiquissimis
3449 5120 3584 5161 mss.
3614 5123 3774 5178 prm-

2143 5171 2538 5227 termittuutur.
2571 5172 2773 5228 Confer
2811 5174 2976 5228 etiam
2999 5215 3013 5237 ,
3049 5174 3092 5228 si
3136 5171 3330 5240 lubet,
3367 5175 3516 5232 hunc
3570 5171 3768 5238 locum

2141 5258 2278 5323 cum
2313 5242 2532 5323 lis-1103
2564 5245 2618 5298 itt
2668 5244 2924 5323 Apologia
2958 5243 3128 5323 l)_avid
3155 5285 3168 5309 ,
3203 5259 3324 5315 cap.
3355 5261 3412 5313 ιι,
3447 5265 3602 5302 num.
3637 5253 3718 5308 56
3741 5295 3763 5323 ,

2142 5315 2307 5368 tradit
2339 5314 2479 5368 idem
2510 5328 2733 5370 sanatus
2754 5315 3099 5370 Ambrosius.

2212 5385 2238 5422 δ
2277 5385 2430 5438 Rom.
2464 5386 2594 5438 edit.
2623 5428 2636 5450 ,
2685 5385 2918 5439 videatur
2945 5386 3224 5451 expletura.
3255 5385 3364 5442 Sed
3408 5387 3553 5444 baud
3586 5392 3774 5452 dubie

2143 5457 2374 5511 aliarum
2406 5471 2470 5510 ac
2501 5471 2631 5510 mss.
2662 5460 2905 5511 omnium
2941 5457 3104 5511 lectio
3133 5461 3503 5527 praeponenda
3524 5472 3634 5518 est.

2223 5538 2244 5566 ο
2276 5527 2468 5581 Plures
2496 5537 2552 5580 et
2583 5527 2919 5595 antiquiores
2965 5544 3124 5591 mss.,
3179 5529 3457 5598 Accipietis
3507 5534 3770 5596 uirtutem

2147 5598 2500 5652 aduenientem
2530 5598 2702 5674 ill_v08
2734 5598 2968 5674 Spiritus
2990 5601 3178 5654 sancti.
3215 5599 3353 5667 Duo,
3381 5642 3394 5654 .
3425 5641 3439 5658 .
3480 5643 3492 5656 .
3523 5644 3536 5657 .
3572 5605 3767 5674 Spiri-

2149 5678 2258 5722 tum
2278 5679 2535 5724 sanctmn.
2563 5668 2815 5724 Nonnulli
2848 5679 3052 5735 tamen,
3086 5686 3150 5725 ac
3174 5687 3364 5728 oumes
3395 5674 3532 5731 edit.
3565 5668 3770 5738 nobisa

2147 5753 2278 5796 cum
2303 5740 2508 5810 legunt.
2540 5741 2700 5810 Quod
2727 5741 2947 5812 quidem
2971 5743 3145 5812 magis
3175 5745 3434 5802 convenit
3469 5760 3602 5803 cum
3659 5765 3782 5810 sae.
