3960 6308
447 261 580 319 1551

1807 243 2055 302 SANCTI
2093 238 2409 299 AMBROSII

3623 230 3648 286 Ι
3662 227 3767 286 552

444 376 652 446 piebat.
675 372 1040 430 occultantem
1063 385 1124 424 se
1145 366 1421 423 mensibus
1447 363 1711 436 quinque.
1739 360 1871 428 Quae
1891 374 2051 416 causa
2082 361 2130 422 Α
2160 357 2432 412 hominem
2461 353 2747 408 fortuantis
2771 347 3032 407 advertis.
3057 347 3153 402 Ille
3181 355 3461 417 operatur,
3486 352 3543 402 et
3573 352 3630 399 tu
3672 360 3764 399 sa-

448 465 859 532 occultationis,
878 463 980 518 nisi
1002 459 1260 532 pudoris?
1290 458 1377 512 Est
1393 455 1537 510 enim
1557 451 1846 522 unicuique
1873 451 2050 505 oflicio

441 559 759 631 prmscripta
778 567 909 611 :etas
929 572 947 610 :
968 563 1024 609 et
1049 553 1194 624 quod
1214 563 1460 620 tempore
1475 548 1660 615 decet,
1680 557 1928 616 tempore
1942 560 2049 601 non

449 651 628 716 decet;
643 649 851 718 :evique
875 647 1122 706 mutatio,
1143 643 1266 698 facti
1285 641 1895 710 uniuscujusquemutat
1910 650 2052 705 sacpe

451 751 727 798 naturam.
755 739 898 797 Sunt
925 741 1087 794 etiam
1109 735 1211 807 ipsi
1231 735 1480 806 quatdam
1502 743 1746 802 tempora
1769 727 2056 798 praescrip-

448 844 503 890 ta
551 832 837 902 coningio,
869 830 1086 902 quando
1116 834 1248 885 dare
1290 843 1511 899 operam
1545 825 1738 880 liberis
1771 828 1839 878 sit
1896 822 2056 877 deco-

450 943 574 982 rum
602 944 615 980 :
647 925 772 981 dum
805 926 932 980 anni
984 926 1199 994 vigent,
1259 921 1385 976 dum
1413 917 1886 988 suscipiendorum
1917 914 2054 969 libe-

447 1033 635 1074 roruiu
665 1032 792 1088 spes
805 1026 891 1073 est
915 1032 930 1082 ;
979 1015 1106 1071 dum
1132 1011 1432 1084 generandi
1452 1025 1582 1067 usus
1598 1018 1684 1065 est
1706 1009 1759 1064 in
1780 1007 2054 1077 exemplo,

451 1111 665 1182 copulae
694 1122 914 1181 quoque
945 1122 1075 1163 usus
1105 1106 1157 1161 in
1181 1093 1361 1161 studio
1389 1113 1508 1160 est:
1541 1110 1597 1158 at
1617 1117 1746 1158 vero
1775 1099 1865 1155 ubi
1886 1109 2058 1153 matu-

448 1223 510 1263 ra
538 1205 638 1260 aevi
669 1215 926 1260 senectus
949 1199 1304 1264 successerit,
1335 1209 1392 1254 et
1429 1210 1562 1252 tetas
1587 1193 1841 1266 regendis
1869 1191 2058 1248 liberis

457 1297 700 1354 habilior
727 1310 888 1366 quam
918 1291 1194 1356 creandis,
1221 1295 1393 1361 pudor
1413 1297 1498 1344 est
1527 1287 1754 1358 legitimi
1785 1283 1914 1340 licet
1941 1283 2057 1339 coi-

454 1400 546 1447 tus
576 1390 775 1446 indicia
805 1397 1018 1460 gestare
1037 1428 1051 1452 ,
1081 1394 1137 1442 et
1164 1385 1378 1456 gravari
1408 1382 1598 1436 alienm
1629 1379 1804 1435 :etatis
1853 1392 2018 1432 onere
2043 1419 2056 1442 ,

453 1497 508 1542 et
540 1497 846 1542 tumescere
874 1483 1056 1536 alvum
1082 1495 1188 1536 non
1227 1479 1437 1550 1281
1461 1476 1544 1532 sui
1575 1474 1836 1544 temporis
1857 1471 2056 1527 fructu.

451 1581 625 1636 Senes
651 1577 796 1635 enim
826 1577 895 1630 ab
927 1577 1041 1646 ipsa
1058 1573 1460 1631 concluduntur
1485 1579 1645 1624 aetate
1668 1609 1683 1632 ,
1711 1577 1766 1623 et
1787 1567 1936 1637 justo
1981 1565 2062 1620 in-

458 1669 839 1742 temperantia:
869 1667 1079 1739 pudore
1102 1676 1127 1703 ει
1158 1671 1488 1722 revocantur
1508 1660 1693 1716 facere
1721 1674 1888 1730 opera
1919 1673 2059 1725 nup-

2155 451 2231 504 cri
2256 447 2395 504 uteri
2427 454 2702 502 secretum
2757 445 2995 499 incestas
3035 440 3302 496 libidine?
3350 439 3445 495 Vel
3495 437 3765 509 pecudem

2159 541 2393 606 imitare,
2435 539 2523 595 vel
2580 538 2748 594 Deum
2777 551 2988 593 verere.
3019 535 3084 590 Et
3110 534 3238 605 quid
3263 539 3330 589 de
3357 532 3664 604 pecudibus
3695 532 3768 586 lu-

2157 635 2330 704 quor?
2359 633 2526 688 Terra
2558 633 2672 702 ipsa
2696 647 2725 686 a
2753 628 3046 702 generandi
3073 644 3239 698 opere
3277 644 3423 698 satpe
3448 627 3768 698 requiescit:

2158 738 2212 784 et
2242 729 2285 782 si
2319 727 2623 798 impatienti
2648 726 2926 782 hominum
2942 723 3122 780 studio
3151 723 3311 794 jactis
3334 723 3654 794 frequenter
3679 737 3772 778 se-

2159 821 2396 877 minibus
2427 829 2746 891 occupetur,
2803 817 3190 889 impudentiam
3249 817 3442 871 multat
3478 813 3769 888 agricolae,

2160 925 2215 971 ct
2239 913 2625 970 fecunditatem
2658 911 2944 968 sterilitate
2977 910 3189 982 1282
3210 917 3530 964 commutat.
3561 907 3638 963 lla
3654 906 3776 977 qui-

2160 1006 2282 1064 dam
2337 1007 2393 1062 in
2443 1007 2575 1078 ipsis
2618 1005 2924 1071 elementis,
2982 1018 3047 1058 ac
3095 1001 3392 1073 pecudibus
3429 1001 3499 1057 ab
3529 1015 3630 1057 usu
3660 1016 3772 1056 non

2159 1115 2376 1158 cessare
2397 1099 2713 1172 generandi,
2747 1107 2957 1153 natura:
2989 1096 3163 1166 pudor
3185 1104 3292 1152 est.

2235 1192 2327 1250 45.
2371 1193 2567 1248 Merito
2597 1207 2728 1262 ergo
2759 1191 2924 1247 etiam
2956 1200 3145 1246 saneta
3173 1189 3453 1246 Elizabeth
3480 1189 3782 1246 erubesce-

2162 1288 2249 1344 bat
2273 1288 2523 1360 gratiam,
2553 1287 2656 1343 etsi
2679 1299 2785 1342 non
2818 1292 3139 1356 agnosceret
3162 1285 3397 1356 culpam.
3423 1283 3561 1340 Nam
3582 1284 3684 1340 etsi
3709 1284 3785 1340 de

2162 1385 2279 1439 viro
2308 1391 2634 1452 conceperat
2664 1381 2863 1454 (neque
2890 1381 3034 1436 enim
3059 1376 3259 1435 aliterd
3287 1379 3356 1435 de
3386 1377 3628 1434 hominis
3651 1389 3784 1434 ortu

2165 1476 2246 1531 fas
2274 1483 2357 1532 est
2383 1475 2610 1532 credere
2639 1473 2683 1546 ),
2717 1484 2897 1530 tamen
2929 1484 3115 1545 partus
3141 1473 3224 1528 sui
3265 1473 3626 1529 erubescebat
3647 1479 3786 1527 tcta-

2167 1578 2296 1625 tem.
2319 1568 2388 1624 Et
2410 1584 2598 1624 rursus
2619 1569 2861 1624 caruisse
2885 1583 2946 1623 se
2977 1567 3250 1639 gaudebat
3279 1567 3619 1638 Opprobrio;
3680 1583 3788 1638 pu—

2166 1661 2264 1716 dor
2296 1670 2379 1717 est
2405 1661 2549 1716 enim
2581 1661 2798 1716 feminis
2826 1661 3133 1731 nuptiarum
3160 1660 3378 1731 praemia
3411 1676 3517 1715 non
3550 1658 3782 1727 habere,

467 1765 690 1820 tiarum.
724 1761 1120 1817 Adolesceutes
1152 1757 1254 1829 ipsi
1306 1757 1631 1826 plerumque
1661 1751 1892 1806 filiorum
1936 1756 2060 1803 vota
2091 1757 2138 1816 Β
2169 1765 2192 1793 e
2220 1755 2418 1826 quibus
2448 1755 2563 1810 limo
2591 1755 2710 1811 sola
2741 1764 2825 1810 εει
2857 1769 3020 1810 causa
3043 1752 3306 1809 nubendi,
3341 1751 3454 1808 Hoc
3482 1752 3649 1824 igiiur
3675 1767 3784 1824 ορ-

470 1855 842 1929 praetendunt,
875 1861 932 1908 et
956 1849 1325 1908 excusandum
1361 1847 1696 1902 arbitrantur
1725 1844 1902 1898 artatis
1922 1841 2068 1897 calo-

460 1967 602 2018 rem,
619 1948 988 2018 generationis
1009 1946 1226 2000 aﬂectu.
1244 1943 1460 2011 Quanto
1473 1939 1642 2010 magis
1665 1939 1888 1994 senibus
1909 1951 2070 2007 agere

455 2052 621 2112 turpe
652 2050 771 2106 est,
807 2039 952 2108 quod
984 2035 1422 2092 adolescentibus
1453 2031 1628 2103 pudor
1669 2041 1753 2087 est
1778 2028 2069 2085 conﬁteri?

457 2134 769 2206 Quinetiam
802 2132 904 2205 ipsi
944 2132 1180 2203 juvenes
1201 2172 1216 2197 ,
1247 2127 1430 2184 sobria
1469 2126 1665 2181 timore
1691 2122 1877 2178 divino
1904 2119 2069 2176 corda

459 2228 553 2300 qui
587 2236 919 2297 temperant,
954 2232 1206 2292 suscepta
1241 2221 1560 2292 plerumque
1589 2215 1784 2272 sobole
1809 2257 1823 2284 ,
1867 2228 2067 2269 renun-

462 2321 604 2375 tiant
631 2317 888 2386 operibus
914 2313 1240 2384 iuventutis.

526 2411 621 2467 44.
664 2409 733 2465 Et
759 2409 887 2480 quid
911 2407 1110 2463 mirum
1139 2406 1206 2461 de
1229 2402 1559 2468 hominibus,
1593 2402 1638 2454 si
1663 2399 1899 2470 pecudes
1927 2413 2064 2469 quo-

456 2521 565 2578 que
592 2514 742 2559 muto
767 2502 1001 2572 qttodam
1061 2514 1228 2569 opere
1289 2497 1582 2567 loquuntur
1633 2490 1932 2564 generandi
1967 2490 2070 2546 sibi

455 2597 720 2661 studium,
749 2611 857 2650 non
879 2591 1212 2649 desiderium
1235 2604 1359 2646 esse
1379 2585 1650 2643 coeundi?
1677 2585 1954 2656 Siquidem
1980 2582 2070 2638 ubi

459 2686 682 2746 semelb
712 2699 935 2758 gravem
985 2682 1175 2738 alvum
1237 2680 1339 2736 sibi
1383 2679 1659 2734 senserint
1707 2685 1762 2731 et
1795 2687 1818 2713 ο
1848 2675 2070 2746 genitali

459 2795 596 2836 arvo
621 2793 814 2833 semen
847 2783 1152 2844 receptura,
1175 2773 1288 2843 jam
1317 2786 1418 2826 nec
1444 2767 1734 2825 concubitu
1767 2767 2068 2838 indulgent,

458 2887 564 2928 nec
594 2868 872 2924 lasciviam
894 2866 1146 2932 amantis,
1165 2864 1260 2920 sed
1287 2879 1470 2919 curam
1498 2863 1743 2934 parentis
1763 2871 2067 2916 assumunt.

461 2967 534 3022 At
579 2978 710 3018 vero
763 2960 1012 3014 homines
1063 2972 1167 3014 nec
1191 2956 1496 3026 conceptis,
1521 2969 1621 3011 nec
1651 2954 1765 3010 Deo
1797 2961 2025 3024 parcunt
2053 2969 2068 3004 ι

467 3053 1010 3117 illoscontaminant,
1053 3050 1198 3105 hunc
1246 3060 1596 3119 exasperant.
1658 3048 1972 3120 Priusquam
2026 3060 2075 3105 te

2173 1853 2449 1922 probrium
2474 1853 2790 1909 consolatur
2817 1854 2898 1908 sui
2928 1853 3138 1924 pudore
3179 1852 3473 1914 sublatum.
3504 1867 3570 1908 eo
3599 1851 3786 1921 pudo-

2172 1960 2253 2010 re,
2287 1955 2342 1998 ut
2372 1945 2505 2012 dixi,
2530 1945 2678 2016 quod
2702 1945 2938 2016 pudebat
2963 1961 3082 2001 eam
3110 1955 3337 2016 propter
3365 1953 3578 2000 aetatem
3603 1945 3788 2018 (ὅλη.

2170 2038 2297 2105 2,c.
2334 2036 2589 2110 Pudor.).
2638 2038 2792 2096 Unde
2839 2039 3066 2110 intelligi
3119 2049 3297 2110 potest
3338 2039 3462 2110 quia
3507 2039 3620 2110 jam
3675 2055 3788 2095 non

2171 2131 2571 2188 conveniebant
2627 2133 2769 2189 inter
2817 2149 2878 2190 se
2925 2133 3215 2189 concubitu
3254 2132 3554 2204 conjugali;
3606 2147 3791 2204 neque

2172 2227 2317 2281 enim
2351 2240 2414 2282 ea
2446 2224 2464 2263 τ
2499 2242 2618 2297 qua:
2647 2227 2874 2282 senilem
2903 2241 3008 2281 non
3024 2226 3379 2282 erubesceret
3405 2226 3632 2291 coitum,
3661 2241 3790 2283 eru-

2171 2319 2419 2374 besceret
2442 2329 2692 2389 partum;
2722 2328 2776 2374 et
2797 2331 2974 2376 tamen
3007 2319 3286 2376 erubescit
3309 2333 3451 2375 onus
3493 2321 3768 2392 parentis,

2173 2413 2432 2482 quamdiu
2458 2413 2636 2468 nescit
2662 2413 2977 2484 mysterium
2999 2422 3024 2459 8
3050 2411 3350 2483 religionis.

2244 2505 2336 2561 46.
2369 2504 2466 2560 Illa
2487 2520 2610 2575 quae
2636 2505 2945 2561 occultabat
2971 2521 3050 2572 se,
3081 2504 3205 2575 quia
3236 2515 3566 2577 conceperat
3589 2505 3786 2575 filium,

2173 2597 2385 2668 jactare
2405 2615 2463 2653 sc
2503 2599 2670 2669 erepit
2695 2597 2816 2666 quia
2845 2597 3145 2668 generabat
3185 2595 3530 2667 prophetam.
3561 2595 3635 2651 Et
3659 2613 3785 2667 qua:

2173 2688 2541 2744 erubescebat
2567 2686 3040 2754 ante,benedicit:
3081 2695 3136 2742 et
3161 2701 3283 2756 qua:
3307 2687 3591 2742 dubitabat
3634 2697 3789 2752 ante,

2176 2782 2447 2838 firmatur.
2482 2781 2619 2836 Ecce
2647 2782 2808 2847 enim,
2843 2781 3038 2851 inquit,
3071 2789 3128 2834 ut
3153 2796 3253 2835 vos:
3291 2780 3633 2834 salutationis
3692 2788 3794 2834 tua:

2177 2878 2313 2945 facta
2344 2885 2418 2930 est
2450 2875 2502 2928 iu
2526 2875 2738 2929 auribus
2757 2874 2906 2938 meis,
2936 2872 3212 2927 exsultavit
3234 2872 3286 2925 in
3308 2871 3502 2942 gaudio
3525 2871 3713 2941 infans
3740 2871 3794 2924 in

2177 2975 2321 3020 utero
2347 2982 2458 3021 meo
2479 2964 2633 3035 (Luc.
2669 2981 2706 3029 t,
2737 2963 2830 3032 44,
2854 2961 3042 3034 infra).
3075 2962 3257 3033 Itaque
3297 2977 3489 3031 magna
3522 2976 3661 3016 voce
3683 2961 3798 3016 cla-

2176 3057 2364 3124 mavit,
2395 3057 2485 3111 ιιιιί
2519 3057 2731 3111 Domini
2756 3054 2927 3111 sensit
2950 3054 3242 3110 adventum
3273 3067 3287 3119 ;
3319 3050 3441 3122 quia
3469 3049 3794 3123 religiosum

464 3151 660 3223 inquit,
693 3153 973 3220 formarem
999 3145 1053 3200 in
1072 3154 1240 3211 utero,
1273 3144 1388 3198 noui
1420 3153 1466 3197 te
1494 3159 1513 3198 :
1565 3152 1612 3197 et
1642 3142 1695 3196 in
1715 3143 1866 3197 vulva
1894 3145 2075 3200 matris
2102 3146 2148 3211 ρ
2180 3149 2411 3206 credidit
2441 3158 2673 3218 partum.
2708 3147 2864 3203 Nulla
2891 3145 3036 3204 enim
3063 3160 3226 3202 causa
3255 3151 3373 3200 erat
3404 3143 3653 3215 pudoris,
3702 3143 3798 3202 ubi

457 3243 780 3313 sanctiﬁcaui
819 3252 867 3294 te
895 3238 1116 3314 (larem.
1175 3253 1214 3304 t,
1245 3235 1330 3309 5).
1374 3235 1454 3290 Ad
1513 3234 1874 3290 cohibendum
1911 3245 2067 3306 petuv

461 3337 684 3393 lantiam
719 3345 889 3402 tuam,
922 3346 1113 3388 manus
1136 3328 1395 3401 quasdam
1429 3328 1506 3384 tui
1533 3328 1784 3385 Auctoris
1833 3329 1888 3384 in
1917 3341 2072 3387 utero

538 3481 562 3508 ι
605 3471 764 3526 Rom.
793 3468 924 3525 edit.
961 3475 1270 3521 revocantur
1297 3465 1360 3518 ab
1392 3479 1545 3534 apere
1571 3463 1894 3530 nuptiarum.
1926 3463 2074 3534 Opti.

469 3559 559 3597 nic
585 3582 600 3608 ,
637 3541 742 3597 nisi
776 3540 1001 3609 reliquae
1049 3548 1105 3592 et
1133 3535 1312 3591 cuncti
1345 3533 1476 3609 mss.
1509 3533 1894 3609 dissentirent.
1917 3533 2078 3590 intel-

473 3603 796 3684 lige'igitur,
845 3603 1512 3684 resecanturfacerghie
1547 3621 1644 3684 pe_r
1699 3603 2076 3684 hellenisntntu

466 3675 594 3756 poni
630 3675 1070 3756 pro,revocan_tur
1094 3696 1124 3731 a
1154 3677 1415 3749 faciendo.
1475 3675 1629 3756 Quod
1681 3687 1859 3756 autem
1883 3677 2072 3756 eadem

467 3746 600 3811 cilit.
629 3746 783 3807 Rom.
816 3761 938 3819 po~t
967 3753 1105 3805 duos
1135 3746 1324 3819 versus
1347 3746 1610 3815 reposuit.
1659 3748 1827 3801 aetatis
1877 3747 2070 3813 calore,

475 3818 829 3898 generationis
871 3819 1110 3898 a/j’ertum
1140 3835 1159 3874 :
1213 3818 1317 3874 hoc
1355 3835 1466 3898 non
1515 3819 1694 3898 solum
1749 3819 1818 3872 ah
1866 3818 1988 3898 aliis
2018 3826 2074 3874 et

467 3889 603 3952 nisa.
628 3894 1166 3956 oinnibnsabhorret,
1184 3905 1372 3944 verum
1395 3891 1560 3946 etiam
1580 3889 1646 3943 ab
1669 3890 1918 3944 Auctoris
1944 3905 2072 3945 nos-

470 3970 539 4022 tri
587 3968 886 4031 sententia;
937 3962 1391 4034 quemadmodum
1446 3960 1618 4017 series
1669 3960 1958 4030 patefaciet
1989 3962 2070 4015 in-

477 4039 666 4093 tuenti.

545 4107 572 4144 ι’
615 4107 835 4161 Grnvem
853 4106 1024 4159 alvum
1052 4104 1148 4158 sibi
1176 4103 1448 4170 senserint,
1473 4112 1541 4156 et.
1576 4101 1702 4158 Haec
1737 4102 1900 4159 verba
1921 4117 2072 4160 rese-

475 4186 669 4232 cantur
691 4175 746 4230 in
767 4177 897 4230 edit.
932 4175 1089 4228 Rom.

552 4259 573 4285 ε
614 4246 816 4302 Omnes
861 4245 994 4300 edit.
1035 4259 1100 4300 ac
1153 4257 1281 4298 mss.
1317 4257 1423 4296 non
1475 4243 1654 4312 pauci,
1694 4244 1906 4313 genitali
1933 4245 2069 4300 alvo.

475 4319 611 4374 Cod.
632 4319 795 4374 Curti.
821 4325 876 4371 et
902 4316 990 4370 alii
1015 4316 1219 4384 aliquot
1241 4313 1481 4368 melioris
1514 4323 1676 4374 notte.
1701 4316 2068 4386 genitaliarvo.

480 4390 703 4448 Melius;
734 4387 924 4443 eadem
943 4387 1144 4458 quippe
1200 4387 1518 4455 metaphora
1544 4399 1701 4440 usum
1727 4387 1890 4440 etiam
1921 4402 2080 4458 repe-

474 4463 651 4517 rimus
685 4459 870 4530 Virgil.
899 4455 992 4512 lib.
1021 4455 1088 4512 ut
1107 4455 1305 4530 Georg.

545 4531 570 4569 ι¹
615 4531 694 4587 De
715 4524 938 4585 hominis
965 4539 1102 4587 ortu.
1132 4526 1185 4582 in
1208 4524 1398 4582 eadem
1427 4524 1558 4583 edit.
1590 4526 1833 4582 deletum
1863 4535 1968 4582 est.

551 4616 573 4641 υ
618 4602 816 4670 Quibus
837 4602 948 4656 lucc
973 4599 1088 4654 sola
1116 4609 1190 4654 est
1216 4615 1375 4653 causa
1407 4597 1654 4670 nubendi.
1695 4599 1845 4661 Sola,
1903 4599 2082 4668 inquit

475 4668 667 4732 Glossa
699 4673 930 4738 Decreti,
953 4672 1008 4724 id
1033 4681 1109 4726 est
1132 4670 1418 4739 praecipua.
1447 4668 1558 4726 Nec
1584 4684 1720 4738 sane
1748 4669 2079 4726 credendum

2177 3240 2456 3312 propheta:
2485 3251 2637 3297 ortus
2664 3240 2828 3306 datae,
2861 3255 2967 3296 non
3001 3237 3263 3310 aﬂ'ectatte
3290 3237 3451 3294 tidem
3476 3237 3799 3308 generatio-

2180 3333 2264 3390 nis
2291 3331 2636 3388 adscisceret.

2183 3477 2262 3523 est
2294 3476 2531 3523 mentem
2558 3467 2850 3539 Ambrosio
2871 3468 3038 3524 fuisse
3060 3467 3200 3524 alias
3221 3467 3356 3524 duas
3385 3483 3602 3534 causas,
3658 3482 3800 3539 quas

2184 3539 2321 3608 proli
2352 3539 2657 3609 adjuugunt
2683 3538 2948 3610 Tlteologi
2989 3550 3112 3607 post
3140 3539 3278 3609 Aug.
3315 3554 3511 3609 nempe
3540 3538 3708 3595 fidem
3743 3551 3802 3595 et

2181 3621 2600 3676 sacramentum,
2629 3611 2938 3665 excludere.
2995 3610 3305 3666 Praesertim
3333 3625 3455 3665 cum
3509 3612 3650 3665 infra
3694 3626 3793 3667 ve-

2181 3695 2299 3752 rum
2323 3680 2630 3752 conjugium
2661 3679 2802 3735 inter
2817 3680 3036 3752 Mariam
3062 3697 3125 3735 ac
3166 3681 3366 3752 .Ioseplt
3411 3682 3802 3738 interceSsisse

2179 3751 2456 3822 defendat,
2488 3767 2610 3822 qua;
2649 3754 2810 3806 etiam
2850 3751 2948 3806 fuit
2975 3752 3262 3822 Augustini
3302 3751 3573 3822 Sententia
3623 3752 3721 3808 lib.
3761 3769 3802 3808 tt

2171 3820 2251 3876 De
2281 3839 2531 3877 consensu
2559 3821 2762 3891 Evang.
2793 3839 2916 3891 cap.
2949 3828 3009 3887 1;
3038 3820 3129 3878 li'l).
3163 3839 3298 3878 xxm
3334 3833 3472 3878 cont.
3501 3821 3799 3888 Faustum,

2174 3895 2377 3965 capas,
2405 3904 2459 3949 el
2492 3893 2584 3947 lib.
2607 3893 2684 3948 De
2705 3893 2872 3963 Nupt.
2902 3903 2950 3948 et
2971 3893 3390 3964 Concupis.cap.
3417 3895 3507 3949 11.
3535 3895 3638 3949 Adi
3657 3910 3804 3965 quo-

2174 3979 2280 4034 que
2306 3964 2365 4019 B.
2395 3965 2605 4020 'l‘lto.tu
2632 3972 2768 4035 part.
2793 3975 2988 4035 quaest.
3013 3965 3105 4028 29,
3135 3965 3311 4030 ιιι-ιθ..
3343 3975 3394 4021 ct
3435 3967 3597 4020 alios.
3626 3964 3807 4022 Forte

2177 4037 2338 4090 etiam
2369 4035 2670 4106 simplicius
2697 4035 2957 4104 explicari
2987 4037 3179 4103 possit,
3209 4036 3323 4090 sola
3368 4053 3548 4099 causa,
3601 4036 3806 4090 subin-

2176 4106 2495 4189 telligendo,
2527 4115 2583 4160 ut
2613 4107 2924 4177 plurimum,
2957 4107 3008 4162 id
3033 4116 3138 4174 est,
3164 4122 3323 4162 causa
3347 4107 3586 4162 maxime
3639 4107 3809 4163 ordi-

2177 4193 2352 4234 naria.

2252 4246 2278 4330 ξ
2320 4247 2446 4304 Mss.
2486 4247 2715 4330 aliquot,
2770 4264 2884 4319 qua:
2925 4249 3078 4304 anilis
3120 4259 3268 4317 esset,
3319 4265 3423 4304 non
3468 4249 3808 4306 erubesceret

2183 4319 2374 4374 coitum
2396 4336 2511 4374 cum
2537 4319 2853 4376 erubesceret
2873 4331 3100 4387 partum.

2259 4401 2284 4438 8
2330 4391 2454 4447 Voci
2490 4391 2778 4463 religionis,
2817 4390 2967 4446 addit
2987 4391 3145 4447 Rom.
3171 4391 3302 4448 edit.
3338 4391 3403 4445 At
3433 4392 3525 4446 ubi
3552 4393 3608 4446 id
3639 4393 3809 4449 intel-

2187 4463 2331 4538 leaa’t.
2362 4463 2431 4518 Et
2453 4472 2573 4532 post
2601 4477 2765 4538 pauca
2789 4477 2894 4538 pro
2909 4463 3133 4518 vocibus
3175 4463 3301 4538 quia
3349 4466 3629 4538 generabat
3674 4481 3814 4538 pro-

2188 4536 2415 4658 prtam,
2440 4535 2660 4605 propria
2687 4533 3009 4590 auctoritate
3021 4533 3266 4604 reposuit
3287 4533 3408 4604 quia
3431 4534 3644 4606 gerebat
3674 4533 3817 4608 pro-

2191 4623 2223 4658 υ
2243 4622 2289 4658 ιε
2313 4621 2416 4658 ant.

2191 4617 2416 4675 pltetam.

487 4797 3067 4830 ,______________________—__—..____—_——.—————

1594 4911 1938 4995 LIBER
2012 4909 2659 4998 SECUNDUS.

1898 5083 2082 5094 ————-—

481 5187 692 5261 1281
733 5182 915 5256 (Vers.
941 5179 1032 5243 26,
1066 5177 1188 5250 27.)
1220 5175 1418 5233 Eodem
1444 5183 1618 5231 autent
1644 5140 2085 5244 tems’o‘réiaimi.
2115 5175 2162 5236 D
2187 5172 2478 5228 consilium
2514 5171 2606 5228 Dei
2637 5212 2652 5239 ,
2678 5170 2774 5228 sed
2825 5180 3011 5228 tamen
3071 5186 3138 5228 ex
3185 5173 3399 5228 caeteris
3444 5173 3603 5229 factis
3629 5183 3818 5248 atque

544 5291 618 5336 est
649 5277 874 5348 Angelus
896 5273 1100 5330 Gabriel
1129 5288 1160 5326 a
1183 5269 1406 5325 Domino
1437 5271 1490 5324 in
1527 5269 1783 5324 civitatem
1817 5266 2074 5330 Gulilww,

545 5373 630 5426 cui
655 5385 838 5425 nomen
873 5365 1156 5432 Nazaretlt,
1189 5365 1256 5418 ad
1294 5363 1558 5434 Virginem
1579 5361 1942 5427 desponsatam
1969 5361 2078 5414 viro

543 5464 625 5518 cui
654 5478 836 5516 nomen
869 5467 979 5512 erat
1006 5457 1227 5528 Ioseph,
1273 5457 1339 5511 de
1384 5461 1535 5511 domo
1573 5455 1744 5509 David
1779 5465 1869 5510 :et
1897 5470 2080 5509 nomen

551 5554 809 5627 Virginis,
843 5551 1039 5606 Maria.

538 5651 588 5704 ι.
633 5648 830 5703 Latent
855 5644 1076 5716 quidem
1099 5643 1280 5700 divina
1303 5645 1586 5716 mysteria,
1615 5659 1717 5700 nec
1746 5643 1907 5700 facile
1927 5642 2082 5713 juxta

457 5737 848 5812 Propheticum
874 5735 1077 5790 dictum
1107 5736 1391 5806 quisquam
1419 5735 1698 5792 hominum
1721 5743 1900 5805 potest
1937 5733 2082 5790 scire

2188 5267 2473 5336 praceptis
2520 5265 2724 5322 domini
2767 5263 3035 5321 Salutaris
3081 5279 3366 5335 possumus
3399 5265 3724 5337 intelligere
3755 5280 3818 5326 et

2187 5360 2291 5414 hoc
2319 5358 2687 5428 perpensioris
2720 5358 2886 5414 fuisse
2913 5357 3154 5421 consilii,
3187 5358 3330 5428 quod
3351 5374 3413 5414 ea
3443 5359 3815 5429 potissimum

2187 5451 2362 5506 electa
2417 5459 2500 5506 est
2547 5460 2605 5505 ut
2650 5450 2942 5506 Dominum
3001 5458 3237 5519 pareret,
3275 5465 3396 5521 quae
3415 5449 3816 5523 eratdespon.

2190 5551 2304 5599 sata
2332 5543 2470 5598 viro.
2493 5541 2604 5598 Cur
2631 5551 2810 5599 autem
2860 5557 2968 5597 non
2995 5550 3283 5612 antequam
3339 5542 3816 5612 desponsaretur,

2192 5638 2409 5707 impleta
2457 5638 2584 5694 est?
2622 5637 2880 5694 Fortasse
2929 5652 2999 5693 ne
3037 5635 3309 5692 diceretur
3336 5636 3480 5707 quod
3524 5640 3819 5712 concepe-

2189 5742 2274 5788 rat
2303 5747 2368 5788 ex
2389 5731 2674 5789 adulterio.
2708 5730 2777 5788 Et
2798 5730 2936 5790 bene
2965 5739 3255 5802 utrumque
3285 5728 3466 5800 posuit
3486 5729 3814 5801 Scriptura,
