3960 6298
209 331 335 385 1555

1184 329 1547 389 EXPOSITIO
1586 332 1843 390 EVANG.
1882 331 2031 389 SEC.
2074 331 2230 390 LUC.
2274 334 2403 390 LIB.
2428 336 2496 393 ll.

3348 346 3486 401 1554

198 455 248 499 ιιι
275 455 327 499 et
359 444 677 513 desponsata
719 454 884 513 esset,
933 456 986 502 et
1039 447 1189 517 virgo
1215 462 1235 502 :
1262 448 1438 519 virgo,
1495 457 1553 504 ut
1578 464 1773 520 expers
1804 462 1849 521 Α
1879 460 2047 517 retur,
2100 456 2163 505 ut
2207 467 2471 524 nusquam
2520 454 2859 512 divinitatem
2888 460 3163 530 propriam
3195 462 3478 520 fateretur.

197 536 355 590 virilis
382 538 636 591 consortii
660 537 969 594 videretur:
998 538 1346 610 desponsata,
1385 555 1452 596 ne
1497 551 1775 597 temerata:

197 629 505 700 virginitatis
534 629 1100 698 adorereturinfamia,
1130 634 1213 688 cui
1242 635 1421 704 gravis
1453 635 1607 690 alvus
1644 649 1773 690 cor-

191 723 403 793 ruptela:
451 722 723 779 videretur
767 725 977 796 insigne
1023 726 1302 794 praeferre.
1364 727 1547 784 Maluit
1590 714 1770 784 autem

192 814 431 870 Dominus
453 815 663 885 aliquos
689 816 758 872 de
785 832 884 874 suo
916 830 1039 873 ortu
1070 820 1322 888 quamde
1343 822 1536 877 matris
1565 823 1773 893 pudore

189 905 457 973 dubitare;
480 906 685 963 sciebat
709 909 852 964 enim
883 920 1125 966 teneram
1161 926 1282 967 esse
1312 922 1336 949 ει
1369 914 1592 983 virginis
1619 930 1773 970 vere—

188 1002 444 1065 cundiam,
491 1010 544 1056 et
585 1000 849 1059 lubricam
876 1004 1073 1059 famam
1106 1004 1331 1074 pudoris
1361 1024 1375 1061 :
1409 1022 1511 1062 nec
1564 1008 1773 1077 putavit

186 1104 323 1148 ortus
343 1093 423 1146 sui
444 1092 603 1149 fidem
627 1099 815 1150 matris
837 1096 1047 1166 injuriis
1071 1096 1483 1153 adstruendam.
1506 1098 1773 1154 Servatur

188 1190 348 1260 itaque
367 1199 570 1245 sanciat
592 1189 775 1245 Marire
798 1190 937 1246 sicut
965 1190 1171 1262 pudore
1202 1192 1435 1262 integra,
1493 1193 1566 1247 ita
1596 1193 1773 1247 invio-

188 1283 347 1338 labilis
396 1284 653 1353 opinione
699 1283 1012 1355 virginitas;
1070 1287 1280 1358 1282
1355 1294 1570 1357 oportet
1623 1286 1769 1340 enim

185 1383 384 1431 sanctos
414 1386 471 1431 et
496 1376 567 1431 ab
596 1376 678 1432 his
719 1377 1090 1432 testimonium
1109 1377 1309 1432 habere
1335 1377 1425 1448 qui
1454 1376 1584 1432 foris
1611 1386 1768 1432 sunt:

186 1482 271 1523 nec
291 1467 469 1524 decuit
490 1469 713 1523 sinistra
745 1469 1047 1541 virginibus
1074 1469 1328 1539 opinione
1350 1468 1655 1525 viventibus
1679 1484 1771 1523 ve-

184 1562 341 1618 lamen
370 1565 742 1620 excusationis
783 1564 1041 1635 relinqui,
1082 1563 1226 1635 quod
1287 1563 1545 1619 infamata
1599 1572 1772 1619 mater

182 1670 373 1727 quoque
393 1656 611 1711 Domini
643 1656 944 1713 videretur.

241 1747 290 1803 2.
325 1748 457 1816 Qitid
488 1758 675 1805 autem
691 1749 915 1819 Judmis,
949 1751 1077 1822 quid
1106 1750 1304 1807 Herodi
1333 1762 1518 1822 posset
1544 1752 1764 1816 ascribi,

1878 541 1984 598 Sed
2018 553 2198 598 tamen
2232 547 2401 615 magis
2430 546 2613 602 fefellit
2643 548 2940 619 principem
2972 553 3193 618 saeculi;
3227 553 3480 611 diabolus

1873 639 2019 691 enim
2042 638 2142 692 etsi
2165 638 2451 710 a'iquando
2482 641 2769 704 dubitavit.
2804 658 2927 699 cum
2961 645 3171 701 diceret
3200 665 3214 701 :
3246 648 3308 703 Si
3331 647 3477 717 ﬁlius

1874 724 1973 782 Dei
2000 745 2071 793 es,
2122 732 2261 784 mitte
2312 742 2359 785 te
2404 732 2644 787 deorsum
2672 733 2891 806 (Matth.
2930 752 3002 800 tv,
3036 737 3092 804 6)
3120 755 3134 800 ;
3166 747 3345 793 tamen
3399 739 3486 794 vel

1873 835 1999 875 sero
2021 822 2293 892 cognovit,
2328 835 2378 878 et
2410 824 2660 880 discessit
2682 826 2752 881 ab
2774 843 2859 882 eo.
2893 828 3274 898 Cognovernnt
3297 839 3353 886 et
3370 831 3480 886 da:-

1876 928 2067 968 mones
2094 914 2459 985 quidicebant
2488 933 2507 970 :
2535 928 2556 953 ο
2590 915 2844 972 Nouimus
2885 920 2973 986 qui
3022 921 3093 974 sis
3140 922 3267 976 Jesu
3311 920 3483 976 Filius

1874 1001 1992 1058 Dei.
2052 1007 2193 1070 Quid
2250 1007 2435 1061 venisti
2484 1018 2602 1062 ante
2647 1019 2845 1081 tempus
2877 1020 3114 1081 torquere
3135 1029 3227 1067 nos
3259 1011 3479 1083 (Matth.

1872 1112 1988 1164 vttt,
2014 1096 2143 1168 29)?
2168 1099 2231 1153 Et
2257 1100 2380 1153 ideo
2410 1101 2628 1157 venisse
2675 1112 3068 1172 cognoverunt.
3116 1106 3237 1174 quia
3282 1120 3486 1177 praeco-

1873 1191 2085 1261 gnitunt
2119 1190 2392 1246 habebant
2434 1207 2556 1247 esse
2607 1202 2922 1250 venturum.
2968 1195 3249 1266 Principes
3299 1210 3483 1254 autem

1875 1284 2058 1337 saeculi
2085 1300 2191 1338 nun
2219 1284 2564 1353 cognovisse,
2594 1303 2700 1356 quo
2734 1288 2941 1358 majore
2977 1303 3268 1358 possumus
3319 1306 3484 1361 quam

1874 1376 2209 1443 Apostolicte
2240 1380 2527 1434 sententiae
2566 1381 2796 1451 probare
2842 1381 3212 1440 documento:
3243 1383 3303 1440 Si
3353 1386 3487 1440 enim

1871 1470 2251 1541 cegnovissent,
2284 1487 2545 1541 nunquam
2576 1471 2857 1527 Dominum
2879 1476 3165 1548 majestatis
3179 1476 3473 1547 cruriﬁxis—

1871 1562 2016 1615 sent?
2048 1561 2363 1617 Daemonum
2413 1565 2557 1619 enim
2622 1566 2828 1620 malitia
2876 1566 3036 1622 facile
3076 1569 3241 1623 etiam
3273 1570 3486 1624 occulta

1871 1655 2281 1727 deprehendit:
2314 1667 2371 1714 at
2422 1674 2555 1714 vero
2606 1659 2696 1729 qui
2742 1661 3098 1717 saecularibus
3148 1662 3486 1717 vanitatibus

1873 1762 2229 1821 occupantur,
2264 1755 2407 1808 scire
2444 1753 2630 1808 divina
2658 1769 2763 1807 non
2794 1764 3040 1824 possunt.

183 1841 221 1895 si
241 1852 411 1896 natum
439 1842 763 1898 viderentnr
783 1860 850 1898 ex
868 1844 1138 1899 adulterio
1158 1843 1765 1913 persecuti?Quemad-
1798 1842 1846 1902 B
1944 1846 1999 1899 4.
2041 1844 2185 1899 Bene
2226 1856 2408 1900 autem
2450 1845 2550 1899 sibi
2609 1845 2913 1899 diviserunt
2963 1846 3327 1917 Evangelistas
3355 1888 3370 1911 ,
3424 1856 3486 1902 ut

179 1934 375 1990 modum
403 1946 595 1990 autem
625 1936 741 2006 ipse
770 1936 976 1992 diceret
1005 1953 1017 1990 :
1049 1937 1172 1991 Non
1195 1938 1308 1991 veni
1336 1937 1527 2010 Legem
1552 1937 1766 2003 solvere,

180 2026 258 2080 sed
285 2027 567 2098 adimplere
600 2028 813 2103 (Matth.
848 2046 901 2097 ν,
937 2030 1026 2101 tit)
1056 2047 1071 2096 ;
1101 2030 1145 2085 si
1178 2030 1456 2086 videretur
1484 2031 1718 2101 coepisse
1738 2046 1768 2085 a

182 2122 324 2192 Legis
353 2123 578 2194 injuria,
611 2139 735 2179 cum
778 2135 967 2194 partus
991 2124 1228 2193 innuptae
1283 2123 1431 2195 Lege
1479 2123 1769 2179 damnetur

182 2210 338 2282 (Deut.
365 2231 514 2280 χχιιι,
550 2216 643 2287 l7)
672 2216 695 2269 ?
725 2215 1035 2284 Quinetiam
1067 2216 1389 2285 locupletior
1421 2215 1575 2271 testis
1592 2216 1768 2285 pudo-

178 2305 243 2360 ris
270 2309 485 2362 maritus
512 2307 814 2362 adhibetur
833 2348 847 2373 ,
871 2308 963 2378 qui
995 2317 1181 2378 posset
1210 2317 1261 2362 et
1277 2306 1466 2363 dolere
1490 2306 1766 2378 injuriam,

178 2411 225 2455 et
253 2402 517 2458 vindicare
549 2404 933 2473 Opprobrium,
967 2403 1011 2457 si
1069 2418 1175 2457 non
1222 2410 1544 2471 agnosceret
1584 2416 1767 2458 sacra-

176 2504 417 2550 mentum.
450 2494 594 2565 Quid
619 2497 763 2566 quod
796 2495 960 2550 etiam
994 2494 1130 2551 fides
1156 2494 1338 2549 Mariae
1362 2495 1543 2551 verbis
1593 2495 1768 2565 major

176 2587 503 2656 adsciscitur,
528 2599 587 2644 et
620 2588 885 2644 mendacii
905 2604 1066 2644 causa
1100 2590 1449 2644 removetur?
1478 2588 1768 2645 Videretur

172 2681 296 2736 enim
334 2683 557 2754 culpam
582 2681 911 2737 obumbrare
950 2682 1186 2738 voluisse
1232 2682 1513 2737 mendacio
1543 2682 1764 2751 innupta

174 2788 452 2843 praegnans.
511 2772 743 2829 Causam
798 2782 980 2828 autem
1035 2772 1334 2828 mentiendi
1376 2772 1764 2844 indesponsata

174 2864 364 2931 habuit,
386 2867 725 2938 deSponsata
783 2883 886 2921 non
929 2866 1153 2933 habuit;
1183 2882 1305 2922 cum
1355 2866 1590 2937 conjugii
1622 2881 1763 2936 prae-

172 2960 318 3014 mium
345 2972 399 3015 et
426 2960 613 3030 gratia
646 2960 952 3030 nuptiarum
978 2969 1165 3030 partus
1187 2960 1256 3014 sit
1278 2959 1623 3014 feminarum.

233 3053 280 3107 5.
316 3051 429 3108 Νοη
458 3052 769 3108 mediocris
797 3068 1013 3123 quoque
1060 3068 1225 3108 causa
1258 3062 1365 3118 est,
1390 3064 1451 3106 ut
1483 3051 1766 3120 virginitas

174 3143 330 3201 Maria:
358 3146 585 3202 falleret
608 3145 907 3217 principem
935 3146 1117 3200 mundi
1147 3163 1161 3199 :
1191 3144 1283 3216 qui
1312 3160 1434 3201 cum
1465 3144 1766 3213 deSponsa-

1874 1944 2095 1991 sanctns
2125 1936 2410 1991 Matthtens
2436 1936 2643 2007 Joseph
2674 1937 2742 1992 ab
2768 1938 2963 2003 angelo
3012 1940 3228 1994 moneri
3262 1938 3489 1994 induce-

1873 2039 1957 2083 ret
1978 2025 2004 2065 ἀ
2032 2027 2251 2083 Mariam
2277 2028 2562 2098 conjugem
2581 2030 2832 2098 accipere
2856 2027 3071 2100 (Matth.
3090 2045 3130 2096 t,
3152 2028 3247 2102 20)
3276 2047 3289 2083 :
3317 2029 3491 2085 Lucas

1874 2120 1983 2176 illic
2014 2122 2361 2191 Evangelista
2390 2122 2764 2176 testimonium
2792 2121 2961 2178 ferret
2988 2123 3133 2192 quod
3158 2139 3266 2178 nun
3285 2138 3489 2179 conve-

1872 2213 2081 2267 nissent
2115 2232 2127 2266 :
2155 2214 2240 2268 hic
2272 2213 2386 2281 ipsa
2418 2214 2582 2268 Maria
2611 2212 2895 2277 fateretur,
2924 2228 3046 2269 cum
3078 2216 3211 2270 diett
3234 2216 3433 2285 angelo
3468 2233 3481 2270 :

1875 2303 2143 2371 Quomodo
2165 2305 2253 2374 fiet
2282 2305 2442 2372 istud,
2475 2310 2726 2374 quoniam
2749 2306 2911 2359 virum
2942 2321 3044 2360 non
3074 2309 3291 2377 cognovi
3318 2307 3477 2380 (Luc.

1872 2414 1911 2461 ι,
1936 2397 2072 2467 34)?
2099 2398 2161 2451 Et
2187 2398 2303 2463 ipse
2324 2407 2548 2452 sanctus
2572 2396 2749 2451 Lucas
2779 2397 3042 2467 virginem
3074 2398 3377 2453 declaravit
3404 2399 3488 2454 di-

1871 2505 2004 2547 cens
2034 2508 2046 2544 :
2078 2488 2144 2543 Et
2176 2507 2360 2544 nomen
2395 2490 2629 2561 Virginis
2662 2489 2855 2544 Maria.
2884 2490 2950 2545 Et
2973 2491 3238 2561 propheta
3262 2491 3484 2548 edocuit

1871 2583 1960 2655 qui
1993 2586 2067 2635 ait
2098 2600 2110 2637 :
2142 2581 2277 2636 Ecce
2302 2583 2447 2653 virgo
2464 2583 2519 2637 in
2548 2593 2696 2636 utero
2711 2583 2930 2652 accipiet
2956 2580 3128 2654 (Esai.
3152 2598 3249 2649 vn,
3285 2584 3394 2656 14).
3414 2583 3488 2639 Et

1869 2673 2072 2744 Josepli
2106 2673 2434 2743 designavit,
2467 2675 2555 2743 qui
2584 2672 2840 2744 quoniam
2866 2684 3232 2743 praegnantem
3264 2674 3485 2731 videbat

1869 2780 2163 2837 quamnon
2195 2776 2547 2835 cognoverat,
2581 2764 2858 2819 dimittere
2896 2767 3163 2835 gestiebat
3190 2765 3405 2835 (Matth.
3438 2783 3480 2833 t,

1871 2857 1985 2927 t9).
2021 2856 2088 2911 Et
2116 2857 2375 2910 Dominus
2408 2856 2524 2923 ipse
2548 2857 2600 2910 in
2631 2871 2795 2911 crnce
2823 2858 3030 2926 positus
3081 2859 3473 2923 manifestavit,

1869 2964 1993 3004 cum
2017 2949 2154 3003 dixit
2182 2948 2340 3002 matri
2375 2965 2387 2999 :
2411 2947 2623 3014 Mulier,
2653 2964 2767 3002 ecce
2798 2950 2936 3018 [ilius
2965 2960 3104 3004 tuus.
3130 2950 3329 3006 Deinde
3373 2954 3480 3007 dis-

1870 3043 2040 3114 cipulo
2070 3058 2088 3094 :
2110 3040 2244 3095 Ecce
2272 3050 2435 3095 mater
2482 3050 2569 3095 tua
2591 3039 2777 3111 (Joan.
2814 3057 2931 3108 χιχ,
2960 3041 3032 3097 26
3054 3052 3101 3096 et
3123 3042 3218 3114 27)
3243 3084 3263 3099 .
3297 3043 3476 3099 Etiam

1872 3150 2101 3201 uterque
2158 3146 2385 3191 testatus
2432 3145 2537 3200 est,
2577 3134 2884 3205 Discipnlns
2910 3148 2963 3191 et
2990 3136 3179 3199 Mater.
3233 3137 3359 3207 quia
3396 3136 3481 3192 Em

174 3246 265 3291 tam
317 3240 428 3293 viro
473 3247 761 3306 cerneret,
814 3246 1026 3309 partum
1058 3253 1162 3294 non
1192 3240 1366 3309 potuit
1399 3238 1599 3294 habere
1638 3250 1759 3292 sus-
1784 3234 1829 3296 C
1862 3233 1955 3287 illa
1976 3232 2104 3285 hora
2131 3230 2351 3301 suscepit
2386 3246 2500 3284 eam
2528 3227 2835 3298 Discipulus
2870 3238 2892 3266 °
2926 3231 2977 3283 in
3001 3245 3097 3282 sua
3129 3228 3320 3300 (Ibid.,
3354 3229 3474 3301 27).

174 3343 388 3400 pectnm.
416 3332 676 3388 Fallendi
709 3342 888 3387 autem
915 3332 1176 3401 principis
1220 3331 1408 3386 mundi
1435 3330 1604 3386 fuisse
1627 3345 1761 3385 con-

174 3424 563 3496 silium,ipsius
602 3425 812 3479 Domini
839 3425 1000 3478 verba
1027 3423 1329 3486 declarant,
1374 3438 1497 3477 cum
1530 3422 1759 3490 apostoli

170 3517 726 3589 jubenturtaeerezde
750 3517 971 3573 Christo
1004 3514 1219 3589 (Matth.
1254 3531 1366 3582 xvr,
1396 3514 1513 3587 20)⁹
1552 3514 1761 3586 1283

174 3623 277 3665 cum
304 3612 474 3667 sanati
527 3611 887 3683 prohibentur
914 3608 1136 3680 gloriari
1164 3608 1230 3663 dc
1271 3608 1512 3664 remedio
1540 3607 1756 3680 (Matth.

172 3718 270 3768 vni,
298 3705 371 3775 4),
387 3721 515 3761 cum
541 3706 820 3761 daemones
850 3703 1237 3774 praecipiuntur
1258 3702 1460 3759 silereb
1476 3702 1543 3758 de
1560 3702 1653 3758 Dei
1670 3702 1755 3756 Fi-

174 3794 236 3849 lio
253 3796 394 3869 (Luc.
429 3814 511 3864 tv,
569 3798 688 3863 '55).
716 3795 986 3863 Fallendi,
1012 3806 1068 3849 ut
1097 3794 1235 3861 dixi,
1282 3794 1540 3865 principis
1569 3793 1753 3848 mttndi

175 3886 323 3944 fuisse
390 3890 687 3945 consilium
761 3889 924 3944 etiam
976 3890 1273 3957 Apostolus
1320 3887 1624 3942 declaravit
1675 3886 1756 3941 di-

174 3995 320 4038 cens:
347 3985 451 4040 Sed
503 3984 766 4048 loquimur
812 3983 907 4038 Dei
936 3985 1246 4054 sapientiam
1287 3984 1341 4036 in
1370 3982 1612 4051 mysterio
1640 3983 1752 4035 abs-

176 4079 507 4134 conditam...
534 4095 689 4149 quam
744 4095 892 4132 nemo
924 4079 1219 4150 principum
1265 4078 1416 4130 istius
1469 4074 1645 4130 διεθηιὶ
1672 4091 1757 4128 co-

175 4173 347 4240 gnorit.
370 4172 431 4227 Si
460 4175 602 4227 enim
631 4174 1002 4246 cognovissent,
1030 4186 1311 4238 numquam
1344 4169 1617 4223 Dominum
1640 4184 1754 4221 ma-

166 4263 349 4331 jestatis
366 4263 752 4333 crucifixissent
782 4261 827 4333 (Ι
854 4260 975 4315 Cor.
1010 4276 1070 4324 tt,
1102 4263 1132 4316 7
1165 4272 1211 4314 et
1233 4262 1313 4330 8),
1347 4260 1449 4314 hoc
1478 4270 1757 4324 eSI,num-

174 4365 314 4417 quam
343 4371 429 4409 me
469 4354 665 4409 redimi
725 4354 934 4409 Domini
982 4361 1159 4408 morte
1214 4353 1488 4409 fecissent.
1542 4350 1759 4407 Fefellit

172 4457 285 4514 ergo
316 4462 409 4514 pro
438 4447 622 4513 nobis,
658 4444 849 4500 fefellit
874 4455 931 4500 ιιι
950 4446 1211 4510 vinceret,
1260 4445 1451 4501 fefellit
1472 4446 1755 4501 diabolum

172 4548 278 4591 eum
305 4546 628 4606 tentaretur,
653 4554 779 4594 cum
803 4550 1109 4609 rogaretur,
1141 4552 1264 4594 cum
1294 4538 1387 4594 Dei
1416 4538 1581 4595 Filius
1608 4539 1757 4596 dice-

1860 3324 2062 3395 Utique
2090 3324 2136 3379 si
2164 3323 2534 3387 convenisset,
2585 3336 2859 3390 nunquam
2889 3320 3061 3376 virum
3086 3322 3362 3393 proprium
3393 3336 3478 3378 re-

1861 3418 2133 3488 liquisset,
2160 3432 2261 3471 nec
2284 3416 2368 3470 vir
2393 3430 2513 3470 eam
2540 3414 2720 3485 justus
2752 3430 2947 3485 passus
2975 3425 3120 3471 esset
3148 3431 3176 3470 a
3210 3432 3269 3471 se
3298 3416 3476 3471 disce-

1862 3514 2011 3569 dere.
2045 3511 2327 3581 Quomodo
2354 3521 2533 3566 autem
2561 3510 2820 3565 Dominus
2849 3510 3142 3566 divortium
3178 3512 3473 3581 prmcepis-

1864 3614 1969 3672 set,
2001 3622 2125 3662 cum
2158 3606 2325 3675 ipsius
2354 3604 2427 3658 sit
2453 3603 2746 3668 sententia,
2805 3604 2930 3674 quia
2985 3618 3146 3658 nemo
3186 3604 3461 3659 dimittere

1863 3703 2025 3758 debet
2068 3716 2295 3757 uxorem
2329 3742 2344 3767 ,
2383 3710 2616 3769 excepta
2646 3714 2810 3755 causa
2842 3698 3215 3756 fornicationis
3247 3698 3467 3773 (Matth.

1863 3792 2094 3866 v,52)?

1936 3890 1990 3943 5.
2037 3886 2275 3941 Pulchre
2302 3895 2482 3940 autem
2516 3883 2633 3955 (27,
2659 3892 2841 3952 quiest.
2884 3885 2944 3950 2,
2984 3902 3031 3939 c.
3068 3885 3222 3953 Quod
3268 3895 3465 3952 autem,

1868 3981 1896 4051 §
1928 3979 2059 4035 Item
2082 3981 2124 4034 si
2146 3976 2414 4050 conjuges)
2437 3976 2621 4031 docuit
2649 3986 2870 4031 sanctus
2918 3977 3207 4032 Mattluens
3233 3978 3361 4049 quid
3393 3978 3471 4033 fa-

1864 4088 1990 4128 cere
2019 4071 2212 4125 debeat
2239 4072 2439 4138 justus,
2468 4067 2849 4137 qui.probrmn
2881 4069 3130 4141 conjugis
3158 4070 3468 4141 deprehen-

1859 4166 2024 4231 derit,
2053 4175 2111 4219 ut
2136 4164 2479 4219 incruentum
2505 4162 2573 4218 ab
2602 4161 2919 4229 homicidio,
2949 4174 3158 4219 castum
3206 4166 3276 4219 ab
3304 4164 3463 4220 adul-

1862 4260 1999 4316 terio
2024 4269 2279 4330 pratstare
2301 4273 2359 4313 se
2381 4257 2576 4313 debeat
2609 4271 2622 4308 :
2652 4253 2755 4318 Qui
2787 4256 2935 4310 enim
2978 4258 3315 4329 coniungitur
3359 4274 3467 4312 me-

1859 4354 2052 4417 retrici,
2078 4369 2236 4408 unum
2258 4370 2443 4423 corpus
2471 4364 2543 4409 est
2566 4354 2609 4423 (Ι
2641 4345 2773 4408 Cor.
2808 4363 2883 4413 VI,
2932 4348 3048 4421 16).
3087 4350 3228 4420 Ergo
3270 4350 3466 4420 ubique

1862 4446 1916 4501 in
1939 4444 2138 4513 Joseph
2161 4444 2291 4514 justi
2314 4446 2486 4515 gratia
2511 4455 2565 4500 et
2599 4459 2833 4515 persona
2873 4451 3141 4505 servatur,
3199 4451 3256 4495 ut
3312 4442 3469 4496 testis

1862 4548 2125 4604 ornetur;
2155 4552 2218 4591 os
2264 4538 2408 4592 enim
2438 4537 2571 4607 justi
2599 4536 2943 4592 mendacium
2974 4532 3171 4599 nescit,
3198 4542 3252 4588 et
3277 4532 3467 4603 lingua

235 4708 259 4733 ιι
304 4696 525 4767 Virginis
553 4696 939 4763 verecundiam,
965 4709 1157 4751 vocem
1209 4693 1454 4750 ultimam
1495 4695 1764 4765 expunxit
1787 4702 1841 4762 1)
1866 4693 2052 4767 etiam,
2100 4707 2203 4744 non
2255 4694 2650 4767 cognovissent,_
2680 4692 2776 4745 hoc
2823 4691 2956 4755 ipsa.
3016 4687 3286 4767 Cmterum
3329 4689 3465 4747 edit.

175 4763 317 4821 Rom.
343 4763 449 4825 edit
462 4808 476 4824 .

234 4859 257 4896 δ
298 4862 453 4915 Rom.
478 4863 609 4917 edit.
643 4862 870 4916 vocibus
921 4861 1126 4931 aliquot
1171 4860 1432 4916 resecatis
1464 4862 1535 4914 ita
1559 4860 1759 4929 posuit,

173 4930 229 4982 de
252 4931 341 4987 Dei
368 4932 509 4988 Filio
539 4952 557 4988 :
581 4935 721 5004 quod
746 4934 902 4987 etiam
935 4930 1211 5003 Apostolus
1242 4932 1546 4995 declaravit,
1579 4941 1685 4986 etc.

240 5036 259 5061 ι’
296 5024 493 5082 Omnes
520 5026 680 5092 edit.,
718 5024 971 5079 Nouimus
998 5035 1065 5087 te.
1090 5026 1214 5094 quia
1234 5040 1288 5078 es
1316 5022 1472 5078 Iesus
1521 5022 1614 5076 Dei
1662 5022 1761 5077 Fi-

171 5095 280 5148 lius.
334 5098 461 5152 Mss.
511 5114 668 5164 vero,
728 5096 983 5151 Nouimus
1022 5097 1108 5167 qui
1134 5098 1205 5150 sis
1231 5095 1359 5149 Jesu
1394 5094 1453 5167 VF
1456 5095 1583 5167 ilius
1626 5094 1762 5150 Dei:

173 5168 346 5239 paucis
376 5172 636 5239 exceptis,
671 5184 903 5237 quorum
934 5166 1039 5223 alii
1058 5167 1280 5231 habent,
1312 5166 1427 5233 quis
1457 5167 1526 5221 sis
1555 5166 1710 5221 Iesus
1739 5184 1758 5233 ;

173 5236 278 5303 alii,
301 5243 434 5309 quod
451 5236 539 5306 sis,
568 5252 676 5297 etc.
1755 5246 1765 5257 ’

238 5326 271 5403 άᾉ
300 5329 371 5384 lta
404 5343 509 5387 vet.
534 5332 750 5389 edit.ae
781 5332 1029 5403 plerique
1051 5346 1184 5385 mss.
1215 5338 1442 5403 excepto
1458 5330 1756 5403 quodiedit.

174 5401 438 5466 omittunt,
466 5405 597 5470 illic,
624 5419 755 5460 mss.
785 5401 993 5466 autem,
1019 5403 1272 5475 accipere.
1302 5401 1646 5475 Quidam_alii
1684 5402 1760 5455 le-

174 5482 316 5535 gttnt,
362 5475 649 5541 induceret,
693 5491 758 5530 ne
798 5475 1079 5528 dimitteret
1111 5471 1357 5540 Mariam,
1392 5482 1496 5526 etc.
1535 5471 1759 5537 Unicus,

174 5541 451 5602 induceret.
480 5546 667 5601 Maria:
698 5546 867 5599 Lucas
888 5546 1001 5600 illic
1022 5547 1370 5600 testimonium
1402 5548 1581 5614 ferret.
1610 5542 1763 5614 Quod

176 5628 273 5685 non
293 5619 640 5685 cognovissent
672 5620 692 5685 (
721 5618 1007 5672 Manlia-us
1031 5628 1085 5670 et
1134 5616 1309 5670 Lucas
1341 5612 1634 5683 videlicet)
1665 5612 1762 5668 hoc

178 5634 273 5666 non
293 5634 349 5668 σο
389 5634 640 5672 ηουιηετιι
672 5634 688 5685 ί
722 5634 1007 5672 statum-us
1031 5634 1085 5670 el
1135 5634 1309 5670 Lucas
1341 5634 1634 5683 νιαειιεει)
1665 5634 1762 5668 ηοσ

178 5681 286 5752 ipsa
306 5634 478 5760 Mgaria
508 5692 779 5760 fateretur.
834 5689 1008 5754 Quam
1070 5688 1358 5742 lectionem
1410 5685 1763 5760 vehementer

178 5755 844 5831 suspicamur'germanam
875 5774 999 5813 esse
1018 5769 1109 5831 :Aet
1139 5760 1498 5831 potissimum,
1538 5756 1682 5831 quod
1706 5758 1757 5811 in

182 5817 377 5897 aliquot
404 5817 681 5902 mssfpro,
712 5848 811 5884 non
843 5817 1217 5896 convenisse'nt,
1276 5828 1359 5882 hic
1381 5817 1516 5899 ipsa,
1552 5817 1759 5897 legatur

1868 4762 2027 4817 Rutn.
2062 4769 2229 4816 t0Ittm
2255 4763 2430 4817 locum
2457 4763 2754 4818 emendare
2783 4770 2975 4816 coitztla
3002 4770 3084 4815 est
3139 4762 3241 4815 hoc
3283 4771 3465 4830 pacto,

1868 4834 2156 4907 induceret,
2189 4849 2253 4887 ne
2286 4832 2511 4888 Mariam
2542 4837 2810 4907 conjugem
2834 4835 3030 4907 timeret
3060 4833 3468 4907 accipere;_q_u_o

1867 4905 2216 4960 testimonium
2269 4908 2428 4976 ferret
2478 4908 2613 4975 quod
2632 4903 2645 4907 ⁷
2667 4903 2770 4958 non
2795 4904 3182 4958 conuenissent:
3219 4903 3355 4974 quod
3384 4904 3470 4957 hic

1862 4978 1996 5043 ipsa,
2021 4984 2125 5031 etc.

1918 4995 1973 5030 δα
2021 4995 2125 5031 (διε.

1883 4995 1915 5048 Ρ
1943 5017 2135 5102 θ’ὺίεε.
2168 5048 2429 5108 nonnulli,
2462 5063 2523 5101 ac
2554 5057 2845 5118 postremic
2860 5045 3180 5101 Paris.edit.
3214 5048 3267 5099 in
3296 5063 3463 5100 suam.

1868 5118 2075 5182 Reliqui
2102 5128 2157 5171 ct
2179 5134 2308 5173 mss.
2334 5128 2389 5172 et
2409 5120 2539 5174 edit.
2559 5117 2685 5174 cum
2712 5119 2882 5174 sacris
2906 5117 3029 5172 cod.
3057 5118 3111 5171 in
3140 5135 3256 5179 sua.
3291 5132 3469 5186 εει-ηιεο

1869 5194 1939 5251 sic
1964 5192 2029 5263 τᾴ
2056 5186 2165 5263 ἴδιοι
2187 5232 2201 5251 ,
2232 5188 2280 5242 id
2314 5200 2397 5263 est
2443 5191 2497 5244 in
2528 5192 2760 5263 propria,
2793 5190 2905 5244 sive
2956 5191 3011 5263 in
3038 5204 3120 5243 res
3159 5192 3465 5263 suas,_siv_e,

1870 5273 1927 5315 ut
1965 5261 2053 5314 alii
2085 5260 2289 5325 viilnnt,
2340 5261 2393 5316 in
2436 5258 2770 5317 domicilium
2804 5279 2817 5315 :
2848 5277 2949 5327 qua
2978 5261 3046 5314 de
3076 5277 3134 5315 re
3162 5258 3464 5315 vidi-Guill.

1869 5332 2074 5388 Estittm
2105 5330 2157 5384 in
2186 5334 2373 5385 eadem
2406 5337 2589 5389 verba.
2610 5333 2764 5399 Quod
2787 5347 2917 5386 vero
2950 5333 3147 5385 Doctor
3172 5344 3357 5386 ltt'tSlet‘
3385 5329 3470 5384 af-

1869 5405 2041 5475 firmat
2066 5401 2363 5471 Jnsephnm
2397 5416 2639 5475 tempore
2668 5402 2936 5473 passimiis
2984 5402 3149 5458 etiam
3198 5413 3325 5457 tunc
3374 5418 3467 5475 sn-

1868 5473 2148 5542 perstitem
2181 5477 2445 5535 extitisse.
2470 5473 2524 5528 in
2558 5476 2656 5529 hoc
2688 5476 2903 5544 quidem
2934 5475 3204 5528 consentit
3244 5488 3365 5527 cum
3402 5474 3463 5527 D.

1865 5544 2138 5617 Cypiiann
2162 5545 2347 5617 Trict.
2378 5544 2458 5601 De
2486 5544 2736 5601 l’assione
2782 5544 2997 5599 Domini
3025 5560 3043 5600 :
3073 5544 3168 5599 sed
3219 5545 3471 5599 dissentit

1867 5616 1936 5670 ab
1970 5617 2162 5685 Epiph.
2206 5616 2432 5671 Hacri-si.
2466 5618 2554 5681 78,
2589 5634 2737 5673 num.
2773 5619 2865 5682 t0,
2904 5633 3065 5685 quem
3124 5616 3463 5670 recentiores

1864 5691 2036 5757 magis
2084 5689 2417 5756 sequendum
2454 5690 2854 5744 existimarunt.
2878 5688 3108 5743 Consule
3134 5688 3283 5741 card.
3338 5687 3458 5742 Bar.

1864 5760 1929 5884 ιιἶὲ
1980 5776 2180 5815 annmn
2209 5759 2407 5816 Christi
2444 5761 2533 5829 t2,
2567 5777 2715 5816 num.
2747 5760 2813 5823 9;
2847 5759 3079 5830 Estinnt,
3113 5759 3231 5815 loco
3254 5760 3375 5817 cit..
3407 5758 3461 5811 et

1864 5844 1888 5883 ﬂ
1918 5846 2019 5884 tos.

1860 5844 2019 5886 unos.
