3960 6304
508 306 646 364 i555

1867 302 2115 361 SANCTI
2152 301 2478 360 AMBROSII

3673 303 3799 361 1:56

485 423 618 495 ejus
647 424 886 496 loquitur
909 425 1199 496 judicium,
1243 424 1508 494 judicium
1553 426 1670 496 ejus
1701 425 1940 495 loquitur
1964 425 2104 480 veri-
2127 428 2180 487 Α
2207 424 2386 491 batur,
2432 438 2552 493 quze
2581 435 2844 491 nusquam
2889 420 3027 474 lecta
3061 430 3165 487 est,
3218 435 3480 490 nusquam
3511 430 3636 475 ante
3661 436 3801 476 com-

505 526 692 572 tatem.
733 517 843 572 Nec
875 525 926 572 te
953 527 1164 572 moveat
1196 518 1337 585 quod
1367 517 1678 588 frequenter
1720 517 1936 590 1285.
1960 517 2105 572 Scri-

502 617 659 678 ptura
682 608 962 679 eonjugem
995 607 1158 673 dicit;
1188 623 1294 662 non
1323 610 1468 664 eiiim
1494 610 1822 676 virginitatis
1869 609 2099 676 ereptio,

497 701 593 757 sed
620 701 855 769 cenjugii
887 700 1220 766 tesdlicatio,
1253 702 1563 770 nuptiarum
1596 701 1893 756 celebratio
1923 700 2108 755 decla-

489 803 676 849 ratur.
713 793 955 859 Denique
984 808 1143 864 quam
1170 808 1275 847 non
1308 794 1539 863 accepit,
1575 809 1735 849 nemo
1759 792 1982 848 dimittit
2010 809 2026 858 ;
2052 800 2108 847 et

501 885 626 942 ideo
659 888 750 953 qui
782 887 997 942 volebat
1023 887 1323 951 dimittere,
1355 886 1624 941 fatebatur
1653 893 1957 956 acceptam.

542 1042 544 1044 τ
575 979 628 1036 6.
672 979 848 1035 Simul
871 981 1035 1036 etiam
1070 995 1294 1036 movere
1320 993 1426 1034 non
1451 980 1613 1035 debet
1652 979 1796 1049 quod
1825 978 1902 1034 ait
1933 977 2110 1032 Evan-

497 1071 724 1142 gelista:
759 1071 878 1127 Non
900 1073 1137 1144 cognouit
1165 1089 1299 1137 eant,
1331 1072 1492 1126 donec
1523 1072 1722 1141 peperit
1751 1070 1918 1140 ﬁlium
1938 1068 2099 1138 (Mat.

501 1182 547 1232 ι,
577 1164 863 1236 ‘25);illud
913 1166 1057 1218 enim
1109 1164 1194 1219 vel
1243 1164 1442 1220 idioma
1495 1164 1792 1233 Scriptura:
1820 1173 1923 1229 est,
1967 1162 2110 1217 sicut

499 1258 670 1314 habes
690 1259 822 1313 alibi
853 1278 866 1312 :
891 1256 960 1311 Et
985 1258 1144 1314 donec
1173 1258 1474 1322 senescatis,
1500 1274 1593 1330 ego
1620 1274 1732 1311 sum
1765 1254 1938 1328 (Esai.
1960 1271 2106 1323 XLVI,

501 1350 581 1423 4).
608 1350 876 1420 Numquid
909 1359 1032 1422 post
1063 1352 1281 1406 illorum
1321 1360 1656 1406 senectutem
1692 1351 1836 1406 Deus
1864 1365 1987 1406 esse
2015 1351 2111 1406 de-

501 1441 673 1499 sivit?
703 1442 768 1496 Et
793 1441 848 1497 in
873 1442 1116 1497 Psalmo:
1141 1441 1287 1498 Dixit
1311 1440 1570 1499 Dominus
1595 1441 1814 1496 Domino
1835 1457 1945 1496 meo
1971 1457 1989 1496 :
2013 1442 2112 1497 Se-

505 1534 569 1588 de
589 1551 621 1586 a
639 1533 833 1588 dextris
850 1535 974 1588 meis
999 1550 1018 1589 .'
1041 1534 1203 1588 donec
1228 1551 1420 1606 ponam
1461 1534 1700 1588 inimicos
1746 1544 1884 1596 tuos,
1917 1533 2114 1588 scabel-

504 1625 614 1679 lum
663 1626 851 1696 pedum
900 1624 1306 1697 tuorum(Psal.
1350 1641 1468 1692 crx,
1515 1624 1591 1697 1).
1628 1625 1896 1696 Numquid
1930 1637 2112 1696 postea

507 1732 612 1772 non
641 1717 887 1772 sedebit?
917 1718 1014 1774 Vel
1043 1720 1300 1790 quoniam
1324 1718 1416 1789 qui
1446 1732 1664 1774 causam
1693 1719 1825 1788 agit,
1849 1718 1982 1772 satis
2015 1733 2114 1788 pu-

2206 531 2379 588 perta.
2411 517 2522 573 Soli
2565 517 2747 571 Maria:
2795 515 2911 570 haec
2961 514 3217 570 salutatio
3265 515 3603 570 servabatur.
3665 515 3801 572 Bene

2205 612 2348 668 enim
2371 612 2488 665 sola
2521 610 2690 679 gratia
2726 609 2879 677 plena
2901 607 3120 670 dicitur,
3144 623 3267 678 quae
3311 607 3426 663 sola
3456 607 3801 679 128591-

2208 705 2335 760 tiam
2385 718 2547 774 quam
2598 701 2742 755 nulla
2790 701 2892 755 alia
2946 709 3245 766 meruerat,
3292 709 3584 755 consecuta
3609 711 3713 762 est.
3746 711 3796 757 ut

2205 799 2394 869 gratia:
2422 797 2726 863 repleretur
2746 804 2990 851 auctore.
3019 793 3048 834 ι)
3081 795 3598 865 Erubescebatergo
3622 797 3802 865 Maria,

2207 888 2565 945 erubescebat
2591 888 2754 942 etiam
2784 885 3096 951 Elizabeth;
3153 895 3207 940 et
3265 886 3386 941 ideo
3421 900 3805 956 cognoscamus

2209 983 2336 1053 quid
2370 981 2583 1037 intersit
2606 981 2750 1036 inter
2780 981 3021 1036 mulieris
3049 990 3104 1035 et
3133 980 3361 1051 virginis
3406 981 3805 1040 verecundiam.

2209 1074 2300 1129 llla
2328 1073 2396 1128 de
2427 1087 2591 1128 causa
2622 1072 3004 1137 erubescebat,
3037 1072 3156 1129 ha'c
3177 1087 3273 1142 per
3300 1072 3686 1128 verecundiam
3718 1091 3732 1128 :
3759 1074 3806 1130 in

2210 1167 2436 1221 muliere
2450 1164 2642 1220 modus
2670 1164 2894 1235 pudoris
2919 1164 3232 1233 adhibetur,
3265 1165 3317 1220 in
3349 1167 3558 1237 virgine
3590 1166 3805 1237 pudoris

2210 1269 2436 1329 augetur
2455 1257 2647 1327 gratia.

2285 1349 2475 1421 (Vcrs.
2507 1348 2614 1414 '50,
2640 1349 2702 1403 51
2729 1389 2747 1415 ,
2779 1346 2910 1419 52.)
2951 1347 3018 1402 Et
3047 1350 3120 1404 ait
3153 1349 3370 1422 angelus
3412 1350 3481 1404 ad
3529 1367 3644 1404 eam
3680 1369 3697 1409 :
3731 1351 3806 1407 Ne

2213 1440 2417 1505 timeas,
2447 1439 2651 1504 Maria,
2679 1440 2921 1494 invenisti
2949 1441 3089 1496 enim
3108 1440 3334 1512 gratiam
3363 1441 3508 1511 apud
3531 1441 3735 1508 Deum,
3764 1452 3808 1498 et

2213 1549 2326 1587 ecce
2349 1533 2609 1602 concipias
2637 1533 2689 1586 in
2718 1542 2884 1598 utero,
2912 1543 2958 1586 et
2985 1532 3156 1604 paries
3182 1533 3375 1602 lilium,
3406 1543 3452 1589 et
3483 1535 3692 1590 vocabis
3718 1553 3805 1590 no-

2215 1644 2330 1680 men
2352 1629 2463 1699 ejus
2489 1626 2688 1680 Iesum.
2716 1625 2822 1680 llic
2843 1627 2938 1681 erit
2962 1645 3202 1700 magnus.

2293 1718 2378 1774 10.
2423 1718 2634 1773 Dictum
2679 1727 2765 1772 est
2792 1717 3010 1788 quidem
3043 1719 3208 1775 etiam
3247 1721 3316 1776 de
3355 1720 3573 1777 Joanne
3620 1723 3694 1778 ab
3717 1738 3807 1780 an-

509 1818 589 1866 tat
610 1811 756 1880 quod
793 1825 971 1866 causa:
999 1823 1080 1867 est
1108 1813 1315 1879 dicere,
1342 1811 1696 1867 redundantia
1728 1826 1835 1866 non
1864 1812 2110 1882 requirit;
2142 1812 2190 1872 B
2217 1814 2363 1882 gelo,
2391 1813 2518 1882 quia
2548 1812 2644 1866 erit
2674 1829 2896 1883 magnus
2929 1811 3085 1885 (Luc.
3117 1817 3164 1878 1‘,
3199 1814 3290 1884 15)
3326 1833 3339 1870 :
3386 1815 3484 1870 sed
3529 1815 3617 1871 ille
3657 1817 3808 1888 quasi

509 1903 642 1958 satis
667 1901 814 1958 enim
845 1911 931 1958 est
959 1903 1008 1957 ei
1041 1911 1097 1956 ut
1118 1917 1339 1958 causam
1380 1913 1688 1973 susceptam
1719 1911 1950 1967 astruat,
1983 1902 2117 1957 inci-

509 1996 727 2051 dentem
757 1996 989 2052 dill‘erat.
1040 1996 1109 2050 Et
1136 1996 1259 2052 ideo
1285 1997 1378 2067 qui
1407 1997 1800 2052 lncarnationis
1831 1999 2116 2067 incorrup-

512 2097 624 2141 tum
651 2097 966 2158 susceperat
995 2088 1226 2155 probare
1251 2088 1592 2160 mysterium,
1621 2104 1727 2143 non
1759 2091 1964 2159 putavit
1986 2091 2117 2145 nhe-

509 2185 624 2239 rius
656 2183 1091 2253 prosequendum
1119 2185 1448 2256 virginitatis
1479 2186 1657 2241 Maria:
1709 2187 2115 2254 testimonium;

517 2293 585 2333 ne
615 2277 877 2334 defensor
919 2280 1090 2349 magis
1126 2278 1386 2350 Virginis,
1409 2295 1572 2349 quam
1613 2292 1853 2336 assertor
1872 2281 2117 2353 mysterii

515 2370 855 2426 crederetur.
883 2369 1045 2426 Certe
1061 2372 1280 2442 quando
1305 2372 1510 2441 justum
1534 2372 1719 2428 docuit
1737 2372 1962 2445 .loseph,
1983 2374 2116 2430 satis

511 2461 813 2517 declaravit
861 2464 1006 2533 quod
1056 2465 1226 2519 sancti
1270 2465 1507 2535 Spiritus
1551 2466 1841 2536 templum,
1902 2477 2116 2523 uterum

510 2558 783 2630 mysterii,
817 2569 1043 2615 matrem
1079 2559 1291 2615 Domini
1319 2561 1527 2616 violare
1554 2575 1659 2614 non
1705 2562 1896 2629 potuit.

584 2653 636 2706 7.
678 2651 979 2707 Didicimus
1045 2653 1246 2708 seriem
1291 2653 1561 2717 veritatis,
1602 2653 1894 2708 didicimus
1938 2655 2118 2710 consi-

507 2744 638 2798 lium
673 2761 687 2798 :
719 2744 992 2800 ili-camus
1016 2755 1068 2800 et
1100 2746 1441 2817 mysterium.
1477 2745 1624 2802 Bene
1645 2745 1993 2816 desponsata,
2021 2746 2118 2802 sed

510 2835 695 2904 virgo;
723 2837 848 2904 quia
875 2845 958 2891 est
987 2837 1247 2892 Ecclesia:
1275 2847 1456 2908 typus,
1488 2845 1710 2907 quaeest
1747 2838 2114 2906 immaculata,

511 2927 604 2981 sed
637 2937 823 2996 nupta.
877 2926 1140 2998 Concepit
1177 2944 1276 2984 nos
1307 2931 1459 2998 virgo
1485 2930 1553 2984 de
1584 2929 1813 2999 Spiritu,
1849 2932 1987 2999 parit
2019 2945 2118 2986 nos

511 3018 663 3085 virgo
693 3019 811 3074 sine
828 3019 1054 3087 gemitu.
1108 3018 1176 3072 Et
1204 3019 1325 3073 ideo
1358 3018 1590 3075 fortasse
1615 3031 1802 3074 sancta
1831 3020 1996 3076 Maria
2022 3021 2118 3076 alii

510 3121 698 3180 nupta,
723 3113 793 3166 ab
816 3112 926 3166 alio
947 3113 1183 3180 repleta;
1215 3112 1338 3180 quia
1371 3121 1427 3166 et
1447 3111 1679 3180 singulae
1707 3111 1970 3167 Ecclesiae
1997 3113 2118 3180 Spi-

2221 1906 2387 1961 homo
2428 1921 2677 1976 magnus,
2711 1906 2799 1961 hic
2825 1915 3004 1961 autem
3039 1907 3194 1977 quasi
3227 1908 3370 1963 Deus
3401 1924 3660 1979 magnus;
3694 1909 3808 1967 illa-

2216 2015 2347 2070 gnns
2376 1999 2520 2053 enim
2553 1998 2807 2054 Dominus
2835 2041 2850 2065 ,
2884 2010 2930 2054 et
2958 1999 3242 2056 laudabilis
3270 2003 3424 2057 nimis
3445 2044 3462 2070 ,
3511 2014 3557 2058 et
3609 2007 3805 2074 magni-

2219 2092 2414 2146 tudinis
2442 2095 2555 2167 ejus
2577 2109 2680 2146 non
2709 2102 2782 2147 est
2811 2093 2934 2163 ﬁnis
2961 2092 3133 2163 (Psal.
3168 2110 3349 2163 cxuv,
3378 2094 3461 2163 3).
3493 2098 3559 2152 Et
3583 2114 3712 2156 vere
3731 2109 3806 2156 est

2220 2183 2312 2238 ille
2342 2198 2600 2253 magnus;
2655 2185 2778 2252 quia
2826 2185 2993 2256 major
3017 2187 3149 2240 inter
3169 2197 3318 2240 natos
3361 2187 3644 2244 mulierum
3696 2206 3807 2259 pro-

2219 2279 2375 2348 pheta
2401 2273 2610 2333 Joanne
2633 2278 2868 2350 Baptista
2896 2296 3044 2334 nemo
3075 2290 3148 2335 est
3181 2279 3332 2353 (an.
3360 2298 3466 2348 vn,
3493 2283 3609 2354 28).
3642 2284 3806 2342 Habet

2222 2382 2403 2426 tamen
2433 2371 2728 2442 majorem;
2761 2372 2884 2440 quia
2932 2374 3019 2442 qui
3064 2374 3232 2428 minor
3275 2385 3348 2430 est
3387 2375 3441 2429 in
3490 2392 3648 2446 regno
3678 2376 3803 2446 Dei,

2219 2468 2391 2538 major
2415 2474 2490 2520 est
2519 2465 2613 2519 illo
2644 2464 2859 2537 (Ibid.).
2910 2465 3134 2537 Magnus
3177 2475 3360 2522 autem
3403 2467 3671 2536 Joannes;
3717 2470 3806 2528 sed

2221 2573 2404 2612 coram
2438 2557 2669 2611 Domino
2697 2567 2718 2596 ο
2752 2573 3001 2628 magnus.
3047 2559 3115 2613 Et
3153 2558 3396 2614 Joannes
3440 2561 3624 2616 vinum
3663 2571 3718 2616 et
3742 2562 3809 2617 si-

2221 2664 2403 2706 ceram
2433 2665 2538 2705 non
2573 2649 2742 2717 bibit,
2776 2651 2864 2706 hic
2884 2667 3007 2707 cum
3033 2653 3339 2724 publicanis
3361 2663 3419 2709 et
3445 2657 3809 2724 peccatoribus

2223 2744 2517 2800 manducat
2544 2753 2600 2799 et
2629 2743 2784 2799 bibit.
2811 2743 2908 2801 llle
2933 2745 3264 2801 abstinentia
3299 2747 3550 2802 meritum
3574 2749 3809 2820 colligat,

2221 2839 2306 2892 cui
2338 2840 2578 2907 potentia
2609 2838 2759 2893 nulla.
2789 2850 3026 2894 naturae:
3054 2838 3310 2896 Christus
3329 2851 3512 2896 autem
3543 2843 3634 2898 cui
3670 2842 3696 2879 ἀ
3720 2858 3810 2897 na-

2223 2930 2468 2984 turaliter
2499 2930 2828 2999 suppetebat
2850 2930 3048 2985 delicta
3093 2929 3302 2986 donare
3323 2972 3338 2997 ,
3381 2946 3480 2988 cur
3507 2948 3604 2988 eos
3649 2934 3814 2989 decli-

2223 3033 2400 3088 naret,
2425 3037 2562 3092 quos
2592 3022 2996 3078 abstinentibus
3019 3031 3231 3093 poterat
3248 3035 3511 3094 praestare
3537 3026 3810 3082 meliores.

2298 3113 2383 3167 11.
2426 3112 2597 3166 Simul
2636 3114 2867 3183 mystice
2914 3129 3020 3168 non
3053 3114 3380 3185 dedignatur
3407 3131 3600 3172 eorum
3632 3117 3812 3174 convi-

514 3201 618 3256 ritn
647 3202 864 3272 quidem
888 3203 1170 3272 replentur
1210 3210 1264 3257 et
1294 3201 1465 3272 gratia
1493 3210 1558 3265 ;n
1585 3201 1887 3271 junguntur
1929 3210 2110 3256 tamen
2141 3198 2185 3260 C
2219 3205 2365 3259 vium
2393 3244 2408 3268 ,
2455 3205 2653 3276 quibus
2697 3206 2924 3260 daturus
2953 3214 3041 3261 est
3080 3215 3505 3262 sacramentum.
3551 3208 3655 3264 Hic
3690 3225 3814 3280 ergo

515 3293 582 3347 ad
607 3295 922 3363 temporalis
949 3297 1189 3366 speciem
1219 3294 1540 3350 sacerdotis.

585 3387 764 3456 (Vers.
787 3389 879 3454 9.8,
911 3389 1003 3445 29.
1031 3389 1049 3459 )
1094 3388 1156 3442 Et
1184 3391 1446 3460 ingressus
1469 3389 1537 3442 ad
1560 3405 1673 3442 eam
1709 3391 1922 3461 angelus
1943 3391 2076 3446 dixit
2102 3409 2121 3447 :

512 3484 618 3540 Ave
640 3525 655 3543 .
685 3486 853 3554 gratia
884 3484 1058 3551 plena,
1108 3483 1364 3539 Dominus
1408 3494 1592 3549 tecum,
1621 3483 1884 3539 benedicta
1912 3495 1966 3539 tu
1987 3486 2120 3540 inter

511 3579 772 3634 mulieres.
800 3576 926 3647 Ipsa
954 3587 1128 3633 autem
1149 3588 1204 3632 ut
1234 3579 1359 3632 uidit
1389 3593 1528 3643 eum,
1569 3586 1709 3631 mota
1741 3586 1814 3632 est
1838 3577 1892 3632 in
1910 3578 2123 3632 introitu

512 3675 648 3744 ejus.

419 3787 422 3790 ’
583 3767 638 3819 8.
685 3763 839 3820 Disce
862 3761 1122 3834 virginem
1149 3761 1412 3828 moribus,
1465 3760 1615 3815 disce
1669 3759 1934 3829 virginem
1966 3775 2121 3816 vere-

507 3857 729 3923 cundia,
757 3856 908 3911 disce
935 3855 1198 3926 virginem
1229 3853 1472 3919 oraculo,
1496 3851 1646 3908 disce
1675 3851 1950 3922 mysterio.
1985 3851 2118 3907 Tre-

506 3949 695 4020 pidare
718 3950 986 4019 virginum
1008 3958 1111 4014 est,
1146 3955 1202 4002 et
1225 3945 1292 4001 ad
1315 3959 1504 4000 omnes
1549 3945 1651 4000 viri
1708 3944 1989 4014 ingressus
2018 3959 2113 4014 pa-

509 4056 662 4105 vere,
696 4054 888 4095 omnes
934 4039 1034 4092 viri
1086 4037 1308 4102 allatus.
1329 4037 1526 4092 vereri.
1589 4036 1810 4091 Discant
1857 4036 2114 4092 mulieres

506 4133 846 4203 propositum
896 4131 1120 4202 pudoris
1170 4131 1393 4186 imitari.
1455 4131 1580 4186 Sola
1631 4132 1684 4186 in
1717 4132 2108 4201 penetralibus,

506 4239 667 4294 quam
698 4238 858 4278 nemo
878 4223 1122 4278 virorum
1163 4222 1396 4287 videret,
1455 4222 1602 4276 solus
1643 4223 1870 4291 angelus
1902 4227 2110 4294 reperi-

506 4325 589 4372 ret
621 4334 635 4372 :
663 4317 779 4372 sola
801 4317 918 4373 sine
943 4317 1161 4380 comite.
1190 4316 1304 4371 sola
1333 4317 1454 4370 sine
1483 4324 1654 4380 teste;
1698 4332 1766 4370 ne
1790 4333 1898 4386 quo
1945 4319 2110 4389 dege-

505 4409 625 4465 neri
655 4408 1048 4480 depravaretur
1068 4409 1254 4478 aifatu,
1295 4412 1364 4466 ab
1394 4407 1590 4478 angelo
1605 4407 1892 4464 salutatur.
1927 4411 2103 4480 Disce,

504 4503 682 4572 virgo,
706 4503 996 4559 verborum
1051 4503 1224 4559 vitare
1270 4501 1548 4559 lasciviam
1581 4517 1595 4554 :
1627 4501 1791 4558 Maria
1823 4502 1986 4559 etiam
2017 4520 2107 4562 sa-

501 4601 816 4655 lutationem
846 4598 1021 4669 angeli
1051 4599 1359 4654 verebatur.

2223 3297 2538 3361 manducet,
2576 3299 2666 3352 ille
2691 3297 2900 3366 jejunat
2931 3317 2944 3352 :
2992 3307 3014 3334 θ
3045 3299 3326 3369 utriusque
3360 3301 3542 3371 populi
3574 3310 3737 3372 typus
3764 3303 3815 3357 in

2222 3390 2318 3445 illo
2343 3391 2584 3460 jejunat,
2621 3391 2675 3444 in
2708 3389 2810 3445 hoc
2840 3394 3104 3462 pascitur.
3152 3392 3260 3447 Sed
3287 3393 3554 3463 jejunavit
3577 3405 3638 3450 et
3663 3396 3817 3450 Chri-

2224 3492 2378 3548 stus,
2413 3497 2481 3537 ne
2525 3481 2543 3518 ί
2581 3491 2916 3552 praeceptum
2947 3482 3251 3539 declinares
3285 3485 3676 3543 :manducavit
3700 3503 3816 3542 cum

2226 3575 2606 3645 peccatoribus
2631 3616 2646 3642 ,
2673 3585 2732 3629 ut
2755 3574 2989 3646 gratiam
3037 3593 3294 3633 cerneres
3321 3619 3335 3646 ,
3369 3593 3706 3650 agnosceres
3728 3597 3819 3652 po-

2228 3678 2500 3723 testatem.
2531 3667 2754 3739 Magnus
2775 3683 2906 3740 ergo
2935 3678 2990 3724 et
3007 3670 3267 3739 Joannes,
3303 3672 3398 3728 sed
3425 3673 3591 3743 hujus
3613 3678 3818 3746 magni-
3861 3694 3866 3702 ·

2223 3761 2351 3815 tudo
2386 3761 2548 3817 habet
2589 3761 2952 3831 principium,
2989 3762 3158 3818 habet
3188 3763 3386 3818 linem:
3420 3765 3693 3824 Dominus
3722 3785 3818 3824 au-

2220 3861 2326 3909 tem
2375 3853 2532 3908 Jesus
2565 3853 2711 3908 idem
2756 3864 2839 3909 est
2888 3854 3010 3909 linis
3045 3865 3211 3927 atque
3256 3857 3582 3928 principium
3610 3903 3628 3928 ,
3665 3861 3818 3919 idem

2221 3949 2428 4020 primus
2472 3956 2529 4003 et
2569 3948 2894 4003 novissimus
2923 3949 2975 4021 (l
3015 3949 3152 4003 Tim.
3199 3965 3287 4018 vt,
3318 3949 3448 4021 16).
3495 3953 3645 4009 Nihil
3696 3965 3820 4010 ante

2217 4025 2480 4113 primum:
2503 4041 2638 4096 nihil
2671 4042 2808 4097 ultra
2842 4043 3214 4098 novissimum.

2289 4133 2377 4189 12.
2420 4134 2608 4205 Neque
2631 4144 2682 4189 te
2707 4135 3083 4205 generationis
3112 4135 3365 4192 humanae
3389 4140 3740 4194 consuetudo
3765 4140 3816 4195 in

2217 4226 2409 4281 vitium
2444 4227 2643 4291 trahat,
2670 4235 2731 4280 ut
2757 4236 2915 4296 putes
2944 4241 3052 4281 non
3079 4227 3312 4298 primum
3336 4243 3482 4295 esse,
3511 4232 3647 4300 quia
3676 4232 3818 4287 lilius

2214 4327 2319 4375 est.
2356 4319 2596 4389 Sequere
2625 4318 2968 4389 Scripturas,
3011 4328 3068 4374 ut
3093 4335 3278 4375 errare
3307 4336 3412 4376 non
3445 4324 3654 4392 possis.
3698 4325 3820 4378 Pri-

2213 4427 2333 4467 mus
2364 4411 2534 4466 Filius
2562 4411 2778 4468 dicitur.
2823 4412 3052 4467 Lectum
3096 4421 3180 4468 est
3207 4413 3372 4468 etiam
3403 4413 3529 4482 quia
3562 4427 3622 4471 et
3663 4416 3816 4473 solus

2211 4506 2394 4573 Pater,
2421 4506 2508 4573 qui
2537 4504 2698 4560 Solus
2727 4505 2877 4560 habet
2907 4506 3350 4560 immortalitatem
3369 4547 3385 4572 ,
3430 4517 3477 4562 ct
3518 4511 3692 4564 lucem
3724 4512 3820 4564 Im-

2208 4599 2334 4653 bitat
2351 4596 2794 4664 inaccessibilem;
2823 4599 2963 4652 sicut
2989 4598 3163 4668 legisti
3191 4619 3203 4655 :
3235 4598 3301 4652 Et
3322 4600 3608 4656 immortali
3637 4603 3820 4664 soli...

567 4692 700 4748 Erat
716 4656 1133 4763 tameniinquit,
1179 4694 1429 4764 cogitans,
1479 4696 1648 4764 qualis
1676 4705 1802 4752 esset
1825 4696 1934 4751 lucc
1959 4695 2102 4750 salu-
2125 4656 2180 4717 Β
2209 4690 2320 4745 Deo
2344 4691 2401 4762 (1
2428 4690 2562 4744 Tim.
2595 4703 2643 4755 ι,
2673 4656 2811 4761 17)1;
2842 4689 2940 4744 sed
2969 4656 3148 4760 neque
3171 4691 3379 4760 primus
3405 4699 3533 4747 ante
3559 4656 3816 4760 Patrem,

497 4787 644 4841 talio.

566 4878 622 4934 9.
665 4877 733 4934 Et
765 4877 891 4932 ideo
918 4891 1044 4930 cum
1099 4877 1471 4948 verecundia;
1505 4878 1632 4949 quia
1663 4877 1892 4950 pavebat
1925 4898 1939 4934 ε
1969 4892 2094 4933 cum

491 4969 809 5040 prudentia;
838 4968 958 5039 quia
985 4966 1383 5025 benedictionis
1405 4985 1597 5026 novam
1626 4971 1915 5026 formulam
1930 4970 2094 5026 mira-

559 5115 588 5148 α
624 5109 700 5164 Ita
741 5105 874 5176 edit.
934 5113 1049 5160 ant.
1095 5117 1152 5162 et
1205 5108 1446 5176 potiores
1488 5123 1618 5162 mss.
1648 5108 1806 5163 Rom.
1841 5118 2019 5164 autem
2041 5116 2096 5164 et

491 5179 612 5234 Vat.
644 5178 793 5250 cod.)
825 5175 1131 5250 Iunguntur
1156 5175 1326 5250 tamen
1358 5182 1633 5248 temporali
1660 5182 1730 5234 ad
1752 5182 1975 5250 speciem
2003 5197 2094 5234 sn-

484 5251 702 5305 cerdoti.
762 5249 1102 5321 Reliqui,....
1130 5248 1198 5300 ad
1254 5254 1502 5317 temporis
1555 5248 1787 5321 speciem
1807 5252 2090 5318 sacerdoti,

480 5323 590 5387 vel,
623 5321 926 5375 sacerdotis.
956 5318 1277 5374 Lectionem
1298 5336 1430 5375 vero
1450 5318 1692 5376 nostram
1729 5327 2091 5389 interpretare

483 5393 586 5448 hoc
613 5408 797 5456 sensu,
823 5391 1079 5446 sacerdoti
1105 5392 1328 5446 exterius
1371 5395 1643 5462 (φρατεΜὸ
1660 5398 1976 5466 junguntur.

554 5501 585 5540 δ
626 5505 722 5560 llic
769 5513 1084 5574 sequentem
1116 5496 1400 5576 Evangelii
1429 5515 1634 5562 textum
1686 5517 1895 5577 ponunt
1945 5522 2086 5563 non-

488 5577 619 5632 nulli
648 5591 779 5630 mss.
812 5577 908 5628 sed
939 5591 1046 5628 non
1079 5577 1466 5645 antiquissimi.

555 5679 579 5747 ξ
611 5669 767 5747 ρειοᾲ
792 5669 896 5725 hoc
919 5670 1040 5747 loco
1060 5668 1258 5740 legitur
1281 5672 1487 5747 incdit.
1511 5673 1698 5732 Rom..
1727 5673 1951 5747 Magnus
1971 5673 2081 5747 hic,

481 5741 572 5795 sed
602 5738 893 5809 Dominus.
927 5738 1192 5808 Optimum
1228 5742 1448 5809 quidem
1478 5759 1698 5798 sensum
1737 5738 1936 5807 efficit;
1980 5738 2077 5800 sed

477 5809 624 5885 nulla
654 5807 762 5864 alia
793 5807 925 5885 edit.
952 5807 1036 5863 vel
1059 5824 1192 5864 mss.
1222 5807 1596 5892 conﬁrmatur.

2208 4800 2383 4856 neque
2412 4785 2562 4838 solus
2591 4782 2711 4837 sine
2747 4781 2906 4837 Filio.
2936 4782 2993 4838 Si
3023 4783 3249 4838 alterum
3280 4799 3444 4853 negas
3467 4825 3484 4851 ,
3513 4793 3539 4831 ε
3568 4785 3814 4843 alterum

2203 4875 2424 4942 astruis,
2460 4885 2756 4946 utrumque
2784 4888 3011 4945 sequere
3031 4917 3044 4940 ,
3077 4883 3133 4931 et
3163 4883 3454 4946 utrumque
3480 4878 3812 4936 conﬁrmas.

2201 4970 2318 5026 Non
2350 4968 2488 5024 dixit
2529 4985 2542 5021 :
2574 4967 2688 5038 Ego
2726 4967 2898 5038 prior,
2942 4978 2998 5023 et
3035 4984 3135 5040 ego
3166 4971 3471 5040 posterior,
3509 4971 3610 5026 sed
3646 4990 3660 5026 :
3697 4974 3812 5046 Ego

2268 5104 2294 5142 ἀ
2339 5106 2699 5170 Naluraliler,
2731 5105 2982 5160 nimirum
3025 5107 3092 5163 ad
3136 5108 3507 5164 ministrorum
3537 5110 3813 5171 differen-

2197 5179 2323 5232 tiam
2358 5177 2722 5232 indicandam.

2263 5261 2294 5332 ἐ
2313 5249 2464 5332 .Mss.
2494 5249 2700 5318 aliquot
2727 5264 2835 5302 non
2868 5248 3068 5305 intima:
3097 5259 3239 5306 notae
3262 5291 3278 5317 ,
3305 5251 3578 5322 utriusque
3616 5257 3811 5327 populi

2193 5329 2554 5445 ‘pg'g‘lisserva
2583 5398 2912 5458 praeceptum
2934 5391 3148 5462 jejunil,
3173 5407 3237 5448 ac
3261 5393 3378 5461 ejus
3399 5393 3807 5463 obligationem

2193 5478 2393 5518 novum
2423 5463 2700 5515 inventum
2729 5477 3066 5532 nequaquam
3092 5477 3212 5518 esse
3242 5464 3296 5518 in
3333 5465 3602 5520 Ecclesia.

2266 5543 2290 5580 ις
2333 5533 2478 5588 Εάίι.
2512 5534 2734 5586 Amerh.
2765 5543 2818 5586 et
2850 5535 2973 5587 Era.
2997 5576 3012 5600 ,
3044 5533 3276 5588 Alterum
3302 5536 3544 5589 destruis.
3571 5537 3718 5595 Gill.
3751 5548 3811 5597 et

2188 5603 2348 5659 an.
2391 5619 2512 5658 cum
2558 5603 2837 5670 potissima
2866 5613 3018 5674 parte
3059 5619 3227 5670 mss.,
3264 5606 3496 5660 Alterum
3532 5609 3804 5667 adstruis.

2191 5675 2440 5742 lteliqui,
2474 5674 2702 5727 Alterum
2749 5691 2852 5729 non
2897 5677 3144 5730 adstruis.
3193 5677 3259 5732 Et
3300 5693 3491 5732 rursus
3538 5683 3806 5743 nonnulli

2182 5744 2401 5828 habent,
2432 5754 2478 5799 et
2504 5756 2780 5828 utrumque
2804 5748 3077 5818 conﬁrma.
3102 5748 3212 5806 Sed.
3237 5749 3558 5808 tutuslocus
3589 5753 3805 5820 obscuc'

2178 5825 2338 5890 ritate
2359 5830 2468 5873 non
2491 5827 2662 5889 caret.
2908 5840 2910 5842 τ

3467 6291 3952 6302 ήήήήή
