3960 6304
327 307 462 367 1587

1320 303 1683 369 Εχροειτιο
1721 298 1977 368 EVANG.
2024 297 2171 367 QKG.
2216 297 2373 368 ιυο.
2413 309 2544 369 LIB.
2588 310 2653 370 ll.

3488 303 3630 378 issi

322 429 552 496 primus,
584 438 635 483 et
662 443 760 500 ego
787 429 1096 486 novissiinus
1131 429 1328 501 (Apoc.
1361 441 1414 494 ι,
1441 426 1507 484 17
1543 437 1590 482 et
1619 437 1770 494 χιιι,
1804 425 1924 499 id).
1953 424 2007 489 Δ
2033 425 2160 480 dicit
2191 424 2470 481 Dominam
2494 425 2680 484 Iesum
2703 471 2718 495 ,
2761 430 2866 485 nisi
2893 431 2947 486 iii
2981 429 3185 503 Spiriltt
3212 445 3394 492 sancto
3421 431 3474 507 (l
3507 439 3628 495 Cor.

323 520 537 576 Primus
563 532 650 577 est
674 522 884 590 Filius,
925 532 981 579 et
1010 523 1133 579 ideo
1177 530 1522 587 coaeternus;
1575 521 1736 576 habet
1779 521 1922 576 enim

321 611 572 677 Patrem.
617 629 742 668 com
773 629 882 684 quo
918 613 987 669 sit
1029 625 1288 670 aeternus.
1325 613 1515 668 Audeo
1550 612 1755 668 dicere.
1803 611 1924 667 Pri-

323 720 445 758 mus
477 715 559 760 est
587 705 794 769 Filius,
821 705 916 760 sed
949 707 1102 762 solus
1133 721 1240 760 tton
1278 713 1393 771 est;
1428 717 1481 760 et
1505 705 1648 760 bene
1677 704 1800 760 dico
1823 747 1838 772 ,
1872 716 1929 761 et

322 796 583 867 religiose
609 797 757 853 dico.
787 798 927 864 Quid
957 798 1168 869 erigitis
1213 799 1279 853 ad
1327 797 1665 867 impietatem
1687 838 1703 863 ,
1752 799 1928 854 luere.

323 893 447 959 tici,
503 896 710 951 aures?
754 895 811 950 ln
863 896 1090 967 laqueos
1137 909 1275 967 quos
1325 896 1590 961 tenditis,
1633 891 1918 950 incidistis.

321 987 538 1042 Primus
580 996 666 1042 est
697 986 868 1042 Filius
892 1029 908 1055 ,
940 996 996 1043 et
1039 988 1188 1042 solus
1219 1004 1327 1043 non
1357 995 1442 1042 est
1474 1003 1489 1040 :
1522 986 1733 1058 primus
1753 1027 1767 1054 ,
1800 987 1925 1058 quia

320 1094 445 1133 cum
481 1079 644 1135 Patre
671 1094 892 1150 semper
921 1097 935 1132 :
965 1080 1113 1136 solus
1153 1095 1259 1135 non
1301 1088 1414 1144 est;
1445 1079 1572 1146 quia
1615 1079 1735 1133 sine
1764 1079 1926 1134 Patre

320 1187 626 1242 numquam
657 1180 760 1227 est.
794 1173 909 1227 Non
941 1188 1043 1243 ego
1067 1172 1170 1228 hoc
1199 1172 1346 1238 dico,
1379 1172 1472 1228 sed
1499 1172 1614 1241 ipse
1640 1171 1780 1225 dixit
1813 1187 1826 1223 :
1854 1168 1925 1224 Et

319 1279 423 1316 non
449 1280 567 1317 sum
587 1265 756 1329 solus,
784 1265 907 1334 quia
941 1262 1098 1320 Pater
1116 1279 1314 1319 mecum
1340 1272 1417 1318 est
1451 1260 1634 1334 (loan.
1663 1275 1773 1326 ιιι,
1805 1259 1922 1335 52).

317 1353 485 1410 Solus
517 1355 703 1422 Pater,
735 1357 860 1425 quia
891 1372 1031 1432 unus
1061 1355 1207 1412 Deus
1230 1375 1242 1410 :
1268 1357 1416 1412 solus
1449 1357 1629 1422 Pater,
1659 1356 1782 1426 quia
1805 1357 1922 1411 sola

313 1445 579 1501 divinitas
618 1448 833 1521 1286
861 1449 1038 1503 Patris
1069 1457 1125 1504 et
1171 1447 1291 1503 Filii
1337 1459 1392 1505 et
1432 1447 1669 1520 Spiritus
1705 1449 1918 1505 sancti:

313 1546 374 1593 et
401 1539 550 1608 quod
599 1555 763 1592 unnnt
809 1548 924 1603 est,
959 1539 1134 1594 solum
1180 1550 1284 1594 est.
1328 1539 1493 1594 Solus
1535 1539 1728 1608 Pater,
1772 1540 1923 1596 solus

314 1629 686 1700 Unigenitus,
728 1631 883 1685 solus
911 1641 966 1686 et
992 1631 1230 1702 Spiritus
1268 1637 1522 1699 sanctus;
1566 1647 1744 1701 neque
1776 1633 1921 1690 enim

310 1723 409 1792 qui
444 1721 617 1778 Filius
643 1765 657 1789 ,
699 1731 755 1779 et
782 1725 944 1780 Pater
974 1737 988 1778 :
1019 1732 1114 1779 aut
1141 1728 1231 1796 qui
1261 1724 1460 1791 Pater,
1491 1732 1550 1780 et
1578 1723 1754 1781 Filius
1782 1743 1794 1779 :
1826 1735 1921 1781 aut

2032 533 2105 572 χιι
2127 559 2142 584 ,
2178 518 2256 590 5).
2285 517 2529 591 Abyssos
2559 522 2818 591 opinione
2861 524 2906 578 si
2937 533 3225 595 penetres,
3265 525 3380 585 illic.
3410 539 3630 601 quoque

2027 607 2212 664 Jesum
2243 611 2453 666 ‘videbis
2479 613 2730 681 operari;
2761 613 3030 684 scriptum
3057 619 3137 671 est
3157 621 3300 674 enim
3329 637 3342 674 :
3373 614 3454 675 Ne
3481 621 3629 676 dicae-

2026 703 2102 755 ris
2125 704 2179 755 in
2207 703 2362 756 corde
2396 713 2484 757 tuo
2511 717 2529 758 :
2557 704 2682 770 Quis
2705 707 2934 760 ascendit
2961 709 3014 762 in
3047 709 3268 764 ctelum?
3290 709 3347 765 id
3374 724 3444 766 est
3473 712 3628 769 Chri-

2027 804 2162 847 stum
2185 794 2439 848 deducere
2463 811 2481 849 :
2507 807 2596 849 aut
2621 799 2736 865 quis
2757 798 3021 853 descendit
3043 801 3099 855 in
3121 799 3364 874 abyssum
3387 806 3412 858 ?
3441 806 3538 860 hoc
3559 816 3633 863 est

2028 885 2291 943 Christum
2337 903 2367 942 η
2395 892 2616 944 mortuis
2645 893 2890 948 reducere
2916 895 3102 966 (Rom.
3136 903 3164 952 ι
3194 940 3208 964 ,
3253 900 3287 954 6
3329 907 3374 955 et
3405 899 3480 973 7).
3529 902 3629 958 Ubi

2026 994 2155 1049 ergo
2180 995 2286 1034 non
2317 993 2432 1049 est,
2463 985 2553 1052 qui
2582 985 2849 1050 cmlestia,
2880 987 3115 1054 interna,
3145 997 3197 1046 et
3229 999 3444 1048 terrena
3475 1009 3628 1050 com-

2027 1071 2229 1142 plevit?
2260 1073 2406 1127 Bene
2429 1089 2562 1145 ergo
2590 1089 2838 1146 magnus,
2872 1078 3028 1148 cujus
3057 1082 3231 1136 virtus
3257 1084 3517 1140 mundum
3542 1103 3627 1142 re-

2029 1161 2225 1234 plevit,
2258 1163 2351 1234 qui
2384 1165 2584 1236 ubique
2609 1174 2729 1235 est,
2779 1177 2835 1224 et
2881 1172 2983 1225 erit
3013 1187 3262 1243 semper;
3310 1177 3436 1247 quia
3482 1179 3628 1250 regni

2028 1258 2140 1326 ejus
2162 1269 2265 1308 non
2287 1257 2382 1308 erit
2405 1256 2547 1324 linis.

2100 1345 2296 1418 (γει-ε.
2321 1346 2441 1418 δι.)
2470 1349 2618 1404 Dixit
2640 1360 2814 1405 autem
2844 1352 3019 1408 Maria
3044 1356 3114 1409 ad
3141 1359 3386 1428 angelum
3411 1377 3430 1415 :
3481 1363 3626 1426 Quo-

2026 1440 2180 1493 modo
2209 1441 2294 1510 ﬁet
2321 1441 2497 1508 istud;
2540 1445 2784 1513 quoniam
2809 1446 2976 1500 virum
3017 1465 3119 1504 non
3141 1454 3402 1522 cognovi?

2099 1533 2187 1589 14.
2235 1535 2461 1590 Videtur
2502 1537 2590 1592 hic
2628 1553 2734 1594 non
2767 1541 3069 1599 credidisse
3115 1545 3315 1614 Maria,
3350 1548 3454 1603 nisi
3502 1543 3625 1605 dili-

2023 1634 2215 1695 genter
2243 1627 2525 1694 advertas;
2556 1641 2732 1700 neque
2753 1631 2899 1686 enim
2927 1635 3007 1688 ias
3033 1645 3116 1691 est
3144 1647 3202 1691 ut
3229 1638 3402 1694 electa
3432 1641 3497 1696 ad
3529 1658 3624 1712 ge-

2023 1717 2327 1772 nerandum
2363 1720 2700 1789 unigenitum
2736 1724 2830 1777 Dei
2864 1725 3058 1781 Filium
3079 1770 3093 1792 ,
3123 1730 3288 1785 fuisse
3312 1729 3341 1768 δ
3375 1729 3622 1789 videatur

311 1820 415 1885 qui
456 1814 698 1887 Spiritus
732 1825 955 1872 sanctus
977 1857 991 1881 ,
1023 1827 1080 1872 et
1108 1815 1302 1871 Filius.
1354 1818 1510 1872 Alius
1541 1815 1704 1873 Pater
1728 1858 1742 1882 ,
1777 1817 1916 1872 alios
1946 1823 1994 1884 Β
2030 1810 2239 1880 1287
2262 1811 2563 1867 incredula.
2584 1813 2704 1881 Quo
2727 1828 2908 1872 autem
2939 1820 3099 1876 modo
3126 1821 3241 1877 ﬁeri
3264 1833 3450 1895 posset
3466 1826 3623 1890 (licet

315 1907 512 1972 Filius,
545 1907 934 1977 aliusSpiritus
964 1917 1206 1972 sanctus;
1241 1908 1469 1979 legimus
1491 1910 1638 1964 enini
1666 1927 1677 1961 :
1709 1909 1920 1980 Rogabo

314 1999 559 2066 Patrem,
588 2010 638 2054 et
666 2001 829 2054 alium
876 1999 1202 2055 Paraclitum
1243 2001 1385 2055 dabit
1416 2001 1555 2056 nobis
1585 2000 1766 2073 (Joan.
1797 2018 1919 2070 xlv,

315 2093 437 2165 16).
470 2093 634 2149 Solus
661 2093 821 2148 Pater
843 2133 861 2160 ,
899 2094 1023 2164 quia
1055 2109 1196 2149 unus
1232 2094 1378 2150 Deus
1399 2137 1415 2162 ,
1446 2111 1513 2150 ex
1545 2111 1652 2164 quo
1683 2096 1868 2150 omnia
1902 2113 1916 2150 :

316 2187 478 2242 solus
509 2186 701 2251 Filius,
735 2187 861 2258 quia
893 2203 1032 2242 unus
1063 2187 1356 2254 Dominus,
1392 2203 1488 2256 per
1517 2203 1681 2258 quem
1712 2189 1916 2246 omnia.

320 2281 521 2337 Solum
552 2279 806 2336 divinitas
833 2280 993 2346 facit,
1026 2282 1307 2352 generatio
1344 2291 1401 2336 et
1445 2283 1666 2339 Patrem
1718 2283 1915 2339 testifi-

311 2382 480 2428 catur
503 2380 559 2428 et
589 2372 822 2439 Filium;
854 2383 914 2428 ιιι
941 2387 1206 2444 nusquam
1245 2374 1416 2429 Filius
1445 2375 1562 2432 sine
1589 2375 1750 2430 Putre
1776 2413 1790 2440 ,
1823 2383 1918 2432 aut

311 2467 489 2523 Pater
510 2483 632 2523 esse
666 2467 918 2522 videatur
948 2469 1069 2524 sine
1092 2467 1252 2524 Filio.
1283 2468 1426 2540 Ergo
1457 2484 1557 2525 nec
1585 2470 1755 2533 solus,
1787 2471 1914 2542 quia

312 2575 433 2616 non
463 2562 612 2616 solus
636 2561 1002 2616 immortalis:
1030 2577 1132 2618 nec
1157 2563 1305 2617 solus
1333 2563 1509 2617 lucem
1539 2563 1742 2618 habitat
1766 2563 1915 2620 inac-

310 2653 664 2720 c'essibilem;
687 2656 811 2725 quia
839 2653 1010 2710 Deum
1039 2672 1187 2711 nemo
1216 2656 1345 2711 vidit
1369 2671 1634 2729 umquam,
1665 2660 1770 2713 nisi
1797 2660 1918 2714 uni-

307 2746 524 2815 genitus
554 2743 728 2800 Filius
773 2748 862 2812 qui
905 2755 978 2802 est
1020 2749 1075 2802 in
1123 2749 1241 2802 sinu
1273 2746 1451 2802 Patris
1482 2747 1664 2822 (Joan.
1693 2765 1743 2816 ι,
1781 2750 1872 2822 18)
1896 2793 1912 2819 ,

305 2838 411 2909 qui
443 2840 594 2894 sedet
623 2839 689 2894 ad
721 2838 1002 2894 dexteram
1044 2840 1243 2894 Patris.
1290 2839 1359 2895 Et
1401 2840 1524 2896 hinc
1551 2839 1772 2912 quidam
1820 2857 1916 2897 au-

306 2933 454 2987 dent
478 2932 659 2988 dicere
688 2932 1120 2990 inaccessibilem
1155 2934 1330 2989 lucem
1365 2948 1488 2990 esse
1518 2949 1682 3004 quam
1710 2935 1916 2991 habitat

306 3026 502 3080 Pater.
538 3025 806 3098 Numquid
855 3028 945 3082 lux
975 3028 1172 3083 melior
1201 3028 1398 3083 Patre?
1440 3027 1572 3096 Quae
1613 3037 1793 3085 autem
1824 3029 1913 3086 lux

308 3118 714 3175 inaecessibilis
742 3120 825 3187 ei,
861 3119 948 3174 cui
999 3135 1105 3175 non
1149 3129 1231 3176 est
1287 3121 1681 3176 inaecessibilis
1713 3121 1910 3177 Pater?

2025 1905 2173 1956 Salva
2214 1906 2570 1974 praerogativa
2616 1909 2690 1962 sit
2719 1912 2944 1978 matris,
2975 1915 3062 1968 cui
3096 1915 3341 1984 proiecto
3371 1919 3471 1974 fuit
3500 1935 3621 1974 am-

2026 1993 2166 2063 plius
2197 1995 2548 2052 deferendum
2581 2017 2594 2053 :
2620 2000 2714 2056 sed
2741 2011 2799 2056 ut
2823 2007 3179 2075 prmrogativa
3212 2009 3416 2080 major,
3448 2011 3623 2081 major

2023 2088 2186 2142 etiam
2218 2087 2354 2142 ﬁdes
2379 2089 2428 2144 ei
2451 2091 2639 2146 debuit
2669 2096 2993 2167 reservari),
3013 2111 3120 2168 quo
3150 2113 3284 2171 ergo
3314 2100 3478 2157 modo
3502 2102 3624 2159 fieri

2023 2185 2309 2247 posset,ut
2323 2179 2614 2238 Zacharias
2639 2187 2732 2254 qui
2764 2199 2870 2242 non
2902 2191 3234 2258 crediderat,
3260 2194 3626 2250 silentiocon-

2023 2269 2383 2327 demnaretur
2428 2291 2441 2326 :
2474 2274 2641 2330 Maria
2673 2289 2854 2334 autem
2881 2283 2926 2336 si
2967 2291 3076 2338 nun
3106 2283 3467 2354 credidisset,
3499 2288 3624 2359 Spi-

2022 2363 2159 2419 ritus
2201 2367 2375 2420 saucti
2422 2367 2694 2426 inlusione
2735 2373 3107 2430 exaltaretur?
3135 2377 3240 2433 Sed
3283 2395 3458 2450 neque
3511 2397 3620 2438 non

2019 2457 2247 2514 credere
2278 2458 2467 2526 Maria,
2492 2476 2668 2532 neque
2699 2473 2807 2518 tam
2841 2476 3046 2524 temere
3076 2469 3262 2525 debuit
3292 2487 3559 2543 usurpare
3591 2494 3606 2528 :

2024 2565 2130 2604 non
2161 2551 2394 2606 credere
2439 2555 2674 2623 angelo,
2707 2571 2972 2632 usurpare
3001 2559 3205 2618 divina.
3243 2561 3428 2632 Neque
3471 2566 3620 2622 enim

2022 2644 2177 2698 facile
2217 2650 2336 2698 erat
2372 2646 2514 2700 scire
2543 2651 2866 2717 mysterium
2897 2653 3276 2707 absconditum
3324 2669 3353 2708 a
3396 2658 3617 2711 smculis

2020 2736 2072 2789 in
2107 2736 2247 2801 Deo,
2277 2738 2420 2807 quod
2449 2751 2548 2794 nec
2583 2742 2891 2810 superiores
2918 2743 3228 2800 Potestates
3260 2748 3400 2802 scire
3426 2752 3619 2818 potue-

2019 2838 2163 2884 runt.
2194 2829 2258 2884 Et
2289 2837 2467 2886 tamen
2495 2849 2602 2886 non
2635 2833 2795 2888 iidem
2829 2840 3028 2903 renuit,
3064 2846 3171 2891 non
3199 2837 3442 2894 oilirium
3473 2841 3618 2896 refu-

2021 2923 2155 2976 tavit
2179 2941 2191 2976 :
2215 2923 2312 2978 sed
2341 2927 2773 2980 accommodavit
2802 2927 3056 2982 allectum
3081 2970 3095 2994 ,
3126 2933 3424 3000 spopondit
3459 2933 3622 2988 obse-

2019 3015 2224 3086 qoinm.
2257 3016 2473 3071 Etenim
2506 3032 2628 3072 cum
2662 3019 2796 3074 dicit
2827 3037 2840 3073 :
2877 3020 3146 3087 Quomodo
3177 3024 3265 3091 ﬁet
3298 3024 3474 3077 istud?
3504 3031 3615 3080 non

2018 3109 2086 3163 de
2108 3108 2300 3164 ell‘ectu
2330 3109 2635 3180 dubitavit,
2664 3111 2761 3167 sed
2804 3115 3119 3184 qualitatem
3163 3116 3334 3185 ipsius
3364 3117 3623 3187 qna‘sivit

307 3209 380 3264 Et
415 3210 534 3278 ipse
563 3210 650 3266 lux
695 3225 820 3266 vera
841 3251 857 3275 ,
889 3221 944 3266 et
982 3213 1198 3282 genitor
1242 3212 1382 3266 lucis
1420 3221 1678 3279 teternte,
1709 3219 1777 3267 de
1805 3227 1907 3283 qua
1940 3214 1984 3278 ρ
2017 3203 2262 3258 ellectus.

303 3302 526 3356 dictum
563 3312 646 3357 est
679 3323 692 3359 :
725 3302 855 3357 Erat
906 3304 997 3358 tua:
1035 3319 1154 3358 uera
1183 3345 1197 3370 ,
1229 3317 1347 3374 qum
1393 3303 1657 3358 illuminat
1710 3321 1914 3359 omnem

303 3396 578 3450 (sentinam
608 3398 893 3451 venientem
939 3398 993 3451 in
1042 3397 1181 3452 hunc
1223 3399 1477 3452 mundum
1503 3399 1701 3468 (Joan.
1734 3415 1784 3466 ι,
1813 3396 1907 3470 9).

303 3487 458 3544 Vide
480 3504 548 3544 ne
579 3488 665 3544 illa
692 3491 763 3544 sit
801 3491 890 3544 lux
931 3492 1329 3546 inaecessibilis
1367 3507 1528 3562 quam
1561 3493 1768 3547 habitat
1803 3493 1910 3548 Pa-

303 3593 402 3640 ter
423 3621 440 3649 ,
473 3582 682 3658 habitat
709 3591 763 3638 et
794 3581 1000 3650 Filios;
1029 3585 1154 3655 quia
1185 3585 1344 3640 Pater
1369 3585 1422 3640 in
1451 3584 1624 3653 Filio,
1652 3595 1708 3641 et
1738 3586 1909 3645 Filius

301 3677 364 3730 in
398 3675 581 3730 Patre.

389 3768 480 3822 15.
525 3767 672 3825 Bene
713 3783 847 3838 ergo
892 3785 1149 3840 magnus;
1204 3770 1312 3825 late
1359 3770 1506 3826 enim
1541 3771 1785 3826 funditur
1817 3772 1911 3828 Dei

299 3862 524 3924 virtus,
557 3861 664 3915 late
689 3859 932 3916 ecclesiis
979 3863 1301 3917 substantia)
1337 3864 1652 3932 magnitudo
1678 3865 1911 3934 porrigi-

301 3968 424 4012 tur.
456 3955 598 4010 Nihil
631 3955 1032 4024 prtescriptum,
1070 3955 1204 4010 nihil
1230 3957 1705 4028 circumscriptum
1726 3999 1740 4023 ,
1773 3959 1908 4013 nihil

297 4063 622 4111 emensum,
653 4047 787 4102 nihil
814 4049 1123 4104 dimensum
1151 4049 1388 4104 Trinitas
1423 4049 1606 4106 habet.
1641 4050 1756 4104 Non
1788 4049 1909 4106 loco

295 4143 608 4208 clauditur,
637 4155 744 4197 non
771 4144 1032 4212 opinione
1066 4143 1578 4212 comprehenditur,
1610 4159 1718 4198 non
1762 4143 1910 4197 msti-

298 4240 559 4294 matione
587 4236 954 4300 concluditur,
987 4252 1092 4290 non
1123 4244 1284 4291 aetate
1306 4235 1562 4291 variatur.
1598 4235 1756 4290 Dedit
1787 4237 1909 4307 qni-

298 4331 442 4386 dem
482 4329 741 4383 Dominus
782 4327 940 4384 Jesns
991 4328 1305 4382 hominibus
1336 4326 1766 4398 magnitudinem
1795 4343 1808 4382 :
1839 4327 1909 4382 In

297 4431 518 4478 omnem
557 4421 699 4476 enim
736 4432 925 4475 terram
968 4423 1123 4476 exivit
1153 4435 1310 4476 sonus
1355 4436 1562 4485 eorum,
1608 4429 1656 4474 et
1693 4401 1746 4475 in
1777 4423 1908 4491 ﬁnes

295 4516 451 4570 orbis
480 4523 631 4568 terra:
655 4514 808 4568 verba
838 4530 1017 4569 eorum
1045 4512 1220 4586 (Psal.
1247 4527 1406 4574 xvnt.
1433 4513 1521 4585 5);
1553 4528 1658 4568 non
1688 4516 1740 4567 in
1772 4514 1908 4569 lines

2089 3297 2178 3354 15.
2221 3299 2433 3367 Quanto
2501 3303 2853 3372 temperatior
2909 3304 3009 3358 ista
3073 3307 3396 3376 responsio,
3450 3315 3614 3379 quam

2016 3395 2179 3449 verba
2207 3406 2331 3450 sunt
2359 3397 2696 3452 sacerdotis?
2729 3398 2855 3454 Haec
2884 3402 2962 3453 ait
2987 3416 2998 3452 :
3027 3399 3299 3467 Quomodo
3319 3400 3409 3473 ﬁet
3431 3402 3570 3458 istud
3589 3405 3618 3457 .9

2013 3489 2110 3545 Ille
2145 3491 2461 3560 reSpondit:
2501 3492 2652 3548 Unde
2679 3495 2776 3548 Itoc
2805 3495 2967 3548 sciam
2998 3494 3182 3568 (Sup.,
3215 3509 3264 3551 υ.
3302 3495 3429 3570 18)τ
3481 3499 3611 3555 Ητεο

2009 3582 2120 3652 jam
2150 3582 2219 3637 de
2252 3584 2470 3654 negotio
2500 3591 2696 3640 tractat
2728 3604 2740 3641 :
2775 3587 2868 3642 ille
2900 3581 3078 3642 adhuc
3119 3588 3188 3644 de
3218 3593 3410 3646 nuntio
3446 3593 3606 3646 dubi-

2013 3685 2109 3731 tat.
2138 3676 2311 3747 Negat
2339 3678 2429 3732 ille
2460 3694 2520 3733 se
2547 3679 2774 3734 credere
2794 3722 2810 3746 ,
2841 3681 2932 3750 qui
2980 3692 3141 3750 negat
3162 3683 3342 3750 scire;
3379 3693 3433 3738 et
3459 3685 3618 3753 quasi

2014 3769 2140 3825 fidei
2185 3770 2362 3826 adhuc
2391 3771 2556 3826 alium
2603 3775 2797 3842 quaerit
2840 3785 3117 3829 auctorem
3151 3793 3164 3828 :
3200 3778 3297 3830 ista
3341 3794 3400 3832 se
3435 3782 3616 3834 tacere

2015 3863 2338 3930 prolitelur,
2372 3877 2472 3916 nec
2501 3863 2713 3917 dubitat
2759 3877 2882 3918 esse
2926 3864 3254 3930 faciendum,
3287 3867 3434 3936 quod
3467 3881 3608 3937 quo-

1999 3952 2176 4008 .modo
2209 3955 2322 4006 lteri
2374 3955 2576 4022 possit,
2623 3953 2879 4023 inquirit;
2912 3957 2992 4010 sic
3040 3957 3184 4010 enim
3219 3957 3384 4012 habes
3422 3975 3433 4012 :
3470 3959 3614 4026 Quo-

2012 4044 2165 4096 modo
2205 4043 2291 4112 ﬁet
2329 4044 2508 4108 istud;
2537 4046 2782 4113 quoniam
2813 4048 2977 4100 virum
3005 4063 3106 4101 non
3140 4050 3402 4121 cognovi?
3437 4051 3618 4107 incre-

2011 4135 2193 4190 dibilis
2219 4143 2274 4190 et
2317 4136 2558 4191 inaudita
2589 4141 2874 4208 generatio
2915 4150 3042 4195 ante
3071 4141 3246 4196 audiri
3286 4143 3508 4210 debuit,
3558 4152 3618 4199 ut

2011 4226 2352 4282 crederetur.
2412 4227 2686 4299 Virginem
2756 4245 2987 4301 parere,
3044 4231 3212 4288 divini
3260 4245 3343 4289 est
3398 4238 3617 4306 signum

2015 4319 2263 4391 mysterii
2287 4361 2300 4384 ,
2329 4335 2437 4375 non
2471 4319 2717 4376 humani.
2755 4323 3022 4394 Denique,
3055 4325 3264 4398 Accipe,
3292 4330 3485 4399 inquit.
3521 4329 3616 4384 tibi

2011 4414 2216 4483 signum
2241 4429 2259 4467 .°
2287 4412 2422 4470 Ecce
2443 4417 2585 4488 virgo
2613 4417 2665 4470 in
2691 4421 2837 4472 utero
2866 4419 3121 4487 accipiet,
3163 4429 3210 4474 et
3250 4425 3414 4492 pariet
3442 4424 3614 4490 [ilium

2013 4503 2186 4571 (Esai.
2223 4520 2296 4558 vlt
2319 4547 2334 4571 ,
2370 4507 2480 4575 14).
2514 4509 2740 4577 Legerat
2768 4508 2873 4589 hoc
2899 4509 3089 4575 Maria,
3119 4512 3240 4566 ideo
3269 4514 3502 4568 credidit
3529 4513 3614 4570 lti-

298 4619 500 4664 tamen
535 4609 756 4675 mundi,
802 4623 909 4664 non
939 4611 990 4664 in
1020 4609 1154 4664 lines
1195 4610 1318 4664 cali
1341 4651 1354 4672 ,
1393 4624 1499 4662 non
1545 4609 1683 4661 ultra
1711 4609 1902 4663 caelos.

2027 4611 2194 4651 .urum
2225 4615 2238 4650 :
2264 4597 2359 4652 sed
2388 4599 2662 4667 quomodo
2704 4601 2855 4655 lieret
2876 4642 2892 4666 ,
2925 4609 3052 4655 ante
3098 4617 3203 4656 non
3237 4604 3468 4670 legerat;
3502 4623 3615 4665 non

297 4704 380 4759 At
414 4715 550 4757 vero
576 4704 627 4757 in
661 4705 889 4757 Domino
919 4701 1046 4757 Jesn
1077 4704 1252 4756 omnia
1281 4701 1489 4756 condita
1518 4710 1640 4754 sunt
1681 4701 1734 4753 in
1765 4700 1906 4754 cwlis

295 4806 352 4851 et
391 4796 448 4848 in
488 4803 661 4859 terra,
712 4794 935 4848 visibilia
977 4804 1022 4847 et
1061 4793 1436 4848 invisibilia....
1476 4802 1522 4846 et
1550 4793 1663 4860 ipse
1689 4801 1761 4845 est
1789 4801 1910 4846 ante

295 4903 513 4949 omnes,
537 4896 584 4939 et
607 4886 778 4940 omnia
800 4885 852 4939 in
881 4887 993 4955 ipso
1016 4895 1252 4938 constant
1283 4881 1506 4950 (Coloss.
1539 4898 1586 4947 ι,
1612 4881 1679 4937 16
1710 4891 1756 4935 et
1790 4881 1904 4952 17).

295 4957 531 5036 Caium
553 4978 759 5042 aspice,
788 4977 949 5032 Jesns
971 4977 1080 5031 illic
1106 4987 1228 5030 est:
1262 4985 1462 5029 terram
1493 4975 1723 5037 intuere,
1750 4971 1908 5028 Jesus

296 5071 469 5127 adest
501 5087 515 5125 :
545 5070 779 5126 ascende
813 5079 839 5107 ⁸
868 5069 1038 5125 verbo
1077 5071 1128 5124 in
1155 5071 1352 5126 ctelum
1375 5109 1390 5134 ,
1426 5067 1696 5123 descende
1738 5066 1906 5121 verbo

297 5167 358 5220 in
395 5159 669 5220 infernum
695 5205 711 5230 ,
744 5157 906 5219 Jesus
936 5162 1110 5218 adest.
1155 5153 1372 5216 Etenim
1414 5162 1458 5214 si
1506 5155 1822 5214 ascendetis
1853 5159 1906 5214 in

293 5259 536 5323 caelum,
565 5256 726 5312 Iesus
758 5257 873 5312 illic
903 5265 982 5310 est
1009 5272 1023 5310 :
1058 5257 1102 5310 si
1131 5253 1490 5311 descenderis
1520 5254 1572 5308 in
1606 5251 1906 5316 infernum,

293 5356 485 5411 adest.
541 5352 713 5408 Hodie
765 5369 889 5408 cum
935 5353 1162 5422 loquor,
1211 5367 1420 5407 mecum
1467 5361 1580 5418 est,
1613 5351 1750 5404 intra
1802 5348 1906 5405 hoc

295 5455 571 5520 punctum
596 5488 612 5512 ,
647 5443 786 5499 intra
824 5446 928 5499 hoc
973 5453 1326 5499 momentum.
1375 5442 1442 5497 Et
1470 5441 1516 5496 si
1548 5443 1600 5495 in
1645 5439 1907 5496 Armenia

287 5553 454 5599 nrtsic
483 5538 724 5608 loquitur
760 5534 1126 5600 Christianus,
1151 5535 1311 5590 Jesns
1337 5534 1492 5590 adest
1518 5549 1536 5588 :
1562 5531 1732 5587 Nemo
1759 5531 1905 5588 enim

409 5689 436 5718 ι·
491 5677 686 5741 Verbo,
721 5677 771 5732 id
805 5687 923 5739 est,
955 5675 1170 5730 ratione
1198 5685 1251 5730 et
1283 5673 1652 5742 cogitatione;
1679 5681 1731 5723 nt
1758 5669 1895 5724 inira
1919 5708 1936 5735 ,

313 5754 556 5864 Abgssos
578 5749 836 5831 opinione
858 5749 903 5802 si
925 5758 1186 5828 penetres,_
1212 5755 1267 5800 et
1286 5745 1412 5800 alibi
1444 5745 1775 5838 ircqnentcr.

481 5822 645 5882 Rom.
676 5821 836 5882 edtt.,
865 5829 1131 5874 censeatur
1170 5817 1454 5871 incredula.
1491 5815 1602 5882 Quo
1631 5831 1674 5868 ei
1688 5829 1752 5882 go

533 5813 645 5879 om.
676 5819 836 5890 edit.,
865 5813 1131 5874 censeatur
1170 5817 1454 5871 incredula.
1491 5815 1602 5884 Quo
1631 5829 1752 5885 ergo
1785 5813 1940 5868 modo

2015 4692 2161 4746 enim
2189 4691 2648 4759 quemadmodum
2677 4694 2956 4757 iieret,vel
2989 4700 3138 4746 tanto
3166 4693 3451 4764 proiilreta‘:
3493 4699 3616 4754 fue-

2015 4792 2102 4838 rat
2147 4783 2473 4838 revelatnm.
2503 4783 2662 4838 Tanti
2710 4801 2947 4855 namque
2996 4788 3236 4841 mandati
3290 4791 3613 4860 mysterium

2017 4894 2124 4932 non
2160 4876 2395 4932 hominis
2421 4878 2554 4945 fuit,
2583 4878 2679 4933 sed
2700 4879 2877 4948 angeli
2903 4895 2998 4933 ore
3021 4883 3404 4949 promendum.
3439 4884 3609 4940 Ilodie

2017 4971 2251 5038 primum
2283 4971 2498 5024 auditur
2525 4986 2544 5023 .°
2577 4969 2807 5040 Spiritus
2846 4979 3052 5025 sanctus
3081 4975 3399 5042 superueniet
3444 4971 3498 5028 in
3537 4984 3607 5030 te.

2015 5062 2081 5116 Et
2111 5063 2345 5128 auditor,
2376 5069 2430 5117 et
2460 5063 2720 5118 creditur.
2758 5063 3000 5133 Denique
3035 5083 3045 5116 :

2084 5155 2266 5226 (Vers.
2319 5154 2435 5225 56.)
2487 5152 2657 5219 Ecce,
2689 5155 2902 5224 inquit,
2965 5157 3159 5212 ancilla
3190 5154 3438 5227 Domini,
3483 5175 3609 5214 con-

2015 5246 2178 5318 tingat
2205 5246 2328 5299 milii
2356 5248 2634 5301 secundum
2663 5246 2867 5301 verbum
2896 5255 3061 5303 tuum.

2085 5341 2178 5396 16.
2220 5338 2358 5395 Vide
2389 5339 2774 5406 humilitatem,
2801 5339 2922 5394 vide
2945 5341 3314 5398 devotionem.
3341 5343 3613 5401 Ancillam

2009 5449 2070 5490 se
2098 5433 2229 5489 dicit
2257 5433 2504 5498 Domini,
2538 5449 2658 5504 qua:
2689 5441 2863 5488 mater
2886 5433 3107 5505 eligitur
3139 5454 3151 5488 :
3179 5453 3280 5492 nec
3310 5440 3606 5508 repentino

2011 5527 2248 5584 exaltata
2309 5528 2580 5597 promisso
2638 5535 2742 5582 est.
2803 5528 2974 5582 Simul
3024 5531 3278 5585 ancillam
3329 5532 3607 5604 dicendo,

2047 5667 2352 5745 ﬁeriposset
2374 5667 2396 5745 Al
2411 5667 2552 5745 salta
2583 5667 2917 5738 prwrogatioa
2939 5668 3140 5745 matris,
3173 5672 3255 5722 cui
3276 5671 3504 5740 profecto
3524 5675 3628 5745 fuit

2047 5741 2269 5820 amplius
2286 5739 2623 5820 deferendum
2662 5755 2679 5792 :
2709 5751 2755 5793 et
2788 5743 3203 5820 ut‘prwr'ggutiva
3231 5739 3432 5811 major,
3456 5739 3626 5820 major

2047 5812 2198 5864 etiant
2223 5808 2552 5884 ﬁdes'debuit
2578 5808 2865 5882 reservari)
2895 5822 2952 5865 ut
2978 5808 3283 5880 chharias,
3315 5808 3421 5874 etc.
