3960 6326
345 359 353 365 .
391 321 531 377 1559
1764 311 2010 368 SANC’I‘l
2047 309 2376 368 AMBROSII
3557 313 3704 371 £560

397 437 601 493 nullam
641 436 748 492 sibi
778 433 1192 508 prarogativam
1235 440 1400 489 tantae
1435 435 1623 505 gratiae
1656 431 1994 500 vindicavit,
2026 433 2414 498 Anuntiaret,
2467 441 2528 488 ut
2579 433 2714 489 lides
2760 442 3102 492 astrueretur
3143 436 3430 506 exemplo,
3462 435 3705 492 senioris

403 544 527 601 qua:
556 529 763 584 faceret
804 527 947 599 quod
987 527 1289 595 juberetur.
1323 525 1504 582 Mitem
1535 525 1682 582 enim
1715 525 2002 581 humilem-
2104 523 2320 579 feminae
2361 525 2676 595 sterilisque
2721 536 3043 598 conceptum
3087 527 3280 599 virgini
3327 528 3514 584 Maria:
3563 544 3708 584 nun-

401 638 509 693 que
535 625 817 694 paritura,
863 619 1226 674 humilitatem
1267 619 1458 673 debuit
1487 618 1648 674 etiam
1699 617 1814 688 ipsa
1862 632 2004 688 prac-
2105 617 2292 682 tiavit;
2345 628 2406 672 ut
2461 618 2722 687 possibile
2771 619 2883 674 Deo
2911 634 3073 676 omne
3113 619 3258 691 quod
3298 620 3349 676 ei
3398 621 3706 691 placuerit,

404 714 568 770 ferre.
605 712 742 767 Ecce
764 711 958 766 ancilla
987 709 1233 778 Domini,
1258 711 1521 782 contingat
1557 710 1683 764 mihi
1716 710 2002 764 secundum
2106 719 2398 766 assereret.
2436 710 2534 768 Ubi
2567 711 2773 769 audivit
2814 714 2916 769 hoc
2947 713 3110 768 Maria
3131 755 3148 782 ,
3181 729 3288 770 non
3321 716 3480 786 quasi
3523 716 3709 770 incre-

404 807 609 861 verbum
640 817 804 858 tuum.
837 803 1018 859 Habes
1047 803 1369 874 obsequium
1390 845 1403 866 ,
1439 803 1592 860 vides
1618 812 1824 858 votum.
1868 801 2006 856 Ecce
2107 803 2236 858 dula
2270 803 2338 858 de
2377 805 2635 870 oraculo,
2678 821 2779 862 nec
2821 808 2978 876 quasi
3009 809 3214 862 incerta
3243 808 3310 863 de
3353 809 3576 874 nuntio,
3610 823 3714 864 nec

404 901 548 954 enim
575 900 770 953 ancilla
795 896 1045 963 Domini,
1074 896 1558 968 apparatus-officii
1589 905 1673 953 est
1697 916 1709 951 :
1741 897 2006 968 contingat
2108 896 2262 966 quasi
2293 895 2549 952 dubitans
2571 897 2640 953 de
2661 898 2917 969 exemplo
2947 916 2960 952 :
2991 899 3087 955 sed
3116 899 3271 970 quasi
3293 900 3410 955 laeta
3435 915 3532 969 pro
3559 909 3712 968 vuto,

405 992 532 1047 mihi
560 991 842 1046 secundum
867 995 1074 1046 verbum
1105 1000 1253 1045 tuum
1273 1032 1286 1056 ,
1319 999 1621 1061 conceptus
1649 999 1734 1045 est
1763 992 1897 1045 voti.
2110 989 2368 1060 religiosa
2399 1004 2499 1059 pro
2529 989 2732 1056 officio,
2765 990 2963 1046 festina
2989 1006 3087 1062 pro
3117 990 3339 1062 gaudio,
3371 992 3424 1046 in
3451 1001 3718 1046 mcutana

484 1085 571 1139 l7.
605 1084 778 1152 Quam
805 1087 913 1139 cito
943 1097 1074 1154 ergo
1094 1084 1262 1138 etiam
1289 1091 1316 1120 α
1344 1083 1412 1138 de
1434 1082 1630 1153 impari
1652 1081 2009 1152 conceptione
2110 1084 2380 1155 perrexit.
2412 1084 2534 1150 Quo
2559 1085 2704 1140 enim
2731 1083 2840 1154 jam
2873 1085 2982 1140 Deo
3009 1085 3188 1155 plena,
3213 1083 3318 1140 nisi
3339 1084 3405 1139 ad
3428 1085 3720 1155 superiora

409 1177 641 1233 credidit
670 1176 870 1232 Maria!
897 1176 1038 1245 Quid
1061 1177 1206 1231 enim
1239 1185 1347 1230 tam
1374 1177 1548 1246 impar
1576 1191 1737 1247 quam
1770 1176 2011 1247 Spiritus
2111 1189 2232 1230 cum
2282 1173 2636 1230 festinatione
2667 1175 3058 1230 contenderet?
3108 1173 3295 1231 Nescit
3345 1175 3498 1230 tarda
3553 1179 3723 1231 moli-

406 1281 657 1335 sanctus,
683 1278 738 1325 et
761 1270 997 1340 corpus?
1022 1269 1162 1337 Quid
1187 1278 1294 1324 tam
1319 1268 1642 1334 inauditum,
1671 1285 1829 1340 quam
1860 1269 2012 1339 virgo
2114 1269 2258 1323 mina
2293 1269 2467 1323 sancti
2497 1269 2736 1339 Spiritus
2757 1269 2953 1338 gratia.

410 1377 702 1434 praegnans
753 1371 959 1417 contra
993 1363 1209 1432 legem,
1260 1373 1451 1418 contra
1517 1363 2009 1428 consuetudinem,
2183 1357 2276 1415 20.
2322 1359 2524 1414 Discite
2555 1368 2612 1415 et
2636 1374 2757 1424 vos,
2799 1368 3003 1416 sancta:
3034 1360 3313 1428 mulieres,
3363 1359 3722 1416 sedulitatem

413 1464 604 1511 contra
638 1455 900 1526 pudorem
929 1499 942 1521 ,
975 1454 1134 1525 cujus
1157 1453 1336 1509 carior
1363 1469 1492 1509 cura
1534 1465 1619 1509 est
1649 1453 1877 1524 virgini?
1907 1453 2012 1508 Za-
2114 1467 2276 1522 quam
2311 1451 2716 1522 praegnantibus
2740 1451 2989 1508 debeatis
3019 1451 3282 1507 exhibere
3311 1453 3583 1524 cognatis.
3612 1452 3728 1507 Ma-

415 1549 631 1603 charias
661 1559 842 1603 autem
868 1563 976 1602 non
1002 1547 1071 1603 de
1105 1549 1300 1618 impari
1325 1547 1671 1611 conditione,
1698 1549 1793 1603 sed
1836 1547 1905 1602 de
1931 1561 2016 1603 se-
2117 1546 2292 1609 riam,
2340 1560 2462 1615 quae
2484 1555 2610 1601 ante
2654 1545 2772 1600 sola
2807 1547 2858 1600 in
2894 1546 3101 1601 intimis
3133 1545 3505 1616 penetralibus
3532 1562 3728 1602 versa-

416 1643 511 1698 nili
543 1651 708 1698 aetate
749 1659 855 1697 non
885 1642 1148 1706 credidit;
1185 1643 1400 1714 1288
1441 1657 1565 1697 nam
1603 1641 1847 1697 conditio
1889 1656 2018 1697 con-
2122 1641 2299 1708 batur,
2333 1654 2442 1694 non
2466 1653 2496 1694 a
2525 1638 2746 1709 publico
2777 1639 3106 1710 virginitatis
3139 1641 3346 1709 pudor,
3376 1655 3484 1694 non
3514 1639 3585 1694 ab
3609 1650 3731 1694 stn-

419 1735 670 1808 gruebat.
700 1735 783 1790 Ex
813 1736 932 1790 viro
959 1745 1012 1791 et
1043 1735 1241 1791 femina
1272 1736 1534 1790 solemnis
1555 1746 1636 1791 est
1664 1744 1854 1804 partus
1879 1755 1891 1790 :
1925 1751 2023 1792 nec
2122 1733 2212 1789 dio
2241 1731 2509 1802 asperitas
2541 1733 2830 1794 montium,
2863 1746 2972 1786 non
2998 1731 3069 1786 ab
3097 1729 3279 1786 officio
3320 1731 3612 1800 prolixitas
3639 1731 3732 1784 iti-

417 1829 739 1885 incredibile
766 1829 929 1885 debet
959 1829 1159 1894 videri,
1195 1829 1283 1884 ubi
1307 1837 1501 1884 natura
1528 1828 1849 1885 concordat.
1883 1829 2016 1884 Cum
2049 1820 2096 1880 Β
2126 1827 2272 1881 neris
2300 1823 2617 1880 retardavit.
2649 1823 2708 1878 ln
2739 1832 2995 1878 montana
3027 1823 3178 1894 virgo
3200 1838 3323 1878 cum
3349 1823 3728 1884 festinatione,

421 1923 564 1977 enim
611 1931 744 1978 artas
790 1932 1000 1978 naturae
1031 1923 1136 1988 sit,
1167 1937 1273 1978 non
1322 1932 1516 1978 natura
1557 1923 1733 1978 :etatis
1759 1964 1773 1989 ,
1806 1923 1863 1977 fit
1907 1923 2019 1994 ple-

422 2029 652 2084 rumque
703 2023 761 2068 ut
789 2025 922 2070 aetas
952 2014 1211 2083 impediat
1258 2022 1536 2079 naturam;
1585 2028 1693 2069 non
1723 2022 2021 2070 esttamen

422 2105 799 2161 irrationabile
822 2115 880 2160 ut
908 2106 1088 2160 minor
1118 2104 1280 2160 cedat
1309 2120 1473 2161 causa
1505 2105 1727 2176 majori,
1761 2115 1815 2160 et
1845 2107 2024 2177 potior

426 2197 786 2270 prrcrogativa
813 2206 1022 2254 natura:
1056 2213 1210 2254 usum
1244 2198 1521 2254 inferioris
1544 2199 1798 2255 excludat
1826 2201 2020 2256 :ctatis.

429 2292 554 2346 l‘luc
578 2291 792 2347 accedit
811 2292 957 2362 quod
980 2291 1254 2348 Abraham
1284 2299 1340 2346 et
1370 2291 1503 2348 Sara
1529 2293 1695 2347 filium
1737 2293 1790 2348 in
1837 2307 2027 2349 senec-

425 2393 542 2438 tute
583 2394 941 2454 susceperant
983 2401 996 2438 :
1032 2391 1087 2440 et
1121 2383 1325 2454 Joseph
1379 2383 1523 2439 filius
1571 2384 1867 2440 senectutis
1919 2395 2024 2441 est.

426 2478 582 2546 Quod
611 2478 691 2544 si,
723 2477 848 2549 quia
873 2477 999 2533 risit
1023 2477 1158 2533 Sara
1177 2519 1193 2544 ,
1225 2479 1650 2550 reprehenditur
1679 2479 1836 2551 (Gen.
1863 2495 1991 2534 xvm
2010 2522 2025 2548 ,

426 2573 521 2641 15)
552 2589 565 2625 :
593 2571 794 2641 jnstius
821 2572 1226 2652 condemnatur
1250 2571 1343 2642 qui
1369 2586 1469 2627 nec
1501 2571 1725 2627 oraculo
1753 2571 2026 2640 credidit,

433 2680 534 2721 nec
560 2665 832 2735 exemplo.
867 2665 1038 2720 Maria
1068 2676 1247 2721 autem
1279 2680 1401 2721 cum
1433 2665 1566 2721 dicit
1593 2685 1607 2721 :
1644 2665 1916 2733 Quomodo
1943 2667 2033 2737 ﬁet

425 2759 597 2824 istud;
643 2759 890 2829 quoniam
920 2761 1085 2812 virum
1141 2774 1243 2812 non
1294 2758 1510 2828 cognovi
1537 2756 1739 2828 (Supra
1764 2800 1780 2825 ,
1811 2771 1859 2812 υ.
1895 2757 2032 2829 54)?

432 2869 546 2907 non
575 2852 793 2907 videtur
815 2852 1100 2908 dubitasse
1122 2851 1188 2907 de
1214 2850 1379 2918 facto,
1403 2852 1499 2907 sed
1525 2852 1594 2907 de
1618 2851 1743 2907 facti
1769 2851 2034 2922 qualitate

434 2944 720 3014 quaesisse.
768 2943 964 3013 Liquet
990 2944 1138 2998 enim
1181 2944 1305 3014 quia
1344 2943 1650 3000 faciendum
1694 2960 1817 3000 esse
1857 2943 2035 3000 credi-

437 3035 625 3101 derat,
657 3047 780 3104 qnae
826 3032 1104 3104 quomodo
1148 3033 1335 3101 fieret,
1370 3035 1748 3106 interrogavit.
1799 3034 1950 3091 Unde
1981 3045 2034 3091 et

438 3128 643 3182 meruit
688 3126 881 3181 audire
911 3145 922 3180 :
956 3123 1119 3181 Beato
1148 3142 1262 3196 qnte
1288 3127 1552 3181 credidisti
1598 3126 1807 3200 (Infra,
1838 3146 1885 3182 υ.
1914 3127 2031 3200 45).

2127 1921 2280 1990 virgo
2306 1918 2473 1974 officii
2502 1933 2739 1984 memor,
2769 1915 2795 1954 ιι
2829 1916 3040 1988 injuria:
3063 1915 3352 1971 immemor
3379 1957 3393 1983 ,
3422 1914 3621 1971 affectu
3649 1915 3733 1970 vi-

2127 2021 2310 2081 gente.
2339 2025 2447 2066 non
2472 2025 2630 2073 sexu,
2657 2009 2846 2065 relicta
2873 2007 3114 2079 perrexit
3143 2008 3328 2063 domo.
3615 2018 3626 2025 ‘

2200 2107 2290 2162 21.
2334 2105 2576 2171 Discite,
2637 2103 2919 2175 virgines,
2970 2118 3079 2158 non
3132 2103 3569 2158 circumcursare
3634 2118 3736 2174 per

2130 2201 2336 2256 alienas
2362 2199 2542 2266 aedes,
2584 2213 2692 2254 non
2730 2198 3005 2254 demorari
3033 2200 3086 2253 in
3119 2198 3313 2268 plateis
3339 2239 3353 2264 ,
3382 2213 3490 2253 non
3519 2197 3738 2269 aliquos

2129 2294 2183 2349 in
2220 2294 2440 2364 publico
2465 2293 2698 2350 miscere
2738 2308 3043 2350 sermones.
3078 2293 3246 2348 Maria
3274 2293 3328 2348 in
3357 2291 3520 2348 domo
3553 2293 3735 2360 seria,

2132 2363 2328 2442 festina
2379 2385 2434 2441 in
2466 2384 2719 2456 publico,
2769 2385 2968 2440 mansit
3011 2384 3154 2454 apud
3190 2394 3476 2456 Cognatam
3511 2363 3740 2456 128.9

2132 2493 2284 2534 suam
2315 2479 2487 2533 tribus
2519 2477 2818 2533 mensibus.
2845 2477 3063 2532 Etenim
3092 2493 3214 2548 qua:
3244 2487 3470 2548 propter
3489 2480 3738 2531 officium

2133 2583 2392 2635 venerat,
2432 2568 2738 2624 inhaerebat
2771 2568 2974 2624 ofﬁcio.
3025 2567 3224 2624 Mansit
3269 2584 3399 2639 ergo
3452 2569 3740 2624 mensibus

2135 2665 2312 2720 tribus
2333 2706 2348 2730 ,
2374 2679 2480 2719 non
2513 2662 2658 2733 quod
2681 2663 2876 2718 domus
2905 2678 3024 2718 eam
3057 2662 3363 2718 delectaret
3391 2661 3572 2717 aliena
3594 2703 3609 2728 ,
3641 2661 3739 2718 sed

2135 2758 2260 2828 quia
2292 2755 2630 2826 frequentius
2652 2755 2824 2811 videri
2857 2756 2908 2811 in
2940 2754 3162 2828 publico
3191 2755 3540 2825 displicebat.

2207 2847 2300 2904 22.
2351 2847 2647 2913 Didicistis,
2679 2847 2934 2918 virgines,
2978 2846 3240 2918 pudorem
3283 2845 3463 2901 Maria:
3495 2864 3508 2900 :
3542 2846 3747 2902 discite

2139 2941 2522 2998 humilitatem.
2564 2941 2727 2996 Venit
2758 2942 3060 3012 propinqua
3081 2940 3149 2996 ad
3191 2941 3530 3010 proximam,
3556 2941 3747 3011 junior

2137 3034 2206 3089 ad
2235 3035 2504 3089 seniorem
2538 3051 2551 3087 :
2599 3047 2699 3088 nec
2733 3033 2909 3088 solum
2937 3031 3106 3096 venit,
3156 3031 3252 3087 sed
3283 3033 3446 3086 etiam
3474 3031 3630 3102 prior
3661 3047 3750 3086 sa-

2139 3127 2360 3193 lutavit;
2392 3127 2550 3182 decet
2579 3127 2723 3181 enim
2749 3135 2806 3180 ut
2829 3133 3031 3196 quanto
3057 3125 3443 3195 castiorvirgo,
3461 3132 3618 3179 tanto
3644 3125 3750 3179 hu-

440 3223 510 3279 Et
537 3237 666 3278 vere
697 3223 882 3286 beata,
910 3236 1030 3292 quae
1063 3219 1351 3276 sacerdote
1381 3222 1757 3291 praestantior;
1797 3237 1920 3276 cum
1951 3237 2037 3277 sa-
2065 3208 2108 3271 C
2142 3220 2325 3275 milior
2363 3218 2456 3274 sit.
2490 3217 2714 3274 Noverit
2742 3218 3006 3272 honorem
3056 3216 3271 3272 deferre
3301 3217 3632 3272 senioribus.
3663 3215 3752 3271 Sit

443 3314 640 3370 cerdos
686 3322 970 3384 negasset,
1005 3313 1159 3384 virgo
1206 3314 1451 3368 correxit
1491 3328 1756 3370 errorem.
1801 3313 1912 3370 Nec
1940 3316 2042 3370 mi-

443 3423 565 3461 rum
596 3408 641 3461 si
679 3407 937 3461 Dominus
975 3405 1358 3474 redempturus
1393 3405 1655 3460 mundum
1679 3447 1694 3472 ,
1720 3405 1745 3444 ι)
1768 3407 2042 3477 operatio-

447 3515 570 3555 nem
600 3513 752 3555 suam
781 3498 1057 3553 inchoavit
1078 3513 1108 3551 a
1138 3497 1336 3562 Maria;
1368 3505 1424 3552 ut
1451 3512 1548 3568 per
1573 3513 1734 3566 quam
1758 3498 1905 3554 salus
1926 3515 2041 3554 om-

448 3591 610 3647 nibus
632 3590 951 3662 parabatur,
983 3589 1176 3645 eadem
1210 3591 1383 3660 prima
1412 3589 1652 3647 fructum
1684 3591 1880 3646 salutis
1912 3591 2043 3648 hau-

446 3685 582 3740 riret
608 3699 675 3739 ex
708 3684 953 3754 pignore.

520 3777 608 3831 18.
653 3776 720 3832 Ει
770 3777 912 3831 bene
967 3775 1224 3846 quaesivit
1269 3775 1546 3846 quomodo
1593 3778 1787 3843 fieret;
1839 3778 2046 3848 legerat

442 3873 589 3927 enim
618 3881 639 3909 ο
671 3871 796 3940 quia
810 3869 964 3941 virgo
982 3868 1404 3940 generaret,scd
1425 3883 1534 3924 non
1564 3870 2045 3941 legeratquemad-

443 3966 671 4023 modum
700 3973 1012 4036 generaret.
1062 3962 1327 4032 Legerat,
1372 3971 1431 4018 ut
1460 3962 1572 4018 dixi
1604 3982 1616 4018 :
1650 3963 1782 4019 Ecce
1806 3966 1950 4036 virgo
1990 3967 2045 4020 in

446 4070 594 4116 utero
620 4060 839 4129 accipiet
885 4056 1070 4130 (Esai.
1116 4072 1228 4123 vn,
1265 4054 1358 4129 14)
1385 4075 1397 4111 :
1426 4057 1700 4128 quomodo
1741 4069 1920 4113 autem
1951 4074 2045 4114 ac-

445 4156 697 4223 ciperet,
732 4153 785 4204 in
819 4149 1116 4218 Evangelio
1159 4149 1396 4218 primum
1429 4149 1658 4218 angelus
1699 4159 1782 4204 est
1813 4151 2044 4206 locutus.

523 4243 705 4316 (Vers.
737 4243 842 4308 59,
869 4240 987 4310 40.)
1051 4239 1350 4309 Exsurgens
1378 4249 1551 4293 autem
1577 4239 1751 4294 Maria
1788 4243 1843 4295 in
1869 4243 2050 4299 diebus

447 4338 592 4401 illis,
635 4334 756 4388 abiit
791 4334 847 4387 in
880 4341 1122 4386 montana
1171 4347 1288 4384 cum
1333 4332 1660 4403 festinatione
1698 4333 1752 4386 in
1797 4334 2049 4390 civitatem

449 4429 630 4492 Judte,
659 4437 707 4482 et
731 4425 938 4482 intravit
966 4425 1018 4479 in
1041 4423 1254 4479 domum
1275 4423 1570 4493 Zachariae,
1601 4433 1646 4479 et
1671 4425 1913 4480 salutavit
1941 4426 2052 4483 Eli-

451 4521 654 4576 zabet/t.

2144 3314 2399 3384 magistra
2429 3311 2770 3379 humilitatis,
2801 3310 2855 3365 in
2888 3326 2992 3382 qua
3028 3319 3114 3366 est
3157 3308 3424 3380 professio
3454 3310 3748 3365 castitatis.

2148 3408 2244 3464 Est
2283 3419 2338 3464 et
2387 3424 2547 3464 causa
2593 3407 2832 3477 pietatis,
2863 3415 2950 3462 est
2999 3406 3166 3461 etiam
3216 3418 3404 3459 norma
3453 3402 3749 3459 doctrinm.

2144 3499 2519 3557 Contnendum
2559 3507 2643 3554 est
2689 3498 2833 3552 enim
2866 3497 2988 3568 quia
3033 3496 3286 3566 superior
3311 3494 3460 3550 venit
3495 3493 3566 3549 ad
3611 3493 3756 3550 infe-

2145 3597 2369 3660 riorem,
2402 3605 2462 3651 ut
2507 3594 2728 3649 inferior
2766 3593 3093 3662 adjuvetur:
3131 3590 3298 3646 Maria
3337 3588 3404 3667 ad
3442 3588 3756 3656 Elizabelh,

2145 3690 2393 3746 Christus
2419 3689 2484 3743 ad
2513 3687 2802 3744 Joannem.
2837 3685 3078 3756 Denique
3104 3685 3266 3739 etiam
3297 3693 3508 3753 postea,
3540 3693 3600 3737 ut
3625 3697 3757 3738 san—

2146 3781 2413 3839 ctiflcaret
2439 3780 2765 3850 baptismum
2793 3778 3043 3844 Joannis,
3082 3775 3343 3830 Dominus
3373 3776 3520 3830 venit
3555 3775 3624 3830 ad
3653 3776 3757 3830 ba-

2149 3877 2427 3946 ptismum.
2474 3871 2593 3930 Cito
2620 3887 2836 3944 quoque
2862 3871 3128 3926 adventus
3171 3867 3378 3936 Mariae,
3428 3877 3762 3938 et-przesen—

2147 3968 2337 4025 sentite
2367 3963 2654 4021 dominica:
2684 3962 2941 4018 beneficia
2968 3961 3336 4017 declarantur.

2225 4060 2406 4133 (Vers.
2463 4059 2583 4126 il.)
2640 4057 2811 4114 Simul
2865 4058 3095 4111 enimut
3140 4055 3340 4109 audivit
3386 4055 3764 4110 salutationem

2153 4152 2338 4208 Mariae
2382 4148 2668 4213 Elizabeth,
2692 4147 2968 4203 exsultavit
3009 4147 3188 4218 infans
3239 4147 3294 4200 in
3324 4154 3473 4200 utero
3500 4148 3640 4218 ejus.
3693 4143 3761 4200 Et

2149 4245 2345 4314 repleta
2371 4253 2444 4298 est
2473 4243 2680 4314 Spiritu
2706 4251 2903 4296 sancto.

2221 4337 2310 4391 2'5.
2349 4335 2483 4391 Vide
2513 4334 2942 4400 dietinctionem,
2986 4331 3428 4402 singulorumque
3458 4331 3760 4387 verborum

2153 4427 2534 4500 proprietates.
2588 4425 2789 4482 Vocem
2849 4425 2994 4495 prior
3048 4423 3334 4479 Elizaheth
3377 4423 3611 4490 audivit,
3660 4425 3764 4480 scd

2152 4522 2390 4580 Joannes
2418 4521 2566 4592 prior
2589 4519 2815 4591 gratiam
2853 4518 3026 4574 sensit
3050 4534 3064 4571 :
3091 4517 3181 4572 illa
3206 4526 3415 4572 naturae
3442 4515 3636 4572 ordine
3665 4532 3769 4572 au—

526 4616 616 4671 19.
660 4613 864 4669 Morale
893 4621 978 4668 est
1017 4609 1302 4678 omnibus,
1333 4617 1390 4664 ut
1430 4609 1522 4679 qui
1566 4608 1728 4666 fidem
1774 4611 2042 4682 exigunt,
2071 4598 2125 4658 Ῑ)
2154 4614 2309 4678 divit,
2357 4614 2461 4669 iste
2505 4612 2796 4668 exsultavit
2824 4609 3034 4666 ratione
3079 4608 3321 4680 mysterii
3370 4607 3505 4663 :illa
3550 4607 3762 4674 Maria,

454 4707 616 4765 fidem
663 4706 968 4763 adstruant.
1005 4703 1074 4761 Et
1113 4702 1235 4760 ideo
1280 4703 1508 4774 angelus
1554 4718 1677 4758 cum
1730 4704 2048 4761 abscondita

453 4865 455 4867 ί
529 4860 555 4888 ι
596 4849 670 4903 Ita
704 4847 882 4902 cuncti
916 4860 1049 4901 mss.
1099 4852 1156 4898 et
1198 4853 1307 4898 vet.
1352 4842 1485 4898 edit.
1529 4842 1583 4898 in
1630 4857 1882 4913 corpore.
1918 4844 2044 4900 Era.

454 4935 636 4980 autem
661 4935 724 4974 ac
755 4919 880 4973 Gill.
917 4919 968 4970 itt
1004 4931 1172 4982 marg.
1204 4925 1260 4969 et
1286 4914 1445 4970 Rom.
1491 4915 1550 4968 in
1579 4929 1732 4984 corp.
1763 4915 1827 4967 de
1862 4916 2050 4984 impari

453 4993 750 5050 conditione
783 5007 800 5044 :
832 4989 976 5059 quod
1001 4989 1162 5059 etiam
1191 4985 1407 5040 videtur
1424 4986 1873 5059 eoconllrmari,
1902 4987 2048 5059 quod

456 5067 593 5121 infra
620 5078 753 5117 mss.
786 5057 992 5116 etedit.
1022 5058 1241 5126 legunt,
1265 5073 1368 5110 non
1399 5057 1461 5110 de
1502 5057 1692 5126 impari
1714 5057 2050 5121 conditione;

455 5152 566 5193 uno
593 5143 796 5189 tantum
829 5132 952 5186 cod.
988 5140 1218 5200 excepto
1241 5169 1254 5194 ,
1291 5127 1381 5184 ubi
1415 5143 1511 5197 pro
1533 5169 1547 5190 ,
1580 5127 1878 5182 conditione
1901 5169 1915 5192 ,
1959 5126 2055 5181 ha-

454 5209 542 5265 bet
555 5223 618 5260 nr
649 5204 994 5275 conceptione.

528 5277 556 5318 δ
589 5277 667 5332 Ex
697 5269 815 5329 liuc'
831 5276 951 5328 loco
973 5271 1318 5326 manifestum
1343 5280 1427 5324 est
1448 5284 1555 5324 non
1577 5271 1758 5325 minus
1778 5269 2053 5325 Christum

459 5366 581 5406 cum
612 5357 828 5416 peccata
859 5359 924 5398 ne
949 5343 1099 5408 fiant,
1129 5344 1318 5416 gratia:
1340 5341 1595 5410 praesidio
1619 5342 1866 5416 impedi_t_,
1891 5357 2054 5410 quam

459 5437 583 5476 cum
610 5413 830 5472 dimittit
857 5423 1187 5484 perpetrata,
1213 5415 1611 5485 redemptorem
1635 5427 1776 5468 esse.
1810 5413 2054 5485 Namque

460 5508 490 5546 a
527 5501 702 5546 matre
738 5487 936 5541 dicitur
966 5485 1251 5539 inchoasse
1293 5484 1726 5551 redemptionem
1750 5528 1764 5545 .
1797 5484 2052 5554 quoniam

459 5579 530 5618 ne
559 5559 835 5616 incredula
857 5555 1212 5623 essetAngcli
1237 5556 1441 5626 verbis,
1472 5554 1589 5626 ipse
1611 5556 1905 5626 prohibuit.
1935 5557 2053 5624 Quo

459 5634 681 5703 quidem
700 5644 872 5682 cuneo
897 5643 1083 5682 eorum
1107 5629 1196 5697 qui
1222 5625 1623 5703 immaculatam
1658 5625 1903 5703 Deiparte
1923 5643 2055 5682 con-

462 5696 771 5770 ceptionem
795 5696 1138 5770 impugnant,
1160 5698 1604 5770 ttotlosissimttm,
1634 5704 1693 5749 nt
1713 5696 1814 5766 ipsi
1841 5707 2048 5770 putant,

465 5765 842 5854 argumentum
874 5765 1031 5824 facili
1065 5769 1282 5836 negotio
1319 5765 1651 5838 diliringitur
1695 5765 1858 5837 atque
1900 5768 2053 5836 disji-

2156 4709 2260 4764 iste
2299 4707 2514 4762 Domini
2559 4707 2733 4762 sensit
2774 4704 3109 4761 adventum:
3143 4702 3345 4758 femina
3390 4702 3666 4772 mulieris,
3707 4713 3768 4760 et

2227 4857 2248 4883 ε
2291 4844 2494 4900 Omnes
2520 4844 2678 4911 edit.,
2707 4845 2828 4916 quia
2846 4843 2990 4916 virgo
3016 4843 3344 4914 conciperet;
3370 4856 3564 4897 omnes
3593 4857 3762 4911 mss.,

2152 4917 2273 4990 quia
2303 4918 2442 4990 uirgo
2460 4927 2747 4990 generaret.

2225 4985 2251 5024 ἀ
2293 4983 2534 5061 Ιηίυνῐω,
2560 4987 2973 5061 (ιιιειινυίιῐιῇτιηη⁸
2994 4983 3433 5061 v_irginis_pudor
3477 4984 3725 5042 afficitur
3748 5030 3764 5055 ,

2155 5059 2284 5113 dum
2317 5057 2528 5130 cogitur
2562 5057 2778 5130 prodire
2811 5059 2862 5113 in
2885 5057 3188 5130 publicum.
3217 5058 3632 5130 Consequenter
3661 5075 3767 5114 au-

2159 5139 2266 5185 tem
2298 5128 2456 5185 Rom.
2483 5128 2640 5198 edit.,
2671 5128 2860 5197 a/fectu
2899 5142 3134 5198 urgente.
3163 5128 3303 5182 Alim
3323 5168 3339 5192 ,
3371 5143 3433 5182 ac
3463 5143 3597 5183 mss.
3631 5144 3763 5186 om-

2162 5217 2281 5264 nes,
2314 5202 2503 5267 a/Iectu
2539 5204 2754 5273 vigente.
2798 5200 2991 5270 Aptius
3023 5215 3173 5273 sane,
3205 5209 3265 5253 ut
3289 5200 3573 5254 charitatis
3597 5203 3767 5272 vigor

2165 5274 2391 5343 puellari
2415 5269 2677 5328 debilitati
2706 5269 3031 5342 opponatur.
3063 5269 3205 5325 Infra
3235 5286 3368 5343 vero
3395 5285 3588 5324 omnes
3615 5269 3762 5343 edit.

2163 5340 2284 5398 cum
2314 5345 2504 5413 majori
2555 5356 2706 5410 parte
2747 5340 2885 5398 wmss.
2925 5343 3212 5413 legebant.
3267 5340 3440 5394 Maria
3490 5343 3543 5413 in
3600 5342 3764 5399 domo

2161 5432 2321 5470 sera:
2354 5412 2440 5470 ubi
2471 5431 2502 5469 e
2527 5415 2648 5469 cod.
2683 5414 2804 5469 νειι.
2837 5413 3004 5469 Corb.
3035 5421 3092 5467 et
3128 5412 3249 5466 aliis
3282 5412 3560 5484 nonnullis
3594 5429 3768 5484 repo-

2161 5489 2392 5554 suimus,
2422 5486 2595 5540 Maria
2620 5487 2673 5539 in
2696 5486 2848 5539 domo
2870 5485 3024 5538 seria.
3053 5484 3213 5538 Corb.
3245 5483 3462 5552 quidem
3488 5484 3540 5536 in
3572 5483 3765 5554 glossa

2161 5559 2406 5612 indicans
2429 5556 2712 5626 legendum
2743 5571 2864 5611 esse
2881 5571 3015 5620 sera,
3036 5555 3206 5618 addit,
3230 5555 3284 5608 id
3306 5565 3376 5609 est
3397 5556 3566 5621 tarda,
3590 5573 3762 5625 quam

2159 5631 2552 5684 correctionem
2579 5629 2674 5682 alii
2697 5629 2835 5682 forte
2866 5627 3034 5698 secuti
3062 5637 3206 5680 sunt.
3241 5627 3346 5682 Sed
3373 5636 3554 5698 tamen
3580 5631 3766 5698 magis

2158 5700 2354 5766 placet,
2386 5703 2521 5754 seria
2543 5743 2556 5765 ,
2604 5699 2707 5755 hoc
2734 5707 2845 5764 est,
2879 5697 3089 5768 gravis;
3119 5712 3242 5768 nam
3288 5695 3544 5766 gravitati
3586 5695 3763 5755 etiam

2157 5772 2431 5827 contraria
2461 5785 2516 5826 ιιι
2538 5771 2829 5843 plurimum
2857 5767 3111 5825 censetur
3144 5767 3441 5824 festinandi
