3960 6300
202 299 321 356 1561

1162 297 1525 356 Εχροειτιο
1564 297 1824 358 EVANG.
1862 296 2009 356 SEC.
2050 299 2206 359 LUC.
2246 299 2377 358 LIB.
2417 301 2485 360 ll.

3322 308 3345 363 1
3357 308 3464 365 562

192 414 372 485 pignus
402 412 654 484 pignoris.
687 412 810 469 Ista:
840 411 1067 485 gratiam
1110 414 1427 483 loquuntur,
1484 415 1559 470 illi
1610 414 1757 471 intus
1783 430 1838 491 Α
1859 415 2006 472 enim
2027 417 2209 472 anima
2231 417 2429 489 accipit
2453 418 2544 475 Dei
2578 417 2835 486 Verbum,
2863 420 2905 476 si
2922 427 3100 477 tamen
3122 419 3467 480 immaculata

191 513 491 577 operantur,
521 505 841 576 pietatisque
861 505 1180 578 mysterium
1213 505 1478 561 maternis
1503 506 1762 563 adoriun-

192 606 269 654 tur
288 594 641 666 profectibus;
671 596 980 667 duplicique
1007 597 1269 653 miraculo
1290 598 1619 668 prophetam
1645 613 1761 654 ma-

187 698 289 744 tres
327 688 512 758 spiritu
540 688 907 758 parvulorum.
946 688 1258 744 Exsultavit
1305 688 1506 757 infans,
1555 690 1759 760 repleta

186 791 261 836 est
304 790 490 836 mater.
522 779 639 835 Non
695 780 846 851 prius
878 790 1055 837 mater
1094 780 1325 852 repleta,
1367 797 1527 852 quam
1572 781 1756 837 lilius:

184 874 268 930 sed
296 888 412 928 enm
441 873 584 929 ﬁlius
608 883 756 929 esset
785 872 1028 943 repletus
1052 873 1256 942 Spiritu
1284 882 1495 940 sancto,
1527 873 1762 943 replevit

183 981 232 1027 et
268 980 508 1026 matrem.
545 969 852 1024 Exsultavit
879 969 1143 1038 Joannes,
1172 970 1469 1025 exsultavit
1497 980 1552 1026 et
1574 970 1758 1025 Mariae

179 1064 402 1135 spiritus.
455 1063 774 1119 Exsultante
819 1063 1050 1132 Joanne,
1110 1066 1355 1135 repletur
1424 1064 1753 1121 Elizabeth:

180 1156 381 1213 Mariam
439 1164 620 1212 tamen
669 1171 777 1212 non
820 1157 1020 1228 repleri
1065 1156 1294 1228 Spiritu,
1343 1157 1439 1214 sed
1503 1159 1755 1229 spiritum

184 1249 289 1320 ejus
334 1248 611 1305 exsultare
678 1250 1041 1321 cognovimus
1084 1266 1099 1315 ;
1185 1249 1757 1322 incomprehensibilis

179 1343 304 1399 enim
372 1342 1001 1414 incomprehensibiliter
1068 1344 1397 1415 operabatur
1445 1344 1499 1399 in
1555 1353 1751 1400 matre.

179 1436 234 1491 Et
277 1437 363 1493 illa
402 1447 526 1506 post
547 1447 876 1509 conceptum
933 1439 1195 1509 repletur,
1216 1440 1316 1495 ista
1358 1448 1486 1496 ante
1512 1453 1753 1508 concep-

233 1622 402 1694 (Vers.
424 1625 521 1694 42,
550 1623 672 1698 43.)
694 1624 975 1681 Benedicta
1004 1634 1059 1680 tu
1081 1626 1218 1681 inter
1246 1625 1509 1692 mulieres,
1534 1636 1582 1681 et
1604 1628 1752 1683 bene-

172 1716 319 1773 dictus
343 1721 543 1790 [ructus
573 1722 763 1774 ventris
797 1720 891 1774 tui.
935 1718 1004 1774 Et
1034 1719 1173 1775 unde
1200 1718 1299 1775 hoc
1326 1719 1455 1774 milii
1502 1730 1558 1775 ut
1584 1721 1753 1776 veniat

174 1820 313 1866 mater
338 1811 554 1867 Domini
585 1814 685 1869 mei
710 1814 780 1868 ad
808 1829 890 1869 me
906 1814 932 1868 ?

228 1904 311 1958 24.
339 1904 509 1961 Novit
554 1922 868 1963 sermonem
899 1922 1058 1962 suum
1088 1906 1326 1978 Spiritus
1354 1918 1600 1975 sanctus,
1649 1922 1751 1963 nec

172 2010 401 2064 umquam
414 1996 785 2053 obliviscitur.
809 1998 877 2054 Et
907 1998 1193 2069 prophetia
1219 2014 1326 2056 non
1357 2001 1536 2055 solum
1566 2016 1747 2056 rerum

169 2089 447 2157 completur
502 2091 802 2156 miraculis,
854 2090 950 2147 sed
982 2091 1146 2147 etiam
1180 2092 1516 2163 proprietate
1554 2091 1752 2148 verbo—

170 2195 304 2237 rum.
328 2181 456 2249 Quis
510 2192 598 2239 est
651 2184 753 2239 iste
779 2182 990 2240 fructus
1021 2187 1248 2252 ventris,
1284 2187 1385 2241 nisi
1419 2185 1511 2241 ille
1543 2185 1612 2242 de
1642 2200 1751 2257 quo

169 2271 348 2329 dictum
373 2282 459 2329 est
474 2290 497 2328 :
522 2272 657 2330 Ecce
679 2275 958 2331 hwreditns
980 2274 1192 2332 Domini
1213 2278 1332 2347 lilii,
1346 2294 1536 2333 merces
1550 2282 1751 2349 fructus

168 2367 334 2422 ventris
353 2365 535 2440 (Psal.
553 2382 737 2432 cxxvr.
754 2367 837 2441 '5)?
857 2368 968 2423 Hoc
980 2378 1085 2436 est,
1112 2368 1402 2425 hmreditas
1414 2370 1629 2426 Domini
1654 2367 1749 2423 lilii

171 2460 389 2530 sunt,qui
412 2474 637 2516 merces
651 2459 1547 2534 suntfruclnsnllius,qnideMariae
1561 2470 1751 2517 ventre

169 2551 425 2617 processit.
451 2552 579 2621 Ipse
604 2551 813 2608 fructus
830 2553 1035 2609 ventris
1062 2564 1165 2617 est,
1192 2554 1295 2610 ﬂos
1315 2555 1530 2621 radicis,
1548 2554 1615 2609 de
1642 2569 1751 2625 quo

168 2638 290 2697 bene
306 2646 663 2713 prepltetavit
679 2645 873 2701 Esaias
891 2646 1083 2701 dicens
1107 2663 1121 2700 :
1147 2646 1300 2701 Exiet
1322 2648 1465 2718 virga
1484 2647 1548 2701 de
1576 2646 1753 2700 radice

158 2731 311 2803 Jesse,
334 2746 381 2791 et
404 2740 590 2808 ﬂosea;
613 2740 791 2794 radice
814 2744 930 2815 ejus
945 2742 1187 2796 ascendet
1212 2741 1382 2813 (Esai.
1419 2741 1579 2815 xt,i);
1598 2742 1750 2797 radix

166 2828 291 2883 enim
316 2840 398 2886 est
432 2831 646 2887 familia
669 2832 1008 2903 Judaeorutn,
1028 2836 1179 2905 virga
1210 2833 1374 2890 Maria
1398 2876 1414 2903 ,
1442 2835 1540 2890 llos
1566 2834 1751 2889 Maria:

165 2918 390 2978 Christus
419 2940 432 2977 :
461 2926 562 2994 qui
591 2925 759 2981 veluti
792 2926 947 2981 bona:
973 2925 1189 2981 arboris
1212 2925 1415 2981 fructus
1431 2942 1528 2995 pro
1550 2936 1750 2981 nostrae

166 3010 353 3069 virtutis
369 3030 641 3085 processu
665 3033 805 3074 nunc
823 3017 1154 3086 lloret,uunc
1180 3018 1470 3074 fructiﬁcat
1492 3019 1543 3073 in
1569 3018 1747 3086 nobis,

167 3119 291 3162 nunc
314 3109 567 3165 rediviva
589 3111 839 3181 corporis
863 3111 1268 3168 resurrectione
1294 3122 1632 3181 reparatur.-

226 3199 285 3254 Et
304 3203 434 3258 unde
462 3202 569 3258 hoc
592 3205 738 3270 milii,
757 3214 814 3258 ut
836 3204 1007 3259 veniat
1028 3215 1188 3261 mater
1202 3203 1415 3260 Domini
1442 3206 1539 3261 mei
1555 3204 1625 3258 ad
1643 3206 1750 3260 me?
1776 3225 1821 3291 ρ

229 3300 427 3372 1290
462 3300 565 3357 25.
602 3299 716 3356 Non
746 3301 897 3371 quasi
946 3301 1200 3371 ignorans
1244 3301 1415 3367 dicit;
1465 3302 1568 3357 scit
1601 3301 1746 3357 enim

161 3404 268 3447 esse
292 3394 528 3464 Spiritus
558 3394 734 3449 sancti
764 3394 994 3464 gratiam
1026 3402 1082 3450 ct
1112 3394 1505 3465 operationem,
1536 3404 1594 3449 ut
1636 3408 1746 3448 ma-

163 3494 233 3542 ter
263 3488 548 3560 Pmphetae
579 3506 609 3544 a
642 3500 818 3546 matre
850 3490 1066 3546 Domini
1117 3491 1183 3546 ad
1222 3490 1524 3562 profectum
1555 3490 1637 3546 sui
1667 3490 1747 3561 pi-

160 3584 322 3649 gnoris
341 3584 655 3639 salutetur:
688 3583 784 3639 sed
805 3584 961 3654 quasi
993 3599 1099 3639 non
1143 3585 1359 3640 humani
1385 3584 1487 3641 hoc
1525 3585 1742 3653 meriti,

159 3673 240 3730 sed
260 3675 448 3733 divinae
492 3677 689 3748 gratia:
715 3693 911 3733 munus
939 3692 1063 3733 esse
1096 3686 1427 3748 cognoscat,
1459 3677 1532 3731 ita
1565 3676 1696 3731 dicit
1730 3693 1743 3729 :

165 3762 292 3822 Unde
349 3771 446 3823 hoc
506 3766 677 3822 mihi?
702 3767 814 3824 Hoc
857 3777 961 3834 cst,
994 3778 1303 3840 “quantum
1347 3769 1549 3824 bonum
1611 3767 1745 3823 mihi

157 3859 359 3926 accidit;
389 3866 447 3917 tit
508 3869 683 3917 mater
736 3862 951 3917 Domini
1001 3863 1104 3918 tnei
1155 3862 1338 3917 veniat
1378 3862 1445 3917 ad
1471 3861 1744 3917 me?Non

158 3965 403 4023 cognosco
459 3971 670 4011 meum.
738 3955 891 4011 Unde
954 3956 1051 4011 Itoc
1106 3958 1265 4018 mihi.
1335 3972 1439 4029 qua
1480 3957 1689 4027 iustitia
1725 3998 1741 4025 ,

159 4045 333 4115 quibus
361 4048 547 4115 factis,
579 4065 678 4119 pro
732 4050 930 4120 quibus
981 4051 1224 4105 meritis?
1251 4050 1367 4106 Non
1398 4051 1594 4106 usitata
1628 4050 1744 4106 haec

157 4135 312 4193 officia
365 4141 699 4198 feminarum
749 4152 916 4198 sunt:
978 4141 1047 4198 Ut
1094 4144 1258 4198 ueniat
1314 4154 1477 4197 mater
1530 4139 1746 4198 Domini

158 4231 239 4285 mei
264 4236 327 4288 ad
361 4252 463 4292 me.
504 4235 820 4291 Miraculum
852 4236 1059 4303 sentio,
1090 4251 1361 4308 cognosco
1381 4238 1699 4308 mysterium
1725 4252 1740 4291 :

157 4334 309 4382 mater
330 4329 552 4385 Domini
590 4329 766 4385 Verbo
791 4329 945 4397 foeta,
976 4330 1087 4385 Deo
1114 4330 1273 4400 plena
1299 4340 1404 4385 est.

218 4416 389 4489 (Vers.
413 4421 512 4485 44,
542 4420 661 4492 45.)
683 4421 812 4475 Ecce
835 4422 972 4476 enim
1001 4432 1058 4475 ut
1087 4421 1228 4493 facta
1251 4431 1322 4476 est
1343 4437 1444 4476 vox
1471 4420 1745 4476 salutatio-

158 4509 225 4562 nis
251 4522 345 4566 tute
369 4513 427 4567 in
473 4513 693 4568 auribus
740 4514 887 4579 meis,
920 4513 1193 4568 exsultavit
1235 4511 1428 4584 gaudio
1469 4513 1645 4585 infans
1690 4513 1744 4567 in

160 4611 285 4657 utero
308 4623 421 4661 meo
454 4624 473 4662 :
505 4617 552 4663 et
583 4606 733 4662 beata
755 4623 870 4678 quia
898 4608 1184 4662 credidisti.

216 4694 300 4752 26.
325 4698 494 4755 Vides
531 4714 640 4755 non
683 4699 961 4755 dubitasse
997 4698 1242 4764 Mariam,
1284 4699 1377 4754 sed
1405 4699 1742 4765 credidisse;

156 4793 206 4839 et
230 4786 341 4843 ideo
367 4788 606 4845 fructum
639 4790 769 4847 fidei
798 4800 1165 4847 consecutam.
1193 4790 1377 4857 Beata,
1404 4792 1600 4863 inquit,
1631 4809 1745 4863 qua:

156 4880 535 4939 credidisti.Sed
565 4893 620 4939 et
648 4883 930 4954 vosbeati,
949 4883 1307 4951 quiaudistis,
1329 4893 1384 4940 et
1409 4883 1737 4945 credidistis:

158 4985 491 5048 quacumque
560 4976 708 5035 enim
761 4978 1055 5035 crediderit
1098 4979 1276 5033 anima
1334 4978 1646 5048 etconcipit
1685 4988 1735 5035 et

156 5078 365 5133 generat
418 5071 509 5126 Dei
563 5071 821 5138 Verbum,
878 5080 934 5127 et
969 5087 1135 5142 opera
1169 5071 1288 5142 ejus
1331 5073 1599 5143 agnoscit.
1654 5072 1740 5126 Sit

160 5156 206 5212 in
233 5162 456 5233 singulis
481 5164 660 5221 Mariae
692 5165 892 5227 animo,
926 5174 982 5220 ut
1007 5165 1609 5237 tnaguiiicetDominum
1631 5181 1644 5218 :
1670 5164 1741 5219 sit

158 5248 204 5304 in
227 5253 448 5326 singulis
478 5257 703 5330 spiritus
733 5256 936 5324 Mariae,
966 5266 1025 5312 ut
1046 5258 1287 5313 exsultet
1314 5256 1368 5312 in
1391 5256 1526 5313 Deo.
1558 5256 1615 5312 Si
1648 5270 1737 5311 se-

158 5346 373 5403 cundum
421 5365 640 5407 carnem
680 5365 784 5405 una
819 5359 997 5406 mater
1026 5360 1112 5406 est
1162 5348 1397 5415 Christi;
1438 5348 1739 5406 secundum

159 5434 304 5495 iidem
329 5450 504 5499 tamen
554 5444 800 5499 omnium
855 5441 1063 5498 fructus
1113 5451 1198 5499 est
1229 5440 1500 5498 Christus.
1550 5441 1742 5497 Omnis

162 5611 248 5726 di:-
274 5603 415 5726 ξιξ-ι.
445 5607 605 5667 Rom.
641 5610 780 5677 sola,
832 5625 935 5681 quo
973 5617 1173 5664 tantum
1199 5608 1391 5664 bonum
1434 5605 1560 5661 mihi
1594 5605 1731 5659 acci.

194 5690 208 5724 ι

211 5687 654 5831 gggit‘omnes}
688 5752 797 5831 Sed
817 5750 1165 5831 .Maritg‘auo.
1196 5752 1326 5831 Mss.
1355 5749 1564 5831 aliquot
1594 5766 1606 5801 :
1641 5747 1739 5831 Se-

158 5815 316 5883 Μιυτ
338 5820 473 5878 enim
500 5831 553 5879 ιιι
584 5820 793 5894 llari'te,
816 5822 938 5895 quo.
971 5813 1096 5893 lilii,
1128 5816 1219 5894 qui
1250 5821 1304 5879 et
1336 5813 1581 5879 melioris
1605 5828 1735 5875 tcta-

1861 519 1919 566 et
1952 512 2256 567 immnnisa
2286 511 2456 581 vitiis,
2487 513 2815 571 intemerato
2840 516 3224 573 castimoniam
3258 517 3467 589 pudore

1860 607 2150 662 custodiat.

1930 723 2023 779 27.
2054 714 2431 796 Quarcumque'
2462 725 2625 797 igitur
2653 725 2779 782 talis
2825 741 2948 783 esse
2986 727 3223 798 potuerit
3260 727 3462 796 anima,

1860 815 2172 888 magniﬁcat
2195 816 2510 881 Dominum,
2540 816 2682 873 sicut
2718 814 2899 872 anima
2929 818 3114 874 Maria:
3152 818 3465 889 magniﬁca-

1860 910 1938 965 vit
1968 910 2277 974 Dominum,
2306 919 2363 966 et
2391 911 2686 967 exsultavit
2715 911 2941 981 spiritus
2966 912 3085 982 ejus
3115 912 3170 968 in
3184 913 3299 969 Deo
3320 913 3469 969 salu—

1860 1004 1985 1058 tari.
2013 1003 2391 1074 Magniﬁcatur
2411 1005 2556 1060 enim
2585 1005 2871 1071 Dominus,
2903 1004 3043 1060 sicut
3065 1014 3120 1061 et
3141 1005 3267 1061 alibi
3296 1006 3463 1076 legis:

1860 1094 2195 1168 Magniﬁcate
2220 1095 2503 1150 Dominum
2536 1112 2735 1151 mecum
2766 1094 2941 1168 (Psal.
2972 1112 3164 1161 xxxiii,
3197 1098 3326 1168 44);
3359 1112 3466 1154 non

1858 1190 2004 1261 quod
2048 1190 2279 1246 Domino
2315 1188 2519 1259 aliquid
2552 1188 2788 1245 humana
2838 1204 2970 1246 voce
3012 1191 3185 1259 possit
3221 1191 3466 1261 adjungi,

1858 1283 1953 1338 sed
1998 1281 2125 1353 quia
2176 1282 2555 1353 magniticatur
2599 1282 2654 1337 in
2708 1281 2889 1337 nobis.
2938 1282 3122 1352 Imago
3173 1282 3318 1337 enim
3371 1282 3467 1339 Dei

1857 1378 2114 1435 Christus
2158 1386 2279 1446 est;
2309 1387 2365 1434 et
2402 1377 2526 1434 ideo
2569 1377 2615 1432 si
2659 1376 2789 1447 quid
2816 1376 3022 1447 justum
3071 1375 3263 1432 fecerit
3287 1376 3466 1432 anima

1858 1479 1951 1527 aut
1978 1471 2318 1543 religiosum,
2346 1468 2498 1525 illam
2528 1470 2817 1539 imaginem
2853 1469 2969 1536 Dei,
3002 1467 3071 1524 ad
3097 1467 3253 1539 cujus
3281 1477 3366 1524 est
3390 1468 3466 1523 si-

1857 1563 2223 1621 militudinem
2252 1572 2461 1629 creata,
2497 1560 2830 1632 magniﬁcat.
2865 1561 2932 1616 Et
2954 1560 3075 1616 ideo
3102 1560 3230 1616 dum
3260 1559 3466 1630 magni-

1859 1655 1986 1712 ﬁcat
2029 1671 2178 1723 eum,
2228 1653 2618 1725 magnitudinis
2635 1654 2754 1723 ejus
2784 1652 3015 1723 quadam
3047 1651 3466 1723 participatione

1857 1748 2143 1806 sublimior
2200 1747 2293 1812 iit;
2346 1756 2407 1801 ut
2476 1745 2622 1800 illam
2694 1744 2982 1815 imaginem
3027 1742 3314 1814 splendido
3362 1741 3462 1797 bo-

1782 1840 1830 1900 B
1858 1862 2051 1903 norum
2124 1845 2309 1900 colore
2361 1843 2667 1907 factorum,
2709 1851 2766 1897 et
2811 1839 3042 1912 quadam
3111 1837 3464 1894 aemulatione

1852 1939 2066 1993 virtutis
2109 1938 2161 1991 in
2218 1950 2278 1991 se
2324 1934 2570 1989 videatur
2610 1932 2937 2002 exprimere.
2994 1928 3304 2000 Magnificat
3363 1943 3462 1983 au-

1854 2041 1962 2086 tem
2003 2030 2185 2084 anima
2237 2027 2420 2083 Mariae
2480 2025 2789 2090 Dominum,
2838 2034 2894 2080 et
2950 2023 3186 2079 exsultat
3238 2022 3466 2092 spiritus

1852 2122 1972 2193 ejus
1998 2121 2050 2176 in
2065 2121 2215 2184 Deo;
2244 2133 2311 2174 eo
2323 2118 2466 2188 quod
2481 2126 2532 2171 et
2550 2119 2733 2171 anima
2759 2124 2815 2171 et
2836 2114 3030 2186 spiritu
3051 2114 3196 2170 Patri
3214 2111 3465 2182 Filioque

1852 2214 2072 2283 devota,
2109 2229 2278 2269 unum
2302 2212 2472 2267 Deum
2518 2226 2586 2267 ex
2612 2226 2720 2281 quo
2752 2209 2932 2264 omnia
2957 2250 2972 2275 ,
3003 2216 3060 2263 et
3082 2222 3249 2263 unum
3276 2206 3465 2261 Domi-

1854 2325 1981 2366 num
2008 2324 2101 2379 per
2124 2322 2285 2378 quem
2317 2305 2522 2372 omnia,
2552 2304 2641 2375 pio
2671 2311 2965 2359 veneretur
2991 2300 3210 2357 aﬂectu.

1923 2427 2015 2483 28.
2062 2424 2091 2464 ιι
2126 2425 2385 2497 Sequitur
2431 2422 2636 2486 Maria),
2692 2436 2800 2492 quo
2843 2434 3079 2493 persona
3131 2417 3345 2482 melior,
3393 2429 3462 2471 eo

1853 2518 2137 2591 prophetia
2164 2518 2398 2587 plenior.
2426 2515 2537 2571 Nec
2569 2516 2805 2571 otiosum
2836 2511 3051 2567 videtur
3077 2509 3220 2578 quod
3250 2517 3305 2563 et
3336 2518 3462 2565 ante

1852 2609 2118 2667 Joannem
2150 2606 2433 2663 Elizabetb
2462 2604 2776 2676 prophetat.
2809 2612 2864 2657 et
2894 2601 3059 2658 Maria
3088 2608 3218 2657 ante
3247 2600 3460 2656 Domini

1853 2702 2297 2773 generationem;
2327 2706 2553 2767 serpunt
2576 2696 2723 2750 enim
2758 2694 2868 2765 jam
2902 2702 3231 2749 tentamcnta
3266 2691 3463 2747 salutis

1854 2795 2131 2851 humanae.
2174 2791 2308 2847 Nam
2351 2791 2491 2845 sicut
2534 2797 2814 2859 peccatum
2846 2802 2876 2841 a
2907 2784 3229 2842 mulieribus
3252 2786 3460 2854 cmpit:

1854 2887 1928 2943 ita
1955 2884 2120 2941 etiam
2152 2884 2294 2938 bona
2324 2896 2353 2935 a
2386 2879 2708 2936 mulieribus
2746 2877 3109 2940 inchoantur;
3151 2886 3210 2931 ut
3242 2874 3460 2932 feminae

1853 2991 2071 3047 quoque
2099 2973 2388 3031 muliebria
2434 2986 2599 3042 opera
2628 2971 2985 3041 deponentes,
3031 2967 3333 3023 infirmitati
3378 2982 3464 3023 rc-

1854 3069 2142 3125 nuntient:
2176 3075 2232 3122 et
2254 3065 2437 3120 anima
2474 3079 2596 3135 qua:
2630 3078 2735 3116 non
2769 3060 2935 3117 habet
2959 3075 3171 3124 sexum,
3212 3068 3272 3113 ut
3298 3057 3462 3113 Maria

1854 3178 1976 3234 qua:
2006 3160 2181 3217 nescit
2214 3174 2486 3225 errorem,
2519 3156 2774 3229 religioso
2802 3153 3045 3210 imitetur
3090 3151 3273 3209 studio
3298 3152 3463 3207 casti-

1855 3266 2043 3313 tatem.

1924 3370 2106 3443 (νει-ε.
2136 3366 2254 3437 56.)
2286 3365 2482 3421 Mansit
2505 3375 2675 3419 autem
2707 3361 2883 3416 Maria
2923 3375 3039 3414 cum
3080 3358 3174 3414 illa
3202 3354 3461 3411 mensibus

1852 3465 2017 3520 tribus
2048 3479 2067 3518 :
2095 3472 2144 3517 et
2171 3477 2374 3516 reversa
2397 3470 2473 3513 est
2499 3458 2551 3512 in
2585 3455 2794 3510 domum
2823 3470 2993 3508 suam.

1927 3577 2137 3649 1291
2163 3574 2258 3631 29.
2290 3573 2435 3629 Bene
2465 3569 2739 3627 inducitur
2770 3575 2955 3622 sancta
2993 3564 3185 3629 Maria,
3215 3570 3270 3618 et
3300 3560 3457 3617 exlti-

1848 3667 2033 3723 buisse
2059 3666 2324 3731 ofﬁcium,
2360 3675 2381 3701 ο
2414 3670 2470 3718 et
2494 3662 2784 3734 mysticum
2817 3670 3102 3712 numerum
3133 3653 3455 3709 custodisse.

1848 3760 1967 3817 Non
2009 3759 2154 3815 enim
2204 3758 2320 3813 sola
2375 3752 2763 3810 familiaritatis
2808 3758 2895 3805 est
2942 3761 3102 3802 causa
3160 3743 3308 3816 quod
3362 3743 3455 3797 ditt

1847 3853 2063 3916 mansit,
2098 3849 2196 3906 sed
2229 3848 2393 3904 etiam
2428 3845 2561 3901 tanti
2588 3844 2729 3897 vatis
2773 3840 3070 3910 profectus.
3104 3837 3236 3893 Nam
3271 3836 3317 3889 si
3351 3835 3460 3904 pri-

1848 3945 2204 4014 ntoingressu
2237 3950 2418 3995 tantus
2436 3948 2724 4007 processus
2753 3932 2968 3997 extitit;
2993 3940 3051 3984 ut
3078 3928 3145 3983 ad
3176 3926 3457 3983 salutatio-

1847 4053 1974 4094 nem
2015 4034 2198 4091 Marioe
2245 4030 2547 4089 exsultaret
2595 4024 2773 4082 infans
2820 4025 2875 4080 in
2926 4033 3102 4088 utero,
3156 4020 3457 4092 repleretur

1846 4131 2052 4200 Spiritu
2077 4135 2270 4183 sancto
2293 4133 2465 4180 mater
2487 4121 2711 4176 infantis
2740 4137 2753 4172 :
2786 4126 3046 4188 quantum
3080 4123 3334 4186 putamus
3358 4126 3456 4167 usu

1849 4222 1983 4279 tanti
2015 4219 2280 4291 temporis
2303 4225 2508 4272 sancta:
2545 4212 2727 4268 Mariae
2756 4207 3032 4264 addidisse
3065 4202 3408 4274 praesentiam
3436 4202 3460 4256 ?

1850 4315 2048 4373 Mansit
2084 4325 2253 4369 autem
2291 4310 2464 4366 Maria
2502 4323 2617 4362 cum
2652 4305 2747 4360 illa
2770 4302 3027 4357 mensibus
3053 4299 3239 4354 tribus.
3269 4295 3455 4367 Unge-

1848 4396 2010 4467 batur
2040 4410 2245 4480 itaque,
2276 4415 2331 4463 et
2359 4403 2513 4476 quasi
2545 4404 2717 4457 bonus
2743 4398 2950 4453 athleta
2990 4391 3353 4450 exercebatur
3400 4392 3454 4443 in

1848 4513 2007 4562 utero
2035 4479 2226 4559 matris
2257 4499 2556 4571 propheta;
2589 4492 2926 4562 amplissimo
2962 4486 3107 4541 enim
3138 4483 3309 4538 virtus
3335 4479 3457 4550 ejus

1769 4614 1824 4675 Ῑ)
1849 4598 2132 4657 certamini
2165 4593 2477 4666 parabatur.
2514 4587 2763 4655 Denique
2791 4579 2995 4637 tamdiu
3034 4576 3237 4675 mansit
3266 4571 3451 4675 Maria,

1850 4691 2108 4764 quamdiu
2156 4684 2434 4743 Elizabeth
2469 4677 2712 4753 pariendi
2748 4688 2963 4745 tempus
2994 4671 3265 4741 impleret.
3297 4666 3452 4770 Quod

1846 4787 1893 4841 si
1924 4784 2215 4853 diligenter
2243 4778 2522 4839 advertas,
2563 4770 2808 4827 invenies
2849 4766 2953 4820 hoc
2998 4773 3263 4853 nusquam
3311 4766 3456 4853 posis

1846 4889 1982 4942 tum,
2014 4849 2123 4933 nisi
2154 4876 2209 4929 in
2239 4868 2597 4943 generatione
2631 4863 2928 4935 justorum.
2971 4855 3212 4924 Denique
3241 4849 3451 4922 impleti

1840 4983 1969 5028 sunt
1995 4971 2131 5034 dies,
2177 4976 2236 5021 ut
2267 4972 2482 5035 pareret
2517 4957 2678 5014 Maria
2718 4972 2732 5010 :
2769 4950 3051 5021 impletum
3097 4952 3181 5001 est
3211 4951 3446 5023 tempus,

1846 5076 1904 5123 ut
1951 5069 2170 5136 pareret
2215 5052 2497 5113 Elizaheth
2544 5068 2560 5110 ;
2600 5046 2888 5136 impletum
2922 5050 3008 5136 est
3035 5039 3448 5136 vitat‘tetnpus,

1844 5129 1969 5216 cuni
1997 5153 2170 5211 sancti
2202 5150 2302 5206 viri
2351 5162 2415 5203 ex
2449 5144 2551 5199 hoc
2580 5142 2705 5197 vitm
2752 5133 3020 5193 curriculo
3052 5129 3444 5198 demigrarunt.

1849 5246 2250 5307 Plenitudinem
2290 5239 2423 5311 juSti
2466 5237 2578 5291 vita
2627 5231 2811 5293 habet,
2856 5228 3049 5282 inanes
3098 5228 3280 5276 autem
3331 5217 3449 5272 dies

1843 5350 1974 5401 sunt
2000 5337 2311 5410 impiorum.

1919 5436 2010 5492 50.
2040 5401 2265 5501 Peperit
2307 5440 2442 5498 ergo
2473 5421 2641 5478 filium
2672 5412 2983 5479 Elizabcth,
3015 5418 3071 5466 et
3099 5401 3442 5477 congratula-

1837 5602 1909 5658 tis
1935 5618 1949 5658 :
1982 5596 2226 5665 Sequitur
2255 5590 2460 5665 Mariis,
2495 5600 2619 5665 qu_o,
2647 5591 2781 5665 etc.,
2816 5586 2873 5633 ut
2903 5574 3314 5665 nos
3345 5603 3373 5665 Σ

1915 5647 1949 5712 ε’
1971 5647 2360 5727 Ᾰίὶῖἱιιίεοόρχ
2404 5678 2418 5715 :
2449 5647 2519 5713 ἀι’
2552 5647 2792 5727 implesse
2817 5647 3159 5727 mysteriunt‘;
3187 5653 3239 5696 ut
3266 5650 3440 5727 etlpa-

2260 5713 2567 5813 parientem
2605 5713 2692 5781 vel
2725 5713 3141 5813 parturientem)
3167 5729 3270 5772 non
3299 5713 3442 5767 dese-

1839 5795 2376 5883 ié'r'éi,‘ez‘myméunt
2397 5814 2662 5860 numerum
2685 5795 2981 5853 custodiret.
