3960 6362
511 284 534 340 1
547 282 652 340 565

1865 287 2109 364 sanari
2147 306 2470 371 snaaosu

3671 335 3792 397 158$

507 399 704 456 bantur
729 410 755 439 α
783 403 967 461 vicini.
1004 407 1175 464 llabet
1203 421 1512 470 sanctorum
1536 416 1703 474 editio
1726 420 1964 477 lmtitiam
1991 424 2108 493 plu-
2133 430 2180 490 Α
2280 428 2372 484 5⁸1.
2401 431 2465 484 Et
2490 430 2630 489 bene
2661 434 2881 491 additur
2898 437 3022 509 quia
3050 455 3212 498 nemo
3247 444 3300 499 in
3339 450 3667 518 cognatione
3692 455 3796 521 ejus

506 497 789 563 rimorum,
823 503 944 569 quia
991 515 1282 561 counnuno
1328 517 1412 563 est
1455 511 1686 578 bonum;
1717 517 1926 584 justitia
1959 519 2102 574 enim

507 592 814 645 communis
865 603 949 649 est
980 596 1168 654 virtus.
1207 598 1273 655 Et
1315 601 1438 658 ideo
1480 604 1533 660 in
1571 619 1692 662 ortu
1718 609 1874 679 justi,
1911 611 2106 670 futura:

507 681 633 735 vitae
659 684 869 752 insigne
898 689 1270 760 prmmittitur,
1303 703 1356 748 et
1385 699 1557 767 gratia
1590 711 1858 760 secutura:
1887 707 2104 763 virtutis

504 775 872 833 exsultatione
906 779 1211 838 vicinorum
1242 787 1620 858 praetigurante
1665 799 1928 865 signatur.
1977 797 2106 855 Pul-

502 864 633 921 chre
659 877 842 923 autem
884 877 1098 944 tempus
1129 892 1238 946 quo
1266 878 1365 934 fuit
1401 883 1451 937 in
1500 893 1653 940 utero
1684 887 1978 960 Propheta,
2010 893 2104 950 de-

501 958 797 1027 scribitur;
833 978 898 1018 ne
926 965 1108 1022 Maria:
1135 973 1426 1038 przt‘sentia
1457 983 1697 1033 taceatur
1725 997 1738 1033 :
1769 982 1864 1037 sed
1893 991 2106 1054 tempus

501 1047 528 1086 δ
561 1051 751 1107 siletur
776 1055 1040 1120 infantiae,
1069 1075 1136 1115 eo
1163 1064 1307 1130 quod
1336 1069 1621 1134 praesentia
1653 1072 1883 1141 Domini,
1917 1080 2105 1134 matris

500 1141 553 1195 in
609 1153 762 1199 utero
814 1150 1128 1218 roboratur,
1159 1155 1251 1224 qui
1296 1157 1536 1214 infautim
1573 1162 1960 1235 impedimenta
2004 1185 2104 1226 ne-

500 1234 678 1289 scivit.
713 1236 782 1291 Ει
809 1239 933 1296 ideo
965 1243 1018 1296 in
1047 1243 1347 1317 Evangelia
1379 1250 1513 1306 nihil
1554 1234 1717 1325 super
1753 1273 1819 1313 eo
1852 1259 2104 1332 legimus,

497 1327 600 1382 nisi
624 1337 804 1385 ortum
833 1335 972 1403 ejus,
994 1347 1049 1391 et
1074 1340 1378 1408 oraculum,
1405 1346 1824 1406 exsultationem
1846 1354 1898 1409 in
1923 1366 2102 1426 utero,

499 1436 686 1477 vocem
721 1425 772 1478 in
802 1424 1044 1486 deserto.
1085 1431 1274 1504 Neque
1303 1439 1447 1492 cnim
1475 1441 1634 1496 ullam
1668 1445 1908 1504 infantiae
1935 1453 2106 1508 sensit

500 1522 734 1581 :ctatem,
767 1518 857 1587 qui
889 1535 1051 1592 supra
1081 1536 1352 1595 naturam,
1383 1544 1547 1600 supra
1579 1543 1795 1592 aetatem
1851 1541 1904 1594 in
1949 1553 2103 1601 utero

497 1604 634 1662 situs
673 1612 884 1675 matris.
938 1631 965 1668 a
1007 1632 1262 1674 mensura
1305 1622 1561 1692 perfectae
1599 1631 1762 1700 erepit
1794 1635 1970 1689 anatis
1996 1635 2104 1706 ple-

497 1699 758 1757 nitudinis
790 1715 810 1743 °
837 1703 1060 1764 Christi.

570 1792 751 1864 (Vers.
779 1796 867 1864 60,
897 1799 1016 1873 64.)
1044 1802 1113 1858 Et
1139 1810 1404 1878 respondit
1453 1824 1615 1869 mater
1653 1821 1790 1890 ejus,
1818 1831 1869 1876 et
1913 1823 2046 1879 dicit
2083 1842 2103 1881 :

501 1883 647 1954 Non,
674 1891 764 1943 sed
783 1895 1046 1950 vocabitur
1066 1897 1317 1956 Joannes.
1349 1903 1417 1960 Et
1436 1883 1810 1977 responderunt
1835 1917 1904 1969 ad
1925 1918 2068 1974 illam
2083 1937 2102 1976 :

502 1977 670 2033 Nemo
715 1993 793 2036 est
837 1987 892 2039 in
918 1993 1222 2059 cognatione
1248 2004 1339 2050 tua
1366 2000 1456 2067 qui
1492 2013 1701 2058 vocetur
1745 2006 1841 2060 hoc
1872 2013 2098 2070 nomine.

495 2069 804 2129 Annuebant
833 2093 954 2148 ergo
985 2084 1123 2152 patri
1148 2089 1282 2158 ejus,
1307 2105 1456 2158 quem
1486 2094 1634 2150 vellet
1664 2101 1838 2155 vocari
1868 2119 2004 2158 eum.
2034 2103 2103 2160 Et

499 2165 698 2235 accepit
724 2170 1027 2238 pugillares.
1060 2186 1106 2228 et
1139 2179 1368 2247 scripsit,
1398 2184 1572 2240 dicens
1604 2204 1622 2242 .'
1649 2187 1881 2247 Joannes
1905 2205 1978 2250 est
2008 2213 2100 2251 no-

496 2271 606 2310 men
635 2260 767 2326 ejus.
799 2260 868 2315 Et
890 2265 1066 2321 mirati
1095 2280 1215 2324 sunt
1243 2289 1440 2332 omnes.
1475 2277 1736 2338 Continuo
1765 2296 1934 2341 autem
1958 2306 2098 2345 reso-

493 2346 602 2401 luta
632 2360 706 2405 est
733 2352 910 2426 lingua
932 2361 1064 2431 ejus,
1097 2373 1144 2416 et
1164 2376 1400 2436 apertum
1431 2381 1502 2425 est
1532 2390 1588 2426 os
1615 2377 1750 2445 ejus,
1781 2387 1828 2432 et
1857 2379 2099 2451 loqueba-

488 2446 574 2492 tur
604 2441 911 2502 benedicens
939 2447 1126 2507 Deum.

557 2531 650 2588 51.
705 2537 841 2592 Mire
891 2555 1113 2598 sanctus
1144 2543 1489 2619 Evangelista
1534 2559 1968 2624 prtemittendum
1998 2581 2095 2636 pu-

485 2625 638 2688 tavit,
669 2627 813 2696 quod
845 2633 1063 2702 plurimi
1093 2637 1352 2697 infantem
1379 2648 1549 2716 patris
1572 2651 1791 2709 nomine
1816 2653 2092 2716 Zachariae

483 2722 871 2790 appellandum
906 2734 1256 2802 putaverint;
1285 2750 1342 2792 ut
1370 2741 1622 2799 advertas
1653 2751 1808 2804 matri
1853 2768 1959 2807 non
1991 2772 2091 2808 no-

485 2827 605 2865 men
656 2815 887 2885 alicujus
937 2822 1286 2893 displicuisse
1332 2833 1642 2903 degeneris,
1673 2840 1768 2895 sed
1808 2841 1858 2898 id
1897 2857 2090 2903 sancto

481 2898 716 2958 infusum
756 2906 957 2978 Spiritu
990 2917 1134 2983 quod
1184 2919 1251 2974 ab
1283 2898 1476 2994 angelo
1507 2898 1638 2984 ante.
1663 2898 2089 2994 Zachariaaﬂfue:

478 3003 562 3047 rat
597 3002 1046 3063 praenuntiatum.
1106 3008 1174 3062 Et
1220 3015 1437 3080 quidem
1484 3019 1576 3075 ille
1613 3033 1792 3080 mutus
1833 3027 2085 3087 intimare

479 3089 801 3147 vocabulum
835 3095 928 3149 lilii
963 3100 1211 3171 nequivit
1242 3108 1398 3162 uxori
1443 3128 1456 3163 :
1490 3113 1584 3167 sed
1626 3131 1722 3182 per
1746 3114 2082 3190 prophetiam

477 3179 759 3238 Elizabeth
829 3186 1040 3257 didicit,
1091 3196 1236 3263 quod
1301 3214 1410 3254 non
1468 3179 1798 3261 didicerat'a
1842 3179 2078 3269 marito:

471 3271 702 3330 Joannes
728 3288 820 3343 est,
866 3279 1061 3351 inquit,
1095 3304 1280 3343 nomen
1311 3294 1443 3360 ejus,
1479 3295 1582 3350 hoc
1618 3310 1718 3364 est,
1752 3317 1858 3356 nou
1889 3320 1986 3359 nos
2025 3309 2074 3364 ei

473 3382 669 3423 nomen
722 3371 1078 3444 imponimus,
1125 3383 1212 3450 qui
1240 3383 1352 3453 jant
1384 3399 1411 3438 a
1456 3385 1569 3442 Deo
1601 3405 1799 3448 nomen
1845 3401 2072 3468 accepit.

469 3458 643 3516 Habet
667 3467 988 3522 vocabulum
1019 3475 1231 3548 1292
1249 3494 1401 3533 suum
1427 3483 1569 3550 quod
1591 3488 1935 3557 agnovimus,
1967 3505 2074 3550 non

466 3553 614 3622 quod
634 3554 1136 3625 elegimusﬂabent
1161 3572 1262 3621 hoc
1288 3572 1477 3624 merita
1505 3553 1908 3646 sanciorum,ut
1928 3584 2074 3641 aDeo

466 3663 662 3703 nomen
689 3653 979 3722 accipiant.
1005 3657 1095 3711 Sic
1116 3658 1287 3716 Jacob
1313 3661 1478 3721 Israel
1500 3668 1699 3724 dicitur
1725 3671 1879 3742 (Gen.
1900 3691 2069 3746 xxx",

463 3741 712 3813 ‘28),quia
733 3745 897 3801 Deum
929 3751 1082 3806 vidit.
1101 3753 1192 3808 Sic
1217 3754 1480 3815 Dominus
1503 3772 1690 3818 noster
1709 3741 1868 3822 Jiesus
1891 3741 2069 3826 numi;

463 3843 622 3890 natus
651 3848 757 3907 est,
782 3849 1071 3912 antequam
1108 3854 1294 3902 natus:
1329 3853 1413 3905 cui
1446 3866 1550 3907 nou
1580 3859 1823 3927 angelus,
1850 3863 1944 3917 sed
1968 3865 2070 3918 Pa-

461 3937 544 3982 ter
571 3943 771 3985 nomen
803 3931 1082 4004 imposuit.
1121 3937 1450 3996 Revelabitur
1495 3947 1652 4015 enim,
1703 3950 1895 4021 inquit,
1926 3955 2067 4022 ﬁlius

460 4037 604 4077 meus
634 4021 787 4080 Iesus
814 4043 928 4082 cum
956 4032 1020 4085 iis
1045 4035 1134 4099 qui
1162 4050 1277 4088 cum
1308 4054 1366 4090 eo
1387 4042 1842 4114 jncundabuntur,
1871 4051 1961 4120 qui
1982 4067 2067 4106 re-

461 4113 574 4169 licti
617 4129 738 4172 sunt
776 4122 827 4174 in
870 4125 1019 4176 annis
1059 4127 1471 4200 quadringentis.
1507 4133 1576 4188 Et
1604 4139 1699 4191 erit
1733 4150 1850 4212 post
1895 4160 2064 4201 annos

456 4207 567 4273 Iros,
604 4217 652 4260 et
680 4212 926 4265 morietur
953 4213 1122 4271 Filius
1149 4235 1291 4274 meus
1316 4219 1554 4280 Christus
1595 4207 1821 4288 Iesus...
1856 4245 1904 4288 et
1936 4254 2064 4292 con-

451 4307 674 4354 vertetur
695 4303 939 4358 saeculum
961 4305 1046 4377 (iV
1079 4307 1232 4365 Esdr.
1259 4327 1350 4379 vn,
1376 4314 1591 4390 28-50).
1626 4319 1791 4378 Vides
1812 4329 2056 4398 angelos,

449 4411 569 4466 quae
596 4397 886 4466 audierint,
923 4419 1028 4457 non
1054 4420 1174 4475 qum
1203 4413 1608 4480 usurpaverint,
1636 4419 1910 4474 nuntiare.
1946 4423 2056 4481 Nec

450 4487 665 4543 mireris
695 4492 739 4544 si
774 4508 968 4549 nomen
998 4499 1194 4554 mulier
1214 4503 1359 4571 quod
1387 4519 1496 4560 non
1527 4507 1754 4578 audivit,
1785 4517 2048 4583 asseruit;

445 4584 660 4652 quando
691 4584 929 4656 Spiritus
979 4592 1027 4647 ei
1059 4606 1276 4652 saueius
1303 4600 1394 4667 qtti
1433 4600 1644 4672 Angelo
1672 4601 2047 4680 mandaverat,

445 4673 725 4731 revelavit.
763 4679 944 4752 Neque
983 4695 1194 4753 poterat
1235 4689 1446 4747 Domini
1505 4695 1758 4765 ignorare
1801 4715 2054 4772 praenun-

444 4767 600 4836 tittnt,
628 4787 748 4841 qua:
776 4776 1193 4844 propltetaverat
1223 4780 1521 4841 Christum.

513 4894 538 4922 ιι
565 4885 704 4984 νίςιί
738 4890 887 4954 cod.,
911 4893 1089 4977 vicini.
1110 4894 1182 4984 η
1201 4896 1295 4984 illo
1321 4910 1552 4984 tempore
1566 4905 1845 4984 ⁸Ειίιαιι-εζιῇ
1869 4909 2053 4984 imple-

440 4965 547 5010 tum
573 4969 649 5013 est
675 4969 876 5032 tempus
909 4966 1165 5034 pariendi,
1208 4979 1257 5023 et
1286 4965 1480 5043 peperit
1513 4975 1702 5044 ﬁlium.
1738 4980 1906 5038 Habet

439 5037 659 5095 ctorum,
693 5042 799 5086 etc.

508 5099 536 5138 ι)
569 5101 727 5156 Rom.
752 5105 885 5188 edit.
897 5108 1121 5197 ,nsiletur
1135 5111 1190 5164 in
1197 5113 1398 5194 (antire,
1415 5119 1546 5197 .quia
1565 5122 1814 5197 infantia},
1829 5126 2053 5197 impedi-

433 5177 874 5268 ruentaqne'scivit.
907 5178 1027 5268 Cur.
1049 5177 1227 5236 tamen
1269 5177 1569 5254 interjecta:
1610 5177 1771 5249 voces
1793 5177 2049 5268 jughlen-

435 5254 540 5307 tur,
581 5245 712 5299 nihil
747 5262 922 5301 causa).
950 5260 1052 5305 est.

508 5325 530 5352 α
565 5315 719 5402 pnus
751 5333 782 5373 c
816 5319 1007 5402 Colla”
1042 5322 1254 5402 Christi.
1287 5324 1355 5402 Et
1384 5340 1509 5386 nota
1537 5337 1676 5402 quod
1719 5336 1782 5390 de
1822 5338 2048 5399 Ioannis

432 5386 682 5468 vocabulo
713 5401 823 5468 erat
858 5393 1148 5468 vicinorum
1193 5398 1469 5455 hmsitatio.
1506 5386 1670 5462 Unde"
1695 5386 2043 5468 indubitanter:

432 5459 641 5523 scimus,
675 5462 797 5530 quin
827 5466 979 5549 cujus
1019 5483 1205 5549 nomen
1225 5473 1433 5549 langelo
1471 5482 1742 5532 nuntiante
1771 5483 1823 5534 in
1854 5487 2044 5549 templo

434 5541 740 5619 coquo'verat
766 5535 1001 5619 ejusdem
1018 5535 1333 5619 vocabulum
1354 5548 1572 5619 spiritus
1610 5535 2044 5619 prophetiwﬂltili-

438 5600 622 5682 zabeth
665 5600 817 5656 matri
865 5608 1198 5690 revelaverat.
1256 5600 1407 5671 Unde
1450 5600 1816 5690 conquerentes
1844 5622 2044 5695 dicunt,

445 5672 570 5749 quia
614 5689 762 5762 nlr‘nto
810 5687 880 5729 est
916 5679 1433 5762 in_.cogutttio~rte_tua
1462 5695 1550 5762 qui
1561 5672 1573 5690 ’
1595 5707 1800 5750 vocetur
1831 5695 1928 5750 hoc
1958 5672 2050 5752 uo:

449 5741 604 5826 mine.
637 5743 703 5798 Et
753 5750 1041 5826 respondit.
1061 5741 1187 5811 'etc.
1812 5769 2052 5826 auctoris

439 5809 626 5889 yetba'
651 5829 812 5906 ("iam
839 5809 1332 5908 'l’ill‘ttph'rauis.“w
1375 5809 1488 5836 Μ’*
1536 5809 1642 5822 ”“’“’
1677 5809 1782 5824 ’“””’
1812 5809 1854 5840 ““ῖ

2212 523 2624 582 vocabaturhoc
2637 529 2877 596 nomine;
2897 541 2953 586 ut
2971 533 3244 604 intelligas
3257 551 3454 595 nomen
3475 556 3584 598 non
3595 549 3796 613 generis

2207 627 2346 681 esse,
2379 616 2473 671 sed
2504 617 2660 673 vatis.
2692 619 2981 679 Zacharias
3002 641 3218 697 quoque
3247 639 3378 684 nutu
3403 634 3794 706 interrogatur,

2208 706 2302 760 sed
2343 710 2466 777 quia
2499 711 2849 770 incredulitas
2895 716 2944 771 ei
2989 717 3207 775 allatum
3239 723 3513 793 eripuerat
3557 737 3613 784 et
3654 731 3797 786 audia

2209 807 2344 865 tum,
2379 801 2521 870 quod
2553 817 2684 858 voce
2711 819 2819 860 non
2846 818 3081 878 poterat,
3111 828 3276 868 manu
3302 826 3358 870 et
3382 816 3584 874 litteris
3608 831 3695 876 est
3722 823 3799 878 lo~

2207 901 2392 958 cutus;
2423 895 2643 964 scripsit
2661 899 2804 953 enim
2834 900 3021 956 dicens
3047 920 3060 956 :
3089 901 3322 962 Joannes
3353 919 3426 963 est
3455 926 3641 965 nomen
3671 918 3796 986 ejus.

2209 984 2277 1039 Et
2302 985 2406 1041 hoc
2433 1001 2631 1044 nomen
2677 1007 2784 1047 non
2824 996 3142 1065 imponitur,
3172 1001 3268 1054 sed
3305 1003 3605 1058 astruitur:
3643 984 3801 1063 nteri-

2210 1088 2368 1151 toque
2397 1085 2658 1140 continuo
2694 1089 2933 1144 resoluta
2964 1100 3048 1145 est
3092 1092 3272 1163 lingua
3313 1095 3461 1164 ejus;
3493 1099 3618 1167 quia
3647 1115 3801 1170 quam

2210 1175 2459 1232 vinxerat
2500 1179 2872 1250 incredulitas,
2914 1183 3052 1239 fides
3080 1187 3263 1242 solvit.
3309 1187 3607 1248 Credamus
3633 1205 3688 1249 et
3714 1210 3804 1252 nos

2208 1267 2390 1338 igitur,
2425 1280 2481 1324 ut
2507 1271 2812 1342 loquamur,
2848 1286 2906 1330 ut
2944 1277 3124 1349 lingua
3151 1291 3334 1338 nostra
3365 1300 3486 1354 qua
3509 1287 3804 1344 ἱηετειιιιιίφ

2209 1364 2333 1417 tatis
2366 1366 2597 1422 vinculis
2624 1378 2710 1423 est
2739 1370 2921 1441 ligata,
2956 1375 3183 1431 rationis
3216 1391 3352 1433 voce
3374 1380 3641 1438 solvatur.
3663 1384 3805 1440 Serio

2210 1454 2399 1513 bamus
2423 1461 2615 1530 spiritu
2643 1466 2925 1535 mysteria,
2948 1469 2992 1521 si
3017 1469 3268 1526 volumus
3287 1473 3436 1543 loqui
3461 1492 3476 1529 :
3505 1476 3804 1536 scribamus

2208 1556 2570 1621 prmuuntium
2601 1557 2803 1613 Christi
2835 1575 2940 1614 non
2993 1562 3047 1616 in
3081 1564 3280 1620 tabulis
3325 1567 3577 1637 lapideis,
3617 1571 3713 1625 sed
3753 1572 3801 1628 itt

2209 1646 2404 1702 tabulis
2434 1650 2614 1704 cordis
2661 1652 2985 1709 carnalibus.
3025 1656 3242 1712 Etenim
3285 1661 3374 1728 qui
3421 1659 3694 1718 Joannem
3730 1664 3804 1719 lo-

2207 1743 2409 1810 quitur,
2443 1743 2718 1800 Christum
2751 1748 3054 1818 prophetat.
3083 1750 3393 1822 Loquamnr
3410 1755 3702 1824 Joannem,
3725 1759 3802 1812 lo-

2208 1848 2437 1902 quamur
2465 1845 2518 1890 et
2562 1835 2858 1906 Christum,
2897 1851 2954 1896 ut
2995 1852 3240 1898 nostrum
3281 1861 3497 1917 quoque
3543 1861 3606 1902 os
3639 1851 3803 1919 possit

2207 1929 2428 1998 aperiri,
2459 1931 2602 2000 quod
2633 1933 2686 1986 in
2714 1934 2998 1989 sacerdote
3030 1945 3179 1991 tanto
3223 1939 3616 1997 irrationabilis
3649 1942 3802 1998 modo

2205 2021 2427 2089 pecudis
2459 2022 2609 2077 frena
2643 2027 2882 2081 nutantis
2913 2027 3039 2084 fidei
3067 2031 3414 2086 coercebant.

2276 2109 2452 2184 (Vers.
2481 2114 2597 2186 67.)
2636 2114 2706 2170 Et
2753 2118 3039 2175 Zacharias
3087 2133 3234 2193 pater
3278 2125 3391 2194 ejus
3441 2126 3690 2199 impletus
3736 2138 3802 2184 est

2205 2204 2412 2276 Spiritu
2438 2219 2637 2274 sancto,
2669 2221 2716 2265 et
2739 2215 3077 2284 prophetabat
3106 2218 3301 2272 dicens.

2275 2297 2365 2352 55.
2405 2299 2534 2354 Vide
2566 2317 2729 2372 quam
2783 2307 2958 2361 bonus
3001 2308 3167 2376 Deus,
3217 2316 3273 2364 et
3319 2310 3497 2366 facilis
3527 2313 3802 2386 indulgere

2201 2393 2445 2459 peccatis
2477 2409 2490 2445 :
2524 2407 2631 2449 non
2661 2396 2838 2452 solum
2877 2400 3054 2454 ablata
3098 2403 3356 2469 restituit,
3389 2405 3482 2459 sed
3532 2407 3702 2462 etiam
3729 2409 3804 2463 in-

2198 2492 2411 2551 sperata
2440 2487 2714 2542 concedit.
2749 2488 2847 2546 Ille
2875 2491 3080 2547 dudum
3113 2503 3293 2549 mutus
3330 2497 3653 2566 prophetat;
3695 2500 3803 2556 haec

2196 2575 2340 2628 enim
2366 2578 2539 2646 gratia
2564 2579 2655 2634 Dei
2686 2584 2940 2650 maxima,
2967 2586 3111 2656 quod
3141 2602 3264 2642 eum
3288 2585 3313 2625 ἀ
3336 2591 3425 2660 qui
3450 2603 3798 2661 negaverant,

2194 2666 2547 2724 confitentur.
2575 2671 2744 2728 Nemo
2770 2690 2901 2746 ergo
2925 2677 3157 2741 diilidat.
3192 2695 3356 2735 nemo
3396 2691 3647 2739 veterum
3671 2703 3798 2742 con-

2194 2759 2339 2814 scius
2361 2760 2684 2818 delictorum
2731 2769 2952 2836 praemia
2982 2769 3163 2826 divina
3193 2771 3468 2842 desperet.
3503 2774 3671 2830 Novit
3700 2778 3803 2833 Do-

2192 2852 2375 2909 minus
2415 2866 2627 2912 mutare
2653 2863 3004 2929 sententiam,
3052 2865 3097 2918 si
3135 2875 3189 2919 tu
3220 2870 3439 2922 noveris
3499 2871 3799 2928 emendare

2189 2944 2448 3001 dclictttm
2484 2946 2587 3019 (De
2625 2955 2831 3017 paruit,
2856 2953 2980 3010 dist.
3011 2957 3066 3021 1,
3099 2973 3216 3028 cap.
3245 2957 3407 3013 Novit
3436 2959 3751 3035 Dominus).

2257 3039 2435 3109 (Vers.
2468 3043 2580 3114 76.)
2612 3043 2677 3098 Et
2707 3059 2760 3100 tu
2786 3063 2914 3119 puer
2940 3049 3189 3122 prapheta
3218 3054 3476 3108 Altissimi
3515 3059 3795 3115 vocaberis.

2259 3132 2348 3186 54.
2370 3132 2604 3191 Pulchre
2629 3153 2751 3192 cum
2775 3149 2798 3176 θ
2821 3140 2889 3195 de
2915 3143 3144 3198 Domino
3175 3145 3549 3217 prophetaret,
3575 3152 3646 3206 ad
3681 3168 3800 3222 pro-

2107 3264 2148 3322 C
2186 3224 2403 3292 phetam
2445 3242 2541 3283 sua
2576 3233 2738 3288 verba
2769 3238 3072 3304 convertit;
3108 3248 3165 3293 ut
3203 3237 3309 3296 hoc
3337 3256 3559 3314 quoque
3591 3245 3798 3302 benefi-

2182 3315 2322 3369 cium
2351 3333 2475 3374 esse
2497 3321 2712 3376 Domini
2741 3324 3085 3398 designaret;
3119 3348 3186 3387 ne
3199 3349 3320 3390 cum
3339 3337 3552 3408 publica
3567 3351 3798 3395 enimte-

2184 3417 2334 3463 raret
2358 3417 2638 3484 sua,quasi
2659 3417 2901 3488 ingratus
2923 3427 3159 3483 tacuisse
3178 3444 3297 3500 quae
3313 3445 3605 3503 acceperat
3633 3437 3798 3493 bene-

2183 3501 2304 3556 ficia
2338 3506 2641 3576 videretur,
2674 3527 2796 3580 quas
2825 3521 3162 3586 agnoscebat
3186 3526 3239 3578 in
3272 3525 3405 3580 ﬁlio.
3433 3501 3540 3584 Sed
3556 3530 3800 3589 fortasse

2178 3593 2344 3664 aliqui
2373 3599 2528 3666 quasi
2569 3602 3000 3663 irratitmabilem
3031 3616 3229 3671 mentis
3263 3632 3546 3675 excessum
3575 3633 3793 3693 putent,

2176 3687 2321 3754 quod
2351 3698 2475 3743 octo
2501 3690 2712 3748 dierum
2742 3699 3042 3770 alloquitur
3071 3705 3356 3764 infantem.
3400 3711 3607 3769 Verum
3637 3718 3684 3772 si
3717 3727 3795 3773 te-

2177 3792 2404 3834 neamus
2439 3779 2460 3819 ί
2489 3821 2504 3847 ,
2535 3785 2891 3858 intelligimus
2921 3795 3167 3862 profecto
3207 3802 3351 3868 quod
3389 3807 3568 3874 potuit
3600 3819 3795 3866 vocem

2173 3875 2341 3942 patris
2370 3886 2530 3932 natus
2583 3883 2796 3956 1293
2823 3887 3030 3956 audire,
3064 3893 3154 3962 qui
3183 3893 3368 3950 Maria:
3395 3899 3793 3959 Salutationem

2171 3979 2462 4043 antequam
2533 3992 2873 4046 nasceretur,
2945 3987 3172 4044 audivit.
3245 3989 3462 4047 Sciebat
3515 3998 3795 4068 propheta

2167 4063 2303 4120 alias
2372 4083 2498 4126 esse
2575 4086 2737 4129 aures
2785 4077 3066 4148 prophetae
3100 4119 3116 4148 ,
3170 4099 3291 4152 quas
3361 4063 3572 4157 Spil'iltl
3628 4063 3744 4146 '[rei
3775 4133 3791 4160 ,

2167 4171 2274 4212 non
2303 4165 2551 4230 corporis
2578 4173 2738 4222 {etate
2771 4180 3110 4228 reserantur.
3144 4174 3390 4232 Habebat
3437 4181 3793 4254 intelligendi

2163 4262 2408 4319 sensum,
2439 4257 2528 4324 qui
2562 4261 2869 4316 exsultaudi
2912 4263 3142 4320 habebat
3164 4267 3438 4324 atl'ectnm.

2234 4343 2324 4397 55.
2368 4345 2540 4402 Simul
2575 4350 2704 4406 illud
2738 4355 2964 4410 adverte
3013 4373 3174 4426 quam
3225 4363 3411 4430 paucis
3459 4363 3791 4436 Elizabeth,

2159 4449 2324 4503 quam
2351 4440 2536 4494 multis
2564 4441 2857 4502 Zacharias
2883 4450 3195 4518 prophetat;
3227 4463 3282 4507 et
3315 4465 3546 4526 uterque
3588 4470 3792 4515 sancto

2163 4526 2422 4598 impletus
2451 4531 2658 4603 Spiritu
2687 4538 3010 4608 loquebatur
3035 4560 3048 4596 :
3074 4544 3169 4599 sed
3195 4544 3482 4618 disciplina
3503 4561 3791 4617 servatur,

2160 4631 2218 4674 ut
2245 4623 2445 4679 mulier
2473 4627 2688 4684 discere
2742 4635 2913 4702 magis
2941 4650 3064 4705 quae
3109 4635 3289 4691 divina
3321 4651 3484 4705 sunt,
3517 4642 3789 4711 studeat,

2160 4728 2323 4782 quam
2369 4718 2590 4776 docere.
2623 4722 2731 4778 Nec
2761 4723 2924 4780 facile
2957 4728 3120 4782 ullam
3154 4730 3508 4801 pr0p|totasse
3547 4734 3792 4792 uberius

2158 4821 2322 4877 quam
2371 4823 2602 4870 matrem
2655 4817 2870 4873 Domini
2917 4822 3241 4892 reperimus.
3275 4823 3627 4892 PrOphetissa
3661 4829 3790 4898 ipsa

2229 4921 2255 4960 δ
2282 4926 2426 4983 Edit.
2459 4927 2585 4986 Era.
2621 4943 2674 4987 et
2695 4949 2807 5015 seq.
2841 4950 2904 4990 ac
2936 4939 3088 5015 pauci
3123 4953 3278 5015 mss.,
3308 4943 3432 5015 qui;
3459 4943 3548 4996 alii
3584 4945 3790 5015 plures

2154 5009 2303 5077 quem
2333 5013 2629 5077 negaverat,
2657 5005 2951 5077 conﬁtetur.
2983 5011 3205 5067 Amerb.
3232 5005 3284 5066 et
3315 5005 3612 5069 cod'JZorb'.
3647 5035 3785 5076 cum

2156 5067 2276 5156 aliis
2303 5067 2626 5139 pro'batioris
2651 5067 2790 5132 nota:
2811 5119 2840 5156 ,_
2861 5082 2949 5156 qui
2977 5096 3306 5156 negaverant,
3333 5067 3672 5156 conﬁtentur.
3715 5091 3788 5148 Et

2156 5137 2258 5195 hoc
2304 5137 2442 5224 sane
2485 5162 2590 5229 non
2637 5156 2745 5228 tam
2790 5137 2988 5231 dicitur
3025 5137 3092 5208 de
3124 5137 3604 5229 Zaclt:iria,'tjuattt
3653 5162 3784 5231 ejus

2153 5214 3100 5293 occasionemuiversimgcolligitur.

2228 5291 2251 5319 ι’
2275 5283 2410 5365 .Mss.
2443 5286 2633 5356 Corb.,
2665 5283 3069 5367 dedornofalii
3100 5297 3329 5367 aliquot,
3364 5301 3426 5353 de
3454 5301 3616 5354 dono.
3659 5303 3780 5361 Re-

2153 5352 2287 5432 liqui
2324 5372 2471 5432 cum_
2496 5352 2629 5414 ants
2657 5363 2788 5418 edit.
2839 5365 2891 5418 in
2927 5352 3217 5423 lectionem
3254 5352 3494 5425 no'strattt
3527 5386 3783 5432 Consen-

2155 5425 2297 5504 ti_u_ut
2326 5445 2339 5479 :
2373 5430 2475 5484 nisi
2500 5432 2642 5500 quod
2669 5433 2719 5486 iu
2745 5450 2852 5488 uno
2879 5453 2909 5490 e
2936 5436 3056 5492 Vat.
3083 5440 3184 5493 cod
3216 5452 3271 5495 et
3302 5441 3458 5496 Rom.
3493 5425 3779 5504 edit.d-e'-

2155 5494 2483 5581 sideranhtur,
2520 5494 2654 5581 'quie
2690 5516 2966 5581 acceperat
3012 5511 3272 5580 beneficia.
3311 5512 3573 5581 Quaedam
3626 5519 3779 5575 edit.

2156 5565 2325 5622 Paris.
2361 5565 2655 5656 li.ttent_'loci
2690 5565 2848 5656 hujus
2891 5583 2956 5632 ita
2986 5565 3422 5656 imtntitavermit.
3453 5595 3502 5638 et
3528 5603 3652 5656 qua!
3683 5607 3779 5644 ac-

2155 5653 2358 5725 cep'er'at
2383 5643 2645 5713 beneﬁcia,
2677 5648 2932 5702 videretur
2955 5667 3226 5723 agnoscere
3252 5655 3304 5708 in
3332 5643 3465 5725 ﬁlio.

2239 5711 2256 5749 ί
2291 5713 2419 5769 Post
2463 5711 2649 5772 vocem
2683 5711 3109 5805 teneamusﬂton
3147 5728 3298 5797 pauci
3332 5711 3558 5797 'addunt
3602 5748 3772 5805 δηρο-

2157 5782 2334 5854 riora;
2363 5799 2524 5854 unus,
2550 5803 2666 5862 quas
2686 5790 2919 5864 legimus.
2953 5782 2965 5790 ’
3080 5796 3084 5800 “
