3960 6306
230 324 249 377 l
259 317 350 380 565

1146 318 1515 378 EXPOSITIO
1552 316 1811 381 EVANG.
1851 316 1999 381 SEC.
2044 320 2196 382 LUC.
2240 324 2369 383 LIB.
2414 325 2478 384 ll.

3351 332 3491 389 1366

220 437 372 493 Haris
396 448 545 493 soror
573 437 757 494 Aaron
787 453 946 510 quam
973 437 1084 495 cito
1112 440 1306 496 cantici
1338 441 1501 496 verba
1528 443 1795 500 conclusit
1819 454 1873 514 Α
1897 443 2097 501 Christi
2144 456 2427 505 censorem
2447 491 2462 514 ,
2490 449 2578 520 qui
2626 446 2823 507 Christi
2870 458 3134 526 martyres
3184 446 3491 509 ediderunt.

218 532 402 604 (Essent.
433 547 524 599 xv,
552 531 623 587 20
651 544 699 588 et
742 533 870 605 ﬁl)!
905 534 1215 605 Eademque
1261 532 1352 592 ubi
1403 539 1667 607 prolixius
1711 548 1794 594 est

217 626 382 680 luctus
411 634 529 680 cum
555 624 761 694 fratre,
796 642 1138 698 nequaquam
1162 628 1247 683 sui
1278 642 1496 700 pernam
1524 633 1794 689 sermonis

217 717 375 773 evasit
402 714 588 790 (Nam.
619 732 717 784 xu,
749 719 775 774 1
806 727 858 774 et
885 718 1039 791 seq.).

279 808 425 880 (Cap.
454 808 593 864 ll.-—
625 810 780 866 Vers.
817 810 896 883 1.)
922 810 1147 867 Factum
1195 824 1269 869 est
1298 825 1469 871 autem
1488 858 1503 883 ,
1530 815 1585 871 in
1613 817 1793 874 diebus

214 903 311 958 illis
333 904 455 958 exiit
481 903 701 958 edictum
727 922 762 960 a
789 905 991 962 Carere
1021 907 1283 978 Augusto,
1313 917 1368 963 ut
1399 922 1604 965 censum
1633 910 1793 980 proﬁ-

212 1004 386 1050 teretur
409 995 672 1051 universus
704 998 841 1051 orbis
865 1008 1038 1053 term.

275 1086 360 1143 56.
397 1087 476 1143 De
500 1098 625 1143 ortu
652 1089 953 1147 Salvatoris
979 1090 1200 1159 dicturi,
1235 1105 1342 1146 non
1378 1098 1630 1164 putamus
1658 1094 1792 1152 alie—

214 1197 326 1237 num
367 1189 426 1236 ut
465 1197 575 1251 quo
597 1192 756 1238 natus
801 1185 873 1239 sit
917 1194 1195 1256 tempore,
1236 1186 1598 1257 requiramus.
1650 1187 1790 1257 Quid

208 1276 339 1333 enim
368 1274 639 1341 professio
665 1278 1010 1334 saecularium
1038 1279 1105 1335 ad
1135 1283 1547 1351 generationem
1575 1283 1791 1341 Domini

209 1369 525 1441 pertineret,
559 1370 664 1426 nisi
700 1380 757 1425 ut
787 1372 1134 1427 advertamus
1161 1370 1267 1429 hoc
1293 1388 1506 1446 quoque
1544 1374 1788 1432 divinum

205 1477 316 1520 esse
354 1466 707 1533 mysterium;
736 1465 859 1536 quia
890 1467 1015 1521 dum
1048 1466 1317 1538 professio
1364 1468 1644 1526 saecularis
1692 1466 1790 1527 ob-

206 1557 459 1625 tenditur,
526 1558 792 1629 spiritalis
854 1559 1141 1629 impletur,
1192 1576 1300 1617 non
1353 1570 1626 1618 terrarum
1672 1563 1790 1635 regi

202 1651 435 1720 dicenda,
468 1652 573 1708 sed
596 1652 768 1711 malit
799 1660 824 1691 ⁸
857 1654 1132 1711 Professio
1162 1657 1263 1712 ista
1296 1654 1451 1723 fidei,
1482 1668 1679 1713 census
1704 1669 1791 1715 est

202 1747 537 1814 animorum;
566 1747 775 1802 abolito
800 1748 944 1803 enim
987 1748 1289 1821 Synagogte
1333 1762 1501 1807 censu
1540 1763 1781 1824 vetusto,

1895 537 1963 593 Et
1991 539 2112 595 ideo
2158 540 2389 597 fortasse
2419 556 2517 597 nos
2545 540 2801 609 vincunt,
2834 552 2893 599 ut
2931 543 3220 614 przesettlia
3261 540 3494 610 docent,

1893 634 2150 703 quoniam
2193 650 2352 706 quem
2399 635 2478 692 illi
2524 637 2801 694 oblatione
2835 638 3112 707 sanguinis
3154 636 3492 707 fatebantur,

1894 724 2021 781 huic
2045 724 2231 782 Ariani
2260 730 2615 799 qua-stionem
2648 731 2862 801 generis
2891 726 3217 785 inferebant.

1968 817 2149 890 (Vers.
2182 819 2264 890 2.)
2299 819 2448 890 Hac,
2480 822 2675 893 inquit,
2708 822 2963 895 professio
2989 824 3159 893 prima
3186 822 3327 896 facta
3353 830 3448 878 est.

1963 910 2055 967 38.
2098 912 2259 981 Atqui
2311 912 2601 984 plerasque
2646 911 2758 982 jam
2811 920 2994 984 partes
3040 920 3311 969 terrarum
3351 922 3499 986 sirpe

1891 999 2063 1057 fuisse
2108 1002 2410 1074 descriptas
2441 1004 2739 1074 loquuntur
2779 1003 3043 1060 historiae.
3074 1006 3200 1061 Haec
3228 1012 3313 1061 est.
3360 1016 3496 1077 ergo

1893 1091 2210 1163 professiod
2240 1095 2444 1164 prima,
2475 1095 2569 1151 sed
2618 1097 2881 1152 mentium
2919 1114 2932 1151 :
2965 1098 3051 1152 cui
3101 1112 3290 1154 omnes
3330 1099 3495 1170 proti-

1893 1191 2098 1252 tentur,
2125 1186 2252 1256 quia
2282 1186 2467 1242 nullus
2509 1188 2807 1258 excipitur,
2837 1198 2944 1243 n0n
2980 1191 3247 1259 praeonis
3297 1202 3495 1245 evoca-

1892 1279 2073 1344 tione,
2117 1276 2214 1335 sed
2263 1281 2399 1335 vatis
2443 1280 2535 1351 qui
2576 1281 2748 1335 multo
2796 1289 2922 1337 ante
2968 1281 3220 1353 prasdixit
3251 1302 3266 1339 :
3302 1282 3494 1339 Omnes

1890 1382 2064 1445 gentes
2095 1373 2333 1443 plaudite
2372 1374 2607 1429 manibus
2638 1390 2658 1429 :
2674 1374 2901 1446 jubilate
2928 1372 3040 1430 Deo
3068 1376 3122 1430 in
3149 1388 3270 1431 voce
3312 1377 3492 1433 exsul-

1891 1467 2122 1535 tatiouis,
2147 1468 2388 1536 quoniam
2416 1467 2558 1525 Deus
2578 1480 2829 1535 summus,
2862 1472 3130 1537 terribilis,
3155 1486 3248 1526 rea:
3274 1482 3493 1544 magnus

1889 1578 2043 1633 super
2086 1580 2285 1619 onmem
2330 1574 2519 1619 terram
2545 1563 2565 1638 (
2591 1563 2734 1620 Prol.
2770 1579 2918 1633 XLVI,
2952 1562 2987 1620 2
3014 1574 3061 1621 et
3103 1566 3136 1622 3
3160 1567 3202 1636 ).
3239 1567 3489 1638 Denique

1890 1665 1950 1713 ut
1996 1658 2139 1713 scias
2164 1672 2390 1714 censum
2434 1671 2558 1714 esse
2584 1655 2807 1728 iustitia:
2831 1701 2846 1726 ,
2877 1660 3106 1715 veniunt
3132 1654 3197 1714 ad
3246 1672 3370 1716 eum
3397 1658 3491 1715 Jo-

1888 1751 2024 1823 seph
2044 1761 2100 1808 et
2148 1751 2348 1821 Maria,
2379 1753 2481 1809 hoc
2522 1762 2626 1822 est,
2669 1752 2852 1824 justus
2896 1758 2952 1810 et
2994 1755 3191 1825 virgo:
3225 1754 3350 1821 ille,
3398 1756 3492 1825 qui

203 1848 359 1893 novus
382 1852 588 1895 census
618 1838 882 1896 Ecclesia:
909 1844 1230 1913 parabatur,
1257 1841 1347 1912 qui
1376 1851 1647 1900 tormenta
1676 1860 1783 1901 non
1816 1844 1861 1905 Β
1887 1836 2126 1901 Verbum
2159 1852 2405 1901 servaret
2439 1863 2451 1900 :
2486 1846 2619 1911 ista,
2651 1860 2772 1917 qua:
2818 1853 3052 1916 pareret.
3092 1844 3193 1904 Ubi
3231 1847 3493 1917 proﬁten-

202 1932 466 2003 exigeret,
496 1932 599 1988 sed
624 1934 865 1990 auferret
896 1952 910 1987 :
938 1940 995 1989 et
1022 1933 1340 2005 spiritaliter
1386 1936 1439 1990 in
1469 1946 1596 2009 typo
1632 1937 1788 2008 plebs

202 2037 289 2078 sua
310 2024 418 2094 jam
445 2024 674 2080 Christo
719 2026 936 2082 nomina
979 2027 1316 2083 conferebat.
1348 2028 1467 2083 Non
1497 2029 1584 2084 hic
1613 2029 1786 2100 spatia

204 2126 492 2187 terrarum,
524 2121 625 2176 sed
675 2124 937 2178 mentium
982 2120 1397 2194 animorumque
1443 2133 1785 2181 censentur:

205 2226 295 2268 nec
318 2212 703 2270 describuntur
729 2215 952 2283 limites,
984 2219 1081 2271 sed
1109 2217 1453 2288 proferuntur
1484 2235 1499 2274 :
1529 2233 1630 2273 nec
1655 2227 1788 2276 aetas

202 2304 298 2360 ulla
340 2305 729 2379 distinguitur,
784 2307 881 2364 sed
935 2310 1114 2364 omnis
1163 2311 1485 2376 ascribitur;
1530 2307 1560 2348 ι
1606 2308 1787 2365 nullus

200 2399 332 2455 enim
378 2404 448 2458 ab
496 2402 895 2459 hoeimmunis
924 2411 1008 2459 est
1031 2416 1233 2470 censu,
1261 2402 1387 2475 quia
1428 2404 1605 2459 omnis
1655 2413 1788 2460 tetas

200 2494 434 2551 munitica
458 2494 687 2551 Christo
720 2508 837 2564 est,
894 2510 1056 2570 quem
1100 2502 1377 2570 rugientes
1441 2500 1595 2570 pueri
1642 2512 1787 2554 mar-

200 2590 326 2663 tyrio
352 2591 716 2661 contitentur,
746 2604 906 2663 quem
938 2593 1078 2648 intra
1111 2603 1326 2649 uterum
1356 2596 1515 2664 positi
1546 2594 1788 2649 exsulta-

199 2685 333 2739 tione
360 2692 656 2742 testantur.
687 2682 832 2741 Nihil
857 2687 910 2741 in
942 2685 1049 2742 hoc
1074 2698 1239 2742 censu
1267 2698 1493 2742 vereare
1518 2682 1780 2754 terribile,

197 2780 317 2835 nihil
362 2781 612 2849 immite,
644 2780 779 2837 nihil
806 2782 997 2850 triste;
1024 2782 1140 2838 sola
1180 2796 1622 2853 unumquemque
1651 2778 1786 2836 fides

196 2874 376 2945 signat.
410 2874 508 2931 Vis
534 2874 745 2931 Christi
767 2874 956 2931 audire
982 2876 1284 2931 censores?
1310 2886 1331 2915 ο
1360 2876 1630 2931 iubentur
1651 2891 1787 2931 ceu-

197 2980 308 3022 sere
325 2968 442 3023 sine
464 2966 640 3040 virgis
660 2982 675 3022 :
696 2981 797 3026 nec
821 2978 1053 3035 terrore,
1076 2970 1173 3026 sed
1200 2970 1372 3039 gratia
1393 2968 1604 3040 plebem
1638 2983 1786 3039 qure-

196 3070 332 3115 rcre:
350 3060 1048 3132 reconderegladiummon
1070 3061 1348 3133 possidere
1365 3059 1778 3135 aurum(Matth.

198 3164 226 3208 ι
242 3194 256 3219 ,
280 3155 314 3209 9
337 3164 383 3209 et
409 3155 537 3228 l0).
572 3153 797 3213 Talibus
817 3153 1142 3212 censoribus
1163 3154 1464 3228 acquisitus
1493 3164 1578 3211 est
1606 3154 1780 3211 orbis.

1890 1942 1977 1991 tur
2001 1937 2178 2007 justus
2204 1944 2258 1992 et
2281 1936 2456 2009 virgo,
2481 1936 2583 1992 nisi
2612 1934 2701 1993 ubi
2731 1939 2972 1994 nascitur
2992 1937 3277 1995 Christus?
3302 1938 3487 1997 Omuis

1889 2030 2035 2085 enim
2064 2029 2275 2101 spiritus
2305 2031 2393 2102 qui
2438 2030 2712 2101 confitetur
2738 2026 2922 2086 Iesum
2958 2031 3222 2087 Christum
3250 2033 3302 2088 iu
3333 2040 3489 2090 carne

1888 2124 2104 2191 venisse,
2140 2122 2205 2177 de
2230 2122 2341 2178 Deo
2367 2134 2440 2178 est
2467 2119 2513 2196 (Ι
2536 2120 2693 2178 Joan.
2724 2138 2806 2190 ιγ,
2836 2124 2871 2177 2
2900 2166 2913 2178 .
2943 2122 3047 2181 Ubi
3076 2132 3257 2180 autem
3290 2134 3489 2180 secun-

1888 2214 2017 2271 dum
2065 2217 2317 2273 altiorem
2348 2218 2617 2273 rationem
2667 2217 2913 2273 nascitur
2958 2216 3240 2284 Christus,
3287 2219 3387 2274 nisi
3432 2218 3487 2276 in

1888 2308 2052 2365 corde
2080 2316 2192 2378 tuo,
2227 2319 2284 2366 et
2316 2311 2368 2366 in
2399 2320 2622 2383 pectore
2645 2311 2774 2366 tuo?
2800 2308 2973 2381 Prope
2993 2320 3064 2366 est
3082 2312 3227 2368 enim
3268 2308 3487 2368 Verbum

1886 2403 1941 2458 in
1970 2414 2058 2458 ore
2083 2412 2193 2471 tuo,
2225 2411 2275 2459 et
2301 2401 2355 2458 in
2385 2403 2537 2459 corde
2568 2414 2653 2458 tuo
2684 2400 2861 2477 (Rom.
2894 2416 2950 2471 ι,
2983 2403 3064 2476 8).

1954 2495 2046 2554 39.
2089 2492 2320 2553 Pulchre
2346 2506 2527 2553 autem
2557 2497 2699 2568 quod
2741 2508 2795 2554 et
2824 2495 3076 2570 praesidis
3105 2514 3302 2555 nomen
3333 2498 3489 2557 addi-

1886 2589 1985 2656 dit,
2010 2600 2068 2644 ut
2098 2584 2295 2647 seriem
2340 2590 2597 2661 temporis
2627 2588 2960 2661 designaret.
2993 2584 3250 2657 Preside,
3275 2590 3485 2662 inquit,

1888 2683 2059 2757 Syriae
2086 2684 2276 2757 Cyrino
2307 2690 2449 2758 facta
2478 2695 2553 2740 est
2582 2685 2692 2741 haec
2719 2687 2887 2756 prium
2916 2687 3196 2757 professio.
3232 2680 3300 2742 Ut
3330 2687 3488 2757 quasi

1885 2780 2168 2835 consulem
2199 2780 2520 2851 quemdam,
2548 2780 2685 2850 signi
2734 2781 2905 2851 gratia
2928 2820 2943 2846 ,
2980 2776 3105 2835 huic
3130 2778 3271 2835 libro
3307 2780 3490 2835 Evan-

1885 2872 2076 2944 gelista
2125 2872 2445 2943 ascripsisse
2474 2871 2745 2927 videatur.
2775 2866 2907 2926 Nam
2949 2871 2994 2926 si
3023 2873 3278 2927 consules
3317 2866 3490 2927 ascri-

1885 2964 2085 3022 buntur
2113 2966 2308 3021 tabulis
2340 2964 2657 3035 emptionis,
2690 2972 2893 3034 quanto
2924 2964 3095 3035 magis
3122 2963 3489 3033 redemptioui

1885 3060 2127 3114 omnium
2173 3057 2359 3113 debuit
2399 3067 2611 3126 tempus
2637 3057 2876 3112 ascribi?
2904 3056 3085 3113 Habes
3135 3072 3266 3127 ergo
3302 3057 3486 3113 omnia

1884 3166 2004 3222 quae
2032 3149 2086 3204 in
2112 3146 2480 3205 contractibus
2511 3162 2631 3202 esse
2677 3155 3086 3203 consueverunt
3116 3166 3130 3203 :
3160 3148 3486 3204 vocabulum

257 3245 341 3301 37.
380 3246 636 3318 Denique
668 3254 727 3302 ut
758 3249 899 3303 scias
922 3256 1147 3303 censum
1195 3260 1301 3303 non
1343 3244 1566 3320 Augusti
1611 3258 1771 3314 esse,
1800 3232 1847 3296 C
1880 3256 2147 3300 summam
2198 3242 2308 3297 illic
2359 3246 2682 3311 potestatem
2739 3242 3011 3310 gerentis,
3060 3234 3202 3295 diem
3225 3281 3240 3307 ,
3275 3240 3487 3306 locum,

195 3337 280 3392 sed
323 3335 562 3404 Christi,
606 3346 752 3394 totus
800 3336 954 3396 orbis
1002 3336 1246 3411 proﬁteri
1268 3339 1510 3412 jubctur.
1555 3334 1786 3409 Quando

1886 3354 2128 3396 causam.
2159 3337 2348 3394 Testes
2377 3351 2595 3408 quoque
2622 3335 2867 3391 abbiberi
2897 3335 3075 3390 solent
3104 3352 3118 3389 :
3146 3334 3245 3390 hos
3268 3350 3488 3407 quoque

196 3431 419 3485 nascitur
446 3430 735 3500 Christus,
763 3443 955 3487 omnes
983 3432 1308 3503 profitentur
1335 3451 1347 3486 :
1378 3432 1595 3504 quando
1630 3444 1787 3488 mun—
1888 3430 2153 3490 nativitati
2201 3448 2350 3496 sum,
2404 3439 2458 3486 et
2512 3428 2854 3502 generationi
2906 3428 3205 3485 secundum
3262 3443 3486 3485 carnem

196 3520 287 3578 dus
310 3523 697 3590 concluditur,
730 3537 922 3580 omnes
970 3525 1364 3594 periclitantur.
1401 3523 1619 3598 129a
1653 3520 1784 3591 Quis

196 3628 314 3684 ergo
350 3624 573 3686 poterat
603 3617 995 3685 prolessitrnem
1028 3617 1194 3671 tutius
1221 3612 1368 3671 orbis
1393 3621 1644 3688 exigere,
1679 3617 1782 3672 nisi

195 3708 278 3777 qui
302 3711 463 3765 totius
513 3710 754 3765 habebat
795 3710 946 3766 orbis
995 3709 1321 3781 imperiunm?
1349 3709 1465 3766 Non
1494 3712 1640 3768 enim
1668 3712 1779 3766 An-

195 3800 351 3869 gusti,
399 3802 499 3858 scd
543 3802 758 3857 Domini
785 3812 862 3857 est
890 3810 1026 3857 terra
1046 3845 1060 3869 ,
1094 3810 1139 3856 et
1167 3802 1436 3874 plenitudo
1463 3803 1577 3874 ejus
1598 3845 1613 3868 ,
1641 3802 1778 3857 orbis

195 3902 452 3960 terrarum,
486 3904 539 3950 et
561 3894 788 3949 universi
811 3895 898 3966 qui
922 3894 1156 3950 habitant
1173 3897 1226 3949 in
1251 3912 1309 3950 eo
1330 3894 1502 3966 (Psal.
1529 3908 1680 3961 χχιιι,
1700 3894 1773 3968 1).

194 3981 371 4041 Gothis
395 4003 507 4042 non
528 3988 832 4057 imperabat
864 3989 1173 4058 Augustus,
1205 4004 1311 4043 non
1350 3988 1654 4058 imperabat
1679 3990 1781 4045 Ar-

195 4082 352 4137 mentis
396 4096 410 4136 :
455 4078 790 4151 imperabat
851 4076 1122 4136 Christus.
1188 4082 1531 4151 Acceperunt
1592 4081 1780 4153 utique

258 4219 280 4247 ι
308 4206 468 4283 Rom.
503 4204 639 4267 edit.
665 4214 788 4283 post
813 4226 1006 4276 voces,
1040 4206 1310 4283 Professio
1350 4213 1482 4278 ista,
1511 4213 1631 4269 loco
1658 4228 1782 4269 mo-

193 4293 330 4337 verat
370 4276 680 4339 dietionetn'
696 4276 849 4352 ﬁdei,
880 4296 1002 4353 quin
1032 4276 1210 4337 tamen
1238 4276 1479 4339 omnium
1508 4294 1615 4339 vet.
1645 4285 1777 4340 edit.

193 4366 249 4408 se
277 4368 404 4410 tm.
432 4356 759 4410 auctoritate
790 4365 1178 4425 propugnator.
1203 4354 1399 4410 Iterum
1426 4356 1615 4411 eadem
1643 4356 1777 4411 edit.

192 4438 313 4548 pro,
340 4427 433 4496 qui
482 4436 739 4481 tormenta
767 4443 870 4480 non
914 4427 1167 4498 exigeret,
1192 4438 1544 4496 reposuerat,
1573 4428 1661 4494 qui
1688 4430 1782 4483 tri-

220 4506 300 4548 uta
323 4512 426 4548 non
469 4498 716 4548 exiaeret.
744 4496 1068 4548 Perneram:
1097 4499 1301 4548 etenim
1348 4498 1637 4548 obscurum
1670 4515 1779 4548 non

220 4506 300 4549 uta
323 4512 434 4570 non,
469 4498 716 4570 exigeret.
744 4496 1301 4570 Perperamsetenim
1348 4498 1637 4552 obscurum
1670 4515 1779 4570 non

192 4576 269 4620 est
289 4568 610 4623 allusionein
644 4568 759 4623 ﬁeri
786 4571 851 4621 ad
881 4569 1184 4623 censoriam
1213 4569 1579 4624 Romanorum
1611 4569 1775 4625 disci.

1887 3527 2134 3584 Christus
2161 3522 2427 3589 adhibuit,
2453 3523 2545 3594 qui
2568 3518 2849 3593 signarent
2874 3522 3247 3593 Evangelium,
3277 3516 3485 3579 dicens:

1898 3620 2000 3676 Vos
2021 3616 2163 3675 erilis
2189 3616 2312 3672 mihi
2338 3620 2485 3672 testes
2514 3612 2567 3670 iu
2598 3610 2929 3670 Hierusalem
2960 3616 3099 3689 (Act.
3132 3631 3173 3682 ι,
3201 3612 3280 3687 8).

1957 3708 2138 3786 (Vcrs.
2167 3710 2222 3775 6,
2256 3704 2337 3782 7.)
2380 3704 2598 3763 Factum
2632 3714 2705 3762 est
2728 3717 2918 3773 autent,
2946 3725 3060 3761 cum
3085 3718 3250 3762 essent
3272 3706 3360 3772 ibi,
3391 3707 3489 3760 im-

1885 3804 2009 3874 pleti
2037 3813 2158 3858 sunt
2206 3804 2313 3857 dies
2359 3811 2412 3856 ut
2441 3811 2663 3873 pareret.
2699 3796 2767 3854 Et
2796 3800 2993 3872 peperit
3022 3796 3192 3869 lilium
3230 3802 3490 3874 primoge-

1885 3898 2068 3961 nitum,
2102 3904 2150 3951 et
2182 3896 2370 3965 pannis
2399 3912 2515 3950 eum
2559 3894 2806 3958 involvit,
2831 3903 2878 3947 et
2905 3896 3076 3965 posuit
3108 3893 3162 3947 in
3199 3894 3488 3963 prtesepio;

1889 3998 1912 4026 θ
1942 3990 2066 4057 quia
2098 4004 2199 4042 non
2230 3996 2339 4042 erat
2371 3988 2514 4041 locus
2539 3987 2591 4040 in
2623 4002 2682 4039 eo
2709 3983 3009 4039 diversorio.

1963 4074 2173 4155 1295
2198 4080 2287 4136 40.
2328 4078 2573 4135 Breviter
2601 4089 2822 4134 sanctus
2863 4075 3041 4133 Lucas
3089 4085 3144 4133 et
3181 4077 3486 4149 quomodo,

1960 4223 1981 4250 ο
2010 4210 2101 4269 Sic
2130 4227 2322 4269 omnes
2350 4226 2480 4267 mss.
2504 4210 2702 4268 Contra
2726 4226 2855 4267 vero
2880 4219 3092 4267 cunctae
3113 4210 3271 4274 edit..~
3296 4211 3492 4269 luben-

1881 4294 1968 4357 tAur
1994 4300 2235 4357 censere,
2261 4286 2349 4357 sed
2388 4301 2505 4357 non_
2537 4284 2716 4357 virgis.
2748 4283 3267 4357 Minusbenepcum
3318 4287 3492 4343 maui-

1885 4352 2021 4412 fe‘sta
2055 4357 2146 4411 fiat
2169 4348 2362 4411 allusio
2387 4352 2451 4411 ad
2482 4348 2728 4422 Lucftx,
2757 4356 2812 4416 5.
2850 4354 2939 4411 ubi
2970 4352 3326 4425 prohibentur
3354 4369 3488 4425 apo-

1883 4429 2044 4494 stoti,
2079 4442 2147 4483 ne
2173 4428 2377 4497 virgam
2425 4427 2636 4493 ferant,
2667 4426 2733 4481 ad
2775 4427 3255 4497 proseminandum
3305 4424 3489 4482 Evan-

1883 4499 2081 4570 gelium
2118 4499 2545 4566 proﬁciscentes.

1954 4569 1981 4607 ά
2016 4571 2155 4640 Edit.
2186 4584 2406 4637 omnes,
2437 4569 2692 4640 professio
2716 4569 2914 4640 prima,
2948 4584 3051 4640 non
3081 4576 3370 4640 terrarum,
3397 4571 3489 4623 sed

191 4636 374 4710 plmam
402 4680 416 4706 ,
462 4622 629 4709 quam
671 4622 884 4693 constat
933 4622 1101 4710 fuisse
1144 4640 1306 4709 longe
1340 4622 1776 4697 severissimam.
1807 4622 1859 4686 Ῑ)
1887 4622 2157 4696 mentium.
2188 4622 2420 4710 apertus
2437 4622 2677 4710 rsct'tsus.
2712 4622 2914 4693 Verum
2938 4637 3061 4708 quia
3114 4639 3165 4691 in
3195 4622 3489 4710 eunetiset

192 4707 404 4781 Ipseque
451 4706 777 4766 Ambrosius
820 4711 925 4766 hoc
978 4706 1117 4765 infra
1146 4706 1281 4767 satis
1323 4719 1512 4781 aperte
1543 4712 1774 4781 iudicat,

190 4778 404 4852 camilli
431 4794 717 4852 opponens
754 4782 953 4837 Christi
1001 4796 1287 4837 censuram
1320 4778 1450 4839 dicit
1480 4800 1495 4837 :
1528 4778 1681 4838 Nihil
1722 4782 1777 4839 in

190 4851 275 4904 hoc
300 4866 453 4906 censu
478 4851 688 4907 vereare
722 4853 981 4913 terribile.
1013 4852 1149 4907 nihil
1180 4854 1406 4923 immite,
1438 4855 1571 4910 nihil
1599 4858 1775 4923 triste,

188 4923 289 4997 tota
311 4936 720 4997 unumquemque
763 4926 896 4997 ﬁdes
939 4926 1138 4997 signat,
1168 4937 1275 4982 etc.
1302 4924 1399 4981 His
1425 4937 1605 4982 autem
1647 4928 1775 4981 ulti-

189 4991 283 5047 mis
309 4991 493 5051 verbis
538 4991 781 5051 innititur
830 4994 923 5053 ille
968 4991 1121 5052 v'etus
1148 5012 1434 5053 censorum
1467 5001 1634 5062 ritus,
1666 5013 1775 5062 quo

188 5065 462 5121 nonnullos
496 5067 804 5131 ignominiae
827 5080 987 5123 causa
1015 5067 1255 5124 Ceritmn
1288 5072 1433 5125 ceris
1470 5072 1585 5125 sive
1621 5065 1774 5124 tabu-

277 5139 663 5262 a'scribebaut:
721 5154 829 5210 quo
876 5148 1087 5210 spectat
1134 5140 1269 5196 illud
1302 5140 1509 5197 Horatii
1547 5143 1708 5213 epist.
1739 5142 1773 5199 6

352 5321 633 5446 ἓῗιῖιθιέεἰὲῑ,
657 5323 776 5387 quid
796 5336 917 5387 non,
934 5323 1109 5376 obliti:
1132 5324 1300 5378 Cerite
1320 5338 1439 5377 cera

471 5419 487 5445 ,
598 5423 610 5436 .

471 5419 487 5445 ,
518 5419 610 5436 νιν.

191 5482 541 5614 “finges?
564 5489 822 5558 parmmia
853 5497 1032 5545 exstat
1061 5490 1204 5562 apud
1226 5488 1385 5548 Eras.
1407 5490 1537 5547 chil.
1564 5507 1603 5560 ι,
1628 5500 1774 5549 cent.

248 5623 475 5701 bstares
516 5638 641 5685 ante
684 5644 906 5686 annum.
942 5630 1042 5699 14,
1074 5631 1293 5689 feminae
1340 5639 1467 5688 ante
1513 5635 1615 5701 12,
1663 5642 1769 5691 nun

189 5699 514 5774 cogebantur
540 5701 679 5771 apud
707 5715 962 5758 censores
993 5705 1268 5774 profiteri,
1301 5718 1423 5760 cum
1455 5717 1582 5761 ante
1602 5699 1768 5764 illam

188 5775 387 5854 ictuictu
418 5773 674 5854 tribunum
702 5777 770 5854 ab
792 5773 1130 5854 eisdemnon
1156 5783 1495 5854 exigeretur.
1527 5779 1768 5840 Consule

186 5850 337 5921 spper
363 5841 467 5925 hoc
496 5844 548 5903 J.
576 5844 836 5933 Lipsium,
868 5850 961 5906 lib.
993 5864 1030 5907 ιι
1059 5851 1129 5908 de
1154 5841 1293 5948 Mag'.
1323 5850 1482 5911 Hom.
1514 5867 1637 5937 cap.
1666 5853 1723 5915 ὅ.

1884 4722 1940 4768 et
1966 4710 2163 4768 Gallic.
2195 4706 2250 4766 et
2281 4706 2399 4765 Vat.
2431 4708 2554 4766 cod.
2584 4706 2810 4775 desunt,
2840 4706 3250 4772 non‘terrurum,
3276 4708 3490 4764 etalio-

1882 4782 1974 4853 qui
2023 4793 2200 4853 pOlcsl
2244 4782 2511 4838 sententia
2578 4793 2832 4837 ςοιιειτιινο
2900 4780 3008 4836 illis
3044 4781 3368 4853 fxtutuetis,
3431 4782 3486 4837 in

1882 4850 1987 4910 hoc
2013 4850 2145 4910 rues.
2174 4866 2497 4910 consensum
2523 4856 2673 4924 sequi
2703 4853 3011 4924 maluimus.
3040 4850 3256 4906 Dicitur
3275 4859 3481 4924 autem,

1883 4927 2139 4998 professio
2166 4927 2366 4997 prium,
2401 4939 2508 4979 nou
2561 4922 2809 4998 absolute
2835 4965 2853 4998 .
2883 4923 3192 4998 sed‘prima
3237 4922 3337 4976 sub
3373 4925 3483 4995 (2y.

1882 4993 2003 5053 rino
2024 5040 2039 5063 ,
2070 5010 2122 5053 ut
2156 4993 2461 5068 opponatur
2490 4993 3095 5068 secutttl:esub_eodem
3127 5003 3359 5064 peractte
3381 5036 3395 5054 .
3420 4993 3484 5068 ut

1879 5070 2040 5125 docet
2082 5064 2342 5123 Barouins
2386 5067 2586 5138 Appar.
2614 5067 2683 5119 ad
2726 5066 2954 5120 Annales
2974 5064 3163 5138 Aeccles.
3203 5080 3323 5136 pag.
3374 5067 3478 5138 29,

1878 5139 2026 5196 Jans.
2061 5138 2238 5195 Guttd.
2266 5132 2482 5209 aliique
2516 5140 2838 5207 interpretes
2871 5139 2921 5209 in
2970 5132 3114 5192 hunc
3138 5132 3342 5209 locutu.
3370 5132 3479 5194 Sed

1878 5212 2166 5266 litteralem
2200 5207 2419 5265 sensum
2443 5209 2585 5266 unde
2608 5224 2794 5279 parum
2825 5207 3287 5279 utilitatisgredire
3325 5221 3482 5278 pote-

1879 5292 1960 5337 rat
1990 5280 2056 5336 ad
2087 5294 2214 5336 suos
2246 5281 2495 5347 lectores,
2517 5277 2620 5336 hoc
2648 5280 2766 5336 loco
2791 5296 2897 5334 non
2926 5277 3126 5334 excutit
3149 5278 3209 5333 Β.
3247 5277 3481 5335 Anthro-

1881 5353 2016 5423 sius.
2048 5352 2201 5423 Quod
2235 5366 2395 5420 porro
2438 5352 2709 5418 subditur,
2741 5368 2843 5406 non
2870 5352 3121 5423 praeconis
3147 5352 3474 5423 evocatione,

1882 5421 1987 5492 hoc
2014 5422 2145 5479 satis
2170 5420 2408 5479 declarat
2438 5438 2567 5480 suos
2600 5420 2881 5491 praecones
2900 5422 3085 5492 fuisse
3114 5420 3472 5492 censoribus,

1883 5490 2009 5550 licet
2036 5495 2143 5565 huc
2170 5506 2394 5565 urgetur
2421 5510 2451 5549 a
2483 5490 2773 5551 nonnullis.
2803 5490 2907 5565 Qui
2933 5490 3001 5546 de
3030 5506 3257 5565 censura
3278 5536 3293 5560 ,
3327 5490 3474 5564 ejus;

1921 5581 1987 5637 ne
2051 5558 2481 5637 ofﬂeﬁio'pluraA
2510 5565 2768 5630 voluerit,
2819 5558 2998 5637 adeat.
3040 5564 3155 5637 lib;
3198 5558 3290 5637 χιιι
3337 5558 3470 5637 (ἱρά.

1878 5582 1987 5690 quo
2051 5582 2234 5619 otucto
2282 5582 2437 5637 plura
2510 5582 2768 5630 voluerit,
2819 5582 2998 5619 auem.
3052 5582 3143 5618 ιιι).
3198 5582 3290 5619 xm
3337 5582 3470 5623 una.

1926 5634 2112 5698 heotl..
2145 5636 2202 5691 tit
2233 5636 2322 5702 10,
2354 5640 2416 5690 de
2442 5633 2639 5699 Censu,
2668 5648 2723 5691 et
2762 5638 2844 5690 tit.
2880 5630 2939 5689 11
2969 5673 2983 5695 .
3012 5636 3076 5689 de
3114 5630 3339 5701 Ceusit.;
3364 5632 3475 5691 Ru-

1875 5709 2189 5783 sin.AAntiq.
2224 5706 2377 5783 (iatn.
2406 5709 2625 5783 libarit,
2658 5723 2780 5783 cap.
2818 5707 2918 5770 10;
2954 5707 3114 5763 Laur.
3139 5706 3348 5780 Polym.
3379 5708 3471 5770 lib.

1874 5792 1953 5851 ut,
1983 5778 2118 5857 S_yn.
2151 5778 2209 5850 μί,
2235 5779 2350 5857 ﬁt,
2375 5790 2429 5839 et
2455 5782 2606 5841 alibi.

1946 5860 1971 5893 ⁸
2000 5852 2204 5927 Omnes
2230 5852 2363 5925 édit.
2392 5870 2457 5919 ac
2483 5855 2815 5932 recentiores
2842 5868 2976 5916 mss.
3005 5853 3129 5939 quia
3146 5868 3248 5911 non
3276 5863 3383 5939 erat
3411 5852 3462 5939 ei
