3960 6356
469 318 608 377 1567

1813 319 2059 381 SANCTI
2099 323 2426 383 AMBROSII

3629 333 3744 394 1368

465 449 521 496 et
566 453 676 509 quo
726 448 1002 513 tempore,
1057 450 1114 497 et
1157 454 1266 512 quo
1317 441 1439 496 loco
1495 440 1800 497 secundum
1842 456 2065 497 carnem
2094 459 2370 518 Apaupet‘
2398 448 2568 516 factus
2594 456 2670 501 est
2693 465 2713 514 ,-
2745 455 2798 500 ut
2828 447 2972 503 illius
3015 448 3193 516 inopia
3237 465 3326 505 vos
3358 449 3642 506 ditaremini
3681 453 3749 524 (ll

467 530 721 590 Christus
750 543 908 589 natus
951 534 1056 602 sit,
1105 532 1421 604 explicavit.
1454 533 1526 587 At
1571 548 1703 589 vero
1749 533 1817 590 de
1861 534 2072 590 caelesti

467 627 822 696 generatione
851 625 896 680 si
928 627 1151 696 qutrris,
1183 627 1301 697 lege
1327 625 1678 697 Evangelium
1705 626 1880 682 saneti
1911 626 2078 682 Joan-

469 719 579 785 nis,
611 719 701 788 qui
728 733 760 773 a
788 719 1103 774 coelestibus
1134 732 1364 773 exorsus
1395 718 1460 772 ad
1512 727 1730 774 terrena
1769 719 2073 774 descendit.

471 813 588 868 Illic
619 813 863 869 invenies
891 824 944 870 et
989 814 1205 885 quando
1236 825 1349 869 erat
1372 856 1386 881 ,
1416 823 1473 871 et
1517 816 1790 886 quomodo
1835 825 1954 871 erat
1975 858 1989 883 ,
2023 825 2078 872 ct

469 907 600 976 quid
631 915 780 971 erat,
810 908 940 979 quid
969 918 1175 980 egerat,
1209 908 1336 980 quid
1370 909 1599 980 agebat,
1633 919 1687 966 et
1720 909 1815 966 ubi
1841 919 1992 977 erat,
2025 917 2082 964 et

468 1012 575 1069 quo
602 999 851 1068 venerit,
885 1011 938 1056 et
966 1001 1242 1072 quomodo
1269 1003 1512 1068 venerit,
1546 1019 1653 1071 quo
1695 1012 1942 1074 tempore
1984 1018 2079 1058 ve-

470 1093 614 1148 nerit
637 1135 652 1158 ,
684 1109 790 1164 qtta
823 1108 986 1150 causa
1033 1095 1266 1151 venerit.
1301 1093 1370 1149 In
1417 1096 1706 1168 principio,
1739 1097 1937 1166 inquit,
1970 1106 2080 1150 erat

477 1187 706 1242 Verbum
736 1186 917 1258 (Joan.
953 1205 990 1253 t,
1023 1188 1100 1261 i);
1136 1189 1304 1244 habes
1326 1190 1542 1261 quando
1564 1198 1683 1245 erat
1710 1209 1722 1243 :
1753 1189 1817 1244 Et
1859 1189 2083 1244 Verbum

475 1293 584 1338 erat
614 1283 754 1353 apud
792 1281 994 1347 Deum;
1024 1283 1194 1338 habes
1223 1284 1496 1354 quomodo
1537 1293 1676 1339 erat.
1712 1283 1889 1340 [labes
1917 1284 2084 1339 etiam

475 1374 604 1444 quid
643 1383 763 1430 erat
794 1393 806 1428 :
839 1374 904 1429 Et
937 1374 1098 1442 Deus,
1130 1376 1340 1448 inquit,
1368 1387 1476 1431 erat
1514 1376 1756 1432 Verbum.
1791 1376 1927 1445 Quid
1959 1391 2084 1447 ege-

479 1473 611 1518 rat:
668 1464 856 1518 Omnia
899 1482 990 1537 per
1035 1467 1206 1535 ipsunt
1251 1471 1391 1538 facta
1421 1477 1540 1521 sunt
1593 1465 1787 1538 (Ibid.,
1818 1466 1899 1538 5).
1948 1466 2086 1535 Quid

477 1559 672 1627 agebat
702 1577 713 1611 :
747 1558 877 1612 Erat
924 1561 1016 1614 lux
1060 1576 1177 1614 vera
1222 1577 1338 1631 quae
1366 1561 1628 1616 illuminat
1669 1577 1872 1616 onmem
1922 1561 2087 1615 Itami-

477 1666 595 1705 nem
640 1652 922 1705 venientem
969 1653 1022 1706 in
1047 1651 1183 1706 hunc
1225 1652 1477 1706 mundum
1527 1650 1718 1720 (Ibid.,
1769 1651 1846 1724 9).
1882 1650 1947 1706 Et
1995 1651 2085 1705 ubi

478 1751 599 1798 erat
629 1760 641 1796 :
678 1741 744 1796 In
774 1742 872 1798 ltoc
902 1744 1094 1798 mundo
1138 1754 1246 1798 erat
1289 1743 1477 1816 (Ibid.,
1522 1745 1632 1817 10).
1662 1744 1781 1813 Quo
1832 1744 2044 1800 venerit
2071 1761 2084 1797 :

2177 534 2298 592 Cor.
2335 551 2453 603 vnt,
2482 538 2561 606 9).
2594 537 2768 594 Meum
2809 554 2940 608 ergo
2971 551 3256 611 paupertas
3285 541 3376 596 illa
3399 543 3750 613 patrimonium

2179 641 2289 698 est;
2323 639 2379 686 et
2409 630 2697 686 infirmitas
2731 631 2943 687 Domini
2977 649 3095 688 mea
3127 644 3212 691 est
3241 636 3432 691 virtus.
3462 636 3640 692 Maluit
3666 640 3754 695 sibi

2181 735 2377 790 egere,
2431 730 2489 777 ut
2537 724 2788 780 omnibus
2835 724 3155 781 abundaret.
3215 726 3299 782 Me
3345 727 3488 784 illius
3538 729 3754 787 infantia:

2182 813 2444 884 vagientis
2496 815 2722 870 abluunt
2763 817 2920 872 fletus
2943 859 2958 884 ,
2995 833 3114 874 mea
3147 819 3400 892 lacrymaa
3442 821 3543 876 illa:
3572 823 3747 880 delicta

2182 904 2455 960 laverunt.
2507 905 2634 961 Plus
2679 907 2873 977 igitur,
2926 910 3153 967 Domine
3196 911 3364 979 Jesu,
3420 914 3624 985 injuriis
3669 918 3758 972 tuis

2183 996 2358 1052 debeo
2408 999 2552 1068 quod
2604 999 2916 1071 redemptus
2963 1017 3114 1067 sum,
3152 1019 3314 1074 quam
3355 1007 3608 1076 operibus
3633 1009 3759 1078 quod

2183 1098 2399 1144 creatus
2428 1107 2568 1146 smn.
2604 1091 2723 1147 Non
2757 1093 3043 1164 prodeSSet
3073 1099 3260 1167 nasci,
3295 1098 3396 1154 nisi
3434 1099 3622 1156 redimi
3653 1117 3764 1173 pro-

2187 1179 2401 1236 fuisset.

2256 1271 2348 1328 42.
2389 1273 2495 1329 Sed
2527 1290 2685 1330 neunt)
2715 1277 2858 1332 intra
2907 1294 3063 1335 usum
3095 1281 3345 1352 corporis
3397 1283 3619 1340 formam
3663 1301 3766 1342 om-

2187 1380 2309 1421 nem
2343 1367 2639 1423 divinitatis
2665 1369 2925 1426 includat.
2959 1373 3075 1427 Alia
3109 1384 3300 1431 natura
3331 1378 3514 1433 carnis
3540 1389 3649 1444 est,
3673 1380 3764 1436 alia

2186 1455 2483 1512 divinitatis
2514 1459 2706 1530 gloria.
2737 1461 2968 1533 Propter
2999 1473 3051 1520 te
3076 1465 3360 1523 infirmitas
3382 1509 3396 1534 ,
3434 1471 3488 1523 in
3516 1484 3573 1525 se
3599 1480 3765 1540 poten-

2188 1547 2262 1602 tia
2294 1566 2308 1604 :
2338 1560 2556 1621 propter
2603 1561 2655 1607 te
2701 1553 2920 1623 inopia,
2963 1555 3019 1610 in
3061 1571 3123 1612 se
3171 1557 3469 1627 epulentia.
3518 1561 3630 1616 Noli
3675 1562 3765 1618 hoc

2189 1642 2460 1700 aestimare
2489 1646 2636 1716 quod
2667 1649 2848 1703 cernis
2868 1689 2884 1714 ,
2914 1649 3009 1705 sed
3039 1649 3183 1722 quod
3226 1653 3440 1725 1296
3467 1653 3765 1723 redimeris,

2192 1753 2446 1808 agnosce.
2483 1739 2618 1808 Quia
2671 1742 2723 1796 in
2755 1743 2948 1812 pannis
2995 1753 3110 1808 est,
3148 1745 3301 1802 vides
3335 1747 3505 1816 :quia
3553 1747 3606 1802 in
3633 1748 3768 1804 cmlis

481 1833 551 1888 In
580 1850 675 1888 sua
703 1837 918 1906 propria
953 1837 1086 1890 venit
1115 1835 1312 1909 (lbid.,
1346 1837 1461 1908 ll).
1505 1836 1792 1904 Quomodo
1834 1839 2084 1902 venerit,
2116 1857 2164 1918 Β
2192 1841 2296 1896 est,
2342 1847 2449 1887 non
2497 1834 2650 1888 vides
2679 1851 2692 1888 :
2728 1835 2952 1890 infantis
2997 1836 3154 1892 audis
3200 1839 3448 1909 vagitus,
3483 1853 3588 1894 non
3635 1840 3771 1894 audis

490 1927 714 1985 Verbum
744 1947 866 1985 caro
892 1932 1094 2002 factum
1121 1943 1195 1987 est
1236 1932 1286 2005 (1
1294 1933 1428 1999 bid.,
1456 1933 1570 2005 14).
1599 1933 1829 2002 Quando
1856 1933 2086 2001 venerit,

479 2022 720 2080 Joannes
752 2025 1126 2081 testimonium
1171 2025 1422 2096 perhibet
1466 2026 1536 2082 de
1581 2027 1698 2096 ipso
1734 2026 1963 2082 dicens:
1991 2024 2092 2079 Hic

485 2125 560 2171 est
598 2117 662 2170 de
701 2133 800 2186 quo
827 2119 937 2172 dixi
954 2161 967 2183 ,
995 2120 1084 2187 qui
1111 2128 1228 2191 post
1258 2135 1338 2173 me
1363 2121 1520 2184 venit,
1549 2131 1666 2175 ante
1686 2137 1764 2174 me
1793 2124 1961 2191 [actus
1986 2130 2090 2184 est;

483 2207 608 2278 quia
635 2210 776 2278 prior
807 2226 886 2264 me
930 2219 1037 2264 erat
1083 2209 1272 2282 (Ibid.,
1303 2211 1420 2283 50).
1464 2211 1578 2279 Qua
1629 2226 1790 2266 causa
1841 2211 2086 2275 venerit,

483 2299 722 2356 Joannes
749 2301 866 2371 ipse
898 2311 1151 2358 testatur.
1188 2301 1322 2359 Ecce
1348 2321 1513 2376 agnus
1547 2303 1667 2369 Dei,
1701 2321 1815 2359 ecce
1839 2306 1928 2374 qui
1959 2305 2091 2358 tollit

484 2404 694 2464 peccata
744 2395 922 2449 mundi
970 2394 1159 2467 (Ibid.,
1199 2394 1318 2465 29).
1363 2397 1419 2451 Si
1469 2397 1632 2465 igitur
1679 2397 2089 2466 generationem

485 2495 772 2559 utramque
797 2489 1176 2560 cognovimus,
1207 2500 1262 2545 et
1286 2499 1311 2526 ⁸
1347 2489 1631 2561 utriusque
1663 2506 1862 2544 munus
1887 2506 2051 2545 unum
2072 2533 2087 2556 ,

483 2588 540 2635 et
566 2595 782 2635 causam
813 2596 916 2650 qua
941 2581 1089 2636 venit
1115 2580 1490 2647 advertimus;
1517 2592 1574 2636 ut
1600 2582 1880 2652 pereuntis
1904 2582 2090 2637 tnundi

484 2683 707 2742 peccata
733 2673 1074 2744 suscipiens,
1109 2674 1317 2742 peccati
1344 2673 1522 2730 labem
1545 2715 1562 2742 ,
1595 2683 1650 2729 et
1678 2676 1920 2730 omnium
1951 2689 2093 2729 mor-

483 2773 592 2818 tem
642 2764 694 2817 in
745 2779 836 2829 se,
869 2765 959 2834 qui
989 2764 1132 2820 vinci
1180 2780 1285 2819 non
1320 2775 1544 2834 posset,
1579 2765 1863 2822 aboleret:
1898 2780 2090 2821 conse-

480 2868 654 2923 quens
683 2862 767 2907 e~t
793 2863 849 2908 ut
876 2870 1019 2910 nunc
1048 2871 1264 2927 quoque
1294 2868 1517 2913 sanctus
1547 2858 1719 2913 Lucas
1755 2860 2089 2930 evangelista

485 2958 586 2998 nos
612 2944 834 3009 doceat,
876 2954 932 3000 et
959 2950 1072 3002 vias
1105 2949 1315 3002 Domini
1357 2950 1653 3005 secundum
1683 2966 1903 3006 carnem
1943 2966 2092 3007 cres-

486 3035 664 3089 centis
697 3035 968 3090 ostendat.

555 3128 646 3183 All.
689 3126 799 3183 Nec
852 3144 1178 3200 quemquam
1232 3147 1451 3188 movere
1498 3132 1658 3188 debet
1711 3133 1854 3203 quod
1905 3133 2090 3188 altiori

2193 1925 2346 1980 bovis
2375 1927 2660 1980 Dominum
2689 1928 3038 1998 agnoscentis
3082 1931 3314 2000 mugitus
3348 1949 3361 1984 :
3395 1932 3617 2003 Agnovit
3642 1933 3768 1987 enim

2191 2017 2281 2071 bos
2326 2034 2670 2087 possessorem
2713 2037 2896 2085 suum,
2929 2030 2977 2074 et
3008 2022 3157 2076 asina
3187 2039 3416 2095 prwsepe
3454 2022 3662 2079 Domini
3703 2027 3772 2080 sui

2191 2109 2363 2180 (Esai.
2394 2127 2432 2178 t,
2463 2112 2541 2180 5);
2576 2111 2740 2168 immo
2771 2115 3080 2184 prtesepium
3109 2115 3376 2180 dixerim,
3405 2119 3547 2172 sicut
3575 2120 3770 2189 scripsit

2191 2205 2280 2275 qui
2311 2206 2621 2272 transtulit;
2656 2208 2788 2262 nihil
2833 2209 2976 2263 enim
3010 2209 3150 2279 apud
3178 2225 3266 2266 me
3306 2211 3471 2266 di5tat
3506 2213 3556 2266 in
3585 2213 3769 2279 verbo,

2191 2300 2334 2368 quod
2385 2315 2489 2354 non
2540 2300 2706 2354 distat
2757 2301 2807 2356 in
2864 2315 3050 2356 sensu.
3085 2301 3217 2357 Natu
3269 2304 3314 2358 si
3365 2313 3552 2360 orator
3581 2305 3772 2360 illorum

2193 2392 2452 2460 (Demost.
2489 2393 2640 2450 Orat.
2689 2412 2784 2465 pro
2838 2393 3098 2468 Ctesiplt.)
3149 2397 3242 2468 qui
3286 2397 3544 2470 phaleras
3589 2413 3774 2455 sermo-

2194 2503 2322 2542 num
2367 2500 2673 2559 sequuntur
2697 2532 2710 2554 ,
2745 2501 2904 2561 neget
2933 2492 2985 2546 in
3017 2491 3120 2547 hoc
3160 2493 3363 2562 positas
3401 2509 3526 2551 esse
3554 2495 3775 2552 fortunas

2193 2577 2420 2634 Graecia:
2443 2621 2458 2647 ,
2495 2581 2597 2636 hoc
2625 2596 2694 2636 an
2723 2582 2816 2636 illo
2844 2583 3013 2638 verbo
3040 2599 3171 2638 usus
3211 2587 3312 2649 sit;
3340 2587 3435 2641 sed
3485 2603 3596 2643 rem
3641 2603 3778 2658 spec-

2194 2669 2410 2725 tandam
2463 2682 2658 2742 putat:
2691 2674 2736 2728 si
2787 2675 2886 2746 ipsi
2940 2675 3247 2746 philosophi
3277 2692 3466 2734 eorum
3517 2681 3606 2751 qui
3655 2690 3778 2735 totos

2192 2763 2309 2819 dies
2357 2765 2408 2819 in
2459 2765 2826 2836 disputatione
2873 2779 3236 2837 consumunt,
3279 2771 3458 2826 minus
3516 2771 3711 2826 Latinis
3734 2784 3779 2827 et

2194 2861 2432 2930 receptis
2460 2861 2540 2916 usi
2573 2861 2918 2916 sermonibus
2948 2872 3096 2928 sunt;
3121 2873 3178 2918 ttt
3207 2865 3440 2934 propriis
3474 2875 3740 2922 uterentur
3767 2883 3776 2917 :

2193 2961 2395 3021 quanto
2446 2953 2617 3023 magis
2651 2967 2748 3007 nos
2799 2952 3073 3024 negligere
3110 2957 3280 3011 verba
3315 2957 3616 3024 debemus,
3646 2973 3781 3028 spec-

2196 3054 2311 3099 tare
2343 3047 2623 3116 mysteria,
2657 3046 2852 3116 quibus
2884 3048 3053 3103 vincit
3084 3049 3358 3104 sermonis
3407 3049 3590 3105 vilitas
3612 3093 3626 3118 ,
3655 3049 3780 3120 quod

2194 3149 2418 3206 operum
2453 3137 2711 3193 miracula
2739 3139 3050 3195 divinorum
3081 3143 3244 3197 nullis
3276 3153 3563 3200 venustata
3597 3159 3782 3200 sermo-

485 3223 716 3278 eonsilio
743 3222 968 3279 Joannis
1024 3223 1311 3280 infantiam
1357 3226 1594 3282 diximus
1626 3228 2045 3296 praetermissam
2071 3271 2086 3295 ,
2119 3243 2164 3307 ρ
2197 3229 2354 3284 nibus
2380 3273 2395 3295 ,
2429 3230 2674 3286 veritatis
2722 3247 2834 3288 sua:
2879 3235 3086 3290 lumine
3133 3236 3510 3292 refulserunt?
3560 3239 3782 3306 Denique

485 3312 514 3354 δ
533 3315 736 3370 Christi
764 3331 894 3372 vero
940 3316 1220 3373 infantiam
1253 3319 1550 3374 asset-imus
1573 3335 1695 3376 esse
1723 3321 2049 3392 descriptam
2070 3363 2083 3385 ,

484 3423 591 3462 non
643 3409 790 3462 enim
817 3409 1059 3463 omnium
1103 3419 1186 3466 est
1212 3411 1394 3466 dicere
1427 3429 1439 3465 :
1474 3409 1670 3465 Factus
1711 3428 1825 3466 sum
1865 3412 2089 3479 inﬁrmis

483 3501 748 3569 inﬁrmus,
770 3510 825 3554 ut
851 3503 1088 3571 inﬁrmos
1117 3504 1442 3575 lucrifaciam
1469 3521 1488 3556 :
1519 3506 1754 3559 omnibus
1783 3505 1952 3560 omnia
1981 3511 2092 3577 fac-

489 3605 570 3648 tus
599 3612 712 3648 sum
747 3595 798 3668 (l
829 3595 950 3650 Cor.
983 3612 1058 3663 lx,
1091 3597 1186 3668 22)
1223 3615 1234 3650 :
1269 3613 1446 3668 neque
1475 3599 1544 3654 de
1569 3614 1839 3671 quoquam
1866 3600 1976 3654 alio
2019 3600 2091 3653 ita

485 3688 593 3744 dici
623 3698 836 3759 potest,
867 3691 993 3760 quia
1041 3690 1358 3746 Vulneratus
1406 3703 1480 3748 est
1520 3703 1731 3763 propter
1774 3694 2092 3763 iniquitatem

486 3791 735 3846 nostram,
770 3790 815 3836 et
842 3782 1140 3850 inﬁrmatus
1160 3791 1234 3838 est
1255 3792 1462 3856 prapter
1487 3793 1693 3852 peccata
1716 3794 1895 3838 nostra
1917 3782 2091 3855 (Esai.

486 3890 600 3942 Llll,
633 3875 710 3945 5).
748 3874 844 3931 llle
894 3876 1058 3946 igitur
1090 3878 1343 3944 parvulus
1367 3918 1382 3944 ,
1413 3877 1501 3932 ille
1535 3876 1830 3932 infantulus
1869 3876 1998 3942 fuit;
2035 3886 2091 3931 ut

489 3977 546 4025 ttt
596 3970 680 4024 vir
713 3971 890 4040 possis
941 3986 1063 4026 esse
1094 3972 1370 4042 perfectus
1400 3990 1412 4027 :
1445 3971 1536 4027 ille
1577 3972 1854 4027 involutus
1881 3975 1932 4026 in
1965 3987 2095 4043 pan-

483 4063 604 4125 nis;
640 4072 699 4116 ut
730 4071 786 4117 tu
819 4063 1014 4116 mortis
1046 4063 1254 4133 laqueis
1281 4064 1356 4118 sis
1388 4064 1671 4119 absolutus
1703 4082 1716 4118 :
1748 4065 1840 4119 ille
1869 4064 1922 4118 in
1955 4080 2091 4134 prae-

485 4155 739 4223 sepibus;
777 4165 798 4192 <'
835 4163 892 4208 ttt
924 4165 978 4210 tu
1012 4157 1064 4210 in
1094 4157 1360 4211 altaribus
1392 4174 1406 4212 :
1435 4158 1528 4212 illc
1559 4159 1615 4212 in
1640 4159 1830 4222 terris;
1861 4170 1918 4212 ut
1945 4167 1998 4213 tu
2034 4159 2087 4212 in

487 4245 645 4301 ccelis
676 4263 691 4301 :
724 4245 813 4300 ille
843 4246 1008 4300 alium
1059 4247 1234 4301 locum
1267 4249 1410 4303 ineo
1439 4248 1742 4304 diversorio
1773 4267 1881 4304 non
1927 4250 2093 4306 habe-

490 4337 618 4403 bat;
671 4346 729 4391 nt
783 4348 835 4392 tu
886 4337 1068 4408 plures
1116 4340 1345 4395 haberes
1400 4341 1452 4394 in
1501 4341 1815 4396 caelestibus
1872 4342 2093 4398 sedibus

492 4429 824 4486 mansiones.
863 4429 965 4496 Qui
993 4447 1111 4486 cum
1138 4431 1309 4500 dives,
1341 4432 1548 4504 inquit,
1576 4441 1725 4498 esset,
1761 4442 1974 4505 propter
2007 4450 2094 4490 vos

2188 3328 2396 3381 asinam
2414 3328 2557 3382 illam
2584 3329 3010 3384 irrationabilem
3023 3325 3051 3366 (ι
3067 3347 3172 3385 non
3205 3329 3329 3386 fuco
3347 3331 3682 3398 deliciarum,
3701 3331 3783 3387 sed

2191 3433 2354 3474 succo
2375 3420 2636 3474 naturalis
2661 3421 2933 3476 alimonia:
2955 3425 3220 3493 prwsepia
3244 3435 3431 3478 sancta
3466 3433 3737 3494 paverunt.

2263 3511 2354 3567 45.
2400 3513 2496 3568 llic
2538 3525 2622 3569 est
2679 3515 2976 3581 Dominus,
3013 3517 3114 3572 hoc
3162 3532 3439 3588 prtesepe,
3493 3535 3603 3588 quo
3647 3517 3787 3573 nobis

2193 3605 2437 3661 divinum
2489 3609 2804 3678 mysterium
2857 3609 3158 3664 revelatum
3203 3620 3287 3665 est
3335 3629 3346 3666 :
3395 3610 3784 3666 irrationabiles

2197 3709 2409 3770 gentes,
2439 3701 2706 3772 pecudum
2737 3706 2878 3756 intra
2910 3703 3176 3772 praesepia
3213 3718 3364 3758 more
3393 3704 3670 3766 viventes,
3701 3701 3789 3756 ali-

2200 3793 2396 3847 monia:
2422 3808 2591 3848 saera:
2614 3793 2859 3850 ubertate
2875 3800 3196 3865 pascendas.
3212 3795 3448 3866 Agnovit
3474 3813 3609 3869 ergo
3630 3797 3789 3860 asina,

2197 3887 2404 3958 species
2437 3889 2666 3953 scilicet,
2697 3899 2754 3944 et
2781 3889 2950 3944 forma
2983 3891 3290 3962 gentilium,
3315 3908 3564 3964 praesepe
3595 3894 3791 3949 Domini

2197 3980 2305 4035 sui.
2337 3979 2404 4035 Et
2434 3981 2554 4035 ideo
2579 3980 2713 4036 dicit
2741 3999 2754 4035 :
2789 3981 3043 4037 Dominus
3073 3985 3235 4052 pascit
3261 4001 3340 4040 me
3359 4027 3374 4049 ,
3405 3997 3450 4040 et
3477 3985 3610 4040 nihil
3649 3985 3794 4039 deerit

2201 4073 2376 4147 (l’sal.
2411 4090 2548 4138 xxn,
2573 4074 2652 4142 2).
2678 4076 2759 4128 Att
2808 4074 3171 4131 mediocribus
3216 4077 3385 4148 signis
3415 4077 3558 4135 Dens
3607 4078 3792 4149 proba-

2198 4178 2319 4234 tur,
2353 4169 2494 4238 quod
2526 4170 2698 4239 angeli
2751 4171 3104 4235 ministrant,
3152 4172 3296 4241 quod
3346 4173 3482 4243 Magi
3535 4173 3792 4234 adorant.

2195 4261 2342 4330 quod
2375 4271 2642 4332 martyres
2670 4265 3035 4319 confitentur?
3062 4264 3138 4318 Ex
3171 4274 3329 4321 utero
3362 4265 3632 4333 funditur,
3667 4276 3689 4302 ε
3711 4264 3797 4320 sed

2197 4365 2448 4413 coruscat
2497 4372 2528 4411 e
2574 4357 2758 4412 coelo:
2796 4367 3017 4414 terreno
3074 4358 3128 4413 in
3173 4360 3480 4415 diversorio
3504 4360 3681 4431 jacet,
3712 4358 3798 4414 sed

2200 4449 2410 4508 caelesti
2443 4450 2647 4506 lumine
2674 4451 2842 4522 viget.
2869 4451 3045 4523 Nupta
3080 4452 3328 4524 peperit,
3361 4453 3459 4511 sed
3501 4455 3654 4527 virgo
3682 4467 3802 4509 con-

488 4629 634 4712 locus
661 4633 714 4686 in
728 4633 1048 4712 diversorio.
1077 4633 1289 4712 Reliqui
1319 4674 1333 4698 ,
1361 4633 1482 4703 quia
1507 4647 1611 4686 non
1637 4640 1745 4712 erat
1770 4632 1916 4686 locus
1955 4631 2009 4684 in
2039 4645 2097 4712 eo
2131 4632 2176 4690 ι)
2204 4629 2258 4685 in
2287 4627 2621 4712 quibusdam
2671 4628 3066 4712 recentioribus
3112 4629 3408 4685 emendare
3454 4629 3636 4686 conati
3683 4637 3802 4684 sunt

491 4703 772 4758 diversorio
799 4721 818 4760 :
849 4720 973 4774 qua:
1001 4705 1162 4762 lectio
1207 4701 1382 4759 etiam
1419 4719 1485 4760 eo
1528 4703 1924 4774 confirmatur,
1951 4701 2097 4773 quod

492 4776 631 4829 infra
664 4789 793 4829 mss.
827 4773 884 4830 et
910 4777 1046 4833 edit.
1095 4791 1290 4845 magno
1318 4791 1588 4831 consensu
1639 4790 1748 4844 prae
1779 4790 1838 4828 se
1882 4773 2097 4845 ferant,

492 4847 583 4900 ille
627 4847 792 4900 alium
841 4846 1012 4900 locum
1057 4849 1111 4902 in
1138 4843 1200 4901 eo
1249 4847 1532 4902 diversorio
1560 4843 1661 4900 non
1707 4845 1904 4900 habuit.
1947 4843 2102 4900 Unde

491 4917 764 4986 intelligas
789 4917 1132 4974 Ambrosium
1155 4920 1206 4972 in
1229 4918 1434 4975 Gra’cis
1461 4917 1684 4972 vocibus
1711 4919 1758 4972 iv
1781 4924 1854 4990 τῷ
1879 4917 2103 4990 autem:

493 5011 619 5060 ματι
656 4990 934 5062 accepisse
969 4990 1286 5062 particulam
1331 4998 1404 5062 τῷ
1435 5004 1540 5044 non
1571 5004 1670 5062 pro
1704 4987 1934 5042 articqu
1961 5029 1975 5062 ε
2006 4987 2101 5062 sed

497 5058 594 5127 pro
641 5061 1109 5127 demonstrativo,
1147 5069 1204 5115 nt
1251 5058 1530 5115 non'raro
1575 5058 1743 5114 etiam
1797 5075 1824 5111 a
1859 5058 2102 5126 probatis

492 5133 804 5185 auctoribus
857 5142 1170 5200 usurpatur.
1205 5132 1340 5187 lline
1373 5143 1634 5200 prseterea
1675 5131 1926 5184 advertas
1974 5129 2101 5184 licet

495 5202 744 5256 eumdem
793 5213 1039 5256 sanctum
1071 5203 1418 5257 Ambrosium
1460 5204 1528 5258 ab
1573 5203 1830 5271 opinione
1880 5200 2099 5271 Eusebii

494 5273 758 5328 Demonsl.
788 5271 989 5342 Evang.
1025 5274 1118 5327 lib.
1159 5290 1228 5328 vtt
1252 5317 1266 5336 ,
1309 5289 1429 5341 cap.
1463 5275 1528 5337 5;
1566 5269 1830 5343 Epipltau.
1878 5269 2088 5326 literesi

493 5343 594 5410 20;
634 5345 946 5415 llieronymi
994 5346 1154 5410 epist.
1185 5345 1278 5409 28,
1305 5345 1369 5397 ad
1399 5343 1739 5415 Marcellam.
1773 5353 1827 5398 et
1867 5343 2097 5398 aliorum

495 5415 817 5482 dissentire;
845 5414 1281 5486 quandoquidem
1329 5415 1384 5470 hi
1432 5431 1623 5470 omnes
1667 5414 1955 5486 Christum
1993 5430 2099 5468 non

495 5486 549 5540 in
582 5487 795 5541 stabqu
824 5487 1018 5541 domus
1046 5487 1346 5558 cujuspiam
1369 5485 1510 5558 ,sed
1551 5488 1602 5541 in
1643 5502 1803 5540 saxea
1843 5485 2101 5558 spelunca

497 5567 681 5612 natum
715 5557 919 5612 volunt.
952 5557 1140 5628 Neque
1170 5557 1348 5613 tamen
1379 5557 1576 5613 desunt
1604 5560 1692 5627 qui
1731 5557 1946 5628 Doctori
1975 5571 2104 5610 nos-

493 5635 581 5682 tro
635 5627 1080 5698 patrocinentur,
1132 5644 1268 5699 quos
1317 5629 1501 5684 videre
1554 5639 1706 5699 potes
1755 5627 1899 5699 apud
1936 5627 2105 5683 inter-

498 5711 706 5768 pretes.
1918 5704 1929 5717 ’

571 5778 595 5805 η
625 5771 717 5825 Sic
760 5786 894 5844 mss.
937 5771 1145 5844 aliquot
1190 5770 1443 5842 melioris,
1483 5779 1650 5844 notae.
1692 5770 1804 5844 Alii
1857 5770 2102 5844 nonnulli

499 5841 920 5910 prastermittunt
957 5835 1249 5900 dictionem
1270 5880 1282 5899 .
1312 5839 1526 5905 m'un‘us,
1559 5839 1703 5904 quod
1753 5838 1892 5896 haud
1943 5835 2103 5898 dubie

2207 4702 2300 4771 qui
2347 4707 2736 4771 reposuerunt,
2785 4710 2831 4754 et
2880 4701 3152 4770 utriusque
3195 4718 3354 4756 unam
3401 4717 3512 4756 esse
3562 4717 3802 4763 causam,

2206 4782 2310 4828 etc.
2345 4787 2502 4838 quam
2534 4771 2822 4826 lectionem
2852 4778 3053 4826 secuta:
3082 4780 3208 4826 sunt
3233 4788 3424 4828 omnes
3451 4773 3584 4828 edit.

2277 4842 2304 4881 ι)
2331 4843 2494 4915 item.
2525 4843 2683 4915 edit..
2714 4840 2910 4896 Christi
2939 4858 3056 4896 vero
3081 4853 3318 4915 oportere
3345 4859 3454 4898 esse
3476 4844 3802 4915 descriptam.

2282 4925 2303 4953 ο
2335 4913 2402 4968 Ut
2431 4915 2559 4968 tuin
2586 4914 2843 4968 altaribus
2863 4956 2878 4978 ,
2910 4929 3104 4982 nempe
3151 4914 3217 4969 ad
3263 4913 3656 4983 accipiendum
3693 4930 3807 4969 eor-

2208 4985 2357 5056 poris
2407 4984 2673 5040 Duminici
2733 4995 3154 5056 sacramentum.
3209 4987 3327 5052 Quo
3383 4987 3510 5040 illud
3565 4985 3807 5040 similiter

2207 5055 2462 5127 pertinet,
2495 5056 2637 5128 quod
2664 5056 2759 5112 lib.
2789 5056 2856 5128 de
2883 5055 3007 5110 lnit.
3034 5072 3154 5128 cap.
3185 5056 3482 5128 8,77dicitnr,
3514 5057 3614 5111 His
3641 5057 3807 5111 abluta

2209 5129 2373 5198 plebs.
2423 5169 2435 5182 .
2482 5167 2494 5180 .
2541 5167 2556 5181 .
2598 5127 2858 5182 contendit
2890 5127 2959 5179 ad
2989 5127 3198 5181 altaria.
3233 5127 3306 5182 Et
3330 5143 3436 5183 non
3466 5129 3639 5184 multo
3673 5137 3802 5197 post,

2206 5205 2342 5254 venit
2376 5201 2553 5271 igitur,
2587 5209 2632 5252 et
2662 5199 3252 5271 videnssacrosanctum
3266 5202 3431 5254 altare
3451 5201 3802 5271 compositum.

2206 5271 2308 5328 Ubi
2357 5268 2509 5337 plura
2555 5271 2768 5325 dicendi
2817 5268 2885 5324 de
2933 5270 3038 5323 ritu
3085 5286 3192 5339 quo
3245 5270 3298 5324 in
3341 5271 3515 5338 prisca
3571 5269 3804 5326 Ecclesia

2206 5342 2605 5398 divinissimum
2659 5341 2791 5396 illud
2843 5351 3242 5397 sacramentum
3292 5342 3802 5406 administrabatur,

2209 5415 2358 5484 locus
2385 5414 2490 5468 erit
2517 5413 2897 5484 opportunior.

2279 5483 2306 5522 εί
2336 5483 2564 5540 Cunctae
2589 5484 2719 5540 edit.
2748 5500 2812 5538 ac
2841 5499 2973 5538 mss.
3006 5499 3113 5539 non
3143 5485 3334 5553 pauci,
3368 5502 3471 5538 non
3498 5501 3657 5540 succo
3686 5483 3806 5538 deli-

2209 5559 2427 5611 ciarum.
2463 5555 2599 5611 Cod.
2630 5571 2760 5611 vero
2787 5555 3030 5610 melioris
3055 5557 3177 5618 aevi,
3201 5573 3306 5611 non
3334 5559 3453 5624 fuco
3483 5557 3802 5612 deliciarum.

2211 5628 2264 5683 id
2293 5637 2397 5693 est,
2433 5629 2578 5682 laute
2622 5642 2686 5682 ac
2732 5627 2954 5697 opipare
2983 5625 3220 5682 conditis
3249 5628 3406 5682 cibis.
3437 5626 3638 5696 Quidni
3668 5627 3804 5681 enim

2208 5697 2484 5806 deligatis.
2507 5698 2636 5806 .illas
2681 5697 2977 5769 cupedias,
3009 5699 3258 5754 ciborum
3287 5699 3467 5754 fucum
3516 5713 3628 5755 non
3660 5699 3812 5755 liceat

2209 5770 2530 5841 appellare?
2912 5833 2916 5838 .
2969 5829 2975 5838 .

2285 5851 2308 5872 ί·
2337 5837 2504 5905 ῐῗίιίι..
2531 5840 2625 5892 sed
2649 5840 2842 5895 mlein
2874 5842 3068 5898 lumine
3101 5842 3284 5913 {ttlgett

3891 1818 3897 1850 l

3893 1744 3895 1812 l

3893 1818 3897 1926 1

3897 1940 3899 2056 1

3897 2061 3901 2154 1

3901 2186 3903 2254 1

3903 2308 3905 2362 1
