3960 6364
173 314 292 373 15⁸39
1081 309 1442 368 ΕΧΡΟΞΠΙΟ
1484 309 1737 367 EVANG.

1861 313 1929 367 μα.
1977 308 2132 368 LUC.
2175 310 2304 366 LIB.
2349 311 2410 365 ll.
3287 317 3425 373 1570

166 433 322 502 cepit:
351 437 500 500 nupta
528 427 810 497 concepit,
842 427 937 484 sed
981 429 1137 500 virgo
1178 428 1480 498 generavit.
1521 426 1714 482 Docuit
1747 433 1789 491 Α
1822 427 1966 481 uibus
1995 426 2231 482 Christus
2259 426 2484 500 (Coloss.
2510 444 2601 493 Ill,
2639 428 2752 499 ll).
2781 428 2945 484 Vides
2975 429 3119 485 enim
3162 430 3285 501 quia
3319 448 3425 486 nou

163 527 285 581 enim
328 538 417 578 nos
458 530 669 576 sanctus
717 521 1002 577 Matthazus
1048 520 1476 576 nonmediocre
1513 530 1720 592 myste-
1824 519 2018 582 otiose,
2051 519 2136 574 vel
2191 519 2260 574 de
2308 519 2602 585 Chaldaeis,
2627 522 2718 590 qui
2769 521 3062 590 peritiores
3102 523 3154 577 in
3189 525 3431 579 numeris

164 617 314 682 rium,
340 614 473 686 quod
517 623 732 670 sanctus
765 613 972 682 Lucas,
1000 613 1124 685 quia
1162 612 1324 683 plene
1345 611 1456 681 jam
1485 622 1718 668 eratex-
1825 607 2115 674 habemur,
2145 610 2417 665 Abraham
2461 610 2575 667 Deo
2615 611 2849 667 credidit
2882 629 2894 667 :
2943 614 3028 668 vel
3073 613 3208 685 Magi
3240 616 3332 683 qui
3369 616 3434 671 li-

166 708 386 779 positum,
413 705 676 761 silendum
707 707 945 776 putavit,
975 706 1105 761 satis
1133 720 1193 761 se
1223 705 1443 759 divitem
1470 704 1584 759 fore
1605 720 1724 760 cre-
1826 710 1913 755 cet
1944 699 1972 738 ι’
2021 701 2248 770 magicis
2278 702 2512 769 artibus,
2542 719 2666 759 cum
2701 705 3119 761 reconcilianda:
3159 706 3263 762 sibi
3295 707 3434 763 divi-

165 799 294 865 dens,
320 798 359 853 si
384 812 616 868 praesepe
647 797 860 853 Domini
882 798 986 854 sibi
1005 813 1071 854 ex
1094 796 1347 852 omnibus
1368 795 1719 852 vindicasset.
1826 794 1980 848 nitati
2009 794 2250 849 studium
2292 795 2648 866 impendunt,
2701 806 2880 852 ortum
2925 795 2978 852 in
3011 798 3170 854 terris
3221 799 3435 856 Domini

220 891 302 948 Η.
337 891 492 946 Istum
523 891 682 962 igitur
712 891 1018 960 parvulum,
1049 904 1209 959 quem
1243 897 1295 944 tu
1328 889 1484 960 quasi
1523 887 1719 953 vilem,
1826 887 2215 942 crediderunt:
2252 902 2361 942 non
2383 927 2398 954 ,
2433 887 2676 957 inquam,
2703 888 2901 955 otiose,
2927 889 3022 945 sed
3052 898 3109 944 ut
3131 905 3198 945 ex
3239 891 3438 945 adver-

163 985 236 1054 qui
264 982 478 1038 infidelis
503 997 560 1039 es
583 1025 599 1049 ,
634 982 945 1050 arbitraris,
980 982 1117 1053 Magi
1145 998 1211 1038 ex
1251 981 1476 1037 Oriente
1502 981 1725 1036 venien-
1827 979 1987 1034 sariis
2012 980 2266 1050 gentibus
2296 991 2499 1037 sancta:
2518 982 2799 1052 religionis
2823 983 3198 1041 testimonium
3249 999 3436 1042 sume-

165 1086 256 1140 tes,
295 1085 390 1130 tam
445 1075 604 1145 longo
653 1076 833 1145 spatio
883 1085 1225 1144 sequuntur,
1279 1083 1334 1128 et
1366 1071 1726 1143 'procidentes
1828 1082 2000 1138 retur,
2025 1072 2261 1128 etdivini
2293 1072 2504 1128 timoris
2526 1075 2862 1145 exemplum.

164 1169 391 1235 adorant,
416 1177 468 1222 et
495 1183 678 1239 regem
728 1167 1042 1238 appellant,
1068 1176 1122 1222 et
1163 1173 1602 1222 resurrecturum
1647 1165 1724 1219 fa-
1901 1167 1992 1231 48,
2025 1166 2133 1222 Sed
2165 1177 2344 1223 tamen
2369 1168 2460 1239 qui
2483 1181 2609 1224 sunt
2639 1169 2727 1223 isti
2757 1171 2928 1242 Magi,
2961 1171 3063 1227 nisi
3092 1173 3206 1244 qui,
3237 1183 3295 1230 ut
3317 1173 3430 1231 his-

166 1275 335 1329 tentur,
361 1261 647 1318 oli‘erentes
677 1260 747 1316 dc
775 1259 1049 1340 thesauris
1075 1259 1189 1314 suis
1215 1273 1406 1313 aurum
1425 1299 1440 1327 ,
1479 1257 1602 1312 thus
1624 1298 1640 1323 ,
1673 1265 1729 1312 et
1834 1257 1969 1312 toria
2001 1256 2250 1327 quaedam
2279 1258 2442 1315 docet
2467 1300 2482 1324 ,
2508 1275 2538 1314 a
2569 1259 2786 1316 Balaam
2811 1277 2986 1333 genus
3007 1263 3237 1330 ducunt,
3272 1284 3300 1320 a
3331 1282 3440 1336 quo

165 1355 401 1427 myrrham
433 1352 651 1423 (Matth.
687 1368 748 1419 ll,
784 1353 807 1406 l
840 1360 884 1405 et
911 1351 1068 1423 seq.).
1099 1351 1231 1418 Quae
1273 1359 1398 1405 sunt
1453 1351 1553 1405 ista
1583 1364 1730 1406 vera:
1843 1350 2228 1420 prOphetatum
2257 1365 2341 1408 est
2374 1370 2386 1405 :
2422 1351 2634 1409 Orietur
2663 1356 2816 1410 stella
2857 1373 2921 1412 ea:
2947 1357 3114 1412 Jaeob
3136 1360 3162 1413 .9
3190 1358 3287 1414 Isti
3314 1375 3444 1431 ergo

164 1449 266 1504 ﬁdei
309 1445 565 1502 munera?
593 1446 802 1500 Aurum
846 1444 990 1514 regi,
1021 1442 1146 1499 thus
1190 1443 1304 1497 Deo
1326 1482 1341 1508 ,
1372 1441 1588 1514 myrrha
1637 1441 1732 1496 de-
1833 1455 1960 1500 sunt
1989 1462 2098 1501 non
2127 1449 2306 1502 minus
2356 1448 2481 1504 lidei
2505 1490 2518 1512 ,
2553 1465 2717 1520 quam
2764 1452 3133 1507 successionis
3168 1452 3442 1509 haeredes.

163 1541 348 1609 functo;
379 1539 522 1595 aliud
554 1539 702 1594 enim
735 1536 878 1608 regis
906 1537 1124 1606 insigne
1145 1577 1160 1602 ,
1191 1534 1334 1590 aliud
1365 1534 1562 1589 divina:
1593 1542 1616 1569 ³
1645 1548 1734 1588 sa—
1833 1537 1929 1593 Ille
1952 1539 2168 1593 stellam
2208 1538 2343 1593 vidit
2374 1540 2426 1593 in
2457 1541 2681 1610 spiritu,
2713 1541 2803 1595 isti
2833 1541 3084 1596 viderunt
3129 1543 3334 1611 oculis,
3391 1555 3447 1599 et

163 1636 387 1692 criﬁcium
417 1632 728 1704 potestatis,
761 1630 907 1686 aliud
942 1631 1116 1686 honor
1140 1641 1223 1685 est
1256 1628 1581 1700 sepulturae,
1612 1641 1734 1698 quas
1836 1629 2208 1685 crediderunt.
2241 1629 2513 1686 Viderunt
2543 1648 2736 1686 novam
2770 1633 3007 1700 stellam,
3033 1648 3155 1703 qua:
3193 1649 3303 1689 non
3329 1644 3450 1692 erat

165 1747 250 1785 non
294 1737 601 1799 corrumpat
650 1741 851 1796 corpus
900 1724 1142 1791 mortui,
1177 1723 1272 1780 sed
1325 1732 1588 1779 reservet.
1626 1721 1735 1777 Nos
1837 1721 1952 1776 visa
1977 1738 2004 1774 a
2038 1732 2291 1777 creatura
2325 1723 2538 1778 mundi.
2568 1723 2835 1779 Viderunt
2862 1739 3058 1779 novam
3087 1735 3398 1782 creaturam
3426 1772 3441 1795 ,

164 1838 346 1893 quoque
391 1821 480 1892 qui
531 1820 652 1875 hac
684 1818 937 1874 ﬁndimus
981 1825 1035 1872 θῑ
1063 1816 1295 1888 legimus
1319 1858 1333 1880 9
1363 1815 1431 1870 de
1473 1814 1746 1870 thesauris
1772 1815 1823 1876 Β
1849 1823 1904 1873 et
1933 1831 2041 1872 non
2078 1817 2258 1872 solum
2311 1817 2364 1872 iu
2411 1828 2576 1884 terra,
2601 1819 2695 1874 sed
2727 1820 2890 1875 etiam
2939 1820 2993 1875 in
3045 1822 3186 1877 caelo
3219 1823 3452 1891 gratiam

165 1916 335 1970 nostris
379 1914 538 1979 talia,
577 1912 814 1978 fratres,
845 1926 1069 1966 munera
1118 1908 1506 1979 proferamus:
1561 1907 1744 1962 Ηαὺε-
1848 1915 1972 1969 ηονί
1999 1915 2238 1969 hominis
2265 1916 2654 1986 requirebant,
2703 1917 3000 1972 secundum
3047 1917 3190 1988 quod
3234 1919 3453 1989 Moyses

165 2027 257 2064 nius
281 2008 411 2064 enim
443 2009 751 2062 thesaurum
771 2007 826 2060 in
854 2007 988 2060 uasis
1013 2004 1262 2075 fictilibus
1286 2002 1364 2075 (ll
1391 2003 1510 2059 Cor.
1547 2019 1621 2069 tv,
1652 2001 1732 2072 7).
1847 2008 2167 2079 prophetica
2203 2008 2416 2079 posuit,
2461 2010 2586 2079 quia
2642 2008 2852 2064 Orietur
2884 2009 3035 2065 stella
3086 2026 3150 2065 ea:
3177 2008 3364 2076 Jacob,
3405 2019 3456 2064 et

165 2103 210 2158 Si
235 2105 378 2174 igitur
405 2103 456 2162 iu
508 2102 690 2172 teipso
731 2099 874 2170 quod
903 2115 961 2155 es
984 2140 999 2166 ,
1031 2114 1138 2154 non
1169 2115 1236 2155 ex
1269 2107 1320 2154 te
1376 2097 1545 2153 debes
1593 2097 1743 2152 testi—
1849 2110 2090 2171 exsurget
2123 2100 2275 2154 homo
2307 2116 2371 2154 ea:
2401 2098 2595 2154 Israel.
2630 2101 2695 2155 Et
2733 2111 3110 2171 cognoverunt
3153 2101 3290 2155 hanc
3334 2114 3458 2156 esse

165 2213 320 2264 mare,
346 2197 436 2253 sed
464 2213 533 2253 ex
568 2195 792 2252 Christo
825 2213 838 2250 :
870 2203 1076 2267 quanto
1105 2194 1274 2266 magis
1301 2193 1355 2248 in
1392 2191 1610 2249 Christo
1638 2206 1746 2248 non
1850 2193 2090 2258 stellam,
2126 2208 2246 2262 quae
2267 2191 2547 2249 hominem
2565 2194 2842 2265 Deumque
2869 2194 3160 2265 signiﬁcat.
3181 2192 3457 2250 Adoravo.

168 2299 241 2344 tua
267 2290 419 2346 debes
449 2290 756 2352 aestimare,
786 2287 880 2343 sed
908 2285 1130 2342 Christi.
1852 2293 1980 2339 runt
2009 2285 2291 2354 parvulum
2321 2303 2335 2341 :
2363 2285 2552 2357 utique
2573 2303 2681 2341 non
2709 2285 3034 2343 adorassent
3057 2327 3072 2354 ,
3103 2287 3148 2342 si
3173 2287 3457 2358 parvulum

225 2385 304 2441 45.
345 2384 485 2456 Ergo
512 2383 658 2455 Magi
691 2381 759 2438 de
786 2382 1060 2437 thesauris
1089 2381 1202 2436 suis
1231 2381 1468 2436 olferunt
1499 2394 1746 2436 munera.
1856 2377 2228 2433 tantummodo
2277 2379 2664 2436 credidissent.
2718 2392 2738 2419 ο
2782 2380 2969 2451 Magos
3023 2396 3156 2452 ergo
3206 2380 3460 2451 intelligit

170 2475 322 2530 Vultis
345 2482 482 2532 scire
510 2490 680 2547 quam
712 2474 913 2530 bonum
965 2473 1220 2528 meritum
1254 2472 1532 2528 habeant?
1580 2471 1752 2526 Stella
1854 2484 1982 2524 suas
2015 2485 2235 2525 cessare
2281 2482 2452 2536 artes,
2508 2481 2562 2526 tu
2605 2487 2713 2527 non
2767 2473 3024 2542 intelligis
3065 2482 3155 2526 tua
3179 2471 3320 2527 dona
3366 2487 3460 2528 ve-

169 2567 226 2622 ah
253 2567 328 2622 his
354 2569 573 2624 videtur
606 2587 620 2620 :
653 2576 707 2622 et
754 2566 843 2620 ubi
893 2564 1138 2620 Herodes
1185 2573 1268 2620 est
1294 2606 1310 2631 ,
1344 2580 1453 2619 non
1500 2563 1744 2618 videtur:
1857 2563 2708 2630 uisse?Illefateturalienum,d
2730 2573 2786 2620 tu
2818 2580 2924 2619 non
2953 2565 3202 2635 agnoscis
3233 2562 3462 2633 promis-

172 2660 244 2715 ubi
271 2660 506 2716 Christus
536 2669 629 2715 est
669 2672 857 2713 rursus
899 2656 1111 2712 videtur
1137 2698 1152 2722 ,
1184 2667 1238 2711 et
1275 2657 1416 2712 viam
1465 2665 1754 2711 monstrat.
1857 2657 2010 2711 sum?
2043 2657 2138 2712 llle
2167 2667 2355 2713 contra
2383 2673 2444 2713 se
2464 2658 2680 2726 credit,
2712 2667 2765 2712 tu
2796 2672 2896 2728 pro
2926 2665 2978 2714 te
3006 2673 3114 2713 non
3155 2667 3314 2729 putas
3339 2672 3465 2714 esse

172 2751 295 2824 Ergo
339 2753 493 2809 stella
547 2752 667 2807 haec
721 2751 806 2808 via
835 2759 952 2817 est,
994 2759 1050 2805 et
1078 2749 1161 2804 via
1211 2750 1421 2822 1297
1470 2748 1754 2814 Christus;
1859 2750 2240 2807 credendum?

172 2850 276 2916 quia
303 2847 602 2904 secundum
630 2844 1020 2900 Incarnationis
1053 2844 1370 2915 mysterium
1402 2840 1651 2897 Christus
1676 2851 1761 2897 est
1931 2844 2021 2900 49.
2061 2844 2256 2900 Natum
2285 2860 2415 2916 ergo
2447 2845 2586 2916 Magi
2610 2845 2884 2901 'nuntiant
2913 2861 3099 2918 regem
3142 2865 3155 2901 :
3184 2846 3472 2918 perturba-

173 2941 303 2998 stella
329 2959 341 2995 :
375 2940 594 2997 Orietur
613 2940 757 2994 enim
778 2937 930 2994 stella
947 2953 1013 2992 ea:
1030 2936 1195 2991 Jacob
1214 2978 1229 3001 ,
1248 2945 1296 2991 et
1331 2945 1570 3008 exsurget
1611 2935 1762 2990 homo
1863 2948 1949 2994 tur
1980 2938 2220 2993 llerodes
2244 2982 2256 3004 ,
2279 2950 2575 3010 congregat
2603 2939 2818 2993 scribas
2840 2947 2896 2994 et
2917 2939 3190 3009 principes
3213 2939 3473 2996 sacerdo-

173 3051 228 3088 ει
247 3033 400 3089 Israel
439 3032 636 3106 (Nunt.
670 3045 827 3098 xxiv,
863 3030 973 3100 l7).
1011 3029 1258 3098 Denique
1287 3028 1373 3083 ubi
1411 3027 1679 3090 Christus,
1709 3037 1766 3082 et
1865 3039 1976 3086 tum
1999 3073 2011 3096 ,
2040 3041 2094 3085 et
2119 3031 2420 3101 interrogat
2443 3032 2530 3086 ubi
2556 3030 2804 3086 Christus
2829 3030 3055 3086 oriatur.
3075 3031 3212 3101 Magi
3238 3041 3474 3087 tantum-

176 3128 314 3182 stella
343 3137 454 3192 est;
487 3127 617 3194 ipse
656 3124 800 3179 enim
828 3132 912 3178 est
957 3121 1114 3177 stella
1142 3120 1426 3191 splendida
1451 3166 1464 3189 ,
1490 3131 1546 3176 et
1590 3129 1764 3176 matu-
1864 3125 2028 3180 modo
2059 3140 2242 3196 regem
2267 3124 2520 3180 nuntiant
2550 3142 2563 3178 :
2615 3125 2861 3180 Herodes
2895 3124 3173 3180 Christum
3221 3127 3470 3198 requirit.

179 3217 287 3272 tina.
323 3220 428 3276 Sua
461 3219 633 3289 igitur
663 3216 780 3285 ipse
801 3216 924 3271 luce
950 3230 1010 3269 se
1037 3215 1236 3284 signat.
1793 3203 1837 3267 C
1870 3216 2047 3288 Ipsum
2096 3217 2261 3288 igitur
2300 3233 2484 3288 regem
2514 3217 2582 3272 de
2628 3233 2737 3288 quo
2776 3219 3072 3289 interrogat
3102 3261 3116 3284 ,
3156 3219 3472 3276 conﬁtetur.

238 3311 320 3366 ιϐ.
361 3311 569 3380 Accipe
603 3307 749 3362 aliud
775 3307 1182 3363 documentum.
1215 3305 1333 3360 Alia
1369 3314 1638 3361 venerunt
1683 3307 1766 3362 via
1875 3307 2083 3364 Deinde
2104 3325 2225 3365 cum
2254 3308 2345 3365 ubi
2369 3312 2516 3366 nasci
2540 3311 2768 3366 haberet
2801 3312 3109 3382 inquiritur,
3138 3311 3322 3382 utique
3340 3329 3478 3385 prm-

179 3406 337 3478 Magi,
386 3407 492 3461 alia
540 3403 817 3470 redeunt;
862 3401 951 3473 qui
992 3401 1134 3456 enim
1175 3400 1451 3457 Christum
1484 3401 1769 3466 viderant,
1876 3401 2156 3456 nuntiatus
2203 3401 2544 3469 ostenditur;
2599 3418 2774 3473 neque
2826 3406 2970 3458 enim
3021 3404 3190 3473 quaeri
3230 3413 3478 3476 poterat,

179 3497 434 3554 Christum
464 3495 892 3560 intellexerant,
926 3494 1184 3549 meliores
1215 3492 1400 3564 utique
1421 3509 1583 3563 quam
1612 3509 1774 3549 veue-
1877 3492 1969 3563 qui
2019 3507 2128 3548 non
2168 3503 2285 3548 erat
2329 3493 2625 3550 nuntiatus.
2669 3494 2714 3549 0
2739 3507 2986 3552 amentes
3025 3494 3197 3552 Judaei
3219 3541 3233 3565 ,
3267 3499 3480 3554 venisse

181 3605 318 3659 rant,
369 3599 749 3649 revertuntur.
789 3589 915 3643 Duzn
957 3588 1158 3658 quippe
1201 3595 1329 3641 sunt
1354 3587 1456 3641 viae
1482 3605 1494 3642 :
1522 3602 1626 3642 una
1657 3602 1777 3658 qum
1880 3599 1989 3640 non
2017 3584 2240 3640 creditis
2266 3627 2280 3650 ,
2309 3603 2474 3657 quem
2524 3586 2721 3643 videtis
2755 3605 2767 3640 :
2823 3589 3041 3644 venisse
3073 3605 3181 3644 non
3216 3591 3440 3647 creditis
3469 3633 3484 3659 ,

184 3684 319 3740 ducit
345 3686 412 3741 ad
453 3683 779 3749 interitum,
828 3682 998 3735 altera
1039 3694 1160 3750 quae
1205 3678 1354 3733 ducit
1402 3677 1468 3733 ad
1499 3694 1723 3749 regnum
1761 3694 1772 3731 :
1882 3693 2042 3748 quem
2098 3681 2310 3752 1298
2357 3680 2540 3736 dicitis
2567 3697 2689 3737 esse
2720 3685 3039 3738 venturum!
3083 3683 3372 3751 Nuntiate,
3407 3685 3490 3739 in-

185 3779 262 3834 illa
303 3789 658 3850 peccatorum
692 3784 801 3842 est,
845 3789 966 3846 quas
1007 3773 1162 3828 ducit
1202 3773 1268 3827 ad
1301 3772 1568 3828 Herodem
1605 3791 1618 3826 :
1663 3773 1779 3827 haec
1884 3771 2034 3840 quit,
2069 3772 2231 3837 mihi,
2266 3785 2322 3826 ut
2349 3774 2562 3829 veniam
2587 3816 2603 3841 ,
2632 3784 2688 3829 et
2725 3773 2945 3829 adorem
2981 3791 3206 3845 puerum
3260 3776 3481 3849 (Matth.

185 3873 258 3928 via
285 3874 538 3929 Christus
579 3879 699 3934 est,
727 3884 835 3939 qua
867 3867 1074 3922 reditur
1107 3865 1174 3921 ad
1208 3865 1471 3934 patriam;
1518 3865 1604 3920 hic
1631 3864 1776 3920 enim
1889 3879 1962 3929 ιι,
1991 3863 2386 3933 8).lnsidiatur
2426 3864 2646 3936 quidem
2691 3865 2963 3934 Herodes,
3017 3868 3114 3920 sed
3157 3868 3326 3922 Deum
3378 3883 3486 3924 non

185 3966 490 4036 temporalis
519 3972 609 4020 est
657 3961 960 4025 iucolatus,
992 3957 1135 4014 sicut
1175 3958 1436 4027 scriptum
1467 3967 1551 4012 est
1594 3973 1608 4012 :
1643 3956 1785 4010 Mul—
1891 3967 2081 4024 negat,
2117 3971 2277 4025 quem
2310 3967 2574 4011 memorat
2602 3957 2960 4012 adorandum.
2995 3958 3204 4016 Deinde
3253 3959 3490 4018 infantes

190 4067 287 4111 tum
328 4057 504 4112 incola
554 4055 696 4125 {acta
720 4061 795 4107 est
837 4051 1014 4106 anima
1041 4066 1152 4104 utea
1180 4048 1356 4120 (Psal.
1398 4065 1543 4115 cxnx,
1579 4048 1657 4120 6).
1683 4047 1788 4104 Ca-
1894 4046 2068 4101 occidi
2098 4046 2252 4116 jubet
2275 4046 2465 4119 (Ibid.,
2501 4048 2619 4120 16).
2646 4048 2743 4104 Cui
2773 4049 2863 4103 alii
2899 4051 3002 4105 uisi
3034 4050 3150 4107 Deo
3187 4053 3310 4108 talis
3341 4053 3494 4109 victi-

188 4164 401 4205 reamus
427 4150 598 4219 igitur
625 4145 893 4201 Herodem
924 4141 1214 4197 mundanae
1245 4141 1312 4196 ad
1343 4149 1555 4211 tempus
1586 4155 1789 4209 pra‘suo
1895 4153 1980 4192 ma
2007 4137 2307 4193 debebatur
2337 4141 2360 4192 ?
2392 4139 2608 4210 Expers
2643 4141 2772 4197 licet
2801 4157 2996 4198 sensus
3028 4143 3252 4200 infantia
3277 4186 3290 4212 ,
3325 4146 3492 4202 Deum

190 4242 289 4297 lem
317 4240 641 4313 potestatis;
685 4246 746 4291 ut
784 4234 973 4306 patria:
1021 4231 1262 4289 caelestis
1299 4239 1561 4288 aeternum
1593 4245 1786 4288 conse-
1897 4241 2076 4286 tamen
2107 4246 2203 4300 pro
2225 4246 2334 4302 quo
2369 4233 2726 4299 interimitur,
2767 4234 3083 4292 conﬁtetur.
3122 4238 3248 4294 Ilaec
3274 4237 3343 4295 de
3361 4240 3497 4296 Mat-

193 4349 416 4404 quamur
439 4330 839 4389 habitaculum.
1897 4322 2037 4378 thaeo
2061 4337 2228 4392 pauca
2252 4323 2571 4391 libavimus;
2596 4335 2653 4380 ut
2681 4326 2915 4382 clareret
2941 4327 3179 4385 infantiae
3203 4340 3447 4402 tempora
3466 4349 3496 4388 a

259 4429 347 4482 47.
386 4426 510 4482 Non
558 4422 751 4479 electis
811 4430 1018 4478 tantum
1083 4419 1305 4491 praemia
1356 4417 1458 4473 ista
1512 4417 1789 4488 pronosita
1895 4415 2194 4472 divinitatis
2225 4418 2482 4488 operibus
2511 4435 2616 4476 non
2641 4435 2885 4477 vacasse.
2911 4423 3066 4490 Quod
3095 4424 3139 4478 si
3163 4433 3295 4480 aztas
3316 4427 3498 4483 carnis

195 4528 333 4586 sunt,
354 4517 456 4574 sed
483 4515 652 4574 etiam
674 4513 966 4579 omnibus;
1002 4512 1258 4584 quoniam
1291 4510 1499 4574 Omnia,
1531 4520 1578 4565 et
1600 4511 1652 4564 iu
1682 4527 1790 4564 om-
1899 4521 1922 4549 ο
1949 4513 2143 4584 ignava
2167 4514 2348 4583 operis
2373 4512 2506 4580 fuit,
2538 4515 2786 4584 profecto
2815 4515 2959 4571 Deus
2996 4527 3109 4572 erat
3131 4559 3145 4583 ,
3193 4517 3286 4587 qui
3309 4519 3504 4576 ditini-

267 4647 290 4671 ιι
314 4637 524 4692 Omnes
552 4633 710 4708 edit.,
741 4639 1116 4708 sacramentum
1133 4639 1220 4708 est
1266 4626 1569 4696 potestatis;
1607 4639 1798 4708 omnes
1826 4631 1882 4692 1)
1905 4641 2036 4708 vero
2059 4626 2150 4708 “ad
2172 4697 2186 4708 _
2206 4626 2576 4708 cognitionem
2629 4642 2979 4708 numerorum
3005 4670 3018 4692 ,
3054 4635 3500 4708 quamproximc

202 4724 352 4770 mss.,
410 4695 730 4776 sacri/icium
789 4701 1075 4776 potestatis.
1133 4695 1441 4776 Utrumque
1491 4695 1796 4776 commode.
1905 4707 2030 4753 ante
2054 4695 2326 4776 Chaidaais
2358 4696 2634 4776 adjudicat
2677 4710 2899 4776 sanctus
2935 4695 3500 4776 Doctoryid'intelligi

201 4767 468 4834 Caeterum
530 4767 758 4848 mystica
789 4767 896 4828 'illa
939 4786 1224 4848 munerum
1249 4767 1473 4848 a_Ma_g_is
1515 4767 1796 4848 allatorum
1904 4777 2126 4848 oportet
2165 4767 2234 4822 de
2288 4769 2532 4848 numeris
2573 4769 2952 4848 astrologicis,
2994 4774 3294 4848 exquibus
3313 4767 3504 4845 genet-

202 4837 908 4918 interpretatio'decantata
936 4842 1059 4918 fuit
1078 4856 1106 4894 a
1140 4850 1216 4896 tot
1267 4837 1516 4918 Patribus
1537 4877 1558 4906 ,
1586 4847 1645 4893 ut
1691 4853 1795 4893 non
1903 4837 2236 4918 liacilutura
2266 4837 2566 4918 praedicere
2595 4837 2910 4918 _poss_e:sibi
2956 4837 3283 4901 videbantur
3314 4837 3508 4904 Eunde

204 4909 454 4976 videatur
482 4919 538 4974 in
570 4919 637 4973 iis
663 4913 1018 4973 recensendis
1048 4910 1462 4967 immorandum.
1901 4919 1987 4966 est
2014 4909 2145 4965 illud
2176 4909 2357 4966 Flacci
2380 4909 2477 4966 lib.
2506 4925 2526 4965 ι
2547 4951 2562 4977 ,
2588 4910 2704 4966 Ode
2735 4911 2822 4967 ll.

272 4990 303 5030 δ
330 4991 478 5045 Edit.
514 5002 706 5045 omnes
729 5029 745 5054 ,
797 5001 861 5042 ac
909 4990 1082 5052 major
1111 4996 1368 5038 numerus
1419 4994 1551 5035 mss.
1585 4990 1770 5050 magici

208 5063 403 5117 artibus
431 5059 777 5116 conciliandae
803 5057 898 5112 sibi
931 5055 1234 5108 diuinitatis.
1283 5052 1441 5108 Rom.
1481 5050 1614 5106 edit.
1663 5050 1768 5104 divi

2301 5011 2407 5063 Nec
2428 5011 2718 5077 Babylonios
2739 5015 2944 5065 tentaris
2968 5030 3218 5070 numeros.

210 5116 379 5188 nitati.
407 5130 549 5188 Cod.
589 5145 722 5186 vero
751 5128 915 5184 Corb.
964 5125 1111 5181 Prat.
1137 5124 1300 5181 Carn.
1341 5138 1407 5179 ac
1444 5121 1603 5178 Gem.
1650 5131 1708 5174 ut
1751 5122 1802 5175 iu
1910 5117 2062 5192 Hauc
2106 5116 2394 5173 scientiam
2437 5116 2507 5171 ab
2533 5116 2844 5174 Abrahamo
2873 5118 2941 5174 ad
2989 5120 3272 5192 Egyptios
3299 5122 3505 5182 illatam

214 5215 384 5260 textu.
436 5203 674 5267 Melius,
725 5214 849 5255 cum
903 5195 1150 5265 superior
1184 5195 1344 5251 lectio
1372 5192 1808 5262 :equivocatione
1912 5188 2208 5267 s_cribunt_:
2243 5197 2580 5267 nos__lamen
2634 5204 2743 5244 non
2791 5188 3222 5267 superstitiosam
3276 5193 3424 5249 illam
3478 5213 3509 5251 a

212 5290 320 5330 non
337 5283 545 5330 careat.
567 5259 844 5328 Caeterum
866 5259 1008 5340 quod
1031 5269 1109 5323 illi
1128 5267 1264 5341 Magi
1282 5259 1465 5320 ortum
1488 5279 1517 5341 a
1544 5267 1808 5341 propheta
1915 5260 2228 5341 Patriareha
2261 5259 3036 5341 traditam_autuma_mus,_sed
3068 5274 3272 5320 tantum
3303 5275 3508 5323 rectam

214 5329 438 5402 Balaam
485 5344 706 5400 duxisse
750 5329 1274 5412 mem'oranturihoc
1319 5353 1425 5412 non
1457 5329 1690 5390 obscure
1720 5334 1815 5412 de:
1917 5340 2082 5412 atque
2125 5329 2699 5412 bouesiamsiderum
2743 5330 3118 5412 disciplinam,
3147 5352 3307 5404 quam
3365 5347 3513 5406 post-

215 5427 501 5486 sumptum
541 5425 626 5471 est
653 5429 718 5470 ex
745 5412 898 5486 orig.
927 5410 1208 5486 ﬂtt_f|‘l._i3_,
1238 5407 1590 5486 innNunteros
1619 5423 1636 5459 :
1667 5404 1814 5477 quod
1920 5403 2146 5486 modum
2174 5401 2414 5486 inquieta
2433 5401 2712 5486 hominum
2734 5403 3023 5460 curiositas
3051 5405 3120 5461 ad
3149 5401 3342 5478 pravas
3365 5401 3513 5465 artes

217 5472 399 5543 autem
434 5487 660 5557 magicis
681 5472 891 5557 artihu's
925 5482 1124 5557 imbuti
1147 5472 1548 5557 signiﬁcantur,
1577 5472 1816 5557 hoe'tmn
1920 5473 2162 5557 demisit.
2182 5487 2246 5527 ac
2270 5472 2537 5557 rt‘raduxit:

218 5540 399 5614 solum
433 5540 647 5612 videmr
688 5555 914 5622 petitum
963 5569 1028 5608 ex
1078 5540 1320 5621 ejusdem
1364 5540 1818 5622 Adamantiiloco
2001 5555 2022 5582 ε
2053 5540 2237 5599 Codex
2269 5543 2477 5613 Remig.
2507 5541 2694 5616 Μαρια
2723 5561 2846 5618 ergo
2873 5546 3116 5619 intelligit
3143 5566 3234 5618 per
3267 5567 3390 5607 suas
3433 5569 3519 5607 ar-

219 5631 390 5684 citato
443 5647 456 5681 :
511 5629 603 5684 sed
649 5617 813 5682 etiam
868 5617 1154 5679 manifeste
1203 5621 1400 5691 legitur
1429 5620 1616 5691 ipsius
1649 5617 1783 5674 lib.t

695 5617 813 5681 tiam
868 5617 1154 5679 manifeste
1203 5621 1400 5691 legitur
1429 5620 1616 5691 ipsius
1649 5617 1820 5683 lib.t,
1927 5626 2026 5691 tes,
2051 5623 2129 5691 tit.
2154 5626 2259 5670 etc.

224 5683 362 5756 cont.
398 5683 612 5755 Celsum
639 5713 658 5752 :
681 5699 734 5752 iu
759 5712 865 5765 quo
892 5696 1042 5750 illum
1067 5695 1240 5750 secuti
1256 5683 1396 5747 sunt
1416 5683 1663 5765 Justinus
1683 5705 1788 5765 mar

1652 5704 1824 5765 tinar-
2002 5683 2028 5722 ἀ
2063 5685 2222 5765 Boni.
2243 5685 2408 5765 edit.,
2443 5696 2495 5740 tu
2524 5703 2626 5742 non
2654 5690 2898 5765 agnoscis
2928 5691 3216 5762 proprium.

224 5778 332 5840 lyr,
367 5756 934 5840 Diul.icont.'1‘riph.;
975 5765 1179 5840 Ignat_._
1203 5764 1352 5835 epist.
1404 5761 1472 5817 ad
1526 5759 1778 5840 Ephesios
1809 5777 1823 5840 ξ
1965 5831 1976 5840 .
2006 5756 2397 5840 °_E;dit‘._IRom.
2434 5775 2554 5840 cum
2585 5756 3005 5840 u_no'aut_altero
3027 5756 3168 5818 'mss.
3186 5765 3383 5840 ignara
3406 5784 3524 5840 ope.

277 5828 378 5900 ier.
404 5843 462 5896 in
513 5839 728 5910 Isaiam,
759 5828 879 5910 ca'p.
910 5828 976 5896 l9
1000 5828 1070 5895 'et
1111 5835 1206 5905 47,
1233 5828 1339 5891 ἰιεο
1385 5849 1490 5890 non
1524 5828 1636 5888 alii.
1670 5832 1824 5900 Quod
1931 5831 2004 5886 ris
2027 5831 2141 5903 fuit.
2169 5828 2322 5899 Alias,
2351 5845 2414 5888 ac
2436 5831 2628 5904 reliqui
2655 5847 2788 5891 mss.
2812 5834 3019 5908 ignaua,
3041 5845 3148 5894 etc.
3175 5828 3525 5911 Cbucinni’us;
