3960 6366
505 292 644 350 1575

1863 280 2105 340 SANCTI
2144 281 2464 339 AMBROSII
3426 267 3442 311 ³

3660 269 3781 328 1576

504 422 663 477 usque
692 404 759 458 ad
797 403 1097 459 divisionem
1138 401 1346 464 animae,
1379 409 1425 455 et
1451 400 1683 472 spiritus.
1727 407 2031 467 artuumque
2052 405 2099 451 et
2127 403 2174 459 Α
2204 399 2454 464 mittitur,
2486 396 2733 469 indigere
2765 413 2777 448 :
2811 392 3074 464 numquid
3095 401 3152 449 et
3173 391 3414 447 humano
3436 387 3783 461 egebatauxi-

504 497 876 560 medullarum,
923 495 1264 568 aagitationes
1297 493 1490 558 cordis,
1538 504 1583 547 et
1614 501 1809 546 secreta
1838 500 2100 545 scrutatur

502 593 794 646 animorum
845 588 1004 662 (Heli.
1057 603 1131 653 tv,
1184 587 1308 658 12);
1348 589 1472 656 quia
1511 584 1654 640 nuda
1704 583 1987 648 mentium,
2045 590 2101 637 et

503 694 693 754 aperta
732 691 860 738 sunt
890 681 1072 736 omnia
1111 681 1207 736 Dei
1237 680 1401 744 Filio,
1431 696 1589 751 quem
1634 678 1986 736 conscientia:
2015 692 2101 733 se-

503 788 650 835 creta
681 792 786 833 non
813 776 1022 831 fallunt.

575 870 665 926 62.
718 869 1071 940 Prophetavit
1132 869 1311 941 itaque
1361 869 1614 934 Simeon,
1681 868 2102 939 praphetaverat

505 966 688 1037 Virgo,
713 965 1136 1036 pr0phetaverat
1151 964 1402 1033 copulata
1425 963 1699 1034 conjugio,
1720 963 1912 1018 debuit
1932 962 2098 1016 etiam

504 1060 693 1123 vidua;
725 1073 793 1113 ne
839 1072 943 1128 qua
973 1066 1068 1111 aut
1099 1055 1370 1127 professio
1401 1054 1644 1120 deesset,
1677 1063 1771 1108 aut
1815 1069 1998 1110 sexus.
2035 1055 2101 1109 Et

505 1151 628 1209 ideo
674 1151 828 1206 Anna
861 1161 916 1206 et
945 1148 1233 1219 stipendiis
1271 1147 1576 1212 viduitatis,
1613 1153 1670 1202 et
1701 1147 1948 1202 moribus
1975 1146 2101 1202 talis

504 1244 810 1310 inducitur;
854 1251 910 1298 ut
935 1242 1096 1313 digna
1127 1241 1286 1310 plane
1325 1239 1492 1294 fuisse
1533 1238 1810 1303 credatur,
1844 1255 1966 1308 quae
2012 1253 2100 1292 re-

505 1337 843 1406 demptorem
866 1335 1107 1390 omnium
1137 1333 1354 1388 venisse
1387 1332 1683 1387 nuntiaret.
1711 1329 1880 1400 Cujus
1905 1331 2099 1385 merita

503 1443 625 1484 cum
665 1426 796 1483 alibi
836 1425 1313 1497 descripserimus,
1361 1439 1484 1479 cum
1534 1423 1725 1479 viduas
1757 1422 2100 1478 hortaremur

500 1521 644 1593 (Lib.
689 1520 753 1575 de
788 1518 993 1585 Viduis,
1038 1535 1154 1591 cap.
1189 1517 1268 1589 l),
1295 1519 1397 1574 hoc
1445 1518 1566 1573 loco
1594 1517 1852 1588 quoniam
1898 1516 1964 1571 ad
1995 1516 2100 1571 alia

503 1624 879 1682 properamus,
910 1626 1018 1665 non
1045 1618 1299 1680 putamus
1322 1608 1594 1664 iteranda.
1638 1609 1754 1663 Non
1799 1609 1975 1665 otiose
2017 1619 2099 1664 ta-

503 1719 627 1758 tnen
655 1718 827 1759 annos
847 1702 1121 1773 octoginta
1153 1711 1387 1773 quatuor
1414 1701 1697 1757 viduitatis
1728 1700 1847 1771 ejus
1876 1715 2100 1770 expres-

2205 495 2308 555 lio;
2343 505 2401 549 ut
2430 501 2676 547 materno
2703 489 2934 545 serviret
2958 487 3220 559 imperio?
3244 483 3537 541 Dcferebat
3565 483 3783 550 homini,

2203 588 2481 644 deferebat
2510 585 2724 642 ancillae
2757 584 2898 655 (ipsa
2929 584 3074 640 enim
3108 583 3238 637 dicit
3265 580 3421 651 (Luc.
3442 596 3478 647 I,
3505 577 3605 649 '58)
3630 596 3644 630 :
3665 577 3784 633 Ecce

2204 681 2397 736 ancilla
2425 678 2683 748 Domini),
2715 677 2995 734 deferebat
3035 675 3294 732 simulato
3329 674 3466 745 patri
3501 690 3515 728 :
3545 681 3602 728 et
3632 673 3783 726 mira-

2204 777 2282 832 ris
2323 777 2369 831 si
2402 777 2512 832 Deo
2553 774 2790 831 detulit?
2835 775 2916 829 An
2964 772 3172 826 homini
3203 770 3421 826 deferre
3470 769 3645 840 pietas
3690 778 3785 834 est,

2203 869 2318 925 Deo
2353 867 2572 924 deferre
2603 866 2890 923 infirmitas
2933 865 3051 920 est?
3077 863 3177 919 Vel
3219 878 3284 919 ex
3333 862 3592 917 humanis
3617 860 3786 916 divina

2204 962 2502 1033 perpende,
2534 961 2562 999 ι)
2594 969 2650 1016 et
2679 960 2806 1031 quid
2831 959 2968 1028 patri
2997 957 3201 1013 amoris
3229 956 3513 1021 debeatur,
3540 969 3784 1025 agnosce.

2201 1055 2362 1111 Pater
2391 1053 2712 1109 Itonorilicat
2753 1052 2950 1108 Filium
2980 1049 3162 1118 (Joan.
3199 1065 3314 1116 vut,
3356 1047 3426 1103 54
3465 1059 3514 1102 et
3536 1045 3658 1117 49),
3691 1061 3788 1101 non

2205 1147 2284 1202 vis
2311 1155 2371 1200 ut
2398 1145 2566 1200 Filius
2595 1143 2920 1200 honoriﬁcet
2946 1143 3161 1197 Patrem
3189 1159 3202 1194 :
3236 1142 3398 1197 Pater
3424 1157 3560 1197 voce
3584 1140 3788 1196 caelesti

2203 1242 2256 1296 in
2285 1240 2425 1296 Filio
2453 1255 2513 1294 se
2546 1241 2888 1308 complacere
2929 1238 3215 1308 profitetur
3239 1234 3388 1306 (Luc.
3435 1251 3514 1302 ιιι,
3537 1233 3658 1305 2‘2),
3691 1249 3791 1288 non

2202 1335 2283 1389 vis
2326 1341 2385 1388 ut
2426 1332 2598 1388 Filius
2629 1331 2881 1388 humana:
2925 1330 3106 1386 carnis
3153 1328 3370 1383 indutus
3413 1327 3640 1392 amictu,
3676 1342 3790 1381 cum

2204 1427 2439 1482 humana
2467 1440 2622 1490 voce,
2664 1424 2902 1479 humano
2935 1423 3189 1492 loquatur
3232 1419 3445 1486 allectu,
3479 1418 3699 1474 Patrem
3724 1416 3793 1472 di.

2201 1529 2290 1576 cat
2318 1535 2441 1576 esse
2469 1518 2730 1589 majorem
2769 1515 2948 1586 (Joan.
2989 1531 3101 1583 xw,
3145 1512 3277 1583 28)?
3303 1512 3438 1568 Nam
3482 1512 3527 1566 si
3573 1510 3792 1583 Magnus

2203 1611 2477 1675 Dominus,
2506 1624 2551 1665 et
2582 1608 2865 1665 laudabilis
2893 1608 3068 1673 nimis,
3096 1615 3146 1660 et
3168 1603 3544 1676 magnitudinis
3560 1604 3677 1672 eius
3699 1618 3792 1657 non

2201 1715 2275 1758 est
2305 1703 2426 1772 ﬁnis
2451 1699 2626 1774 (Psal.
2660 1716 2837 1764 CLXIV,
2866 1698 2923 1767 5)
2959 1715 2973 1752 :
3010 1697 3196 1767 utique
3235 1694 3553 1766 magnitudo
3581 1710 3704 1766 qua:
3731 1692 3794 1747 ft-

501 1796 610 1862 sit;
641 1798 764 1868 quia
794 1805 848 1851 el
879 1804 1087 1865 septem
1116 1793 1443 1858 dodecades,
1487 1802 1541 1847 el
1577 1791 1698 1848 dum
1739 1791 2090 1862 quadragesi-
2122 1786 2171 1846 Β
2201 1813 2323 1853 uem
2355 1811 2461 1851 non
2495 1795 2678 1861 habet,
2712 1809 2812 1850 nec
2834 1802 3183 1864 augmentum
3215 1790 3396 1846 habet.
3427 1788 3536 1846 Sed
3567 1805 3668 1844 cur
3691 1804 3792 1844 non

503 1903 605 1944 mae
628 1902 843 1942 sacrum
867 1887 1122 1942 videntur
1150 1901 1432 1941 numerum
1465 1885 1778 1955 designare.

569 1983 752 2054 (Vers.
776 1981 894 2051 42.)
941 1981 1007 2035 Et
1047 1996 1163 2035 cum
1188 1981 1313 2052 facti
1351 1989 1515 2034 essent
1544 1979 1624 2034 illi
1649 1979 1769 2033 anni
1798 1978 2090 2033 duodecim.

574 2075 663 2130 65.
697 2074 743 2128 Α
765 2072 1090 2129 duodecimo
1120 2087 1284 2138 anno,
1309 2082 1367 2126 ut
1398 2072 1651 2142 legimus,
1687 2072 1979 2127 Dominica:
2004 2085 2095 2125 su-

499 2165 665 2221 mitur
721 2163 1111 2234 disputationis
1155 2163 1473 2229 exordium;
1535 2163 1625 2218 bic
1672 2164 1819 2220 enim
1883 2164 2092 2235 1302

501 2255 860 2326 praedicanda:
891 2255 1015 2311 fidei
1047 2255 1536 2326 evangelizantium
1569 2271 1828 2311 numerus
1859 2255 2095 2311 debeba-

500 2358 608 2405 tur.
639 2348 751 2405 Nec
779 2348 950 2406 otiose
976 2348 1262 2403 immemor
1291 2361 1518 2403 suorum
1548 2346 1846 2402 secundum
1870 2361 2091 2402 carnem

498 2449 808 2512 parentum,
826 2440 916 2510 qui
938 2439 1238 2496 secundum
1257 2453 1480 2495 carnem
1500 2440 1686 2510 utique
1703 2438 1970 2509 sapientia
1995 2439 2089 2494 Dei

495 2535 824 2604 implebatur
855 2543 909 2591 et
935 2534 1135 2605 gratia,
1165 2542 1288 2605 post
1320 2534 1554 2588 triduum
1591 2533 1863 2603 reperitur
1885 2534 1938 2588 in
1960 2543 2095 2588 tetn-
2127 2573 2134 2578 ρ

498 2626 624 2696 plo;
657 2637 712 2681 ut
739 2635 887 2682 esset
909 2625 1113 2681 indicio
1163 2626 1285 2697 quia
1313 2633 1435 2696 post
1476 2624 1713 2680 triduum
1749 2624 2094 2695 triumphalis

487 2719 635 2776 illius
685 2720 954 2791 passionis
1008 2719 1061 2776 in
1108 2718 1240 2774 sede
1266 2719 1501 2785 cteleSti,
1533 2725 1591 2774 et
1635 2718 1846 2774 honore
1903 2717 2092 2772 divino

495 2811 622 2868 fidei
649 2823 851 2867 nostrae
895 2826 955 2869 se
1000 2818 1411 2868 resurrecturus
1439 2809 1693 2877 olierret,
1723 2810 1813 2880 qui
1844 2818 2090 2865 mortuus

495 2902 847 2958 credebatur.

568 2995 751 3067 (Vers.
779 2994 898 3065 49.)
925 2995 1063 3063 Quid
1100 3005 1174 3050 est
1203 2995 1339 3064 quod
1379 3011 1458 3050 me
1497 2994 1844 3066 quaerebam?
1877 2993 2091 3050 Nescie-

493 3087 626 3142 batis
650 3087 771 3157 quia
794 3088 846 3140 in
874 3087 1090 3157 prapria
1118 3089 1281 3157 patris
1311 3087 1638 3170 mei_0portet
1663 3103 1742 3140 me
1764 3088 1909 3141 esse?

566 3179 657 3238 64.
708 3179 843 3235 Duae
882 3189 1011 3236 sunt
1043 3179 1096 3235 in
1139 3178 1359 3234 Christo
1393 3179 1780 3248 generationes
1821 3197 1834 3232 :
1870 3195 1974 3234 una
2006 3175 2158 3238 estC

492 3283 737 3344 paterna,
778 3280 1023 3328 materna
1055 3272 1226 3327 altera
1259 3289 1272 3326 :
1303 3282 1530 3342 paterna
1564 3271 1652 3326 illa
1678 3272 1936 3337 divinior,
1968 3289 2084 3329 ma-

491 3373 644 3421 terna
697 3379 827 3420 vero
857 3380 980 3434 quae
1022 3365 1075 3420 in
1109 3373 1356 3421 nostrum
1404 3363 1646 3419 laborem
1693 3380 1962 3435 usumque
1993 3366 2089 3422 de-

489 3461 719 3517 scendit.
745 3460 810 3515 Et
840 3460 962 3516 ideo
989 3475 1111 3531 qua:
1138 3477 1300 3531 supra
1334 3469 1606 3528 naturam,
1638 3475 1800 3532 supra
1842 3470 2084 3531 (etatem,

488 3568 655 3624 supra
682 3551 1132 3608 consuetudinem
1157 3554 1313 3614 fiunt.
1341 3568 1448 3609 non
1475 3553 1733 3610 humanis
1760 3556 2087 3625 assignanda

487 3645 800 3712 virtutibus,
831 3644 926 3702 sed
957 3645 1156 3702 divinis
1200 3645 1485 3702 referenda
1533 3655 1661 3702 sunt
1691 3650 2078 3716 potestatibus.

489 3739 634 3796 Alibi
665 3755 788 3796 eum
820 3749 846 3777 ιι
872 3739 939 3795 ad
965 3740 1286 3811 mysterium
1331 3751 1506 3796 mater
1538 3741 1772 3813 impellit
1802 3759 1814 3797 :
1850 3742 1937 3798 hic
1967 3759 2078 3798 ma-

488 3841 571 3889 ter
600 3832 845 3904 arguitur
891 3831 1069 3906 (Joan.
1101 3849 1160 3900 ll,
1192 3834 1282 3902 5);
1312 3834 1437 3905 quia
1489 3833 1668 3890 adhuc
1699 3851 1819 3904 quae
1850 3836 2083 3893 humana

479 3933 639 3993 sunt,
691 3927 893 3997 exigat.
933 3924 1041 3981 Sed
1090 3940 1214 3980 cum
1273 3926 1361 3982 hic
1402 3926 1691 3983 duodecim
1722 3927 2082 3993 describatur

485 4034 776 4087 annorum,
826 4017 938 4073 illic
982 4017 1283 4088 discipulos
1331 4018 1537 4076 habere
1587 4019 1884 4089 doceatur;
1930 4021 2084 4078 vides

485 4121 715 4165 matrem
749 4109 1008 4164 didicisse
1040 4109 1110 4166 de
1155 4109 1319 4178 Filio,
1355 4119 1412 4165 ut
1451 4111 1700 4182 exigeret
1738 4129 1767 4166 a
1818 4113 2082 4170 validiore

485 4200 828 4272 mysterium,
855 4216 978 4271 qua:
1002 4202 1253 4272 stupebat
1281 4202 1333 4256 in
1349 4201 1566 4271 juniore
1592 4205 1934 4262 miraculum.

557 4292 738 4367 (Vers.
764 4292 881 4364 51.)
907 4291 974 4346 Et
995 4294 1127 4348 venit
1159 4291 1454 4359 Nazareth,
1483 4304 1533 4348 et
1558 4306 1668 4351 erat
1696 4298 1929 4353 subditus
1949 4301 2076 4355 illis.

549 4383 639 4440 65.
672 4383 810 4453 Quid
834 4386 980 4440 enim
1009 4385 1267 4455 magister
1294 4387 1534 4453 virtutis,
1566 4388 1668 4442 nisi
1691 4389 1929 4445 officium
1961 4393 2074 4461 pie-

483 4477 611 4533 tatis
639 4477 925 4547 impleret?
953 4477 1022 4533 Et
1050 4477 1311 4534 miramur
1341 4479 1386 4534 si
1412 4479 1557 4534 Patri
1586 4479 1784 4550 defert,
1823 4484 1914 4554 qui
1945 4485 2076 4541 sub-

2199 1891 2461 1961 accipiam
2490 1889 2762 1958 religiosis
2791 1886 3015 1942 auribus
3055 1885 3254 1941 Filium
3285 1883 3436 1939 Patri
3471 1882 3526 1938 in
3570 1897 3793 1951 suscep-

2200 1985 2349 2040 tione
2374 1983 2622 2051 corporis
2660 1981 3032 2048 obedientem,
3083 1995 3208 2035 cum
3241 1978 3500 2048 religiose
3527 1975 3791 2047 accipiam

2197 2076 2414 2133 Patrem
2444 2075 2580 2131 Filio
2600 2073 2936 2131 deferentem
2956 2076 2978 2128 ?

2269 2195 2361 2251 66.
2389 2194 2545 2250 Disce
2575 2194 2756 2265 potius
2777 2200 2882 2248 tua:
2915 2191 3165 2248 utilitatis
3193 2201 3488 2262 praecepta,
3520 2199 3574 2245 et
3608 2204 3791 2246 exem-

2197 2288 2282 2358 pla
2315 2287 2532 2358 pietatis
2571 2301 2829 2356 agnosce.
2867 2285 3019 2339 Disce
3049 2283 3175 2352 quid
3209 2283 3530 2353 parentibus
3561 2283 3672 2336 tuis
3703 2282 3791 2336 de-

2197 2378 2348 2444 beas,
2374 2393 2496 2433 cum
2527 2377 2663 2448 legis
2693 2393 2724 2432 a
2765 2376 2926 2431 Patre
2958 2375 3156 2430 Filium
3199 2390 3308 2431 non
3349 2374 3658 2441 voluntate,
3690 2389 3789 2429 non

2196 2487 2384 2542 opere,
2416 2487 2521 2527 non
2553 2481 2795 2540 tempore
2833 2471 3148 2538 discrepare
3185 2487 3196 2523 :
3228 2468 3331 2525 etsi
3361 2468 3612 2538 personis
3663 2468 3790 2532 duo,

2196 2576 2463 2638 potestate
2504 2581 2668 2620 unum
2713 2574 2858 2619 sunt.
2909 2563 2980 2618 Et
3027 2566 3214 2632 utique
3253 2561 3465 2616 nullum
3497 2561 3665 2616 Pater
3705 2560 3795 2615 ille

2195 2658 2698 2715 coelestislaborem
2731 2655 3103 2728 generationis
3137 2654 3346 2728 1303
3375 2663 3640 2721 expertus
3668 2663 3753 2710 est
3779 2670 3791 2705 :

2197 2759 2252 2806 tu
2278 2751 2434 2805 matri
2464 2749 2632 2806 debes
2658 2749 2884 2820 pudoris
2914 2748 3189 2817 injuriam,
3221 2746 3544 2817 virginitatis
3572 2744 3794 2817 dispen-

2197 2846 2371 2913 dium,
2409 2855 2595 2914 partus
2625 2843 2947 2914 periculttm,
2981 2842 3140 2896 matri
3166 2841 3326 2912 longa
3353 2839 3596 2906 fastidia,
3633 2838 3794 2894 matri

2195 2941 2351 3011 longa
2383 2937 2721 3003 discrimina,
2745 2937 2832 2992 cui
2859 2937 3074 2992 misera:
3112 2937 3164 2990 in
3198 2935 3332 3004 ipsis
3365 2941 3620 2988 votorum
3651 2934 3796 2988 fruc-

2195 3032 2341 3086 tibus
2379 3029 2555 3100 majus
2605 3028 2908 3100 periculum
2963 3035 3046 3083 est
3085 3036 3183 3082 :et
3212 3041 3334 3081 cum
3377 3025 3611 3080 ediderit
3655 3027 3796 3096 quod

2193 3123 2417 3194 optavit,
2449 3130 2602 3191 partu
2650 3120 2976 3187 absolvitur,
3026 3135 3135 3175 non
3163 3119 3379 3174 timore.
3421 3115 3561 3184 Quid
3599 3117 3798 3173 anxios

2192 3224 2372 3285 patres
2401 3215 2588 3284 loquar
2619 3229 2716 3284 pro
2745 3213 2976 3268 filiorum
3017 3210 3286 3282 profectu,
3317 3220 3373 3266 et
3401 3208 3798 3281 multiplicatos

2193 3310 2388 3364 alienis
2415 3307 2602 3364 usibus
2626 3321 2847 3370 census,
2867 3307 3122 3378 jactaque
3148 3305 3405 3376 agricola:
3426 3305 3643 3360 semina
3669 3319 3797 3374 pos-

2192 3412 2432 3458 terorum
2463 3401 2714 3457 aetatibus
2734 3399 3056 3470 profutura?
3083 3397 3276 3453 Nonne
3294 3411 3395 3468 pro
3425 3396 3510 3452 his
3533 3396 3798 3468 obsequia

2189 3497 2382 3552 saltem
2411 3503 2629 3566 oportet
2657 3493 2923 3564 rependi?
2962 3491 3072 3548 Cur
3118 3491 3288 3562 impio
3315 3492 3487 3562 patris
3520 3491 3635 3545 vita
3668 3505 3800 3560 pro-

2191 3589 2371 3653 lixior,
2404 3595 2460 3642 et
2487 3586 2850 3643 communitas
2882 3584 3198 3656 patrimonii
3229 3582 3450 3640 videtur
3483 3583 3799 3654 angustior,

2189 3693 2312 3735 cum
2339 3677 2590 3735 Christus
2611 3695 2719 3735 non
2743 3678 2971 3751 refugiat
3003 3675 3366 3735 cobmredes?

2261 3818 2416 3889 (Cap.
2451 3816 2538 3872 Ill.
2561 3848 2632 3856 ——
2656 3817 2809 3872 Vers.
2843 3817 2921 3888 2.)
2949 3815 3177 3872 Factum
3221 3825 3295 3870 est
3326 3815 3538 3870 uerbum
3577 3815 3802 3872 Domini

2188 3928 2345 3982 super
2368 3909 2627 3966 Joannem
2653 3910 2928 3965 lac/toria:
2955 3911 3123 3980 filium
3152 3911 3206 3964 in
3238 3909 3460 3964 deserto.

2259 4026 2804 4099 67.Congregaturus
2831 4027 3129 4082 Ecclesium
3154 4025 3250 4080 Dei
3281 4025 3469 4092 Filius,
3501 4034 3633 4081 ante
3665 4040 3803 4096 ope.

2184 4121 2407 4176 raturin
2437 4121 2680 4177 servulo.
2713 4121 2782 4175 Et
2803 4119 2924 4174 ideo
2963 4119 3102 4175 bene
3131 4119 3314 4188 posuit
3358 4129 3581 4174 sanctus
3615 4118 3802 4173 Lucas

2185 4213 2385 4269 factum
2403 4228 2524 4269 esse
2549 4213 2772 4270 verbum
2801 4212 3018 4268 Domini
3041 4227 3206 4282 super
3221 4211 3485 4268 Joannem
3502 4211 3801 4268 Zachariae

2185 4308 2352 4362 lilium
2383 4308 2434 4361 in
2467 4307 2724 4372 deserto;
2755 4315 2814 4360 ut
2842 4305 3085 4362 Ecclesia
3113 4321 3221 4361 non
3253 4305 3322 4360 ab
3352 4305 3578 4361 homine
3598 4321 3800 4375 coepe-

2181 4403 2273 4467 rit,
2305 4401 2402 4458 sed
2432 4417 2462 4456 a
2497 4401 2696 4457 Verbo.
2728 4401 2850 4472 Ipsa
2887 4403 3033 4458 enim
3064 4411 3147 4458 est
3170 4401 3475 4468 desertum,
3507 4403 3647 4472 quia
3679 4404 3805 4474 plu-

2182 4510 2264 4548 res
2292 4493 2393 4563 ﬁlii
2428 4493 2663 4561 desertaz,
2713 4494 2878 4565 magis
2917 4510 3072 4564 quant
3123 4498 3235 4564 ejus
3279 4510 3395 4562 qua!
3425 4494 3578 4549 habet
3620 4496 3802 4549 virum

479 4568 851 4640 diturmatri?
875 4569 994 4626 Non
1022 4572 1208 4642 utique
1240 4571 1593 4638 inﬁrmitatis,
1625 4573 1721 4630 sed
1747 4575 1966 4646 pietatis
1995 4586 2080 4633 est
2103 4583 2158 4643 Ι)
2185 4584 2353 4658 (Emi,
2388 4601 2495 4652 ιιγ,
2529 4585 2601 4656 1),
2647 4586 2891 4656 Denique
2933 4585 3036 4656 ipsi
3078 4585 3278 4640 dicitur
3308 4605 3321 4639 ;
3351 4584 3555 4640 Laetare
3595 4589 3807 4641 “erm;

479 4661 581 4719 ista
629 4664 930 4734 subjectio;
963 4667 1176 4721 attollat
1213 4665 1342 4723 licet
1385 4667 1542 4723 saevis
1586 4669 1819 4724 emissus
1855 4669 2078 4726 latebris

476 4753 700 4812 coluber
745 4755 985 4826 perfidiae
1015 4766 1203 4828 caput,
1257 4767 1314 4814 et
1363 4759 1699 4830 serpentinis
1745 4771 1958 4816 evomat
1987 4777 2078 4818 ve-

474 4861 615 4903 nena
690 4848 1022 4918 pectoribus.
1080 4848 1215 4906 Cum
1264 4849 1399 4906 dicit
1464 4866 1524 4906 se
1603 4850 1772 4907 Filius
1847 4854 2072 4909 missum

479 4937 662 5010 (Joan.
719 4957 834 5007 vm,
885 4940 1006 5012 29),
1051 4941 1315 5013 majorem
1356 4941 1646 4998 haereticus
1691 4946 1928 5016 appellat
1977 4947 2076 5002 Pa-

475 5041 654 5101 trem;
698 5042 758 5090 ut
792 5033 1172 5107 imperfectum
1210 5035 1410 5091 Filium
1438 5035 1608 5102 dicat,
1643 5037 1733 5108 qui
1768 5047 1948 5108 potest
1975 5039 2072 5095 ha-

474 5127 605 5185 bere
640 5129 936 5200 majorem;
966 5139 1025 5186 ut
1068 5131 1264 5188 alienis
1308 5132 1528 5188 auxiliis
1569 5142 1782 5190 asserat
1821 5150 1946 5191 eum
1974 5139 2066 5207 qui

476 5241 545 5314 tjs
593 5240 899 5314 hujusrnodi
951 5241 1335 5314 locutionibus,
1381 5243 1448 5298 de
1492 5245 1690 5314 quibus
1737 5247 1940 5304 videsis
1972 5248 2066 5305 Fr.

477 5311 680 5367 Sanctii
713 5311 1019 5378 Minervam,
1050 5313 1113 5366 de
1137 5325 1424 5382 comparat.
1457 5311 1625 5370 coast.

553 5391 579 5419 ⁸
602 5382 747 5460 Edit.
778 5382 930 5460 ξω..
961 5383 1088 5460 βίη.
1124 5399 1188 5438 ac
1215 5384 1526 5460 llum._cttm
1560 5403 1690 5444 mss.
1722 5391 1951 5460 aliquot,
1977 5394 2072 5447 nti-

477 5454 765 5509 nisterium.
802 5453 879 5508 Ita
909 5455 1071 5509 etiam
1116 5455 1324 5511 cuidem
1367 5456 1476 5512 ίιιω
1503 5459 1659 5514 infra.
1705 5453 1851 5516 Edii.
1890 5453 2070 5519 autem

475 5524 715 5603 _Amerb._
741 5524 794 5579 in
827 5539 1085 5594 corpore;
1119 5526 1246 5603 Era.
1293 5536 1350 5584 et
1379 5527 1504 5603 Gill.
1540 5530 1594 5586 in
1633 5547 1803 5603 marg.
1839 5543 2067 5603 utroque

476 5595 600 5651 loco
632 5597 832 5650 habent
857 5611 978 5652 cum
1018 5597 1277 5675 tredecim
1320 5602 1544 5675 optimis
1585 5618 1715 5675 mss.
1745 5595 2061 5675 mysterium,

476 5675 534 5721 et
567 5675 761 5740 caetera
804 5675 860 5740 u_t
890 5682 990 5740 nos
1035 5668 1303 5740 intexta,
1333 5668 1437 5725 nisi
1463 5673 1608 5740 quod
1651 5675 1702 5727 in
1746 5668 1879 5728 sdlis
1926 5668 2058 5730 mss;

479 5751 649 5804 pro,a
675 5739 814 5814 filio,
837 5737 1054 5814 legitur,
1078 5738 1141 5814 de
1165 5741 1304 5814 ﬁlio.
1321 5737 1674 5814 Quodautem
1706 5743 1793 5814 hic
1811 5745 2058 5814 legimus,

480 5815 644 5861 \ttaler
662 5809 921 5876 arguitur,
948 5810 1056 5864 noli
1081 5809 1205 5865 hinc
1224 5810 1424 5867 inferre
1444 5826 1566 5867 cum
1589 5813 1814 5869 Calvino
1831 5809 1890 5870 S'.
1915 5809 2059 5870 Prae-

2181 4677 2395 4750 (Ibid),
2422 4687 2476 4734 et
2501 4677 2725 4735 Exsulta
2750 4679 3006 4734 desertum
3043 4678 3214 4750 (Esai.
3248 4695 3342 4746 LII,
3377 4678 3473 4750 9);
3507 4678 3643 4750 quia
3675 4680 3805 4736 nul-

2180 4769 2247 4825 lis
2273 4769 2451 4826 adhuc
2475 4785 2737 4827 convenae
2767 4771 2944 4841 plebis
2973 4771 3231 4842 operibus
3273 4770 3578 4838 colebatur,
3608 4789 3808 4853 neque

2180 4863 2348 4918 ullum
2397 4863 2575 4918 adhuc
2623 4863 2851 4920 arbores
2883 4863 3010 4928 illae,
3055 4878 3174 4934 qua:
3206 4861 3443 4919 fructum
3476 4861 3629 4919 ferre
3685 4881 3802 4920 non

2181 4966 2451 5027 poterant,
2483 4959 2806 5014 meritorum
2837 4973 3058 5015 suorum
3090 4957 3348 5014 verticem
3387 4957 3799 5028 praeferebant.

2180 5048 2427 5105 Nondum
2457 5059 2681 5106 venerat
2718 5051 2809 5122 qui
2839 5049 3048 5107 diceret
3078 5068 3091 5104 :
3121 5048 3232 5120 Ego
3260 5061 3435 5104 autem
3480 5053 3618 5106 sicut
3654 5055 3804 5109 oliva

2178 5141 2446 5213 fructifera
2470 5142 2524 5196 in
2550 5141 2702 5198 domo
2732 5141 2946 5196 Domini
2969 5140 3138 5210 (Psal.
3166 5157 3237 5209 ιι,
3271 5142 3383 5213 10).
3411 5139 3682 5200 Nondum
3719 5145 3806 5200 vi-

2176 5254 2311 5311 sulis
2337 5255 2476 5311 hanc
2517 5265 2755 5330 mentem
2786 5271 2929 5330 esse,
2958 5267 3018 5312 ut
3045 5257 3326 5330 Deiparam
3359 5273 3622 5330 peccasse
3652 5264 3805 5318 indi—

2176 5338 2324 5380 caret
2361 5326 2688 5400 :quounihil
2721 5343 2754 5400 a_
2802 5328 2861 5382 Β.
2897 5331 3012 5383 viro
3042 5329 3226 5400 magis
3270 5326 3534 5396 alienum,
3581 5343 3651 5388 ut
3676 5335 3802 5400 jam

2179 5412 2284 5474 non
2315 5399 2482 5474 semel
2513 5398 2665 5474 licuit
2692 5398 2996 5474 advertere.
3037 5398 3283 5470 lutellige
3326 5415 3480 5472 ergo,
3511 5398 3797 5474 arguitur,

2179 5467 2290 5522 lato
2330 5468 2490 5523 modo
2534 5471 2766 5539 positum
2807 5485 2904 5539 pro
2945 5471 3180 5536 docetur,
3222 5467 3317 5525 aut
3346 5467 3456 5527 alio
3500 5467 3800 5534 consimili

2178 5539 2344 5610 verbo
2375 5557 2386 5592 :
2418 5541 2558 5610 quod
2588 5556 2616 5593 a
2641 5542 2914 5596 communi
2938 5557 3037 5596 usu
3067 5556 3174 5596 non
3204 5541 3484 5599 abhorret.

2238 5608 2448 5687 lilium.
2492 5610 2623 5666 edit.
2651 5613 2790 5687 sola,
2831 5623 2876 5666 et
2900 5611 3024 5683 quid
3049 5613 3261 5687 honoris
3289 5616 3427 5687 patri
3466 5615 3791 5675 debeamus.

2167 5680 2273 5764 §ed
2299 5680 2432 5764 nihil
2466 5683 2802 5764 mutandum,
2832 5680 2952 5764 eum
2983 5697 3139 5738 amor
3174 5685 3226 5740 in
3257 5680 3516 5756 parentes
3545 5703 3794 5763 semper

2165 5749 2358 5808 honori
2388 5752 2712 5823 conjunctus
2739 5754 3098 5826 intelligatur.
