3960 6356
475 287 617 344 1579

471 399 731 476 gnitionis
770 402 1069 470 operentur
1106 408 1120 446 :
1153 392 1248 448 sed
1298 401 1476 446 tamen
1509 403 1630 445 cum
1676 387 1915 443 dicitur:
1950 387 2078 453 Quis
2106 391 2157 450 Α

475 493 697 550 ostendit
727 492 865 547 vobis
888 490 1066 563 fugere
1083 503 1114 540 a
1139 494 1353 539 ventura
1381 483 1460 538 ira
1483 482 1507 536 ἶ)
1537 480 1846 536 ostenditur
1875 479 1959 534 his
1984 478 2082 532 Dei

475 585 827 641 miseratione
900 580 1077 636 infusa
1130 575 1460 648 prudentia;
1511 582 1571 628 ut
1623 580 1814 643 gerant
1861 585 2082 628 suorum

476 679 852 751 paenitentiam
878 674 1228 737 delictorum,
1260 669 1422 725 futuri
1455 677 1719 724 terrorem
1747 666 1936 738 judicii
1962 679 2085 737 pro-

477 771 603 826 vida
635 769 927 826 devotione
988 771 1316 820 metuentes.
1367 760 1446 817 Ad
1485 759 1898 832 generationem
1928 772 2082 828 ergo,

475 878 584 918 non
616 861 683 917 ad
731 857 1136 914 successionem
1167 852 1452 910 referenda
1476 851 1912 922 estcomparatio
1935 849 2086 919 vipe-

473 971 679 1013 rarum.
707 956 812 1009 Aut
834 951 1069 1007 fortasse
1096 948 1254 1019 juxta
1287 945 1430 1018 quod
1455 945 1716 1014 scriptum
1747 951 1831 998 est
1862 961 1874 996 ε
1908 940 2087 995 Estote

476 1047 754 1119 prudentes
780 1045 910 1100 sicut
939 1050 1200 1113 serpentes
1229 1037 1442 1110 (Matth.
1494 1054 1548 1102 x,
1583 1035 1702 1107 16),
1727 1033 2086 1091 ostenduntur

473 1138 681 1195 habere
705 1135 1044 1208 prudentiam
1068 1129 1505 1200 naturalem,qui
1531 1127 1816 1199 profutura
1841 1127 2082 1193 videant,

474 1243 530 1290 et
572 1239 766 1304 sponte
801 1229 1143 1300 deposcant,
1191 1222 1287 1280 sed
1335 1222 1512 1278 adhuc
1561 1220 1723 1278 noxia
1780 1235 1886 1275 non
1912 1220 2077 1276 relin-

477 1333 670 1396 quant.

548 1415 639 1470 75.
676 1415 739 1470 Et
759 1413 883 1468 ideo
910 1411 1271 1470 admonentur
1303 1408 1606 1464 claritatem
1632 1406 1734 1462 sibi
1763 1403 1933 1475 magis
1956 1417 2087 1474 ope-

473 1508 575 1574 ris,
607 1522 766 1577 quam
799 1505 1136 1560 nobilitatem
1166 1505 1380 1574 generis
1410 1499 1688 1554 vindicare
1718 1515 1733 1565 ;
1765 1495 1909 1568 quod
1940 1494 2085 1550 nulla

474 1604 532 1659 in
561 1602 913 1658 successione
944 1603 1304 1671 praerogativa
1331 1597 1423 1662 sit,
1457 1595 1561 1649 nisi
1590 1592 1716 1648 ﬁdei
1764 1589 2086 1660 astipuletur

475 1693 768 1750 haereditas
797 1735 811 1759 ,
853 1708 1016 1766 quam
1066 1691 1166 1747 Dei
1216 1697 1348 1744 nutu
1406 1686 1472 1741 ad
1518 1685 1749 1757 populos
1803 1681 2084 1754 gentilium

474 1784 909 1843 transferendam
942 1827 957 1853 ,
1001 1799 1258 1840 sermone
1301 1780 1624 1853 prophetico
1671 1778 1961 1841 revelavit,
1993 1775 2078 1831 di-
2112 1783 2160 1846 Β

471 1896 602 1937 cens
633 1897 648 1934 :
679 1879 872 1933 Potens
894 1887 968 1933 est
995 1877 1136 1932 Deus
1167 1877 1230 1930 de
1257 1873 1524 1946 lapidibus
1552 1872 1633 1926 his
1669 1871 1920 1925 suscitare
1943 1868 2082 1938 ﬁlios

473 1973 717 2026 Abrahaz.
746 1970 884 2026 Nam
913 1969 1043 2024 licet
1072 1969 1217 2023 Deus
1265 1967 1438 2036 possit
1488 1964 1734 2020 diversas
1762 1970 2084 2018 convertere

471 2073 526 2120 et
548 2073 882 2120 commutare
910 2073 1163 2126 naturas;
1191 2059 1515 2130 tamenquia
1547 2057 1679 2114 mihi
1714 2057 1834 2129 plus
1865 2065 2075 2128 myste-

470 2157 614 2213 rium
645 2172 806 2228 quam
833 2155 1154 2212 miraculum
1189 2139 1432 2224 prodest,
1466 2153 1520 2208 in
1547 2151 1851 2223 pramuntio
1881 2149 2085 2206 Christi

473 2250 608 2306 nihil
637 2249 808 2319 magis
830 2265 989 2320 quam
1020 2248 1435 2303 aediﬁcationem
1467 2247 1726 2303 Ecclesia:
1749 2244 1923 2301 debeo
1963 2259 2085 2299 sur-

473 2341 654 2414 gentis
708 2355 1004 2413 agnoscere
1031 2358 1045 2407 ;
1077 2356 1198 2412 qua:
1238 2355 1348 2395 non
1390 2342 1577 2412 rupeis
1624 2340 1787 2404 saxis,
1819 2338 1911 2393 sed
1944 2337 2084 2394 vivis

474 2433 751 2505 lapidibus
774 2444 1078 2500 exstructa,
1112 2432 1165 2487 iu
1201 2432 1572 2487 habitaculum
1605 2431 1699 2487 Dei
1728 2439 1782 2487 et
1813 2429 2085 2500 fastigium

471 2525 662 2596 templi
690 2525 1059 2580 conversione
1101 2535 1414 2579 nostrorum
1463 2522 1700 2578 surrexit
1751 2522 2080 2576 animorum.

471 2617 689 2674 Etenim
719 2617 949 2689 parabat
979 2617 1122 2672 Deus
1150 2616 1416 2672 mentium
1438 2621 1748 2671 nostrarum
1777 2613 1911 2669 dura
1948 2613 2087 2668 mol-

469 2713 614 2780 lire,
664 2720 719 2768 et
767 2711 836 2768 de
885 2711 1162 2782 lapidibus
1210 2709 1527 2766 offensionis
1573 2708 1815 2764 excitare
1845 2706 2084 2763 cultores

471 2803 773 2874 religionis.
798 2802 939 2871 Quid
971 2803 1118 2858 enim
1160 2801 1307 2856 aliud
1357 2816 1517 2872 quam
1551 2799 1760 2870 lapides
1807 2797 2086 2854 habeban-

472 2906 582 2959 tur,
610 2895 699 2964 qui
730 2895 1000 2962 lapidibus
1030 2893 1342 2950 serviebant
1369 2934 1382 2958 ,
1435 2892 1643 2948 similes
1670 2891 1856 2962 utique
1881 2891 1947 2946 iis
1993 2888 2084 2959 qui

469 2987 718 3043 facerent
748 3001 843 3041 eos
871 2987 895 3038 ?
922 2987 1289 3056 PrOphetatur
1342 2986 1507 3056 igitur
1563 2988 1774 3041 saxosis
1801 2984 2082 3058 gentilium

473 3082 610 3137 ﬁdes
657 3077 992 3134 infundenda
1050 3078 1388 3148 pectoribus,
1423 3087 1478 3132 et
1534 3080 1747 3133 futuros
1795 3093 1894 3147 per
1921 3076 2082 3130 ﬁdem

472 3171 707 3228 Abrahae
735 3171 875 3226 ﬁlios
919 3170 1144 3226 oracula
1193 3169 1536 3238 pollicentur,
1585 3168 1782 3239 quibus
1813 3183 1907 3238 per
1933 3167 2083 3221 duri-
2109 3173 2154 3237 ρ

470 3268 601 3323 tiam
626 3264 827 3321 mentis
855 3279 1052 3321 saxeus
1083 3262 1302 3334 quidam
1332 3262 1692 3328 insensibilis,
1738 3260 2085 3317 irrationabi—

475 3361 649 3430 lisque
680 3366 887 3415 natura:
914 3373 1048 3412 usus
1079 3358 1406 3412 inoleverat.
1435 3355 1567 3411 Nam
1600 3356 1646 3411 si
1699 3355 1968 3424 lapidibus
2000 3353 2083 3408 vi-

473 3452 558 3506 vis
589 3455 620 3485 ι
646 3452 888 3506 ﬁrmatos
915 3453 1063 3505 viros
1108 3450 1232 3504 ﬁdei
1261 3450 1460 3505 robore
1487 3450 1758 3504 sententia
1785 3449 2082 3520 apostolica

474 3542 810 3614 comparavit
836 3583 850 3608 ,
901 3544 1056 3610 juxta
1104 3541 1250 3611 quod
1279 3543 1539 3612 scriptum
1567 3549 1653 3597 est
1685 3561 1697 3595 :
1730 3540 1800 3595 Et
1831 3559 1917 3596 vos
1947 3552 2080 3596 taut-

473 3651 626 3707 quam
656 3634 857 3704 lapides
876 3634 976 3687 vivi
1000 3633 1336 3699 wdiﬁcamini
1392 3635 1574 3687 domus
1598 3634 1869 3704 spiritalis,
1899 3635 1953 3688 in
1999 3651 2084 3690 sa—

473 3726 759 3780 cerdotium
789 3735 1046 3790 sanctum,
1063 3722 1332 3791 oﬂ'erentes
1357 3725 1549 3779 hostias
1575 3726 1834 3796 spiritales
1858 3726 1904 3795 (Ι
1931 3725 2078 3781 Petr.

472 3833 533 3885 ιι,
562 3815 618 3890 5)
643 3835 657 3871 :
679 3816 708 3856 ι’
736 3817 908 3873 multo
935 3818 1096 3873 altius
1151 3817 1241 3872 hic
1269 3817 1528 3872 videntur
1581 3833 1719 3872 voce
1765 3818 2082 3890 prOphetica

473 3911 747 3981 lapidibus
791 3911 1040 3967 homines
1077 3912 1512 3984 cemparati,qui
1540 3912 1613 3966 ita
1661 3912 1914 3970 humanae
1959 3928 2083 3970 sen-

475 4018 596 4058 sum
631 4005 831 4062 mentis
859 4005 1155 4060 amiserant
1188 4019 1202 4069 ;
1232 4013 1290 4059 ut
1311 4005 1438 4059 dum
1468 4003 1738 4076 lapidibus
1791 4017 1978 4076 putant
2001 4007 2083 4062 di-

474 4100 717 4154 vinitatis
772 4100 1001 4169 alicujus
1043 4101 1227 4156 inesse
1275 4103 1564 4170 rationem,
1599 4104 1700 4172 ipsi
1748 4104 1804 4159 in
1834 4116 2082 4161 naturam

476 4191 715 4260 lapidum
762 4207 869 4245 non
900 4206 999 4246 usu
1025 4194 1294 4262 corporis,
1321 4195 1417 4249 sed
1449 4198 1650 4250 mentis
1690 4196 1877 4254 habitu
1905 4209 2081 4256 verte-

475 4289 686 4338 rentur.
713 4281 961 4353 Denique
991 4298 1057 4338 ex
1087 4282 1317 4338 Abrahae
1379 4285 1593 4358 1306
1616 4289 1917 4345 secundum
1964 4307 2083 4347 car-

478 4391 602 4431 nem
631 4375 979 4430 suecessione
1009 4383 1316 4440 manantes,
1338 4386 1396 4432 et
1423 4377 1698 4448 principes
1719 4379 2081 4438 Sodomorum

477 4470 822 4540 appellantur
861 4467 1033 4540 (Esai.
1057 4485 1096 4536 ι,
1123 4468 1310 4539 10),et
1331 4471 1566 4540 parietes
1593 4471 1832 4528 dealbati
1863 4475 2079 4545 (Matth.

477 4579 631 4628 χχιιι,
662 4563 785 4632 27);
816 4563 888 4616 ita
911 4562 1010 4617 sibi
1035 4563 1444 4633 prmrogativam
1471 4565 1689 4634 generis
1717 4581 1930 4623 merum
1963 4585 2077 4625 ma-
2102 4565 2158 4626 D

476 4654 559 4725 gis
604 4652 905 4708 similitudo
937 4653 1195 4720 vindicat,
1229 4668 1389 4724 quam
1443 4657 1582 4710 ordo
1613 4658 1878 4726 majorum
1931 4661 2069 4730 (Act.

477 4762 634 4812 χχιιι,
659 4745 898 4816 5).Quin
925 4749 1088 4802 etiam
1115 4758 1169 4800 ut
1193 4747 1335 4802 scias
1359 4749 2075 4822 quia'lapidibuscemparati

477 4845 606 4892 sunt
632 4835 902 4902 homines,
935 4837 1221 4892 arboribus
1253 4852 1468 4907 quoque
1499 4839 1748 4896 homines
1797 4857 2082 4915 compara-

475 4927 554 4984 vit
573 4928 870 4999 subjiciens
891 4928 1166 4999 Propheta
1195 4946 1208 4982 :

545 5021 732 5090 (Vers.
754 5020 833 5092 9.)
859 5021 995 5087 Quia
1012 5021 1128 5092 jam
1172 5020 1364 5076 securis
1392 5022 1462 5076 ad
1484 5025 1684 5081 radices
1709 5025 1951 5082 arborum
1981 5045 2075 5099 p0-

475 5114 575 5171 sita
597 5123 695 5168 est.

472 5263 635 5340 tio.._..
662 5261 725 5340 de
754 5277 808 5315 se
833 5261 1186 5340 adventitiam.
1214 5259 1451 5340 Reliqui,
1495 5271 1549 5319 et
1589 5264 1750 5340 iidem
1789 5268 2062 5340 antiquis-

473 5334 619 5396 simi,
651 5333 760 5386 cibe
790 5333 1084 5398 advectitio,
1119 5343 1225 5385 etc.
1256 5332 1410 5398 Quod
1446 5349 1577 5390 vero
1621 5338 1749 5392 edit.
1785 5332 1948 5394 fletu.-
1977 5356 2063 5395 re-

473 5413 704 5468 secarat,
737 5415 783 5456 et
825 5403 1072 5456 lucrativo
1113 5413 1261 5479 potu,
1294 5405 1346 5457 in
1388 5404 1493 5462 hoc
1534 5407 1872 5479 refragantes
1904 5411 2066 5466 habet

475 5489 664 5528 omnes
690 5485 742 5528 et
772 5489 904 5527 mss.
937 5481 992 5528 et
1017 5486 1128 5527 ant.
1164 5475 1296 5529 edit.

548 5555 575 5583 ι
605 5544 763 5597 Rom.
796 5545 929 5619 edit.
953 5545 1091 5608 sola,
1127 5547 1376 5619 [crinales
1401 5547 1537 5619 viros
1565 5550 1688 5619 ﬁdei
1717 5551 1916 5608 robore.
1951 5551 2071 5608 Non

476 5625 580 5736 tam
633 5615 914 5670 commode
945 5656 960 5680 ,
1023 5625 1080 5670 ut
1133 5618 1250 5685 ipse
1313 5615 1579 5674 orationis
1635 5631 1924 5680 contextus
1974 5625 2073 5678 de-

476 5695 660 5736 carat.

473 5695 660 5739 ctarat.

546 5753 572 5790 ι)
604 5753 677 5808 Ita
706 5763 812 5809 vet.
848 5753 983 5811 edit.
1025 5756 1078 5811 in
1111 5770 1362 5828 corpore,
1397 5773 1461 5816 ac
1483 5775 1618 5815 mss.
1653 5762 1812 5834 longe
1841 5765 2084 5833 plurimi.

1813 272 2064 331 SANCTI
2100 273 2424 331 AMBROSII
2451 266 2465 287 ’

3646 267 3766 326 I580

2255 387 2342 442 76.
2369 384 2620 452 Exempli
2648 389 2827 437 autem
2861 381 2984 437 ideo
3041 381 3180 437 facta
3211 381 3436 437 mutatio
3459 389 3582 448 est;
3612 390 3669 436 ut
3689 385 3766 440 illo

2186 478 2610 550 comparationis
2640 491 2900 548 processu
2931 475 3148 546 quidam
3185 476 3520 547 intelligatur
3548 476 3767 534 hominis

2185 574 2509 630 clementior
2533 572 2645 643 jam
2672 571 2968 642 profectus.
2994 569 3127 624 Nam
3160 568 3238 624 illi
3263 579 3388 624 ante
3415 571 3687 625 deformes
3711 572 3766 627 ad

2187 682 2367 732 usum,
2401 665 2532 721 nudi
2559 666 2624 720 ad
2646 673 2922 728 ornatum,
2951 664 3165 718 steriles
3187 663 3253 718 ad
3284 663 3540 729 fructum,
3575 663 3770 719 irratio-

2187 759 2396 813 nabiles
2448 757 2516 813 ad
2549 756 2875 827 profectum,
2906 755 3015 825 jam
3062 753 3114 809 in
3173 755 3427 811 arborum
3458 754 3693 825 speciem
3720 756 3770 809 ti-

2186 860 2469 923 gurantur,
2520 865 2640 921 qua:
2697 847 3010 904 rationabili
3041 846 3277 918 quedam
3320 857 3530 908 natura:
3563 861 3772 903 munere

2187 945 2402 1001 decorae
2425 944 2493 1000 ad
2525 959 2702 1009 usum,
2739 942 2807 998 ad
2831 950 3114 1012 aspectum
3157 953 3419 1007 venustm,
3449 941 3516 998 ad
3551 941 3771 998 fructum

2187 1039 2404 1108 epitnae,
2436 1044 2666 1108 surgunt
2713 1036 3087 1092 cacuminibus
3119 1077 3133 1101 ,
3190 1035 3488 1091 funduntur
3527 1033 3770 1104 brachiis,

2188 1131 2471 1202 replentur
2501 1129 2784 1195 fructibus,
2811 1127 3090 1184 frondibus
3112 1129 3436 1184 vestiuntur.
3478 1127 3660 1198 Atque
3683 1127 3776 1182 uti-

2187 1239 2314 1278 nam
2343 1213 2444 1278 nes
2474 1221 2825 1277 fecundarum
2873 1236 3029 1276 usum
3075 1221 3332 1276 arborum
3365 1221 3640 1290 possimus
3671 1219 3777 1274 imi-

2188 1316 2317 1383 tari,
2369 1315 2691 1386 meritisque
2735 1314 3108 1370 crescentibus
3156 1312 3416 1384 longaeva:
3467 1311 3777 1368 humilitatis

2188 1407 2372 1464 radice
2404 1407 2909 1474 fundati,sublimes
2931 1406 2999 1460 ab
3022 1405 3208 1474 humo,
3241 1404 3424 1460 decori
3455 1405 3522 1458 ad
3548 1404 3775 1475 speciem

2189 1501 2402 1556 adultos
2453 1499 2854 1555 fructuosorum
2913 1513 3139 1568 operum
3193 1498 3428 1552 vertices
3472 1497 3775 1566 erigamus;

2189 1607 2257 1647 ne
2298 1591 2613 1662 evangelica
2665 1591 2875 1646 securis
2904 1590 3156 1660 agricola:
3184 1588 3358 1644 trunci
3407 1588 3650 1644 radicem
3689 1589 3777 1643 sil-

2188 1685 2386 1740 vestris
2416 1683 2651 1739 excidat.
2693 1682 2784 1738 ναξ
2816 1683 2952 1737 enim
2982 1683 3108 1736 mihi
3153 1690 3247 1750 est,
3272 1682 3314 1736 si
3338 1697 3439 1735 non
3461 1682 3781 1752 evangelise-

2183 1776 2371 1848 _vero(l
2421 1775 2542 1830 Cor.
2579 1792 2652 1842 ιιι,
2711 1775 2822 1848 16).
2868 1775 2976 1832 Sed
3028 1791 3136 1830 vox
3173 1774 3280 1830 ista
3329 1775 3632 1844 apostolica
3683 1785 3778 1830 est.

2186 1868 2279 1924 ναξ
2307 1868 2436 1924 mihi
2485 1878 2568 1924 est
2591 1910 2608 1937 ,
2633 1869 2676 1924 si
2719 1883 2826 1924 non
2843 1877 3066 1939 peccata
3103 1867 3398 1939 deflevere,
3433 1883 3518 1922 vae
3550 1866 3684 1922 mihi
3707 1875 3783 1922 est

2186 1963 2232 2018 si
2283 1978 2388 2017 non
2444 1961 2621 2018 media
2697 1971 2857 2018 nocte
2936 1977 3227 2017 surrexere
3299 1961 3367 2016 ad
3413 1960 3779 2017 conﬁtendum

2187 2055 2325 2123 tibi;
2377 2070 2457 2111 vae
2510 2055 2644 2112 mihi
2695 2063 2825 2121 est,
2879 2055 2926 2111 si
2975 2055 3161 2111 delum
3220 2055 3469 2126 proximo
3523 2069 3650 2110 meo
3713 2053 3785 2110 fe-

2187 2163 2353 2218 cero;
2388 2165 2491 2215 vae,
2518 2150 2563 2204 si
2615 2149 2826 2205 locutus
2853 2163 2962 2204 non
2995 2150 3145 2204 fuero
3197 2148 3507 2205 veritatem.
3542 2147 3628 2202 Ad
3653 2145 3784 2202 radi-

2186 2256 2304 2298 cem
2335 2241 2542 2297 securis
2589 2250 2674 2298 est
2719 2243 2891 2311 posita
2929 2283 2945 2308 ,
3002 2241 3167 2296 faciat
3199 2240 3459 2307 fructum,
3492 2241 3590 2312 qui
3623 2249 3786 2311 potest

2185 2336 2397 2408 gratiae,
2417 2338 2509 2406 qui
2555 2334 2720 2391 debet
2771 2336 3126 2406 paenitentiae.
3175 2333 3346 2390 Adest
3393 2335 3661 2391 Dominus
3703 2332 3786 2404 qui

2189 2431 2419 2484 fructum
2448 2431 2708 2499 requirat,
2741 2429 3004 2485 fecundos
3045 2429 3304 2499 viviﬁcet,
3345 2429 3562 2486 steriles
3613 2443 3786 2499 repre-

2188 2522 2416 2578 hendat.
2443 2522 2590 2578 Anni
2645 2533 2757 2578 tres
2810 2532 2936 2580 sunt
2963 2539 3030 2578 ex
3064 2539 3171 2595 quo
3193 2524 3360 2590 venit,
3391 2535 3445 2580 et
3474 2524 3712 2580 fructum
3738 2524 3786 2577 in

2185 2615 2390 2673 Judzcis
2431 2617 2676 2672 invenire
2704 2631 2812 2672 non
2842 2617 3021 2688 potuit
3048 2634 3061 2671 :
3100 2619 3308 2672 utinam
3339 2615 3581 2672 inveniat
3615 2617 3668 2672 in
3700 2632 3790 2670 ne-

2186 2707 2291 2768 bis.
2320 2707 2580 2763 Jussurus
2607 2718 2690 2763 est
2711 2708 2916 2763 succidi
2957 2709 3348 2772 infructuosos,
3375 2724 3445 2763 ne
3471 2719 3675 2764 terram
3705 2722 3788 2764 oc-

2186 2810 2407 2873 cupent.
2438 2802 2543 2858 Sed
2575 2803 2665 2874 qui
2712 2802 2892 2859 adhuc
2942 2820 3049 2859 non
3080 2803 3245 2860 habet
3286 2804 3543 2870 fructum,
3568 2810 3788 2858 conetur

2188 2907 2246 2950 ut
2275 2897 2468 2952 afferat
2494 2897 2546 2952 in
2581 2896 2840 2952 futurum.
2872 2897 3056 2953 Bonus
3082 2897 3173 2953 ille
3202 2897 3380 2953 culter
3399 2897 3517 2968 agri
3549 2896 3786 2952 interve-

2189 2988 2302 3045 niet
2357 3004 2454 3059 pre
2521 2988 2680 3044 nobis
2730 2987 3034 3045 infecundis
3065 3032 3082 3057 ,
3128 3004 3227 3060 pro
3281 2989 3440 3045 nobis
3492 2988 3791 3044 infructuo-

2188 3079 2264 3136 sis
2317 3097 2331 3143 ;
2388 3088 2445 3134 ut
2493 3079 2652 3135 detur
2700 3081 2934 3150 spatium
2970 3123 2984 3149 ,
3044 3080 3308 3152 patientia
3356 3079 3673 3147 deferatur;
3728 3095 3791 3136 ne

2190 3171 2327 3227 forte
2357 3180 2414 3226 et
2442 3187 2539 3233 nos
2569 3156 2805 3244 aliquem
2843 3174 3076 3229 fructum
3110 3173 3252 3230 ferre
3283 3174 3394 3228 Deo
3423 3175 3722 3243 possimus.

2260 3266 2350 3318 77.
2383 3265 2620 3335 Singulis
2666 3281 2884 3338 quoque
2933 3267 3227 3336 generibus
3268 3266 3552 3321 hominum
3596 3280 3793 3322 conve-

2189 3360 2345 3417 niens
2373 3360 2562 3414 tribuit
2611 3371 2833 3415 sanctus
2887 3359 3124 3416 Joannes
3173 3361 3413 3431 Baptista
3442 3374 3792 3431 responsum,

2186 3469 2351 3508 unum
2381 3453 2632 3509 omnibus
2668 3452 2826 3525 (Dist.
2859 3453 2950 3518 86,
2983 3470 3100 3523 cap.
3137 3451 3206 3507 In
3259 3453 3501 3524 singulis)
3539 3471 3553 3509 :
3589 3455 3665 3509 ita
3695 3469 3793 3524 puo

2186 3545 2437 3609 blicanis,
2467 3560 2536 3600 ne
2579 3546 2721 3600 ultra
2780 3548 3157 3617 praescriptum
3197 3547 3458 3619 exigant;
3503 3549 3792 3613 militibus,

2189 3655 2258 3695 ne
2279 3641 2604 3696 calumniam
2630 3641 2848 3706 faciant,
2876 3659 2942 3697 ne
2971 3643 3206 3712 praedam
3236 3643 3518 3716 requirant
3544 3662 3560 3712 ;
3595 3645 3794 3702 decens

2186 3731 2392 3788 idcirco
2433 3731 2710 3802 stipendia
2745 3734 3042 3790 constituta
3091 3735 3334 3803 militia);
3365 3752 3434 3791 ue
3461 3736 3596 3792 dum
3651 3751 3795 3792 sum-

2188 3832 2310 3894 ptus
2339 3824 2620 3894 quteritur,
2655 3825 2840 3894 praede
2869 3836 3171 3896 grassetur.
3199 3827 3445 3900 Sedhaac
3465 3829 3647 3884 etalia
3673 3828 3795 3883 efﬁ-

2187 3917 2394 3974 cierum
2423 3926 2693 3988 przccepta
2716 3920 2933 3990 propria
2961 3921 3294 3992 singulorum
3321 3937 3335 3975 :
3361 3933 3383 3960 ο
3409 3920 3794 3979 misericordia

2187 4011 2493 4068 communis
2546 4022 2629 4067 est
2685 4026 2814 4067 usus
2845 4054 2858 4078 ,
2918 4012 3039 4067 ideo
3083 4029 3374 4069 commune
3401 4025 3793 4086 praeceptum;

2187 4105 2440 4159 omnibus
2469 4103 2684 4169 ofﬁciis,
2718 4104 2970 4160 omnibus
2993 4107 3242 4161 tetatibus
3275 4108 3618 4176 necessaria,
3645 4116 3701 4162 et
3727 4105 3796 4160 ab

2186 4196 2439 4252 omnibus
2471 4197 2785 4253 deferenda.
2814 4195 2930 4252 Non
2971 4197 3309 4266 publicanus,
3343 4213 3448 4254 non
3504 4199 3675 4255 miles
3707 4215 3800 4255 ex-

2186 4291 2405 4359 cipitur,
2440 4306 2546 4345 non
2595 4290 2833 4362 agricola
2861 4289 2942 4345 vel
3003 4290 3263 4358 urbanus,
3294 4290 3446 4347 dives
3477 4300 3534 4348 et
3562 4307 3795 4363 pauper,

2186 4397 2378 4438 onmes
2405 4383 2457 4436 in
2489 4397 2780 4438 commune
2835 4383 3219 4450 admonentur,
3247 4393 3301 4438 ut
3347 4385 3646 4441 conferant
3693 4402 3800 4441 non

2189 4475 2429 4529 habenti.
2488 4476 2857 4532 Misericordia
2903 4477 3046 4532 enim
3083 4477 3362 4546 plenitudo
3391 4479 3663 4536 virtutum
3693 4489 3799 4537 est.

2187 4569 2254 4623 Et
2277 4561 2400 4625 ideo
2440 4570 2693 4625 omnibus
2717 4578 2798 4624 est
2821 4571 3097 4640 preposita
3125 4571 3382 4642 perfecta:
3410 4571 3594 4628 forma
3623 4575 3803 4630 virtu-

2186 4663 2258 4715 tis
2284 4677 2298 4726 ;
2331 4678 2397 4716 ne
2425 4662 2766 4716 vestimentis
2789 4663 3171 4736 alimentisque
3211 4665 3324 4722 suis
3354 4676 3602 4736 parcant.
3638 4669 3804 4722 Mise-

2186 4754 2438 4808 ricordia:
2483 4764 2658 4809 tamen
2701 4754 2870 4825 ipsius
2919 4774 3015 4827 pre
3047 4759 3406 4828 possibilitate
3457 4761 3807 4816 conditionis

2192 4847 2400 4919 1307
2430 4848 2680 4903 humanae
2695 4865 2950 4906 mensura
2981 4859 3342 4918 servatur;ut
3371 4868 3477 4908 non
3502 4853 3615 4908 sibi
3634 4870 3808 4910 unus-

2183 4940 2412 5009 quisque
2443 4946 2610 4994 tetum
2635 4941 2860 5011 eripiat:
2885 4941 2983 4998 sed
3009 4943 3150 5013 quod
3182 4944 3366 5011 habet,
3389 4960 3513 5001 cum
3548 4961 3807 5018 paupere

2181 5032 2467 5100 partiatur.
3249 5045 3254 5050 ‘

2255 5125 2438 5199 (Vers.
2489 5127 2580 5196 15,
2619 5128 2729 5200 16.)
2769 5128 3090 5188 Estimaute
3127 5142 3298 5188 autem
3341 5133 3541 5205 pepufo
3583 5146 3640 5192 et
3661 5137 3809 5209 cogi-

2173 5271 2395 5347 Emdem
2439 5282 2547 5328 vet.
2577 5276 2708 5330 edit.
2740 5275 2792 5330 in
2823 5282 3196 5347 marg.,multo
3226 5283 3363 5336 aliis.
3391 5283 3554 5339 Hem.
3585 5297 3649 5344 et
3677 5289 3804 5346 cod.

2173 5344 2342 5424 garb.
2395 5347 2445 5424 iu
2478 5347 2657 5424 glossa
2691 5364 2813 5424 cu_t_n
2849 5344 3030 5418 pztucis
3087 5353 3228 5424 aliis,
3261 5354 3437 5424 iisque
3466 5344 3807 5417 recentiori?

2177 5417 2301 5479 bus,
2334 5415 2494 5490 multo
2521 5418 2712 5490 aptius.
2741 5415 2860 5472 Noti
2906 5423 3048 5476 male
3074 5439 3086 5474 :
3114 5415 3420 5481 sed-tamen
3470 5430 3584 5483 alia
3637 5415 3806 5490 lectio

2180 5502 2286 5578 non
2315 5487 2610 5578 rejiciendar
2634 5505 2648 5554 ;
2671 5505 2903 5578 namque
2936 5492 3021 5545 hic
3056 5493 3213 5547 altius
3244 5495 3385 5550 idem
3415 5511 3607 5570 sonat,
3640 5487 3808 5578 atque

2178 5557 2380 5622 altiori,
2404 5573 2464 5611 ac
2488 5559 2822 5626 profundiori
2875 5577 3063 5618 sensu.

2255 5637 2279 5664 ο
2314 5628 2448 5710 Μεε.⁸
2475 5643 2578 5684 non
2610 5633 2785 5699 pauci.
2818 5648 2918 5687 nec
2972 5635 3169 5710 infimae
3203 5647 3363 5703 nota‘,
3414 5641 3808 5703 misericordia

2189 5707 2490 5785 communis
2529 5711 2604 5785 est
2661 5719 2851 5756 usus...
2892 5707 3148 5785 flatibus
3203 5713 3534 5785 accesserim,
3570 5720 3806 5785 quidam

2190 5769 2514 5835 necessarte‘,
2543 5780 2711 5828 tamen
2765 5774 2997 5832 omnibus
3040 5775 3337 5849 deferenda.
3386 5769 3532 5840 Alii.

3459 6339 3616 6354 qm
3621 6339 3874 6356 L‘m‘
3915 6336 3932 6356 Δ
