3960 6338
225 276 337 357 issi

1154 268 1524 338 EXPOSITIO
1562 270 1818 335 EVANG.
1852 274 2007 339 SEC.
2048 273 2203 341 LUC.
2249 270 2379 333 LIB.
2422 274 2489 335 ΙΙ.

3349 284 3501 353 1582

221 405 341 452 tante
358 398 406 450 in
447 395 684 453 cordibus
709 397 815 453 suis
843 397 907 454 dc
956 398 1182 470 Joanne,
1233 382 1298 455 ne
1345 401 1481 472 forte
1508 401 1619 470 ipse
1653 410 1785 456 esset
1813 400 1866 461 Α
1888 406 2152 455 οεαηιεηια
2208 408 2435 467 portare,
2493 398 2826 475 evangelicae
2847 401 3250 472 praedicationis
3280 403 3497 482 [308

217 487 758 563 Christus;respondit
801 492 978 549 dicens
1004 509 1024 549 :
1049 491 1165 566 Ego
1212 494 1420 566 quidem
1462 510 1551 550 vos
1581 495 1786 567 baptizo

218 584 264 638 in
286 602 425 654 αᾳιια,
454 585 505 639 in
530 586 850 656 poenitentia.

278 680 358 736 78.
388 676 615 735 Videbat
640 695 768 754 ergo
787 680 1025 738 Joannes
1051 681 1235 738 cordis
1261 682 1492 738 occulta.
1527 679 1636 737 Sed
1658 694 1788 736 con-

216 770 488 827 sideremus
527 772 684 841 cujus
711 772 827 829 base
872 774 1067 845 gratia.
1096 772 1564 843 Quemadmodum
1601 781 1782 829 autem

213 863 462 935 prophetis
493 866 666 935 palam
692 864 1020 923 fiantcordis
1051 867 1284 935 occulta,
1315 865 1515 927 Paulus
1544 863 1786 922 ostendit

211 956 373 1011 dicens
400 975 412 1011 :
448 957 664 1015 Occulta
691 977 890 1033 quoque
912 961 1084 1017 cordis
1110 965 1225 1031 eius
1241 962 1518 1033 manifesta
1545 962 1673 1033 [ient
1696 978 1714 1017 :
1738 968 1787 1016 et

209 1050 457 1125 procidens
485 1052 539 1107 in
559 1051 747 1122 facient
794 1054 1031 1111 adorabit
1060 1054 1249 1122 Deum,
1282 1057 1624 1124 pronuntians
1649 1055 1785 1129 quod

211 1158 311 1200 rere
333 1141 467 1199 Deus
489 1155 565 1205 est
601 1145 653 1205 in
684 1146 825 1202 vobis
851 1147 899 1221 (l
925 1146 1046 1207 Cor.
1078 1164 1189 1214 xtv,
1211 1147 1327 1220 23).
1365 1147 1461 1203 Dei
1507 1164 1636 1219 ergo
1666 1164 1787 1205 mu—

211 1250 298 1291 nus
316 1244 392 1291 est
412 1236 502 1306 qui
542 1237 791 1304 revelat,
851 1254 959 1294 non
987 1239 1161 1296 virtus
1216 1239 1455 1297 hominis
1484 1237 1786 1310 quidiviuo

208 1328 360 1399 magis
395 1327 680 1400 adiuvatur
712 1329 1003 1398 beneficio,
1032 1346 1195 1403 quam
1224 1331 1453 1388 naturali
1484 1331 1661 1387 cernit
1696 1328 1782 1385 of.

206 1419 332 1481 licio.
357 1421 473 1489 Quo
522 1432 704 1485 autem
738 1425 956 1494 prolicit
1006 1426 1109 1482 ista
1149 1426 1405 1498 cogitatio
1449 1425 1781 1493 Iudaeorum,

206 1514 297 1570 nisi
318 1526 373 1573 ut
391 1517 690 1581 secundum
712 1517 1026 1587 Scripturas
1052 1518 1266 1577 venisse
1287 1518 1559 1575 Christum
1591 1518 1786 1589 probe-

207 1608 319 1663 tur?
347 1608 475 1664 Erat
499 1610 643 1669 enim
672 1611 760 1681 qui
788 1611 1240 1683 exspectabatur;
1266 1619 1321 1671 et
1345 1610 1462 1682 ipse
1485 1610 1670 1681 utique
1696 1609 1785 1681 qui

204 1702 603 1770 exspectabatur
629 1744 644 1773 ,
701 1718 811 1761 non
862 1705 910 1760 is
951 1705 1044 1776 qui
1075 1720 1184 1765 non
1224 1705 1658 1776 exspectabatur,
1692 1704 1787 1765 ad-

1891 490 2185 547 ostcndens
2241 492 2295 547 in
2348 492 2624 561 apostolos
2671 492 2902 563 gratiam
2945 510 3068 554 esse
3096 496 3375 567 collatam,
3401 501 3493 571 qui

1891 590 2016 638 sunt
2042 582 2267 638 calceati
2292 584 2345 638 in
2366 583 2743 655 Evangelium.

1961 675 2052 732 81.
2076 674 2301 731 Videtur
2351 684 2530 732 tamen
2565 676 2687 732 ideo
2714 676 2817 733 hoc
2839 677 3047 747 dicere,
3079 679 3224 751 quod
3253 680 3495 751 plerum-

1889 781 1995 838 que
2034 766 2272 823 Joannes
2332 783 2617 838 personam
2662 769 2874 840 accepit
2924 771 3107 843 populi
3156 772 3491 830 Judasorum.

1892 858 2047 915 Unde
2064 860 2131 914 ad
2161 860 2264 917 hoc
2287 862 2535 919 referunt
2550 862 2694 933 quod
2709 866 2783 918 ait
2813 880 2825 917 :
2849 862 3013 919 Illum
3024 876 3221 938 oportet
3248 884 3493 935 crescere,

1890 967 1970 1006 me
1989 963 2159 1007 autem
2185 953 2348 1007 minui
2374 952 2552 1027 (.loan.
2579 970 2658 1019 ιιι,
2698 952 2813 1027 50),
2833 957 2975 1027 quod
3006 969 3288 1026 oporteret
3317 960 3496 1017 mino-

1889 1061 2006 1101 rem
2056 1047 2174 1107 ﬁeri
2204 1048 2460 1118 populum
2505 1047 2841 1115 Judteorum,
2891 1064 3141 1109 crescere
3193 1051 3248 1108 in
3279 1052 3498 1110 Christo

1885 1138 2153 1219 populum
2202 1139 2593 1203 Christianum.
2640 1140 2884 1213 Denique
2936 1155 2990 1201 et
3045 1143 3258 1216 Moyses
3288 1146 3500 1216 accepit

1891 1248 2177 1304 personam
2200 1235 2418 1315 populi;
2444 1236 2538 1295 sed
2590 1236 2681 1292 ille
2708 1237 3138 1295 calceamentum
3186 1254 3296 1295 non
3314 1239 3494 1294 Domi-

1892 1330 2070 1385 nicum
2096 1330 2370 1403 portabat,
2400 1332 2495 1393 sed
2540 1332 2736 1404 pedum
2780 1349 3025 1391 suorum.
3069 1333 3140 1393 Et
3164 1334 3250 1391 isti
3273 1335 3500 1391 calceati

1889 1431 2025 1479 sunt
2069 1423 2440 1483 calceamento
2482 1424 2715 1484 fortasse
2746 1443 2855 1483 non
2885 1443 3108 1485 suorum
3136 1427 3330 1498 pedum
3363 1442 3378 1493 ;
3413 1427 3502 1482 ille

1890 1527 2072 1579 autem
2098 1517 2315 1575 solvere
2336 1519 2766 1579 calceamentum
2794 1520 2995 1592 pedum
3032 1520 3255 1591 jubetur
3277 1535 3500 1577 suorum

1891 1608 2090 1680 (Exod.
2126 1627 2214 1677 ιιι,
2237 1609 2332 1683 5);
2362 1621 2422 1668 ιιι
2451 1612 2618 1668 animi
2648 1612 2767 1683 ejus
2808 1627 3029 1685 gressus
3053 1620 3110 1668 et
3133 1613 3358 1677 mentis,
3384 1628 3506 1668 cor-

1892 1701 2045 1771 porei
2066 1718 2238 1761 nexus
2269 1704 2499 1760 vinculis
2537 1706 2842 1773 absolutus,
2875 1706 2979 1765 iter
3006 1706 3252 1779 spiritale
3287 1707 3502 1778 gradia-

206 1793 351 1850 venit.
379 1794 522 1864 Quid
545 1805 726 1853 autem
758 1797 996 1868 ineptius
1022 1813 1181 1869 quam
1225 1798 1369 1870 quod
1417 1799 1463 1853 is
1489 1797 1580 1868 qui
1606 1797 1662 1853 in
1683 1798 1791 1853 alio
1822 1809 1868 1869 Β
1897 1801 2005 1853 tur.
2041 1795 2487 1867 Apostoliautem
2517 1797 2953 1863 calceamentum
2984 1798 3354 1869 deposuerant
3378 1813 3501 1855 cort-

200 1886 509 1952 trstimatur,
565 1888 620 1944 in
674 1889 855 1961 seipso
882 1904 1005 1946 esse
1034 1903 1141 1946 non
1170 1889 1416 1946 creditur
1444 1890 1467 1943 ?
1493 1888 1661 1958 Quem
1694 1904 1790 1960 per

201 1977 465 2036 mulierem
505 1990 792 2039 venturum
836 1982 1115 2054 putabant,
1148 1998 1246 2054 per
1270 1983 1536 2053 virginem
1576 1982 1789 2040 venisse

200 2087 295 2127 non
318 2074 573 2137 credunt.
599 2075 729 2145 Quae
752 2077 863 2132 Deo
889 2077 1185 2135 secundum
1214 2091 1434 2135 carnem
1464 2076 1677 2148 dignior
1697 2090 1789 2147 ge.

200 2168 414 2235 neralia,
442 2184 611 2240 quam
661 2170 1130 2233 ut‘immaculatus
1156 2168 1255 2224 Dei
1301 2167 1476 2224 Filius
1525 2167 1785 2223 immacuo

199 2258 307 2315 lane
330 2260 709 2332 generatiOnis
734 2269 984 2318 servaret
1004 2262 1167 2317 etiam
1211 2261 1265 2316 in
1297 2259 1646 2333 suscipiendo
1667 2274 1790 2315 cor-

201 2364 317 2421 pore
370 2352 710 2423 puritatem?
767 2352 838 2409 Et
868 2354 1051 2426 utique
1110 2353 1277 2409 divini
1320 2353 1587 2411 adventus
1617 2361 1644 2390 α
1683 2352 1790 2423 sig-

197 2457 315 2499 num
366 2446 418 2500 in
457 2444 694 2519 virginis
739 2457 920 2521 partu,
949 2461 1053 2503 non
1082 2447 1136 2501 in
1162 2446 1407 2503 mulieris
1434 2445 1789 2501 constitutum

194 2543 289 2593 est.

259 2630 342 2685 79.
373 2631 518 2706 Ego,
566 2631 778 2704 inquit,
810 2649 898 2689 vos
928 2649 1062 2705 aqua
1106 2633 1330 2703 baptizo.
1376 2634 1497 2689 Cito
1545 2633 1794 2704 probavit

197 2741 294 2781 non
319 2743 441 2784 esse
486 2742 554 2785 se
581 2727 887 2797 Christum,
936 2728 1029 2800 qui
1060 2729 1257 2786 visibili
1305 2738 1559 2800 niteretur
1588 2729 1789 2785 ofﬁcio.

194 2818 220 2859 ι’
238 2821 362 2878 Nam
385 2839 520 2879 cum
543 2838 609 2879 ex
627 2824 839 2880 duabus
860 2824 1068 2881 naturis
1091 2823 1278 2891 homo,
1304 2822 1358 2877 id
1385 2833 1486 2887 est,
1514 2838 1580 2877 ex
1611 2822 1791 2878 anima

194 2918 526 2976 subsistatct
571 2933 826 2987 corpore,
875 2918 1088 2973 visibile
1121 2932 1218 2989 per
1246 2915 1792 2981 visibilia,invisibile

192 3023 281 3087 per
332 3010 615 3067 invisibile
667 3010 984 3084 mysterium
1033 3020 1401 3066 consecratur.
1460 3009 1612 3081 Aqua
1644 3007 1788 3065 enim

192 3117 377 3175 corpus
417 3104 706 3172 abluitur,
737 3102 930 3174 spiritu
956 3102 1150 3161 animae
1188 3101 1387 3157 delicta
1439 3100 1788 3155 inundantur.

1891 1886 2101 1961 porale,
2144 1888 2364 1958 quando
2396 1889 2546 1951 missi
2606 1899 2732 1953 sunt
2788 1889 2907 1947 sine
2961 1889 3504 1956 calceamento,sine

1889 1982 2061 2054 virga,
2089 1980 2210 2038 sine
2239 1998 2391 2053 pera,
2423 1983 2545 2047 sine
2595 1999 2732 2045 zona
2764 1999 2780 2051 ;
2812 1983 2908 2039 sed
2940 1999 3050 2043 non
3077 1985 3261 2045 statim
3286 1985 3503 2043 Domini

1890 2077 2259 2133 calceamenta
2314 2085 2623 2148 portarunt.
2673 2077 2933 2135 Fortasse
2975 2087 3098 2149 post
3145 2082 3505 2141 resurrectio-

1890 2183 2016 2225 nem
2049 2177 2267 2240 portare
2289 2179 2616 2240 etepcrunt;
2648 2178 2779 2227 ante
2808 2170 2952 2225 enim
2983 2185 3054 2227 ne
3080 2172 3167 2227 eui
3193 2179 3348 2242 gesta
3398 2171 3506 2227 Do-

1892 2261 2024 2317 mini
2054 2261 2324 2329 dicerent,
2379 2263 2769 2329 mouebantur.
2799 2262 3045 2335 Denique
3092 2271 3281 2334 postea
3315 2262 3402 2320 bis
3426 2263 3508 2319 di»-

1893 2357 2073 2419 citur:
2105 2355 2132 2410 Ι
2142 2368 2189 2411 te
2220 2357 2275 2411 in
2316 2357 2490 2412 orbem
2535 2358 2850 2426 universum,
2886 2367 2934 2414 et
2963 2358 3247 2429 pradicate
3270 2356 3509 2430 Euange-

1895 2449 2021 2518 liuut
2053 2448 2252 2523 (Marc.
2301 2466 2413 2519 xvt,
2448 2449 2538 2522 15)
2565 2466 2579 2515 ;
2610 2459 2668 2509 ut
2715 2450 3049 2522 evangelica:
3102 2451 3506 2521 praedicationis

1893 2545 2181 2617 vestigium
2241 2546 2621 2616 prolereutes,
2677 2554 2793 2605 toto
2844 2544 3253 2601 Dominicorum
3298 2545 3502 2603 seriem

1892 2638 2312 2701 circumferrem
2342 2638 2476 2695 orbe
2504 2648 2803 2708 gestorum.
2831 2636 2927 2693 Est
2959 2637 3122 2707 igitur
3165 2636 3508 2694 calceamen—

1896 2744 2008 2791 tum
2031 2735 2274 2806 nuptiale
2290 2731 2604 2803 evangelica
2630 2730 2967 2802 praedicatio.
2981 2730 3090 2789 Sed
3108 2730 3177 2787 de
3188 2730 3291 2789 hoc
3309 2745 3507 2802 oppor-

1897 2828 2082 2891 tunius
2111 2825 2317 2898 aliquid
2350 2826 2404 2882 in
2427 2823 2550 2880 aliis
2577 2824 2977 2894 explicabimus
3008 2821 3150 2895 (Inf.
3200 2839 3316 2896 cap.
3350 2823 3431 2885 ι).

1969 2922 2151 2995 (Vers.
2186 2920 2299 2992 l7.)
2329 2918 2454 2991 Ipse
2481 2935 2568 2975 vos
2591 2918 2872 2989 baptizabit
2894 2920 2948 2973 in
2973 2917 3178 2991 Spiritu
3223 2928 3428 2984 sancto,
3450 2927 3501 2977 et

1895 3016 2002 3088 igni
2030 3031 2049 3069 :
2099 3014 2290 3075 habens
2340 3013 2684 3071 ventilabrum
2730 3013 2787 3071 in
2822 3028 2980 3071 manu
3019 3030 3136 3080 sua,
3167 3021 3216 3067 et
3269 3011 3509 3085 purgabit

1895 3124 2072 3165 aream
2097 3123 2268 3171 suam,
2286 3115 2335 3161 et
2362 3104 2691 3177 congregabit
2720 3104 2952 3165 triticum
2976 3103 3032 3163 in
3053 3104 3301 3160 horreum
3326 3120 3505 3169 suum;

189 3200 337 3255 Aliud
370 3199 616 3271 agimus,
648 3196 795 3255 aliud
843 3197 1185 3261 invocamus;
1221 3195 1345 3250 licet
1375 3193 1536 3250 etiam
1567 3193 1623 3249 in
1671 3196 1788 3264 ipso
1817 3215 1863 3278 ρ
1896 3203 2074 3272 palea;
2094 3213 2268 3263 autem
2289 3202 2396 3275 igni
2417 3200 2679 3257 comburat
2701 3199 3136 3277 εηρειιίηαιιξρξιί.

188 3289 327 3348 fonte
356 3291 733 3348 sanctiﬁcatio
761 3290 1058 3346 divinitatis
1081 3288 1304 3358 aspiret.
1335 3284 1450 3341 Non
1481 3287 1623 3341 enim
1646 3300 1786 3359 aqua

187 3392 352 3448 omnis
380 3388 602 3447 ablatio
628 3398 734 3456 est,
769 3388 863 3444 sed
892 3387 1008 3443 lucc
1065 3387 1208 3442 inter
1234 3401 1292 3441 se
1321 3384 1494 3440 divisa
1525 3399 1646 3439 esse
1676 3397 1784 3437 non

187 3493 422 3552 possunt,
438 3493 504 3540 et.
529 3482 653 3538 ideo
673 3480 815 3537 aliud
842 3479 943 3535 fuit
970 3479 1233 3550 baptisma
1265 3475 1618 3548 pteuitentiac,
1641 3474 1785 3530 aliud

183 3578 363 3649 gratiae
381 3587 491 3636 est.
532 3575 682 3633 Istud
712 3591 777 3633 ex
810 3584 1060 3649 utroque,
1090 3573 1217 3630 illud
1240 3587 1305 3627 ex
1330 3588 1435 3629 uno
1461 3587 1476 3636 ;
1508 3586 1633 3628 nam
1662 3584 1786 3629 cum

185 3675 483 3741 communia
513 3671 712 3729 delicta
764 3670 869 3725 sint
892 3667 1090 3731 mentis
1116 3675 1172 3722 et
1194 3664 1462 3737 corporis,
1484 3661 1787 3735 puriﬁcatio

184 3780 389 3838 quoque
412 3765 617 3827 debuit
640 3779 765 3821 esse
781 3762 1106 3821 communis.
1126 3760 1192 3815 Et
1215 3760 1354 3816 bene
1372 3766 1593 3815 sanctus
1621 3756 1786 3812 Joan-

185 3872 272 3913 nes
294 3873 353 3915 se
380 3857 737 3923 intellexisse
781 3855 1096 3927 signiﬁcans
1118 3851 1244 3924 quid
1277 3852 1330 3907 in
1358 3850 1613 3906 cordibus
1640 3848 1788 3919 cogi-

181 3958 370 4019 tareut,
400 3962 456 4008 et
487 3951 650 4024 quasi
675 3964 784 4005 non
838 3947 1189 4011 intellexerit,
1221 3945 1504 4001 declinans
1533 3943 1787 4014 majesta-

182 4040 245 4094 tis
265 4042 562 4110 invidiam,
609 4056 718 4097 non
748 4040 935 4105 verbo,
980 4038 1075 4096 sed
1131 4052 1298 4106 opere
1333 4035 1628 4091 declaravit
1676 4048 1784 4091 non

178 4149 293 4191 esse
320 4151 384 4192 se
403 4134 716 4199 Christum.
750 4133 895 4205 Opus
918 4132 1061 4190 enim
1091 4130 1325 4186 hominis
1349 4140 1427 4185 est
1451 4142 1643 4201 gerere
1672 4141 1789 4199 poe-

178 4230 458 4291 nitentiam
489 4231 821 4301 delictorum
843 4245 858 4297 ;
877 4228 970 4295 Dei
988 4242 1185 4294 ntunus
1200 4239 1283 4283 ess
1300 4224 1529 4298 gratiam
1561 4222 1788 4296 implere

178 4328 439 4409 mysterii.

256 4421 401 4483 Venit
422 4433 606 4478 autent
637 4420 825 4497 fortior
853 4436 948 4475 me.

241 4519 329 4575 80.
356 4518 482 4575 Non
526 4516 997 4587 comparationem
1050 4511 1198 4581 fecit,
1230 4518 1292 4566 ut
1343 4509 1459 4581 ipso
1488 4522 1550 4563 se
1579 4516 1784 4573 tantum

1963 3295 2052 3352 82.
2080 3295 2292 3359 (labens
2313 3293 2649 3353 ventilabrum
2680 3293 2736 3348 in
2758 3308 2934 3348 omnis.
2970 3290 3270 3351 Ventilabri
3299 3292 3501 3351 indicio

1889 3389 2446 3455 discriminandorum
2464 3388 2727 3445 Dominus
2745 3386 3052 3447 declaratur
3061 3385 3151 3456 jus
3166 3385 3367 3442 habere
3384 3402 3500 3443 me-

1890 3468 2124 3541 ritorum
2153 3500 2169 3550 ;
2200 3498 2267 3539 eo
2321 3481 2466 3553 quod
2492 3481 2621 3537 dum
2649 3478 2924 3541 frumenta
2968 3480 3022 3534 in
3075 3494 3200 3536 area
3230 3479 3500 3560 ventilan-

1891 3587 1997 3644 tur,
2031 3576 2188 3648 plena
2211 3591 2242 3633 a
2264 3574 2472 3640 vacuis,
2492 3574 2560 3631 ab
2588 3572 2844 3635 inanibus
2872 3573 3152 3631 fructuosa
3183 3573 3348 3630 veluti
3366 3587 3503 3644 quo-

1888 3672 2013 3728 dam
2044 3687 2195 3739 aurac
2238 3669 2499 3741 spirantis
2548 3668 2801 3723 examine
2831 3675 3173 3737 separantur.
3204 3666 3312 3722 Per
3360 3666 3503 3722 banc

1889 3764 2053 3835 igitur
2082 3759 2549 3834 comparationem
2576 3759 2885 3819 ostenditur
2936 3758 3083 3828 quod
3114 3757 3382 3814 Dominus
3404 3758 3498 3828 ju—

1889 3856 2015 3913 dicii
2043 3855 2134 3912 die
2171 3852 2360 3915 solida:
2402 3852 2594 3908 merita
2627 3850 2944 3918 fructusque
2984 3848 3201 3904 virtutis
3227 3849 3295 3903 ab
3321 3851 3501 3907 inanis

1881 3949 2193 4021 jactantite,
2227 3946 2559 4016 exiliumque
2595 3946 2862 4001 factorum
2906 3941 3243 3997 infructuosa
3272 3941 3496 3999 levitate

1887 4043 2192 4106 discernat;
2222 4036 2567 4109 perfectioris
2584 4034 2762 4091 riteriti
2779 4034 2924 4089 viros
2950 4033 3226 4093 locaturus
3257 4035 3312 4090 in
3338 4050 3495 4090 man-

1888 4138 2046 4201 sione
2092 4131 2324 4195 cmlesti.
2352 4130 2475 4201 Ipse
2502 4129 2647 4187 enim
2699 4126 2997 4199 permetior
3035 4125 3245 4187 fructus
3273 4139 3379 4196 eat,
3403 4130 3496 4200 qui

1891 4229 2153 4288 meruerit
2180 4227 2299 4299 ejus
2327 4239 2452 4283 esse
2494 4222 2816 4289 conformis,
2848 4223 2939 4294 qui
2974 4223 3116 4280 sicut
3142 4238 3372 4295 granum
3399 4225 3497 4281 tri-

1888 4325 1980 4385 tici
2002 4321 2203 4382 cecidit
2229 4362 2244 4387 ,
2295 4329 2354 4376 ut
2388 4319 2658 4390 plurimos
2703 4317 2909 4375 fructus
2953 4317 3175 4375 aﬂ‘erret
3227 4319 3280 4374 in
3315 4320 3496 4387 nobis,

1888 4418 2095 4476 invisus
2124 4415 2315 4487 paleis,
2342 4413 2598 4471 inanibus
2627 4412 2837 4468 meritis
2868 4427 2977 4469 non
3012 4414 3239 4470 amicus.
3274 4415 3340 4470 Et
3369 4414 3494 4492 ideo

1888 4522 2015 4571 ante
2035 4528 2160 4570 eum
2200 4509 2339 4580 ignis
2365 4507 2601 4575 ardebit,
2629 4521 2741 4563 non
2783 4516 2980 4561 natura
3030 4506 3115 4561 sui
3142 4506 3377 4572 noxius;
3411 4517 3498 4563 ut-

176 4610 460 4685 fortiorem
517 4610 722 4668 dixerit
748 4608 1046 4689 Christum
1101 4607 1300 4681 (neque
1338 4603 1483 4663 enim
1512 4603 1653 4659 inter
1682 4598 1782 4657 Dei
1808 4599 1859 4660 Β
1889 4617 2012 4679 pote
2036 4607 2126 4677 qui
2155 4603 2295 4659 mala
2326 4598 2688 4670 improbitatis
2738 4607 2951 4664 exurat,
2985 4596 3334 4668 splendorem
3359 4612 3487 4668 pro—

173 4703 366 4773 Filium
417 4716 478 4762 et
511 4705 789 4763 hominem
837 4703 945 4760 ulla
994 4708 1208 4773 poterat
1231 4712 1354 4754 esse
1396 4692 1663 4769 collatio),
1686 4693 1783 4761 sed

173 4802 293 4877 quia
332 4802 499 4863 multi
545 4801 758 4871 fortes;
791 4813 915 4853 nam
962 4805 1018 4853 et
1064 4793 1309 4850 diabolus
1354 4789 1513 4847 fortis
1549 4808 1563 4846 :
1610 4787 1781 4844 Nemo

172 4894 312 4969 enim
343 4903 526 4969 potest
579 4910 703 4951 uasa
752 4892 973 4964 fortis...
1017 4889 1265 4960 diripere,
1292 4887 1391 4941 nisi
1422 4887 1568 4955 prius
1594 4882 1782 4953 alliga-

171 4989 293 5043 verit
313 4990 513 5056 [artem
569 4985 761 5059 (Marc.
797 4999 875 5049 tu,
897 4980 1013 5053 ‘27).
1042 4981 1192 5036 Multi
1223 4994 1353 5051 ergo
1381 4979 1567 5043 fortes,
1591 4976 1782 5032 fortior

168 5098 331 5147 nemo
362 5082 475 5149 nisi
502 5078 773 5145 Christus.
810 5078 1047 5146 Denique
1069 5089 1312 5146 eousque
1342 5088 1450 5129 non
1478 5071 1607 5128 fecit
1631 5086 1782 5127 com-

170 5181 544 5248 paretionem,
570 5185 630 5233 ut
670 5172 973 5237 addiderit:
1014 5169 1178 5243 Cujus
1199 5186 1301 5233 non
1322 5185 1429 5226 sum
1460 5167 1648 5240 dignus
1672 5165 1782 5221 cal-

168 5318 605 5374 ruisericordia...
645 5316 990 5373 necessarium
1030 5323 1079 5368 et
1104 5313 1167 5367 ab
1199 5310 1429 5366 omnibus
1450 5306 1786 5381 deferendum

169 5399 261 5444 est.
292 5389 545 5460 Reliqui.
577 5406 639 5444 ac
665 5389 797 5444 edit.
826 5395 885 5441 ut
914 5388 1177 5460 in__textu.

238 5471 269 5501 ⁸
288 5449 533 5518 Scilicet
554 5461 676 5515 lsai.
714 5475 806 5523 vn,
836 5459 899 5514 14
928 5477 942 5512 :
974 5455 1196 5521 P-mpter
1224 5454 1320 5509 hoc
1355 5451 1500 5507 dabit
1532 5449 1788 5523 Dominus

165 5532 276 5599 ipse
294 5533 443 5604 vobis
471 5532 700 5601 signum.
722 5522 857 5585 Ecce
885 5530 1035 5604 uirgo
1055 5527 1326 5604 concipiet,
1344 5535 1391 5579 et
1417 5523 1581 5604 pariet
1594 5522 1785 5604 ﬁlium,

165 5598 273 5665 etc.
329 5598 737 5665 Recte'autcm
788 5602 1112 5661 Ambrosias
1162 5598 1383 5655 lu‘daaos
1434 5598 1659 5665 arguit,
1696 5598 1788 5661 qui

165 5618 197 5659 e
256 5641 273 5661 ρ
331 5615 521 5665 necte
559 5615 737 5657 autem
788 5615 1112 5661 ambrosius
1162 5615 1383 5655 curamus
1434 5615 1653 5662 arguit,
1696 5615 1788 5661 qut

163 5615 451 5741 (ἔξω
488 5691 561 5737 ex
586 5675 815 5739 muliere
850 5682 1137 5731 venturum
1171 5678 1446 5740 putantes,
1474 5664 1789 5722 bebraicatn

164 5761 323 5819 Isaiae
374 5777 580 5819 vocem
619 5746 780 5825 πιών
810 5776 908 5831 pro
953 5760 1198 5831 qualibet
1243 5756 1505 5819 muliere,
1541 5768 1647 5808 non
1693 5766 1793 5821 pro

163 5834 404 5907 virgine,
430 5846 565 5906 qua
617 5834 983 5905 virginitatem
1015 5832 1069 5887 in
1098 5838 1364 5900 conceptu
1393 5838 1446 5884 et
1492 5835 1650 5897 partu
1680 5837 1793 5878 ser-

1893 4698 2076 4757 bitatis
2108 4692 2435 4759 accumulat.

1962 4790 2146 4863 (Vere.
2174 4787 2270 4851 21,
2296 4784 2415 4855 22.)
2440 4782 2662 4843 Factum
2691 4790 2765 4839 est
2806 4789 2999 4845 autem.
3042 4797 3156 4835 cum
3203 4781 3497 4854 baptizatus

1888 4894 2017 4943 esset
2044 4883 2211 4939 omnis
2230 4881 2478 4955 populus,
2506 4886 2554 4935 et
2582 4874 2616 4930 ,ι
2624 4893 2710 4933 esu
2728 4875 3013 4947 baptizato,
3041 4885 3090 4931 et
3114 4886 3314 4944 orante,
3342 4894 3497 4949 aper.

1887 4988 1995 5035 tum
2022 4987 2095 5034 est
2117 4975 2322 5043 caelum,
2343 4982 2395 5029 et
2441 4971 2701 5029 descendit
2730 4969 2964 5040 Spiritus
3003 4980 3214 5025 sanctus
3234 4972 3497 5040 corporali

1886 5072 2054 5145 specie
2080 5071 2212 5125 sicut
2241 5065 2481 5125 columba
2527 5066 2580 5119 in
2620 5064 2792 5131 ipsum
2812 5078 2832 5128 ,°
2860 5072 2910 5118 et
2949 5078 3051 5117 una:
3085 5062 3150 5117 de
3196 5063 3324 5127 calo
3352 5068 3493 5136 facta

1887 5174 1963 5225 est
1989 5178 2007 5220 .'
2029 5159 2361 5219 Filiusmeus
2390 5176 2441 5216 es
2463 5169 2542 5224 tu,
2574 5158 2630 5212 in
2654 5165 2706 5212 te
2732 5156 3043 5228 complacui.

1895 5300 2099 5356 vaverit
2145 5295 2514 5366 accipiendam
2544 5309 2666 5349 esse
2689 5291 3020 5364 pertinacius
3069 5291 3493 5350 contendebant.

1894 5382 2029 5437 Vide
2051 5379 2211 5434 liuet.
2246 5376 2516 5431 Demonst.
2542 5374 2740 5449 Evang.
2765 5387 2885 5441 cap.
2919 5371 2973 5427 9.

1961 5459 1989 5498 b
2022 5459 2113 5513 sic
2156 5472 2345 5511 omnes
2384 5454 2514 5509 edit.
2546 5469 2609 5507 ac
2664 5450 3051 5522 propemodum
3098 5452 3280 5507 cuncti
3336 5469 3499 5522 mss.;

1891 5530 2054 5587 Corh.
2090 5542 2267 5583 tamen
2296 5535 2351 5583 et
2379 5526 2470 5581 alii
2495 5524 2731 5595 pauculi,
2764 5520 2908 5576 Nam
2940 5537 3054 5577 cum
3078 5538 3150 5595 ea;
3170 5523 3371 5579 duobus
3397 5520 3494 5580 na;

1896 5603 2079 5659 turalis
2096 5600 2393 5664 homo,etc.
2411 5594 2619 5651 Rursus
2645 5595 2973 5650 eodemloco
3004 5594 3133 5648 edit.
3157 5610 3368 5661 omnes,
3400 5597 3496 5652 sed

1894 5691 2016 5733 cum
2046 5689 2179 5729 mss.
2210 5672 2433 5725 omnino
2461 5668 2693 5728 duobus.
2724 5664 2926 5721 uisibile
2953 5682 3045 5737 per
3073 5665 3288 5732 uisibile,
3318 5668 3500 5723 invisi-

1897 5746 1997 5815 bile
2014 5763 2104 5818 per
2120 5742 2539 5818 invisibile,_etc.
2562 5738 2691 5808 Mss.
2719 5746 2863 5818 octo,
2895 5737 3094 5818 uisibile
3114 5753 3207 5818 per
3225 5740 3501 5818 invisibile,

1897 5763 1997 5815 οιιε
2014 5763 2104 5872 pg
2128 5763 2406 5811 inuasione,
2430 5763 2539 5796 etc.
2562 5763 2691 5808 mea.
2719 5763 2863 5809 ιξιιψ,
2895 5763 3094 5792 uterum:
3114 5763 3205 5812 per
3225 5763 3501 5811 matutina,

1897 5819 2050 5876 inuisi
2095 5817 2157 5873 "te
2201 5831 2294 5886 per
2328 5812 2556 5881 uisibile,
2599 5819 2706 5868 etc.
2739 5808 2942 5868 Verum
2993 5808 3084 5866 alii
3115 5809 3342 5869 totidem
3371 5826 3503 5884 pro.
