3960 6302
462 280 603 343 i588

1840 269 2086 331 SANGTI
2122 267 2445 328 Αιιιιιιυειι

3638 266 3773 327 ιδει

536 399 629 459 8'5.
663 399 974 468 Baptizatus
995 406 1080 455 est
1104 411 1237 466 ergo
1266 394 1533 453 Dominus
1561 405 1668 448 non
1698 391 1949 447 mundari
1975 404 2069 447 vo-
2096 387 2145 450 A
2173 386 2371 442 Filium
2412 384 2749 451 discrepare,
2769 384 2863 455 qui
2892 383 3035 439 circa
3056 381 3306 451 prmsidia
3330 388 3513 438 nostra
3535 382 3771 437 nondis.

467 493 608 556 Iens.
663 492 758 547 sed
799 490 1060 547 mundare
1106 503 1314 562 aquas;
1370 497 1428 542 ut
1456 484 1654 540 abluta:
1706 499 1806 554 per
1846 496 2067 537 carnem

467 586 692 651 Christi,
724 599 845 653 qua:
874 592 1153 655 peccatum
1178 598 1283 638 non
1314 581 1592 653 cognovit,
1616 577 1955 649 baptismatis
1979 576 2070 645 jus

471 676 757 731 haberent.
791 674 857 730 Et
905 674 1030 730 ideo
1059 674 1151 745 qui
1200 674 1267 728 ad
1297 672 1499 729 Christi
1530 672 1805 726 lavacrum
1839 668 2065 731 venerit,

470 775 689 838 peccata
730 768 974 838 deponit.
1017 768 1250 824 Pulchre
1276 776 1457 823 antem
1491 768 1542 821 in
1569 765 1634 820 iis
1658 780 1778 836 qum
1803 780 1833 819 ιι
1860 762 2071 819 caeteris

468 859 609 917 dicta
638 870 788 925 sunt,
814 869 1040 915 sanctus
1065 859 1243 915 Lucas
1293 858 1506 933 1309
1531 855 1867 927 evnngelista
1916 869 2069 911 com-

470 954 728 1025 pendium
783 955 1037 1026 sumpsit,
1090 965 1146 1011 et
1196 953 1610 1024 intelligendum
1661 950 1834 1021 magis
1864 947 2010 1020 quod
2039 962 2071 1004 a

467 1048 682 1107 Joanne
731 1048 998 1106 Dominus
1046 1048 1350 1117 baptizatus
1387 1056 1492 1111 est,
1552 1061 1712 1117 quam
1751 1057 2070 1114 expressum

467 1143 708 1213 reliquit.
737 1143 871 1213 Qua:
893 1152 1076 1199 autem
1107 1141 1372 1197 Dominici
1396 1154 1556 1197 causa
1580 1137 1940 1208 baptismatis,
1969 1135 2075 1192 Do-

472 1235 653 1292 minus
677 1236 796 1306 ipse
825 1235 1070 1292 declarat
1100 1234 1286 1290 dicens
1312 1232 1473 1291 :Sine
1495 1231 1686 1299 modo;
1710 1232 1786 1287 sic
1813 1231 1947 1286 enim
1977 1229 2069 1285 de-

467 1339 548 1384 cet
573 1345 665 1385 nos
692 1329 903 1399 implere
933 1344 1134 1383 omnem
1146 1327 1406 1398 justitiam
1441 1324 1655 1397 (Matth.
1689 1341 1769 1391 ιιι,
1796 1322 1909 1394 15).

548 1421 640 1477 84.
679 1420 816 1477 Cum
863 1421 1028 1490 igitur
1059 1431 1207 1476 tanta
1233 1418 1301 1475 ad
1343 1418 1759 1485 ardilicationem
1812 1415 2075 1473 Ecclesiae

466 1530 584 1572 suae
613 1515 802 1570 divino
829 1514 975 1570 Deus
1008 1514 1195 1570 favore
1216 1512 1553 1570 concesserit
1578 1528 1594 1577 ;
1623 1518 1821 1581 utpost
1849 1510 2077 1581 patriar-

469 1607 636 1673 chas,
690 1607 1020 1677 prophetas,
1074 1607 1335 1677 angelos,
1374 1605 1686 1678 unigenitus
1713 1603 2078 1661 descenderet

470 1700 567 1757 Dei
599 1698 791 1766 Filius,
821 1709 876 1755 vt
895 1699 963 1754 ad
989 1700 1266 1755 lavacrum
1291 1699 1534 1765 veniret;
1564 1712 1744 1752 nonne
1764 1711 1894 1752 vere
1912 1702 2077 1764 atque

2172 484 2421 547 crepant.
2438 475 2636 531 Docuit
2654 474 2822 547 igitur
2834 489 2920 529 me
2935 472 3108 528 David
3124 471 3266 543 quod
3281 487 3442 527 nemo
3455 471 3574 527 sine
3588 471 3769 527 Domi-

2174 567 2743 636 noazdilicetdomum,
2763 565 3322 623 custodiatcivitatem
3337 563 3457 636 (Ps.
3486 580 3675 630 cxxvr,
3696 565 3767 636 l).

2243 662 2335 719 85.
2380 661 2573 717 Docuit
2595 677 2681 717 me
2705 660 2871 718 etiam
2902 660 3114 732 Moyses
3138 658 3286 731 quod
3315 673 3477 715 nemo
3499 658 3603 713 nisi
3632 657 3771 714 Deus

2173 753 2362 810 iecerit
2405 753 2706 810 mundum:
2737 752 2805 808 In
2853 753 3112 824 principio
3164 752 3310 808 enim
3354 751 3474 823 fecit
3508 750 3652 806 Deus
3679 767 3775 806 co:-

2174 848 2281 903 lum
2321 856 2368 903 et
2399 857 2589 903 (errant
2620 844 2777 920 (Gen.
2809 861 2849 914 ι,
2885 844 2962 917 l).
3007 844 3204 901 Docuit
3229 844 3393 900 etiam
3426 842 3571 913 quod
3606 841 3777 900 homi-

2176 956 2300 995 nem
2360 939 2501 995 Deus
2537 954 2709 1010 opere
2762 952 2865 993 suo
2929 937 3153 1003 fecerit;
3206 950 3309 992 nec
3346 934 3528 991 otiose
3558 933 3774 1006 posuit:

2178 1029 2361 1088 Finxit
2393 1028 2534 1086 Deus
2562 1029 2823 1085 hominem
2864 1028 2929 1085 de
2948 1030 3072 1083 limo
3101 1038 3284 1094 (errat,
3327 1036 3377 1083 et
3404 1026 3698 1097 insufﬂauit
3726 1026 3778 1081 in

2178 1127 2365 1197 [aciem
2390 1125 2503 1196 ejus
2531 1124 2716 1196 ﬂatum
2742 1124 2859 1179 vitta
2884 1120 3037 1195 (Gen.
3072 1136 3133 1188 ιι,
3166 1121 3222 1192 7)
3246 1136 3260 1187 ;
3289 1128 3348 1175 ut
3374 1128 3560 1175 aetum
3588 1133 3780 1191 quem-

2176 1217 2302 1274 dam
2329 1217 2427 1273 Dei
2477 1218 2622 1274 circa
2659 1215 3077 1273 aediﬁcationem
3127 1214 3364 1270 hominis
3408 1228 3511 1269 usu
3542 1210 3780 1284 quodam

2177 1312 2477 1384 corporalis
2522 1310 2864 1383 operationis
2915 1308 3192 1366 advertas.
3229 1308 3423 1365 Docuit
3456 1307 3623 1365 etiam
3655 1305 3781 1378 quia

2179 1418 2235 1466 ct
2263 1407 2548 1463 mulierem
2582 1406 2729 1474 fecit
2759 1405 2903 1462 Deus
2938 1421 2951 1460 :
2984 1402 3210 1459 Immisit
3259 1403 3405 1459 enim
3447 1401 3592 1457 Deus
3633 1416 3785 1472 sopo-

2178 1519 2283 1558 rem
2312 1502 2368 1557 in
2391 1501 2580 1566 Adam,
2608 1510 2657 1556 et
2679 1499 2951 1567 dormivit,
2982 1507 3029 1553 et
3057 1497 3276 1570 sumpsit
3302 1512 3463 1551 unam
3496 1504 3696 1550 costam
3721 1492 3784 1549 de

2179 1596 2342 1651 latere
2365 1596 2505 1664 ejus,
2543 1593 2757 1667 1310
2782 1592 2810 1632 δ
2835 1602 2884 1647 et
2906 1591 3121 1663 replevit
3142 1606 3349 1647 carnem
3387 1591 3501 1663 ejus
3533 1606 3552 1645 :
3582 1598 3630 1645 et
3656 1589 3782 1644 tedi-

2179 1687 2352 1757 ﬁcavit
2378 1684 2638 1742 Dominus
2679 1686 2821 1741 Deus
2844 1694 3042 1741 costam
3067 1701 3225 1755 quam
3252 1684 3473 1756 sumpsit
3502 1683 3567 1738 ab
3590 1682 3781 1748 Adam,

470 1794 657 1852 divine
683 1793 752 1850 de
779 1793 1023 1851 Ecclesia
1067 1793 1426 1865 cognovimus
1466 1790 1673 1848 dictum
1698 1809 1711 1844 :
1748 1788 1869 1845 Nisi
1898 1787 2079 1843 Domi-
2109 1781 2155 1843 Β
2182 1782 2237 1836 in
2268 1781 2539 1837 mulierem
2578 1777 2775 1854 (lbid.,
2801 1778 2869 1835 21
2897 1789 2945 1835 et
2974 1777 3096 1851 22).
3131 1777 3251 1834 Non
3279 1777 3502 1846 frustra,
3558 1784 3620 1833 ut
3645 1776 3783 1843 dixi,

477 1903 573 1943 nus
617 1886 954 1957 aediﬁcaverit
1000 1885 1251 1946 domum.
1303 1885 1358 1939 in
1386 1899 1572 1939 vanum
1602 1883 1960 1937 laboraverunt
1988 1880 2077 1949 qui

472 1978 736 2049 mitiﬁcant
766 1994 881 2033 eam
909 1976 1085 2052 (Psal.
1117 1993 1301 2043 cxxvt,
1333 1976 1429 2043 l)?
1470 1974 1585 2033 Nec
1615 1976 1814 2031 mirum
1844 1976 1889 2031 si
1912 1974 2078 2030 homo

471 2071 749 2129 aediﬁcare
771 2088 879 2127 non
915 2077 1117 2143 potest,
1143 2070 1235 2142 qui
1263 2085 1374 2126 non
1406 2076 1591 2142 potest
1608 2067 1889 2126 custodire
1917 2086 1932 2124 :
1957 2065 2082 2123 Nisi

476 2164 733 2221 Dominus
763 2164 1070 2220 custodierit
1114 2164 1393 2229 civitatem,
1436 2165 1491 2218 in
1521 2179 1713 2218 vanum
1742 2162 2080 2235 vigilaverunt

472 2258 567 2328 qui
590 2255 890 2312 custodiunt
929 2271 1044 2310 eam
1073 2253 1285 2326 (Ibid)
1320 2253 1450 2310 Haec
1473 2253 1543 2311 de
1582 2252 1816 2325 quodam
1846 2251 2077 2323 psalmo.

474 2349 668 2408 Audeo
701 2357 884 2405 tamen
918 2349 1085 2404 etiam
1127 2363 1230 2418 ego
1273 2346 1493 2414 dicere,
1548 2346 1692 2417 quod
1740 2344 1904 2400 homo
1939 2344 2079 2398 viam

476 2457 584 2497 non
605 2439 781 2506 possit
797 2440 1023 2508 adoriri,
1051 2439 1153 2495 nisi
1171 2439 1457 2494 Dominum
1478 2437 1678 2494 habeat
1704 2436 2079 2509 pratviantem.

477 2533 631 2593 Unde
655 2534 888 2606 criptum
929 2543 1043 2590 est:
1078 2531 1208 2588 Post
1229 2532 1508 2589 Dominum
1537 2530 1708 2588 Deum
1729 2541 1873 2586 tuum
1895 2532 2077 2585 ambu-

475 2625 607 2683 labis
632 2625 813 2698 (Deut.
847 2642 968 2693 xm,
998 2624 1080 2696 4);
1106 2634 1184 2694 et,
1206 2626 1250 2681 A
1278 2624 1502 2681 Domino
1535 2624 1837 2698 diriguntur
1864 2624 1960 2679 via:
1988 2622 2084 2677 riri

477 2719 661 2792 (Prov.
697 2737 794 2785 ιι,
825 2720 942 2793 24).
976 2720 1221 2792 Denique
1246 2720 1339 2776 ille
1368 2719 1698 2792 perfectior,
1742 2719 1842 2790 qui
1882 2718 2084 2774 intelli-

475 2821 635 2884 geret
681 2828 744 2869 se
780 2812 901 2869 sine
941 2813 1175 2869 Domino
1218 2812 1501 2869 ambulare
1530 2828 1637 2868 non
1693 2826 1896 2883 posse:
1933 2809 2082 2878 Vias,

478 2905 680 2978 inquit,
713 2916 829 2961 tuas
858 2905 1013 2961 edoce
1040 2923 1118 2961 me
1144 2906 1318 2972 (Psal.
1348 2922 1499 2972 xxiv,
1533 2906 1614 2979 4).
1648 2908 1709 2962 Ει
1741 2917 1799 2963 ιιι
1823 2907 1891 2962 ad
1914 2904 2084 2962 histo-

488 3000 624 3055 riam
652 2997 938 3055 veniamus
960 2997 1091 3071 (non
1118 2998 1265 3053 enim
1306 2997 1611 3067 simplicem
1645 3007 1855 3055 tantum
1886 2997 1966 3054 rei
1994 3013 2087 3069 ge-

2177 1872 2560 1944 corporalibus
2609 1871 2933 1943 quibusdam
2987 1871 3241 1927 manibus
3302 1872 3448 1927 circa
3500 1870 3678 1925 Adam
3731 1875 3787 1926 et

2179 1965 2350 2021 Evam
2400 1965 2617 2038 Moyses
2659 1964 2827 2020 Deum
2880 1964 3091 2021 inducit
3130 1972 3473 2035 operantem.
3524 1962 3786 2019 Mundam

2182 2059 2326 2117 Deus
2340 2058 2457 2115 ﬁeri
2480 2058 2665 2130 jussit,
2684 2068 2738 2115 et
2763 2059 2937 2115 lacttts
2948 2066 3055 2124 est,
3069 2065 3126 2114 et
3139 2073 3246 2113 uno
3256 2056 3425 2114 verbo
3438 2072 3578 2128 opus
3598 2056 3787 2114 mundi

2182 2154 2465 2226 Scriptura
2498 2152 2701 2209 indicat
2740 2153 3052 2209 absolutum
3087 2169 3102 2206 :
3133 2151 3199 2208 ad
3230 2152 3509 2209 hominem
3546 2152 3784 2221 venitur,

2182 2258 2239 2303 et
2269 2261 2464 2303 manus
2504 2247 2654 2317 ipsas
2688 2245 3093 2317 quodammodo
3136 2245 3344 2302 studuit
3385 2245 3482 2302 tibi
3511 2245 3790 2318 Propheta

2182 2338 2279 2396 Dei
2307 2339 2610 2397 laborantis
2635 2340 2930 2397 ostendere
2961 2339 3136 2412 (Psal.
3164 2356 3289 2404 ch.
3319 2340 3400 2413 5).

2256 2432 2346 2490 86.
2392 2432 2518 2489 l‘lus
2547 2433 2735 2490 nescio
2782 2434 2912 2505 quid
2946 2434 3001 2490 in
3035 2433 3119 2490 his
3149 2435 3487 2506 intelligere,
3515 2451 3685 2509 quam
3717 2436 3793 2494 lc-

2184 2542 2277 2598 go,
2304 2541 2470 2598 opera
2495 2527 2587 2582 Dei
2621 2527 2899 2584 elaborata
2931 2544 3020 2585 me
3063 2536 3287 2599 cogunt.
3317 2527 3589 2586 Subvenit
3639 2529 3789 2602 Apo-

2184 2617 2358 2675 stolus
2381 2619 2656 2687 aestuanti,
2681 2628 2738 2675 et
2781 2620 2927 2692 quod
2973 2635 3076 2692 ego
3114 2636 3223 2678 non
3258 2622 3631 2695 intelligebam
3662 2623 3794 2695 quid

2186 2722 2336 2769 esset
2364 2731 2378 2768 :
2416 2713 2487 2769 Os
2512 2713 2577 2768 de
2601 2713 2801 2771 ossibus
2822 2715 2975 2783 meis,
3014 2727 3063 2771 et
3089 2732 3212 2772 caro
3242 2716 3307 2773 de
3347 2733 3503 2773 carne
3529 2734 3644 2773 mea
3666 2735 3689 2774 :
3718 2727 3792 2785 et,

2189 2806 2320 2863 Hcce
2349 2806 2616 2864 vocabitur
2650 2808 2869 2875 mulier;
2918 2810 3165 2881 quoniam
3205 2809 3270 2865 de
3302 2810 3408 2865 uiro
3433 2827 3527 2866 suo
3556 2828 3799 2884 assump-

2188 2911 2241 2957 ta
2270 2912 2345 2957 est
2368 2900 2560 2974 (Ibid.,
2579 2902 2874 2975 25)ᾱίνίηο
2896 2903 3030 2960 mihi
3054 2904 3248 2976 spiritu
3276 2906 3540 2962 revelavit
3558 2907 3752 2964 dicens
3781 2925 3795 2962 :

2190 2984 2585 3052 Saeramentu'm
2604 2995 2704 3052 hoc
2717 3014 2957 3071 magnum
2972 3007 3048 3054 est
3068 2997 3293 3071 (Ephes.
3309 3016 3366 3067 ν,
3393 2999 3507 3072 5'2).
3533 3000 3698 3069 Quod
3715 3017 3801 3057 sa-

479 3097 581 3148 sta:
602 3092 805 3148 seriem
830 3089 1097 3146 debemus
1118 3090 1361 3158 haurire,
1389 3090 1483 3146 sed
1509 3091 1671 3146 etiam
1695 3101 1849 3146 actus
1866 3100 2086 3147 nostros
2188 3090 2555 3145 cramentum?
2575 3090 2712 3159 Quia
2725 3091 2828 3146 duo
2839 3101 2987 3147 erunt
3000 3092 3054 3146 in
3065 3107 3221 3149 carne
3232 3108 3363 3161 una;
3380 3092 3603 3160 et,Quia
3630 3093 3800 3150 retin-

482 3184 550 3241 ad
574 3184 982 3253 aemulationem
1010 3184 1346 3256 scriptorum
1378 3184 1609 3258 referre)
1632 3201 1697 3243 ex
1728 3185 1971 3258 zEgypto
1993 3201 2087 3256 po-
2111 3162 2157 3227 Ο
2189 3194 2308 3254 quet
2340 3183 2494 3238 homo
2515 3191 2714 3255 patrem
2740 3195 2789 3241 et
2818 3194 3032 3242 matrem
3054 3227 3069 3252 ,
3119 3196 3168 3242 et
3189 3186 3476 3245 adhaerebit
3503 3188 3665 3243 uxori
3692 3204 3803 3246 sine

483 3282 641 3352 putus
666 3280 833 3338 exivit
857 3322 875 3348 ,
899 3279 1342 3338 nesciebatviam
1383 3296 1505 3353 qua:
1530 3277 1599 3335 ad
1623 3289 1830 3336 terram
1857 3279 2090 3338 duceret

480 3381 751 3429 sanctam.
776 3372 926 3429 Misit
950 3373 1093 3431 Deus
1134 3389 1231 3443 per
1253 3383 1470 3428 noctem
1501 3371 1815 3428 columnam
1841 3373 2004 3444 ignis,
2031 3380 2092 3429 ut

486 3482 584 3538 per
629 3466 944 3523 columnam
994 3467 1226 3537 populus
1256 3465 1401 3522 viam
1453 3464 1711 3521 disceret.
1747 3465 1893 3521 Misit
1921 3464 2089 3522 etiam

485 3575 584 3629 per
603 3558 747 3616 diem
766 3560 1076 3615 columnam
1095 3558 1278 3624 nubis,
1295 3566 1355 3613 ut
1371 3574 1550 3629 neque
1566 3557 1633 3614 ad
1664 3557 1965 3622 sinistram,
1996 3575 2093 3616 ue-

487 3668 595 3724 qne
655 3651 725 3708 ad
770 3651 1060 3708 desteram
1110 3649 1416 3707 declinaret
1454 3648 1656 3734 (Exod.
1685 3665 1805 3717 stu,
1829 3649 1948 3723 21).
1982 3650 2091 3708 Sed

486 3761 595 3802 non
617 3759 677 3801 es
692 3745 837 3809 talis,
858 3744 1045 3811 homo,
1063 3752 1121 3799 ut
1144 3743 1408 3800 merearis
1428 3754 1479 3800 et
1500 3752 1554 3798 tu
1580 3743 1720 3815 ignis
1735 3743 2046 3801 columnam
2073 3760 2088 3799 :

484 3853 593 3893 non
622 3837 791 3893 habes
820 3835 1041 3907 Moysen
1060 3876 1075 3902 ,
1108 3852 1217 3892 non
1240 3836 1449 3906 accipis
1474 3835 1726 3908 signum;
1771 3852 1918 3893 nunc
1942 3836 2091 3893 enim

485 3939 606 4002 post
630 3928 938 3985 adventum
969 3927 1181 3983 Domini
1215 3928 1350 3985 lidcs
1378 3928 1634 3996 exigitur,
1665 3928 1819 4000 signa
1849 3927 2096 3985 condun-

486 4031 597 4079 tur.
617 4021 772 4077 Time
804 4021 1003 4086 Deum,
1039 4032 1093 4077 et
1127 4036 1401 4092 praesume
1426 4020 1497 4076 de
1530 4021 1762 4078 Domino
1791 4038 1807 4077 :
1850 4020 2096 4079 Immittit

485 4112 631 4169 enim
658 4112 867 4183 angelos
892 4110 1155 4167 Dominus
1209 4114 1264 4167 iu
1290 4115 1511 4169 circuitu
1546 4115 1836 4171 timentium
1875 4131 2015 4183 eum,
2047 4126 2097 4173 et

489 4207 670 4278 eripiet
699 4221 786 4260 eos
808 4203 985 4275 (Psal.
1036 4221 1246 4270 ιιιιιιιιι,
1276 4207 1357 4277 8).
1398 4204 1564 4261 Vides
1603 4208 1786 4278 itaque
1815 4210 1942 4279 quia
1970 4211 2094 4266 ubi-

491 4314 597 4370 quc
630 4298 844 4354 Domini
886 4297 1062 4355 virtus
1105 4296 1303 4353 studiis
1348 4308 1679 4368 cooperatur
1719 4297 2008 4367 humanis;
2038 4310 2100 4357 ut

487 4408 653 4450 nemo
682 4392 852 4462 possit
880 4390 1156 4448 redilicare
1176 4391 1295 4446 sine
1316 4391 1568 4455 Domino.
1602 4407 1765 4449 nemo
1811 4394 2096 4452 custodire

490 4488 609 4545 sine
639 4486 872 4543 Domino
893 4528 909 4554 ,
952 4502 1112 4541 nemo
1143 4486 1436 4559 quidquam
1467 4485 1712 4556 incipere
1730 4488 1849 4543 sine
1867 4487 2096 4545 Domino

490 4580 512 4650 (
530 4578 684 4654 Conf.
702 4551 1007 4650 S.jAug'ust.
1021 4577 1113 4635 ltb.
1128 4551 1609 4647 deGrtitiuChristi,
1625 4597 1743 4655 cap.
1757 4579 1872 4654 44).
1893 4581 1959 4637 Ει
1973 4582 2095 4640 ideo
2129 4551 2184 4614 Β

488 4674 639 4744 juxta
657 4674 977 4746 Apostolum
986 4668 1008 4729 ἐ
1024 4674 1146 4732 Sive
1158 4675 1503 4740 mandueutis,
1520 4676 1627 4731 sive
1639 4675 1939 4743 bibitis,sive
1951 4678 2097 4734 aliud

490 4768 616 4836 quid
627 4766 824 4839 facitis,
839 4768 1011 4822 omnia
1024 4768 1076 4822 in
1090 4769 1312 4840 gloriam
1321 4766 1422 4824 Dei
1436 4769 1612 4840 facile,
1629 4770 1682 4825 in
1695 4770 1897 4825 nomine
1907 4769 2063 4827 Domi
2072 4803 2093 4816 -

492 4859 548 4915 ni
575 4861 739 4915 nostri
759 4857 891 4916 Jesu
925 4859 1114 4918 Christi
1142 4861 1189 4930 (l
1214 4860 1334 4915 Cor.
1366 4876 1422 4928 χ,
1450 4861 1512 4917 51
1547 4861 1590 4932 ).
1629 4860 1687 4919 In
1710 4862 1921 4919 duabus
1945 4864 2091 4921 enim

488 4953 735 5024 epistolis
755 4972 768 5006 :
787 4954 914 5011 alibi
930 4954 984 5009 in
1002 4954 1207 5009 nomine
1225 4951 1438 5008 Domini
1450 4953 1615 5009 nostri
1625 4952 1755 5010 Iesu
1770 4952 1966 5011 Christi
1976 4956 2093 5030 (Co-

489 5045 612 5102 loss.
629 5062 713 5112 ιιι,
734 5044 993 5111 i7);alibi
1015 5044 1069 5099 in
1088 5044 1313 5116 gloriam
1334 5043 1433 5100 Dei
1451 5046 1630 5102 facere
1651 5054 1706 5103 te
1724 5049 2011 5118 praecepit;
2033 5059 2093 5106 ut

489 5138 637 5192 scias
654 5135 903 5191 eamdem
916 5150 1042 5192 esse
1059 5134 1238 5191 Patris
1255 5146 1310 5191 et
1326 5135 1448 5192 Filii
1461 5135 1715 5208 gloriam,
1731 5137 2092 5211 eamdemque

490 5230 746 5287 virtutem
768 5247 784 5286 :
804 5231 968 5286 necin
984 5228 1319 5300 aliquocirca
1348 5229 1780 5289 suidivinitatem
1796 5231 2011 5289 Patrem
2036 5243 2092 5292 et

491 5396 613 5465 pius
636 5394 707 5451 ab
734 5392 898 5451 editis
926 5389 1261 5465 recedentes,
1287 5391 1483 5448 uisibile
1517 5409 1608 5463 per
1626 5392 1927 5462 invisibilia,
1958 5402 2090 5464 etc.,

490 5480 543 5522 ct
572 5469 676 5523 hoc
704 5466 837 5520 satis
857 5469 1107 5536 apposite
1131 5464 1200 5519 ad
1226 5467 1583 5535 propositum.

571 5567 597 5595 α
636 5557 730 5616 Sic
758 5572 892 5613 mss.
924 5556 1175 5613 undecim
1202 5555 1426 5627 optima:
1455 5566 1618 5627 notae.
1662 5556 1767 5611 Alii
1797 5556 1991 5625 partim
2015 5573 2098 5613 re-

493 5629 645 5698 plevit
689 5646 808 5685 eam
855 5643 1051 5694 carne;
1084 5637 1278 5697 partim
1331 5643 1456 5682 cum
1498 5626 1655 5698 redit.
1690 5628 1902 5697 replevit
1923 5629 2094 5683 locum

491 5697 606 5768 ejus
634 5715 811 5763 came,
839 5698 1038 5768 qaibus
1060 5698 1242 5753 verbis
1267 5712 1373 5752 non
1399 5697 1541 5753 male
1566 5697 1873 5755 redduntur
1897 5699 2093 5756 (ιι-ωδε

489 5765 581 5827 illa
632 5768 776 5826 LXX
822 5765 1058 5838 Senum,
1108 5772 1193 5824 καὶ
1236 5768 1559 5846 ἀνεπλήρωσε
1621 5771 1791 5847 σάρκα
1837 5768 1943 5827 ἀντ’
1998 5771 2095 5827 αὖ·

2191 3277 2387 3352 (lbid.,
2410 3276 2504 3352 5i)
2524 3296 2537 3333 :
2555 3288 2633 3345 et,
2656 3279 2913 3348 Quoniam
2940 3281 3166 3336 membra
3185 3297 3364 3337 sumus
3390 3283 3627 3353 corporis
3663 3285 3800 3358 ejus,

2194 3372 2259 3427 de
2287 3387 2442 3427 carne
2471 3374 2605 3445 ejus,
2634 3382 2681 3426 et
2708 3370 2774 3428 de
2804 3373 3008 3428 ossibus
3030 3376 3143 3447 ejus
3172 3372 3366 3447 (lbid.,
3401 3373 3519 3446 30).
3552 3375 3695 3444 Quis
3722 3382 3806 3433 est

2196 3464 2301 3522 iste
2327 3464 2411 3520 vir
2455 3476 2678 3538 propter
2730 3481 2896 3538 quem
2947 3466 3144 3523 mulier
3192 3476 3451 3538 parentes
3491 3467 3805 3542 relinquat!

2195 3556 2478 3628 Relinquit
2507 3565 2766 3628 parentes
2798 3558 3067 3626 Ecclesia,
3120 3574 3243 3631 qua:
3284 3561 3353 3617 de
3374 3560 3683 3632 gentilibus
3715 3577 3808 3631 po.

2198 3650 2338 3723 pulis
2367 3660 2693 3723 congregata
2715 3660 2822 3719 est,
2855 3652 2944 3709 cui
2971 3651 3291 3724 prophetico
3333 3653 3534 3711 dicitur
3557 3671 3569 3708 :
3594 3653 3803 3711 Oblivi-

2196 3759 2334 3799 scere
2348 3744 2603 3817 populum
2619 3753 2787 3813 tuum,
2820 3754 2869 3800 et
2894 3745 3107 3801 domum
3136 3746 3304 3815 patris
3330 3747 3409 3802 tui
3435 3746 3611 3817 (Psal.
3648 3764 3804 3815 ιιιν,

2197 3838 2313 3909 Η).
2344 3837 2574 3910 Propter
2594 3854 2756 3910 quem
2785 3839 2982 3908 virum,
3012 3839 3115 3896 nisi
3144 3837 3287 3896 forte
3314 3839 3469 3896 illum
3491 3839 3563 3897 de
3587 3856 3705 3912 quo
3726 3841 3811 3898 di-

2198 3932 2274 3988 cit
2297 3931 2540 3989 Joannes
2588 3950 2603 3987 :
2642 3932 2774 3989 Post
2804 3950 2885 3988 me
2907 3934 3047 3990 venit
3072 3933 3150 3989 vir
3176 3934 3268 4006 qui
3290 3943 3411 3990 ante
3432 3951 3512 3990 me
3535 3937 3714 4007 factus
3734 3945 3810 3993 est

2201 4021 2383 4096 (Joau.
2400 4039 2439 4091 ι,
2463 4022 2598 4096 27)?
2618 4024 2694 4081 De
2714 4024 2872 4096 cujus
2887 4025 3058 4082 latere
3079 4025 3408 4083 dormientis
3427 4036 3638 4084 costam
3660 4028 3812 4086 Deus

2200 4117 2471 4189 sumpsit;
2499 4117 2615 4188 ipse
2657 4119 2804 4175 enim
2851 4129 2937 4175 est
2976 4121 3067 4192 qui
3097 4120 3375 4189 dormivit,
3411 4131 3470 4178 et
3499 4123 3719 4194 quievit
3756 4130 3814 4181 et

2201 4211 2532 4278 resurrexit;
2566 4211 2819 4283 quoniam
2840 4212 3106 4270 Dominus
3127 4213 3368 4286 suscepit
3386 4229 3534 4271 eum.
3564 4214 3705 4283 Quae
3722 4223 3813 4273 est

2202 4304 2363 4376 hujus
2378 4314 2529 4361 costa
2543 4302 2572 4344 δ
2588 4305 2696 4362 nisi
2711 4307 2910 4363 virtus?
2936 4307 3071 4377 Quia
3086 4318 3215 4364 tunc
3237 4307 3455 4380 quando
3473 4307 3637 4365 miles
3664 4309 3814 4366 latus

2202 4398 2326 4470 ejus
2353 4400 2655 4471 aperuerit,
2679 4401 2942 4458 continuo
2971 4417 3110 4472 aqua
3139 4410 3197 4458 et
3226 4403 3447 4473 sanguis
3476 4401 3650 4459 exivit
3676 4444 3694 4471 ,
3714 4403 3813 4474 qui

2206 4490 2410 4548 etl'usus
2424 4501 2511 4549 est
2532 4508 2629 4564 pro
2648 4494 2834 4550 saeculi
2856 4495 2965 4550 vita
2992 4493 3175 4566 (Joan.
3195 4511 3311 4563 sis,
3324 4497 3439 4568 35).
3454 4495 3597 4557 illaec
3614 4496 3812 4555 szeculi

2208 4585 2338 4651 vita,
2363 4592 2513 4641 costa
2535 4584 2736 4642 Christi
2763 4595 2886 4644 est:
2915 4587 3035 4645 haec
3060 4596 3212 4644 costa
3241 4588 3468 4645 secundi
3492 4597 3580 4646 est
3603 4589 3812 4646 Adam.

2203 4677 2416 4735 Primus
2446 4678 2592 4735 enim
2623 4677 2797 4737 Adam
2842 4679 2898 4736 in
2936 4681 3170 4739 animam
3200 4681 3473 4739 viventem
3495 4723 3512 4753 ,
3570 4683 3819 4741 novissi-

2202 4788 2323 4829 mus
2367 4772 2543 4829 Adam
2606 4774 2661 4829 in
2706 4774 2955 4845 spiritum
3010 4775 3419 4833 vivificantem:
3467 4776 3816 4834 novissimus

2206 4864 2376 4920 Adam
2405 4864 2654 4921 Christus
2682 4874 2768 4922 est
2789 4906 2804 4934 ,
2836 4873 2989 4922 costa
3017 4866 3222 4923 Christi
3253 4867 3364 4923 vita
3395 4865 3667 4924 Ecclesiae
3698 4878 3813 4926 est.

2200 4955 2313 5012 Nos
2353 4972 2485 5029 ergo
2535 4956 2779 5014 membra
2811 4973 3004 5016 sumus
3059 4959 3308 5031 corporis
3336 4959 3455 5030 ejus
3480 4999 3498 5028 ,
3537 4960 3609 5017 de
3637 4976 3817 5019 carne

2200 5050 2339 5122 ejus,
2372 5059 2428 5106 et
2457 5050 2524 5106 de
2540 5049 2760 5107 ossibus
2782 5051 2919 5122 ejus.
2949 5053 3016 5108 Et
3044 5051 3277 5109 fortasse
3305 5051 3423 5109 haec
3446 5060 3537 5110 est
3565 5063 3726 5111 costa
3744 5054 3818 5112 de

2200 5158 2306 5215 qua
2355 5142 2494 5199 dixit
2527 5160 2540 5199 :
2576 5142 2759 5199 Sentio
2799 5143 2865 5200 de
2893 5160 2974 5200 me
3014 5145 3253 5201 virtutem
3296 5144 3657 5217 σάμαινα.
3687 5164 3814 5217 vttt,

2200 5234 2317 5309 46).
2343 5234 2472 5293 llaec
2496 5245 2581 5293 est
2622 5244 2775 5293 costa
2803 5252 2928 5309 qua:
2957 5235 3026 5296 de
3058 5235 3281 5295 Christo
3309 5237 3513 5308 exivit,
3546 5256 3652 5298 nec
3678 5256 3818 5300 cor-

2197 5406 2312 5465 τῆς,
2338 5396 2436 5454 sed
2461 5397 2904 5470 praepositionem
2931 5402 3043 5460 ἀντὶ
3072 5399 3315 5459 abfuisse
3342 5416 3374 5458 a
3401 5401 3528 5460 cod.
3562 5404 3814 5465 Ambroo

2197 5471 2353 5525 siano
2381 5470 2645 5527 credibile
2671 5479 2777 5528 est.

2268 5561 2299 5637 ιτ
2336 5561 2497 5637 Rom.
2544 5563 2682 5637 edit.
2735 5565 2840 5620 nisi
2889 5567 3025 5633 vita;
3075 5565 3322 5637 reliquas,
3372 5575 3429 5624 et
3462 5571 3651 5628 cuncti
3671 5586 3811 5628 mss.

2196 5634 2299 5716 nisi
2324 5636 2507 5716 virtus.
2541 5634 2934 5716 Et_h:eclectio
2960 5637 3089 5716 inde
3116 5634 3509 5716 conﬁrmatur,
3548 5642 3699 5716 quod
3727 5644 3820 5701 οἱα

2198 5714 2343 5761 tatur
2370 5705 2509 5764 infra
2536 5723 2549 5759 :
2584 5706 2770 5764 Sentio
2790 5708 2855 5764 de
2883 5724 2963 5765 me
2988 5710 3225 5765 virtutem
3250 5712 3435 5768 exisse.
3492 5705 3504 5709 ⁷
3531 5762 3536 5767 .
3565 5705 3584 5716 ’
3820 5717 3825 5721 ’
