3960 6364
188 333 306 396 19285
1113 327 1479 387 EXPOSITIO
1519 329 1752 388 EVANG

1874 333 1968 389 se.
2013 331 2166 392 LUC.
2210 334 2340 390 LIB.
2373 335 2436 391 ll.
3298 313 3438 395 isse

184 460 270 521 pus
295 448 398 517 ejus
423 444 731 511 imminuit;
790 459 899 501 non
922 445 1068 502 enim
1102 447 1425 516 corporalis,
1461 445 1554 502 sed
1582 446 1744 517 spiri-
1773 451 1820 513 Α
1847 449 2016 506 meris
2044 459 2332 521 portarent
2356 494 2372 516 ,
2427 460 2479 505 et
2510 451 2782 521 octoginta
2817 451 2986 508 millia
3017 451 3256 522 lapidum
3279 467 3448 508 (δίνεο-

183 537 286 592 talis
311 545 385 592 est
409 544 590 600 costa;
643 538 868 606 spiritus
897 546 1078 591 autem
1124 551 1228 590 non
1277 535 1543 592 dividitur
1584 539 1700 608 ipse
1725 581 1742 606 .
1850 559 1960 611 res,
1982 555 2037 600 et
2069 545 2168 599 tria
2198 545 2372 601 millia
2404 545 2643 601 sexcenti
2665 561 2890 616 operum
2925 547 3198 615 prrrpositi
3231 543 3446 617 (IlPar.

185 631 263 687 sed
289 628 465 684 dividit
506 630 736 700 singulis
781 640 937 700 prout
972 631 1107 684 vult.
1149 629 1276 684 llaec
1314 639 1400 686 est
1433 631 1543 686 Eva
1572 641 1747 687 mater
1849 653 1909 703 tt,
1934 637 2014 710 Ξ).
2047 637 2278 693 Veniant
2305 639 2482 707 angeli
2510 638 2609 702 illi,
2658 641 2879 694 veniant
2911 640 3152 710 lapidum
3185 655 3442 707 ρει-εονυε,

184 724 394 778 omnium
441 722 762 778 viventium.
811 721 867 778 Si
911 723 1055 777 enim
1091 731 1115 760 ιι
1149 722 1422 793 intelligas
1476 725 1745 780 viventem
1849 731 2130 786 credantur
2154 729 2430 800 superﬂua
2463 730 2700 798 lapidum
2737 742 3077 788 nostrorum.
3105 732 3454 800 aslieralevi-

189 829 290 870 cum
313 814 534 869 mortuis
562 814 756 885 quarri,
808 814 1071 884 intelligis
1092 830 1188 872 eos
1212 826 1613 886 mortuosesse,
1655 817 1747 890 qui
1849 832 2064 896 gentur.
2099 823 2331 877 Veniant
2381 833 2434 876 et
2458 823 2548 893 qui
2583 823 2633 876 in
2687 826 2931 879 humeris
2975 836 3223 896 portant;
3277 824 3450 894 scrip-

183 909 284 965 sinc
306 906 512 962 Christo
545 919 691 976 sunt,
725 911 816 980 qui
843 910 1133 980 participes
1165 910 1286 964 vitae
1316 926 1422 965 non
1449 923 1596 978 sunt;
1643 912 1747 968 hoc
1851 925 1961 971 ttttn
1995 926 2074 972 est
2103 918 2248 972 enim
2284 934 2296 970 :
2333 917 2507 987 Super
2544 914 2787 971 humeros
2815 918 3060 974 tollentur
3091 915 3265 990 (Esai,
3298 932 3444 980 χιιι,

183 1001 393 1056 esteuim
406 999 607 1058 Christi
623 1017 727 1056 non
741 1016 866 1057 esse
881 1003 1194 1072 participes,
1213 1002 1241 1041 ιι
1255 1004 1382 1074 quia
1399 1004 1650 1060 Christus
1663 1015 1746 1061 est
1849 1009 1964 1079 2‘2).

180 1095 294 1149 vita.
315 1094 483 1150 Mater
520 1109 651 1166 ergo
681 1095 982 1150 viventium
1012 1095 1259 1151 Ecclesia
1286 1106 1393 1162 est,
1427 1113 1587 1169 quam
1612 1099 1746 1154 :edi-
1923 1102 2014 1157 90.
2050 1102 2209 1158 Venit
2237 1119 2368 1174 ergo
2390 1102 2456 1158 ad
2484 1102 2774 1170 Joannem,
2799 1103 3051 1174 quoniam
3076 1113 3271 1158 ctetera
3299 1115 3452 1157 rom-

181 1187 335 1243 ficavit.
376 1188 520 1244 Deus
553 1189 604 1244 in
635 1193 755 1258 ipso
781 1205 997 1246 summo
1036 1191 1282 1261 angulari
1314 1193 1493 1263 lapide
1529 1193 1747 1251 Christo
1851 1193 2089 1265 peristis.
2127 1193 2288 1250 Venit
2337 1194 2404 1249 ad
2445 1193 2674 1249 Joannis
2729 1196 2995 1265 baptisma
3028 1211 3040 1248 :
3075 1195 3169 1248 sed
3223 1193 3452 1249 Joannis

175 1279 304 1346 Jesu,
335 1282 384 1336 in
411 1295 521 1351 quo
546 1281 726 1337 omnis
757 1289 1034 1338 structura
1057 1284 1435 1354 compaginata
1463 1287 1663 1342 crescit
1693 1287 1745 1341 in
1851 1287 2116 1357 baptisma
2146 1288 2372 1342 habebat
2403 1288 2777 1352 pmnitentiatn
2792 1287 3117 1342 delictorum
3139 1287 3157 1357 (
3170 1287 3446 1348 ΜηιιΙι.ιιι.

179 1375 408 1445 templum
446 1375 565 1431 Dei.
1853 1378 2041 1451 13).Ει
2062 1379 2183 1434 ideo
2198 1380 2582 1449 prohibeteum
2599 1379 3244 1453 Joannesdit-enszft'gaa
3273 1391 3322 1433 te
3357 1380 3450 1433 de-

232 1468 313 1524 87.
355 1466 554 1523 Veniat
579 1483 711 1541 ergo
741 1469 906 1534 Deus,
938 1469 1170 1526 aedificet
1202 1471 1488 1528 mulierem
1519 1514 1534 1538 ,
1597 1472 1746 1528 illam
1852 1472 1943 1526 beo
1959 1471 2882 1540 baptizari,ettuvenisadmellbid.,
2903 1470 3033 1543 li)?
3058 1471 3170 1527 Cur
3205 1472 3355 1527 venis
3383 1471 3448 1527 ad

174 1564 365 1636 quidem
393 1564 721 1635 adjutrieem
745 1565 902 1632 Adae,
926 1565 1068 1620 hanc
1098 1564 1464 1622 veroChristi.
1484 1566 1601 1635 Non
1623 1567 1748 1639 quia
1853 1580 1961 1630 me,
1997 1566 2086 1636 qui
2113 1580 2390 1635 peccatum
2424 1582 2532 1620 non
2564 1565 2776 1620 habes?
2803 1565 2900 1620 llle
2927 1568 3073 1620 enim
3097 1563 3458 1635 baptizandus

181 1654 407 1712 Christus
435 1656 817 1726 adiumentum
859 1657 1114 1728 requirit,
1145 1656 1240 1713 sed
1265 1659 1391 1729 quia
1423 1672 1522 1713 nos
1552 1659 1752 1728 quieri-
1853 1669 1936 1716 est
1964 1675 1993 1714 a
2018 1675 2126 1726 Ille,
2167 1661 2260 1729 qui
2293 1673 2574 1731 peceatum
2618 1660 2820 1716 habet:
2849 1662 2938 1733 qui
2969 1666 3147 1716 autem
3175 1669 3454 1730 peccatum

173 1762 275 1802 mus
296 1757 347 1803 et
386 1748 773 1804 desideramus
811 1747 877 1803 ad
909 1747 1105 1804 Christi
1153 1749 1383 1820 gratiam
1416 1765 1513 1820 per
1563 1750 1751 1807 Eccle-
1853 1752 2772 1824 nonfecit,l;ivacrumpteuitentiae
2797 1769 2893 1809 cur
2908 1753 3456 1824 requirat?Sine,in-

168 1843 284 1897 siam
311 1843 625 1912 pervenire.
657 1842 722 1897 Et
755 1857 900 1897 nunc
927 1841 1260 1909 aedificatur,
1291 1852 1346 1899 et
1375 1857 1516 1898 nunc
1547 1843 1748 1898 forma-
1777 1850 1825 1910 B
1851 1846 1989 1916 quit,
2012 1847 2166 1900 modo
2194 1863 2212 1900 :
2245 1847 2350 1901 hoc
2377 1857 2490 1909 est,
2515 1845 2644 1902 dum
2676 1846 2919 1902 Ecclesia
2947 1846 3246 1902 tediflcetur
3268 1886 3282 1908 .
3315 1846 3458 1900 decet

172 1945 263 2003 tur,
293 1946 342 1992 et
387 1952 539 1993 nunc
588 1937 786 1991 mulier
813 1937 1103 2006 figuratur,
1143 1944 1200 1992 et
1239 1951 1385 1992 nunc
1416 1944 1657 1992 creatur.
1687 1936 1752 1991 Et
1848 1953 1942 1992 nos
1971 1939 2186 2007 implere
2212 1955 2413 1992 omnem
2434 1939 2698 2012 justitiam
2724 1937 2890 2001 (Ibid.
2917 1981 2932 2006 ,
2954 1939 3066 2012 15).
3095 1940 3228 2008 Qua:
3263 1947 3349 1994 est
3370 1938 3458 2009 ju-

168 2028 273 2087 ideo
301 2046 438 2086 novo
473 2031 642 2087 verbo
671 2046 768 2085 usa
796 2041 881 2085 est
904 2028 1184 2101 Scriptura
1211 2046 1224 2096 ;
1254 2031 1382 2100 quia
1415 2030 1753 2101 supertedifi-
1854 2032 2021 2092 stitia,
2048 2031 2152 2085 nisi
2185 2031 2601 2087 misericordia?
2626 2030 3067 2096 Dispersitenim,
3099 2032 3238 2085 dedit
3253 2046 3454 2100 paupe-

166 2136 334 2179 cantur
358 2138 534 2195 super
587 2122 1000 2179 fundamentum
1049 2123 1424 2193 apostolorum
1447 2132 1498 2178 et
1519 2122 1756 2194 proplte-
1854 2125 1991 2178 ribus
2025 2141 2042 2178 :
2065 2125 2274 2197 justilt'tt
2301 2126 2414 2195 ejus
2443 2135 2616 2179 manet
2663 2127 2716 2180 in
2747 2137 2998 2180 aeternum
3025 2123 3199 2194 (Paul.
3233 2140 3342 2192 cxi,
3371 2123 3451 2193 9).

166 2225 320 2271 tarum
347 2215 578 2288 (Epltes.
607 2231 667 2282 ll,
696 2215 812 2287 20).
846 2216 913 2271 Et
941 2229 1084 2270 nunc
1125 2216 1320 2270 domus
1345 2215 1608 2284 Spiritalis
1628 2229 1754 2270 sur-
1855 2217 2010 2271 Dedit
2054 2218 2180 2272 mihi
2218 2217 2463 2289 pauperi,
2517 2217 2669 2273 dedit
2696 2217 2828 2272 mihi
2858 2218 3005 2288 inopi
3040 2219 3269 2288 gratiam
3297 2231 3458 2287 quam

165 2309 232 2378 git
253 2308 302 2363 in
320 2308 693 2365 sacerdotium
719 2309 1139 2364 sanctum.Veni
1158 2350 1174 2376 ,
1199 2309 1427 2365 Domine
1440 2310 1606 2374 Deus,
1625 2309 1756 2365 aedi-
1856 2319 1984 2364 ante
2006 2326 2113 2364 non
2156 2309 2340 2366 habui.
2371 2307 2586 2364 Iustitia
2616 2325 2746 2380 ergo
2777 2313 2887 2382 ejus
2917 2319 3086 2364 manet
3116 2310 3171 2363 in
3189 2319 3458 2364 internum.

164 2399 252 2457 ﬁca
283 2404 572 2458 mulierem
603 2403 784 2468 istam,
824 2402 1032 2457 :edifica
1056 2403 1366 2468 civitatem;
1411 2401 1620 2476 1311
1654 2415 1755 2456 ve-
1857 2403 1988 2472 Quae
2016 2414 2099 2459 est
2123 2407 2362 2475 )uSIitia,
2417 2406 2521 2460 nisi
2557 2415 2614 2460 ut
2642 2405 2785 2476 quod
2825 2405 3059 2460 alterum
3091 2406 3269 2461 facere
3296 2404 3460 2469 velis,

164 2493 264 2549 niat
290 2506 343 2551 et
369 2511 516 2566 puer
545 2504 700 2552 tuus:
725 2496 822 2550 tibi
850 2496 997 2551 enim
1027 2494 1190 2550 credo
1208 2495 1414 2550 dicenti
1442 2513 1454 2549 :
1478 2493 1605 2566 Ipse
1628 2494 1758 2550 tedi-
1859 2500 2010 2570 prior
2038 2501 2154 2570 ipse
2201 2501 2452 2570 incipias,
2501 2509 2558 2554 et
2579 2510 2671 2555 tuo
2715 2500 2857 2555 alios
2899 2500 3132 2555 horteris
3162 2498 3460 2567 exemplo?

162 2586 320 2656 ﬁcabt't
347 2591 615 2645 civitatem
635 2590 760 2644 mihi
785 2588 956 2660 (Esai.
990 2604 1119 2655 xcv,
1152 2589 1270 2660 15).
1859 2591 1994 2660 Qua:
2023 2600 2109 2646 est
2143 2591 2393 2662 jnstitia,
2422 2591 2552 2646 .nisi
2581 2591 2752 2662 utqui
2792 2606 3013 2645 carnem
3040 2589 3318 2659 suscepit,
3351 2603 3458 2643 non

224 2684 305 2738 88.
347 2683 505 2740 Ecce
533 2684 732 2738 mulier
759 2683 1003 2738 omnium
1038 2690 1250 2750 mater,
1274 2695 1406 2737 ecce
1429 2680 1621 2736 domus
1648 2681 1760 2750 Spi-
1861 2686 2015 2757 quasi
2048 2685 2192 2740 Deus
2225 2700 2449 2740 sensum
2481 2696 2574 2739 aut
2607 2685 2972 2740 ministerium
2999 2684 3182 2738 carnis
3207 2681 3465 2737 exclude-

164 2776 343 2845 ritalis,
403 2793 545 2834 ecce
591 2777 788 2832 civitas
826 2792 948 2848 qua:
979 2776 1126 2831 vivet
1180 2777 1233 2830 in
1279 2783 1579 2840 aeternum;
1631 2776 1759 2846 quia
1864 2777 2105 2832 ret:sed
2131 2778 2284 2848 quasi
2310 2777 2472 2832 homo
2496 2793 2718 2832 carnem
2745 2776 3007 2838 vinceret,
3039 2785 3095 2830 ut
3122 2774 3344 2830 vincere
3373 2791 3460 2831 me

164 2869 289 2924 mori
322 2872 528 2926 nescit.
571 2869 691 2938 ipsa
718 2869 864 2925 enim
891 2879 977 2925 est
1013 2869 1206 2925 civitas
1233 2867 1575 2923 Hierusalem
1596 2911 1610 2935 ,
1641 2883 1761 2939 qua:
1863 2871 2123 2927 doceret?
2147 2871 2335 2927 Docuit
2364 2872 2510 2926 enim
2547 2886 2634 2926 me
2677 2885 2782 2941 qua
2819 2874 3036 2925 ratione
3063 2869 3264 2940 possim
3290 2877 3463 2924 terre-

163 2976 294 3019 mmc
337 2963 566 3019 videtur
605 2964 664 3018 in
695 2964 878 3027 terris,
918 2963 1015 3018 sed
1069 2962 1312 3031 rapietur
1359 2976 1522 3031 supra
1552 2961 1758 3027 Etiam;
1868 2967 1953 3020 nis
1976 2973 2288 3020 concretam
2336 2963 2482 3019 vitiis
2528 2964 2779 3020 obnoxia:
2830 2964 3011 3018 carnis
3039 2961 3279 3018 illuviem
3307 2976 3464 3032 sepe-

163 3054 295 3110 Elias
322 3057 467 3112 enim
512 3071 654 3111 unus
668 3056 786 3110 fuit.
818 3054 1207 3111 Transferetur
1235 3068 1399 3124 super
1413 3054 1598 3109 Enoch
1620 3095 1633 3117 ,
1662 3069 1758 3109 cu-
1866 3058 1965 3113 lire
1989 3057 2332 3122 criminibus,
2357 3071 2624 3113 renovare
2647 3055 2956 3112 virtutibus.

159 3148 240 3220 jus
268 3166 414 3208 mors
438 3165 558 3206 non
585 3150 880 3206 invenitur.
914 3149 1009 3205 Ille
1033 3149 1178 3205 enim
1207 3159 1393 3218 raptus
1414 3158 1518 3216 est,
1554 3163 1621 3203 ne
1651 3163 1764 3204 ma-
1944 3150 2153 3223 1312
2193 3149 2284 3206 9t.
2325 3150 2371 3205 Ο
2398 3165 2524 3205 vere
2549 3150 2786 3204 divinam
2813 3150 2864 3204 in
2891 3151 3004 3221 ipsa
3031 3148 3339 3205 humilitate
3361 3149 3464 3204 Do-

163 3241 263 3297 litia
317 3251 638 3299 mutaretur
708 3257 808 3298 cor
850 3242 968 3312 ejus
1007 3259 1022 3294 :
1076 3240 1192 3294 haec
1235 3248 1415 3294 autem
1463 3239 1709 3310 diligitur
1732 3257 1760 3293 τι
1791 3247 1836 3310 ρ
1867 3244 1998 3298 mini
2022 3244 2496 3315 prospicientiam!
2522 3244 2738 3310 Quanto
2763 3244 2908 3299 enim
2938 3243 3204 3313 abiectior
3233 3241 3453 3297 humili-

166 3334 366 3393 Christo
392 3339 562 3410 quasi
593 3350 796 3407 sponsa
827 3335 1060 3405 gloriosa
1089 3375 1105 3402 ,
1140 3343 1358 3396 sancta,
1389 3333 1758 3397 immaculata,
1869 3344 1975 3400 tas,
2009 3344 2157 3389 tanto
2203 3334 2439 3390 divinior
2487 3334 2851 3405 providentia.
2883 3333 3210 3404 lnjuriarum
3240 3348 3462 3389 suarum

165 3429 274 3485 sine
300 3447 455 3502 ruga.
486 3430 563 3487 Et
585 3437 788 3500 quanto
819 3429 1421 3494 meliustotumcorpns
1443 3426 1761 3488 assumitur,
1869 3425 2169 3481 acerbitate
2216 3426 2359 3481 Deus
2411 3425 2661 3497 proditur
2688 3444 2700 3480 :
2726 3436 2780 3482 et
2833 3427 3200 3481 remediorum
3242 3440 3466 3481 suorum

166 3535 312 3592 quam
355 3537 508 3577 unus
562 3529 880 3589 assumptus
906 3518 1031 3575 est?
1078 3517 1206 3572 lla-c
1228 3518 1373 3572 enim
1405 3527 1489 3571 est
1508 3531 1634 3585 spes
1661 3514 1767 3570 Ec-
1872 3533 1994 3584 usu,
2041 3519 2132 3589 qui
2179 3518 2346 3573 nullis
2391 3517 2648 3573 remediis
2690 3515 2983 3584 indigeret,
3020 3518 3160 3573 Deus
3187 3516 3467 3586 probatur.

165 3609 1674 3685 clesiar.Rapieturprofecto,assumetur,transferetur
1698 3609 1763 3664 ad
1871 3611 2012 3681 Quid
2044 3613 2188 3666 enim
2239 3621 2347 3666 tam
2396 3611 2642 3667 divinum
2690 3611 2758 3666 ad
2807 3611 3036 3681 p0pulos
3069 3609 3470 3676 provocandos.

167 3708 373 3762 cmlum.
409 3709 566 3764 Ecce
595 3721 756 3761 curru
790 3706 952 3774 igneo
982 3716 1166 3774 raptus
1196 3714 1282 3758 est
1314 3704 1460 3758 [tilias
1487 3721 1498 3756 :
1529 3705 1768 3772 rapietur
1873 3720 2034 3776 quam
2077 3713 2138 3759 ut
2180 3720 2340 3760 nemo
2376 3706 2604 3775 refugiat
2654 3705 2929 3760 lavacrum
2973 3705 3161 3774 gratias
3185 3745 3201 3769 ,
3249 3702 3469 3774 quando

165 3812 214 3856 et
241 3804 516 3860 Ecclesia.
544 3800 666 3857 Non
699 3799 829 3855 mihi
857 3798 1079 3856 credis?
1129 3797 1305 3854 Crede
1335 3798 1420 3852 vel
1452 3797 1622 3852 Paulo
1653 3840 1669 3866 ,
1714 3798 1767 3852 in
1875 3795 2125 3852 Christus
2155 3798 2433 3852 lavacrum
2457 3797 2796 3867 pinnitentiae
2829 3810 2935 3850 non
2959 3794 3198 3864 refugit?
3227 3794 3397 3850 Nemo
3415 3808 3476 3848 se

170 3911 271 3969 quo
298 3898 572 3954 Christus
603 3898 818 3954 locutus
835 3905 921 3952 est
955 3914 969 3950 :
1002 3896 1312 3966 Rapiemur,
1362 3895 1564 3966 inquit,
1593 3895 1645 3950 in
1670 3911 1770 3948 nu-
1875 3887 2022 3942 dicat
2049 3899 2323 3943 exsortem
2353 3903 2474 3943 esse
2506 3889 2735 3958 peccati,
2777 3886 2993 3957 quando
3031 3883 3284 3941 Christus
3326 3885 3476 3940 venit

167 3990 303 4044 bibas
350 3992 571 4047 obviam
601 3989 812 4044 Christo
838 3989 894 4043 in
921 4004 1074 4056 aera,
1126 3998 1171 4043 et
1195 3989 1266 4042 ita
1299 4003 1636 4059 seutpercum
1663 3985 1773 4039 Do-
1878 3980 1944 4034 ad
1971 3981 2271 4035 remedium
2305 3987 2676 4049 peccatorum.
2718 3979 2774 4034 Si
2807 3995 2905 4048 pro
2929 3978 3088 4033 nobis
3114 3975 3369 4034 Christus
3396 3977 3475 4031 la-

171 4081 301 4135 mino
326 4085 538 4137 erimus
563 4081 608 4153 (Ι
637 4081 792 4136 Thes.
820 4096 895 4146 tv,
924 4081 1038 4149 16).

1918 4073 1980 4136 it,
2027 4073 2194 4126 immo
2248 4086 2348 4125 nos
2375 4069 2430 4125 in
2467 4085 2700 4139 corpore
2739 4084 2840 4124 suo
2878 4069 3040 4135 lavit,
3082 4079 3286 4139 quanto
3308 4068 3479 4138 magis

232 4175 319 4230 89.
363 4176 450 4231 Ad
489 4176 638 4229 hanc
695 4172 858 4244 igitur
909 4172 1284 4228 aedificandam
1339 4173 1630 4227 mittuntur
1657 4171 1777 4241 qui-
1883 4179 1983 4218 nos
2008 4173 2194 4219 nostra
2220 4161 2420 4218 delicta
2475 4163 2654 4217 lavare
2681 4160 2985 4217 debemus?
3027 4161 3145 4229 Quo
3174 4157 3336 4230 igitur
3365 4174 3482 4214 ma-

170 4267 539 4342 dcmplurcs,
600 4268 888 4321 mittuntur
919 4265 1282 4338 patriarchat,
1339 4266 1626 4320 mittuntur
1653 4279 1778 4335 pro—
1881 4259 1966 4330 gis
2015 4271 2207 4327 opere,
2263 4271 2372 4326 quo
2418 4256 2593 4326 magis
2630 4255 2892 4327 mysterio
2941 4253 3084 4309 Deus
3133 4253 3482 4326 (quamquam

171 4361 366 4430 phetze,
423 4360 675 4416 mittitur
716 4357 935 4414 Gabriel
970 4358 1355 4428 arcliangclus,
1394 4357 1660 4412 innumeri
1683 4372 1780 4410 an-
1887 4354 2030 4407 Deus
2062 4350 2117 4406 in
2148 4347 2423 4421 omnibus)
2455 4364 2615 4420 quam
2660 4350 2760 4402 hoc
2802 4345 3347 4417 probatur;quaudo
3390 4358 3488 4414 per

173 4455 269 4522 geli
289 4455 649 4526 diriguntur,
677 4461 726 4506 et
747 4450 1032 4505 multitudo
1054 4450 1298 4505 ctelestis
1320 4450 1593 4505 exercitus
1615 4450 1779 4503 Deum
1886 4453 2060 4498 tutum
2094 4441 2379 4507 mundum,
2437 4456 2540 4510 qua
2580 4439 2800 4508 generis
2843 4437 3064 4490 humani
3103 4435 3346 4491 conditio
3374 4432 3484 4488 dif-

172 4545 382 4613 laudat;
437 4548 575 4618 quia
607 4545 845 4600 civitatis
876 4543 1036 4613 hujus
1078 4541 1370 4597 aedificatio
1428 4541 1777 4613 propinquat.
1886 4533 2151 4600 funditur,
2183 4549 2279 4604 per
2306 4543 2680 4602 separatarum
2710 4530 2944 4584 divortia
2968 4538 3284 4597 tractusque
3310 4527 3488 4618 regio-

173 4616 472 4697 Μίιιυηιυιί
513 4641 704 4712 plures
754 4637 822 4692 ad
865 4652 1010 4702 eam,
1060 4636 1156 4692 scd
1205 4637 1461 4692 Christus
1490 4652 1608 4691 eam
1632 4637 1784 4691 solus
1811 4638 1867 4701 Ι)
1892 4645 2044 4695 num,
2096 4643 2206 4682 uno
2248 4633 2527 4680 momento
2577 4625 2630 4677 in
2681 4638 2786 4676 uno
2814 4633 3046 4687 corpore
3075 4619 3216 4674 Dens
3245 4616 3490 4712 fraudem

172 4734 426 4800 :rdificat,
471 4708 668 4788 verum
716 4746 822 4786 non
859 4739 944 4785 est
972 4729 1156 4795 solus;
1186 4729 1312 4799 quia
1352 4729 1512 4784 Pater
1543 4743 1736 4799 praeset

1931 4720 2088 4774 etnsti
2123 4721 2331 4773 erroris
2352 4715 2612 4779 abolevit,
2643 4712 2871 4783 gratiam
2905 4711 3058 4780 regni
3088 4711 3327 4766 caelestis
3357 4708 3495 4764 effu-

175 4836 272 4879 est.
305 4826 375 4881 Et
403 4826 450 4880 si
487 4826 644 4880 solus
669 4821 935 4887 tedtficat;
984 4821 1215 4891 gratiam
1247 4829 1426 4875 tamen
1469 4827 1631 4874 tanta:
1657 4819 1787 4874 aedi.
1891 4811 2018 4867 dit?
2051 4809 2198 4865 Unus
2221 4809 2365 4864 enim
2397 4805 2607 4871 mersit,
2638 4805 2665 4842 ά
2694 4803 2787 4859 Sed
2821 4803 3055 4857 elevavit
3082 4815 3278 4856 omnes
3308 4819 3323 4855 :
3352 4815 3493 4855 unus

175 4915 454 4972 flcationis
487 4932 600 4972 non
657 4914 812 4970 solus
840 4921 1084 4984 usurpat.
1137 4913 1412 4983 Scriptum
1439 4923 1524 4967 est
1557 4911 1626 4967 de
1652 4923 1790 4968 tetn-
1892 4905 2198 4968 descendit.
2226 4915 2285 4959 ut
2325 4901 2754 4962 ascenderemus
2797 4911 3011 4962 omnes,
3057 4911 3196 4950 unus
3247 4896 3490 4950 omnium

178 5010 282 5077 plo.
343 5010 501 5081 quod
553 5008 842 5064 a-dificavit
883 5005 1164 5068 Salomon,
1202 5005 1254 5059 in
1284 5019 1394 5074 quo
1418 5015 1577 5076 typus
1602 5004 1794 5060 Eccle-
1895 5007 2120 5070 peccata
2151 4996 2410 5065 suscepit,
2461 5001 2521 5048 ut
2562 4994 2616 5047 in
2648 4992 2746 5047 illo
2775 4990 3020 5044 omnium
3066 4995 3283 5057 peccata
3316 5001 3496 5081 more-

173 5103 268 5159 si:e
296 5079 427 5170 fuit,
462 5117 486 5140 ε
527 5100 652 5171 quia
701 5096 1047 5169 septuaginta
1077 5095 1247 5153 millia
1295 5104 1456 5150 erant
1490 5096 1582 5165 qui
1610 5094 1664 5150 in
1689 5095 1790 5149 hu-
1894 5105 2110 5148 rentur.
2143 5090 2430 5146 Purificate
2459 5089 2627 5160 igitur
2655 5102 2777 5152 vos,
2828 5094 2886 5140 ut
2912 5084 3193 5156 apostolus
3219 5081 3354 5137 dicit
3381 5079 3501 5153 (Ja-

253 5279 279 5308 ιι
322 5271 461 5326 Mss.
497 5276 739 5340 septem,
762 5264 1346 5340 intelligasyiventeiit,
1370 5262 1498 5334 quid
1523 5277 1640 5316 cum
1665 5275 1804 5315 mor-
1913 5271 2020 5319 etc.
2044 5258 2168 5340 _A_iii
2215 5273 2340 5340 cum
2381 5255 2514 5340 edit:
2557 5254 2718 5340 liam.
2759 5260 2816 5340 ut
2839 5263 2983 5340 mnos“
2999 5249 3376 5340 infamat-2..
3404 5249 3507 5340 nisi

183 5343 283 5397 tuis
309 5315 1491 5410 E'Aiii'iiééfiiiétttgai"uigilia,
1519 5315 1636 5388 cum
1665 5348 1805 5410 mor-
1913 5315 2143 5410 quodin
2179 5329 2451 5410 plerisque
2479 5325 2874 5410 desiderantan
2903 5321 3031 5410 liter-.9
3062 5315 3287 5410 verba“:

182 5390 282 5466 iii}
305 5390 761 5483 Etiamsi/fi
783 5390 962 5479 potior
986 5390 1643 5474 vridEIuraliorumatque
1671 5403 1801 5457 edit.
1912 5390 2336 5483 miltia_se:t}c_etiti
2366 5390 2576 5471 operum
2615 5395 2899 5483 prwposilgt.
2929 5390 3510 5483 {digerique-ordine

180 5483 372 5541 laetio.
458 5470 471 5483 ’
784 5470 795 5479 ’
1558 5470 1570 5474 ’
1916 5475 2191 5546 paululum
2220 5474 2437 5528 inverso
2466 5470 2718 5525 eumdem
2760 5481 2822 5519 ac
2849 5470 2904 5518 in
2933 5473 3084 5517 textu
3126 5476 3344 5516 sensum
3378 5470 3508 5515 reti-

205 5573 210 5577 ‘
255 5555 284 5594 δ
323 5554 513 5613 Corb.
547 5551 698 5618 cod.,
727 5553 850 5620 quia
879 5550 1166 5605 Christiest
1194 5549 1322 5603 vita.
1433 5618 1442 5620 _
1915 5552 2157 5620 nent.__“
2235 5615 2274 5620 _
2400 5612 2492 5620 ____
2600 5619 2603 5620 ν
2639 5609 2678 5620 ἢ
2917 5605 2930 5620 ,
2976 5605 2989 5620 _
3060 5605 3070 5616 .

261 5638 284 5663 «τ
328 5601 1160 5688 v31?iacui'éc‘iiiésileiiieia
1185 5601 1346 5688 {quia
1379 5618 1478 5672 tria
1503 5615 1670 5670 millia
1691 5631 1807 5670 δεῖ·
1918 5601 1924 5602 ί
1987 5623 2016 5662 «ι
2063 5615 2212 5675 Edit.
2235 5615 2359 5688 Era.
2392 5612 2535 5688 Gill._
2556 5619 2611 5664 et
2639 5609 2799 5664 Rom.
2839 5605 2930 5688 sed
2965 5605 3129 5688 lavit;
3152 5601 3507 5688 OiﬂiieiAlm._,

185 5701 322 5754 caui
353 5672 1330 5764 'QZni'iiii';éi—'t}.'ta£i'initiatam
1351 5705 1375 5764 ί
1396 5688 1810 5764 et_septu_agi_ut_a
1916 5692 2035 5764 δέει(Δ
2057 5672 2260 5764 leuarit.
2314 5686 2442 5740 Mss.
2472 5683 2538 5738 ad
2559 5697 2723 5764 unum
2744 5719 2769 5764 ,_
2801 5677 3173 5764 sedi-elevavit;
3221 5686 3274 5731 at
3301 5672 3419 5731 Ful.
3453 5686 3509 5730 et

187 5751 360 5824 millia
380 5751 633 5838 lapidum
655 5751 890 5832 actores,
943 5765 1027 5838 vel
1051 5763 1262 5838 lapidis,
1296 5761 1380 5817 vel
1401 5751 1811 5838 etiam_,_la'pidi-
1917 5760 2074 5816 Coll).
2103 5760 2214 5814 duo
2241 5775 2340 5828 pro
2360 5772 2554 5820 omnes,
2593 5758 2776 5821 legunt
2804 5751 3010 5803 multas;

193 5855 420 5895 araora
444 5828 474 5893 ’τ
509 5847 565 5891 et
595 5838 854 5905 octoginta
876 5828 1052 5888 'milfitt
1081 5828 1316 5886 tollentes
1345 5846 1522 5885 onera.
1563 5828 1807 5890 Veniant,-
