3960 6342
479 343 619 400 1587

1836 335 2083 394 8ΑΝΟΤΙ
2121 333 2447 396 AMBROSII

3643 288 3772 386 tatas

475 467 617 532 cob.,
649 479 728 532 tv,
757 464 836 538 8),
888 465 1011 536 quia
1049 465 1360 534 purilicavit
1399 478 1458 520 se
1486 463 1576 519 ille
1617 477 1712 534 pro
1744 459 1924 530 nobis,
1984 460 2076 530 qui
2103 465 2158 530 Α
2185 479 2302 517 mus
2335 479 2478 519 eum.
2514 461 2618 528 Qui
2641 461 2784 517 enim
2807 460 2930 513 dicit
2955 459 3077 528 quia
3120 453 3410 518 noviteurn,
3442 458 3487 504 et
3529 456 3778 538 praecepta

482 557 862 629 puriﬁcatione
893 573 999 612 non
1024 559 1190 629 eguit.
1222 557 1349 612 Haec
1378 556 1446 612 de
1469 555 1648 610 nobis.

546 648 639 704 9.9..
656 648 810 702 Nunc
824 648 1235 704 consideremus
1249 648 1567 718 mysterium
1587 645 2083 702 Trinitatis.Unum

476 737 647 793 Deum
662 736 915 805 dicimus,
942 739 1038 794 sed
1052 738 1265 794 Patrem
1281 739 1622 806 coniltemur,
1637 747 1691 793 et
1703 736 1896 791 Filium
1914 736 2083 790 Deum

475 829 822 884 conﬁtemur.
870 829 1004 885 Nam
1053 847 1177 885 cum
1229 831 1493 901 scriptum
1525 831 1635 884 sit:
1670 827 1872 900 Diliges
1901 825 2087 880 Domi-

476 937 600 975 num
615 918 783 975 Deum
798 931 964 988 tuum,
990 933 1035 976 et
1061 923 1273 994 ipsisoli
1293 924 1480 978 servies
1495 921 1680 995 (Deut.
1714 938 1769 989 ι,
1790 922 1903 990 20),
1921 935 2087 990 nega-

477 1015 558 1068 vit
577 1014 746 1068 Filius
758 1030 879 1070 esse
892 1031 950 1070 se
965 1016 1140 1070 solum
1155 1015 1342 1070 dicens
1358 1034 1370 1069 :
1387 1015 1492 1070 Sed
1505 1031 1728 1068 nonsum
1744 1015 1907 1078 solus,
1924 1012 2086 1066 Pater

473 1107 610 1161 enim
625 1123 823 1161 mecum
843 1118 915 1161 est
939 1103 1364 1179 (Joan.xvt,32).
1393 1106 1500 1162 Nec
1514 1121 1656 1161 nunc
1683 1106 1830 1161 solus
1843 1117 1955 1171 est;
1982 1104 2087 1159 Pa-

476 1207 560 1253 ter
583 1199 728 1253 enim
754 1213 815 1254 se
837 1199 1030 1254 adesse
1049 1209 1300 1254 testatur.
1320 1199 1489 1254 Adest
1505 1207 1558 1254 et
1577 1196 1815 1269 Spiritus
1831 1207 2080 1264 sanctus;

473 1305 768 1360 numquam
801 1292 947 1347 enim
981 1301 1161 1362 potest
1191 1307 1219 1345 a
1247 1307 1306 1346 se
1333 1290 1574 1346 Trinitas
1619 1291 1884 1360 separari.
1919 1288 2085 1344 Deni-

473 1398 578 1454 que
597 1392 829 1456 apertum
846 1387 1139 1453 estactum,
1160 1394 1204 1438 et
1228 1383 1492 1440 descendit
1507 1383 1739 1455 Spiritus
1755 1393 1963 1437 sanctus
1977 1399 2086 1437 coro

474 1477 644 1547 porali
673 1480 860 1550 specie,
913 1479 1048 1533 sicut
1076 1479 1333 1534 columba.
1364 1477 1653 1548 Quomodo
1679 1492 1809 1548 ergo
1840 1479 2084 1535 bairetici

473 1568 666 1624 dicunt
697 1569 824 1639 quia
865 1571 1017 1626 solus
1061 1570 1114 1626 in
1137 1573 1279 1628 caelo
1324 1573 1545 1642 est,qui
1589 1587 1696 1627 non
1744 1580 1829 1628 est
1852 1572 2000 1626 solus
2027 1569 2082 1627 in

474 1663 672 1719 terris?
691 1664 1054 1720 Advertamus
1075 1664 1390 1738 mysterium
1413 1681 1426 1718 :
1459 1679 1628 1736 quare
1650 1666 1789 1720 sicut
1806 1665 2084 1721 columba?

477 1755 896 1826 Simplicitatem
945 1758 1092 1813 enim
1114 1758 1316 1812 lavacri
1342 1757 1570 1827 requirit
1591 1758 1794 1828 gratia;
1825 1766 1883 1811 nt
1913 1757 2084 1811 simus

2186 556 2299 626 ejus
2331 569 2433 606 non
2461 562 2645 618 servat,
2680 550 2906 605 mendax
2935 559 3006 603 est
3031 546 3073 620 (Ι
3096 545 3253 600 Joan.
3291 560 3353 610 ιι,
3381 541 3415 596 4
3436 543 3476 612 ).
3501 537 3777 607 Quomodo

2187 648 2328 701 enim
2355 656 2528 715 potest
2546 646 2710 700 Deum
2734 643 2982 714 diligere,
3017 641 3107 711 qui
3125 654 3234 693 non
3259 636 3434 705 diligit
3459 632 3739 704 veritatem
3761 669 3776 698 ,

2186 753 2307 792 cum
2338 739 2476 792 Deus
2503 737 2701 792 veritas
2731 736 2848 790 sit?
2878 734 3173 789 Audiamus
3200 745 3330 800 ergo
3368 728 3616 799 Patrem;
3647 723 3776 778 invi-

2187 830 2361 884 sibilis
2389 829 2534 884 enim
2559 829 2752 883 Pater:
2775 827 2869 882 sed
2899 836 2954 882 et
2984 825 3153 880 Filius
3179 817 3778 884 invisibilissecuudum

2185 922 2554 985 divinitatem;
2587 921 2754 977 Deum
2779 923 2922 976 enim
2956 933 3114 973 nemo
3146 915 3281 972 vidit
3331 927 3601 984 umquam.
3647 909 3778 965 Cum

2185 1032 2316 1088 ergo
2343 1027 2365 1054 ο
2401 1013 2756 1078 Εἰιίιιδηῡθιιε,
2790 1013 2842 1067 in
2868 1027 2933 1068 co
2965 1013 3146 1080 utique
3175 1007 3319 1080 quod
3371 1008 3514 1062 Deus
3567 998 3779 1074 Filius,

2188 1125 2295 1164 non
2318 1107 2560 1174 videtur;
2605 1106 2700 1164 sed
2731 1105 3106 1160 demonstrare
3134 1117 3192 1156 se
3232 1100 3401 1155 voluit
3429 1101 3479 1153 in
3507 1114 3739 1169 corpore
3764 1114 3779 1156 :

2185 1212 2238 1257 ct
2265 1203 2389 1273 quia
2409 1201 2567 1256 Pater
2609 1215 2806 1270 corpus
2841 1213 2946 1252 non
2975 1195 3217 1267 gerebat,
3250 1193 3372 1248 ideo
3415 1192 3648 1262 probare
3689 1206 3781 1244 vo-

2185 1293 2285 1348 luit
2305 1292 2464 1347 Pater
2495 1291 2649 1347 nobis
2677 1289 2729 1345 in
2764 1290 2902 1345 Filio
2928 1304 2986 1344 se
3013 1302 3134 1344 esse
3157 1291 3478 1357 prtesentem
3506 1325 3522 1351 ,
3556 1283 3778 1338 dicens:

2185 1383 2359 1438 Filius
2378 1399 2519 1438 meus
2545 1400 2597 1437 es
2624 1393 2700 1449 tu,
2734 1383 2787 1436 in
2817 1393 2864 1435 te
2880 1380 3188 1452 complacui.
3216 1377 3274 1433 Si
3305 1379 3386 1431 vis
3436 1376 3648 1431 discere
3694 1373 3781 1429 Fi-

2184 1477 2314 1532 lium
2344 1491 2465 1531 cum
2495 1475 2655 1530 Patre
2686 1489 2902 1544 semper
2925 1488 3045 1528 esse
3101 1482 3423 1544 praesentem
3458 1511 3472 1535 ,
3502 1469 3620 1541 lege
3664 1469 3782 1526 Filii

2189 1585 2385 1626 vocem
2409 1568 2669 1624 dicentis:
2704 1567 2764 1623 Si
2793 1568 3070 1621 ascendere
3099 1567 3154 1620 in
3179 1565 3359 1620 coelum
3383 1607 3397 1631 ,
3434 1573 3487 1618 tu
3511 1563 3582 1618 ibi
3613 1581 3666 1618 es
3695 1580 3713 1618 :
3741 1565 3782 1619 si

2185 1660 2509 1729 descendere
2544 1661 2612 1713 ad
2659 1660 2939 1730 infernum,
2989 1657 3112 1712 ades
3143 1656 3161 1729 (
3192 1653 3340 1710 Psal.
3372 1671 3613 1711 cxxxvttt
3639 1700 3654 1724 ,
3685 1657 3780 1727 8).

2185 1754 2245 1810 Si
2299 1755 2475 1809 Patris
2529 1752 2898 1808 testimonium
2947 1749 3178 1822 quaeris,
3236 1748 3433 1804 audisti
3487 1764 3518 1801 a
3551 1747 3782 1805 Joanne.

472 1851 751 1920 simplices
804 1853 947 1906 sicut
999 1849 1288 1906 columbae.
1339 1850 1535 1906 Pacem
1597 1851 1796 1905 lavacri
1851 1850 2085 1920 requirit
2115 1864 2163 1924 Β
2187 1845 2360 1903 Crede
2415 1848 2581 1918 igitur
2605 1845 2688 1911 ei,
2720 1847 2804 1899 cui
2840 1861 2898 1900 se
2937 1843 3315 1915 baptizandum
3353 1840 3586 1897 credidit
3627 1843 3785 1896 Chri-

471 1946 668 2012 gratia,
700 1953 724 1980 ⁸
757 1957 919 2013 quam
947 1943 1002 1998 in
1044 1955 1172 2016 typo
1211 1943 1382 1998 veteri
1409 1943 1663 1997 columba
1704 1942 1976 2013 quondam
2014 1941 2084 1996 ad

472 2038 622 2091 illam
671 2051 853 2092 arcam
883 2051 1006 2108 qum
1035 2038 1152 2107 sola
1181 2036 1284 2092 fuit
1315 2038 1504 2093 diluvii
1538 2038 1821 2103 immunis,
1868 2038 2086 2093 advexit

472 2128 631 2200 (Gen.
665 2141 780 2197 Vm,
819 2129 930 2202 11).
959 2130 1155 2186 Docuit
1202 2147 1289 2186 me
1316 2131 1473 2200 cujus
1507 2141 1669 2203 typus
1716 2131 1966 2186 columba
1993 2130 2086 2186 illa

483 2223 671 2289 fuerit,
719 2224 810 2295 qui
857 2240 999 2280 nunc
1040 2224 1377 2280 descendere
1409 2225 1664 2297 dignatus
1693 2236 1776 2280 est
1806 2225 1862 2279 in
1901 2225 2084 2294 specie

471 2315 764 2372 columbae.
800 2316 996 2372 Docuit
1041 2318 1093 2372 in
1142 2318 1239 2373 illo
1281 2331 1456 2383 ramo,
1504 2318 1557 2372 in
1601 2317 1691 2372 illa
1732 2331 1858 2372 arca
1898 2326 2083 2388 typum

480 2410 652 2464 fuisse
711 2409 859 2479 pacis
909 2409 1200 2475 Ecclesia),
1249 2409 1392 2478 quod
1437 2409 1577 2464 inter
1616 2408 1736 2478 ipsa
1784 2407 1971 2463 mundi
2003 2408 2084 2463 di-

476 2503 618 2557 luvia
653 2501 894 2572 Spiritus
924 2511 1150 2558 sanctus
1190 2501 1259 2557 ad
1282 2502 1581 2558 Ecclesiam
1611 2515 1764 2558 suam
1790 2517 1976 2574 pacem
2010 2502 2089 2556 ai-

471 2592 990 2650 feratlructuosam.
1022 2594 1219 2649 Docuit
1269 2595 1432 2649 etiam
1465 2593 1659 2658 David,
1711 2595 1802 2663 qui
1853 2593 2088 2664 prophe-

479 2688 586 2742 tico
615 2687 815 2758 spiritu
855 2702 1091 2742 cernens
1141 2686 1486 2757 baptismatis
1521 2695 1948 2751 sacramentum,
1971 2686 2083 2742 ait:

471 2780 600 2847 Quis
630 2779 776 2833 dabit
803 2780 931 2833 mihi
962 2795 1161 2852 pennas
1191 2781 1323 2834 sicut
1354 2779 1606 2834 columbte
1635 2777 1809 2852 (Psal.
1845 2793 1954 2844 Ltv,
1989 2777 2086 2847 7)?

553 2872 644 2926 95.
689 2870 853 2926 Venit
912 2887 1042 2942 ergo
1092 2872 1326 2941 Spiritus
1384 2882 1637 2937 sanctus,
1713 2871 1808 2926 sed
1858 2869 2085 2927 attende

485 2963 830 3035 mysterium.
860 2959 1019 3018 Venit
1041 2963 1109 3017 ad
1140 2962 1441 3018 Christum.
1479 2963 1669 3017 Omnia
1701 2965 1844 3018 enim
1876 2977 1966 3036 per
1995 2966 2082 3034 ip-

472 3072 705 3110 sum.....
739 3057 878 3126 facta
908 3065 1150 3108 sunt.....
1195 3063 1242 3108 et
1276 3055 1330 3107 in
1360 3055 1474 3123 ipso
1517 3064 1757 3108 constant
1788 3053 2009 3127 (Catos,
2042 3071 2082 3122 ι,

480 3149 548 3203 16
572 3159 618 3203 et
650 3147 763 3220 i7).
795 3146 904 3202 Sed
938 3145 1060 3202 vide
1094 3145 1421 3201 benevolum
1447 3145 1760 3214 Domimnn,
1801 3147 1894 3216 qui
1934 3146 2084 3203 solus

2186 1950 2325 2005 stus,
2356 1940 2443 1994 cui
2472 1939 2632 1994 Pater
2648 1937 2838 1992 Filium
2862 1935 3071 1992 caelesti
3096 1949 3226 1990 voce
3253 1932 3552 2000 commisit,
3573 1931 3786 2006 1315.

2188 2033 2376 2089 dicens
2405 2049 2418 2086 :
2446 2030 2548 2086 Hic
2577 2039 2651 2086 est
2686 2029 2730 2084 F
2732 2031 2853 2084 ilius
2885 2046 3028 2084 meus
3059 2028 3310 2096 dilectus,
3342 2028 3394 2082 in
3419 2043 3518 2102 quo
3549 2030 3783 2098 compla-

2189 2127 2272 2180 cui
2303 2123 2532 2198 (Matth.
2559 2139 2638 2190 nt,
2671 2119 2797 2197 17).
3052 2190 3056 2194 δ
3400 2193 3405 2197 .

2261 2218 2351 2277 95.
2385 2220 2489 2277 Ubi
2523 2232 2649 2275 sunt
2680 2219 2892 2288 Ariani,
2917 2218 3115 2291 quibus
3145 2235 3252 2273 non
3284 2218 3459 2290 placet
3489 2212 3664 2274 Filius
3691 2260 3706 2287 ,
3737 2218 3787 2274 in

2188 2329 2297 2385 quo
2325 2313 2652 2384 complacuit
2677 2312 2880 2368 Pater?
2910 2315 3019 2368 Hoc
3047 2328 3154 2368 non
3180 2327 3280 2383 ego
3303 2311 3441 2379 dico,
3479 2327 3655 2383 neque
3689 2313 3786 2367 bo-

2189 2409 2393 2464 miuum
2418 2408 2702 2478 quisquam
2734 2407 2944 2462 locutus
2972 2418 3084 2474 est;
3120 2422 3298 2479 neque
3319 2407 3463 2463 enim
3484 2421 3582 2477 per
3612 2404 3787 2461 homi-

2191 2517 2312 2556 nem
2341 2501 2502 2568 Deus,
2535 2516 2708 2570 neque
2736 2516 2830 2570 per
2853 2501 3099 2569 angelos,
3128 2517 3305 2572 neque
3349 2516 3445 2570 per
3491 2498 3789 2570 archange-

2189 2594 2270 2648 los
2305 2611 2318 2646 :
2349 2593 2445 2647 sed
2474 2593 2543 2648 ab
2571 2593 2687 2662 ipso
2718 2592 2877 2648 Patre
2905 2609 3006 2647 vox
3035 2593 3102 2648 de
3155 2593 3294 2648 coelo
3328 2594 3492 2648 missa
3531 2592 3786 2662 signavit.

2189 2683 2394 2738 Deinde
2419 2683 2548 2740 alibi
2581 2685 2722 2739 idem
2744 2683 2904 2739 Pater
2927 2687 3143 2754 repetit,
3168 2685 3393 2740 dicens:
3427 2682 3525 2736 Hic
3548 2695 3626 2738 est
3649 2684 3789 2753 ﬁlius

2190 2789 2330 2832 meus
2359 2776 2597 2843 dilectus,
2628 2777 2681 2831 in
2703 2794 2802 2847 quo
2825 2778 3113 2849 complucui
3137 2795 3154 2831 :
3175 2778 3346 2850 ipsum
3363 2778 3538 2831 audite
3555 2775 3784 2851 (Matth.

2189 2886 2319 2935 xm,
2353 2869 2457 2942 5-),
2488 2871 2754 2924 dicentem
2788 2869 2971 2941 utique
2993 2871 3174 2926 audite
3200 2888 3212 2924 :
3242 2870 3354 2942 Ego
3377 2879 3424 2924 et
3454 2868 3613 2924 Pater
3631 2884 3791 2923 unum

2187 2980 2364 3018 sumus
2393 2963 2572 3036 (Joan.
2598 2981 2652 3032 ι,
2671 2961 2794 3036 50).
2830 2964 3086 3035 Quiergo
3107 2961 3134 3001 ἀ
3165 2963 3304 3020 Filio
3330 2981 3435 3019 non
3457 2963 3655 3040 credit,
3683 2979 3791 3020 non

2188 3059 2360 3113 crcdit
2390 3061 2553 3114 Patri.
2595 3060 2773 3115 Testis
2801 3070 2883 3116 cst
2907 3060 2994 3114 ille
3024 3060 3092 3114 de
3126 3059 3260 3116 Filio
3295 3079 3307 3114 :
3336 3058 3381 3114 si
3409 3059 3692 3114 dubitatur
3722 3059 3790 3114 de

2190 3151 2349 3217 Filio,
2378 3162 2602 3222 paterno
2625 3171 2731 3208 non
2755 3153 2996 3209 creditur
3036 3155 3365 3208 testimonio.
3425 3151 3632 3207 Deinde
3664 3167 3791 3207 cum

478 3256 538 3296 se
562 3242 776 3311 injuriis
817 3239 1078 3306 subdidit,
1131 3240 1278 3294 solus
1305 3239 1534 3309 gratiam
1580 3254 1685 3292 non
1725 3239 1990 3309 quaesivit.
2021 3241 2084 3295 Et
2111 3253 2156 3316 ρ
2186 3244 2319 3300 dicit
2349 3262 2367 3300 .°
2399 3245 2466 3299 In
2495 3263 2594 3315 quo
2619 3248 2952 3317 complacui;
2979 3263 3083 3300 non
3106 3246 3281 3302 aliena
3308 3245 3362 3300 in
3380 3244 3538 3312 Filio,
3569 3245 3668 3300 sed
3692 3259 3790 3298 sua

475 3337 564 3390 ubi
597 3337 885 3390 aediﬁcavit
915 3335 1264 3391 Ecclesiam?
1293 3333 1532 3406 Rogabo,
1564 3333 1763 3404 inquit,
1804 3331 2012 3389 Patrem
2036 3345 2082 3389 et

477 3430 639 3484 alium
663 3427 993 3482 Paracletum
1020 3429 1161 3482 dabit
1184 3429 1346 3493 vobis,
1397 3437 1452 3481 ut
1474 3427 1735 3481 vobiscum
1762 3428 1827 3482 sit
1856 3428 1909 3481 in
1934 3418 2092 3482 aiter?

477 3537 624 3587 num,
657 3521 899 3589 spiritum
928 3521 1191 3588 veritatis,
1231 3537 1380 3591 quem
1412 3522 1496 3574 hic
1530 3521 1752 3574 mundus
1781 3537 1881 3574 non
1923 3507 2091 3589 potest,

468 3615 722 3683 accipere,
764 3613 1007 3682 quianon
1032 3611 1166 3666 videt
1191 3629 1332 3678 eum,
1363 3625 1458 3666 nec
1488 3614 1724 3684 agnoscit
1743 3629 1857 3666 eum
1891 3610 2075 3681 (Joan.

474 3724 590 3774 xiv,
625 3706 691 3764 l6
714 3716 768 3763 et
808 3707 912 3778 l7).
945 3706 1140 3762 Merito
1172 3707 1385 3780 1313
1409 3721 1538 3779 ergo
1567 3722 1624 3764 se
1646 3707 1698 3762 in
1725 3721 1958 3778 corpore
1979 3707 2076 3763 de-

469 3801 827 3866 monstravit;
857 3798 885 3838 5
921 3799 1182 3872 quoniam
1206 3799 1511 3855 divinitatis
1533 3799 1841 3856 substantia
1870 3816 1976 3855 non
2003 3803 2080 3856 vi-

479 3895 660 3952 detur.

542 3991 630 4046 94.
678 3988 927 4045 Vidimus
979 3987 1268 4059 Spiritum,
1313 3989 1409 4044 sed
1465 3989 1519 4044 in
1546 3990 1730 4061 specie
1754 3988 2076 4060 corporali:

469 4083 750 4136 videamus
776 4093 830 4136 et
851 4081 1088 4135 Patrem.
1115 4079 1221 4136 Sed
1250 4082 1375 4152 quia
1406 4082 1589 4138 videre
1614 4099 1718 4137 non
1756 4098 2070 4152 possumus,

471 4171 779 4228 audiamus.
815 4171 984 4226 Adest
1005 4171 1148 4225 enim
1176 4171 1477 4227 benevolus
1509 4173 1674 4240 Deus,
1708 4191 1812 4230 non
1842 4175 2078 4231 derelin-

469 4276 600 4337 quet
633 4264 893 4336 templum
939 4280 1117 4320 sumn.
1152 4264 1279 4320 Vult
1331 4281 1549 4321 omnem
1601 4268 1930 4324 exmdiﬁcari
1959 4269 2079 4324 ani-

467 4371 609 4415 mam
642 4377 656 4415 :
686 4359 798 4414 vult
822 4375 942 4414 eam
973 4359 1039 4414 ad
1063 4359 1293 4415 salutem
1327 4357 1625 4416 informare
1657 4378 1670 4415 :
1709 4361 1822 4417 vult
1863 4361 2075 4434 lapides

473 4455 626 4510 vivos
654 4471 682 4507 a
719 4461 860 4509 terra
901 4451 968 4508 ad
1001 4453 1196 4509 coelum
1228 4452 1542 4509 transferre.
1576 4451 1760 4525 Diligit
1814 4456 2073 4526 templum

468 4561 624 4603 suum
653 4565 665 4600 :
692 4553 749 4603 et
777 4561 877 4601 nos
903 4546 1192 4618 diligamus
1219 4561 1368 4601 eum.
1426 4545 1482 4602 Si
1529 4543 1802 4618 diligimus
1853 4548 2019 4604 Deum
2054 4593 2070 4618 ,

469 4651 737 4713 prarcepta
771 4643 888 4713 ejus
919 4657 1220 4698 servemus.
1266 4641 1324 4698 Si
1353 4641 1628 4715 diligimus
1657 4659 1782 4702 eum
1818 4687 1833 4712 ,
1855 4646 2075 4703 noveri-
2100 4637 2155 4704 D

538 4856 562 4883 ἰ
606 4845 761 4921 Rom.
797 4845 956 4921 edit..
985 4863 1139 4916 quam
1161 4847 1216 4901 in
1240 4856 1363 4921 typo
1389 4847 1558 4921 aliine.
1586 4847 1814 4921 Certum
1839 4851 2061 4921 quidem

467 4926 550 4975 est
571 4919 798 4972 vocibus
818 4959 832 4982 ,
869 4918 920 4970 in
953 4925 1076 4986 typo
1101 4919 1276 4981 veteri.
1323 4918 1597 4988 designari
1621 4919 1819 4974 olivam
1847 4918 1872 4984 ξ
1915 4932 1970 4976 ut
1991 4939 2059 4978 ex

464 4989 820 5058 sequentibus
851 4989 1212 5057 intelligitur:
1243 4989 1337 5043 sed
1366 5006 1473 5044 non
1500 4990 1622 5045 ideo
1645 5000 1707 5045 ea
1735 5006 1836 5046 vos
1867 4991 1918 5046 in
1945 5001 2062 5048 tex-

465 5059 946 5115 tnmintrudenda.
999 5059 1168 5116 Porro
1208 5061 1259 5114 in
1275 5061 1516 5130 profanis
1552 5062 1715 5116 etiam
1745 5065 2065 5122 auctoribus

455 5135 629 5187 oleam
656 5133 802 5201 pacis
829 5131 1135 5202 symbolum
1161 5147 1283 5187 esse
1313 5134 1494 5186 notius
1519 5141 1604 5186 est
1624 5173 1638 5197 ,
1692 5150 1851 5202 quam
1884 5145 1940 5190 ut
1969 5137 2058 5193 vel

459 5219 488 5257 a
520 5205 756 5277 tenuiter
789 5202 953 5277 docto
998 5203 1169 5272 possit
1209 5203 1464 5277 ignorari.
1518 5203 1672 5259 Hanc
1718 5217 1897 5261 autem
1938 5207 2058 5277 ejus

459 5276 536 5329 rei
561 5289 778 5346 causam
813 5272 1082 5346 reddunt,
1134 5272 1279 5346 quod
1304 5273 1551 5343 artibus’,
1587 5290 1708 5346 quae
1736 5272 2056 5336 maxime'in

463 5361 596 5415 pace
617 5344 850 5415 ﬂorent,
884 5345 1061 5400 oleum
1091 5343 1209 5399 usui
1238 5344 1329 5400 sit.

532 5413 560 5455 ι’
611 5413 772 5471 Rom.
825 5415 954 5472 edit.
984 5458 1000 5483 ,
1059 5417 1301 5488 quoniam
1357 5415 1411 5471 in
1461 5413 1745 5472 divinitatis
1807 5421 2054 5475 substan-

464 5488 557 5555 tia,
587 5495 692 5547 etc.

533 5571 554 5599 ο
581 5559 738 5613 Rom.
765 5559 923 5624 edit.,
953 5559 1126 5614 Filius
1155 5556 1254 5614 Dei
1283 5560 1336 5614 in
1363 5577 1419 5614 eo
1441 5561 1615 5631 utique
1634 5561 1775 5631 quod
1798 5562 1936 5617 Deus
1953 5572 2052 5627 est,

459 5645 558 5682 non
588 5632 844 5692 videatur.
876 5631 1248 5696 demonstrare,
1274 5641 1406 5692 etc.,
1437 5629 1560 5687 Vet.
1583 5675 1595 5694 ,
1627 5629 1803 5686 Filius
1837 5633 2050 5692 Dei.....

457 5697 1188 5777 ireushest,nonvideturaed
1207 5702 1576 5777 demonstrare.
1608 5703 1690 5756 Ab
1720 5703 1802 5759 bis
1828 5707 2054 5777 propius

461 5772 723 5840 recedunt
751 5773 938 5838 scripti
961 5769 1083 5840 cod.
1109 5774 1573 5840 quosgseqnimur.

526 5834 553 5890 4
586 5835 729 5906 ﬁdit.
761 5852 822 5893 ac
853 5834 1008 5919 pauci
1034 5834 1193 5915 msh,
1220 5834 1416 5914 Filium
1433 5855 1538 5917 non
1574 5840 1758 5898 credit.
1793 5843 1903 5923 Alii
1931 5846 2050 5922 plu-

2189 3336 2393 3392 laudat.
2428 3337 2568 3406 Quid
2611 3347 2693 3393 est
2749 3339 2893 3392 enim
2940 3337 3160 3392 dicere:
3194 3330 3261 3390 In
3311 3353 3410 3405 quo
3457 3337 3785 3408 complacui,

2190 3439 2212 3465 ο
2238 3429 2339 3488 nisi
2364 3431 2484 3498 quia
2514 3433 2693 3484 omnia
2725 3447 2843 3499 qua:
2876 3429 3039 3486 habet
3071 3427 3262 3498 Filius,
3293 3443 3346 3486 et
3374 3427 3536 3484 Pater
3581 3430 3787 3484 habet:

2185 3520 2322 3574 sicut
2351 3531 2404 3575 et
2434 3537 2553 3591 qua:
2580 3523 2754 3576 l’atris
2787 3531 2915 3596 sunt
2948 3563 2960 3585 ,
2997 3515 3117 3596 Filii
3175 3523 3346 3580 sunt?
3373 3520 3541 3577 Filius
3594 3523 3741 3576 dixit
3773 3537 3787 3576 :

2189 3609 2376 3666 Omnia
2403 3629 2518 3682 qua:
2533 3612 2685 3672 habet
2717 3611 2878 3668 Pater
2905 3656 2919 3680 ,
2951 3630 3063 3668 mea
3106 3625 3224 3672 sunt
3253 3615 3272 3688 (
3300 3611 3457 3668 Joan.
3484 3631 3572 3670 XVI
3605 3657 3621 3681 ,
3653 3616 3721 3670 15
3735 3620 3789 3684 );

2185 3703 2541 3759 indill‘erentis
2592 3705 2737 3759 enim
2780 3705 3078 3760 divinitatis
3110 3708 3347 3775 potentia
3382 3722 3486 3760 non
3543 3707 3791 3761 secernit

2184 3796 2324 3852 inter
2347 3797 2560 3853 Patrem
2588 3807 2644 3853 et
2699 3796 2894 3854 Filium
2930 3841 2945 3868 ,
2979 3799 3073 3854 sed
3125 3815 3286 3855 unam
3337 3797 3482 3854 Patri
3535 3799 3791 3872 Filioque

2183 3892 2466 3963 participat
2490 3902 2838 3964 potestatem.
2872 3892 3168 3950 Credamus
3202 3893 3370 3963 Patri,
3402 3893 3558 3966 cujus
3589 3911 3790 3950 Vocem

2181 3988 2448 4042 elementa
2493 3997 2792 4042 sonuerunt
2836 4004 2848 4040 :
2896 3986 3181 4043 credamus
3228 3985 3424 4053 Patri,
3455 3987 3612 4058 cujus
3662 3988 3792 4044 voci

2181 4081 2450 4136 elementa
2481 4082 2801 4152 obsequium
2834 4082 3202 4152 praebuerunt.
3254 4075 3496 4138 Credidit
3542 4083 3790 4138 mundus

2182 4176 2552 4244 inelementis,
2577 4174 2832 4232 credatin
2856 4175 3440 4231 ltominibuszcredidit
3485 4175 3540 4230 in
3579 4179 3789 4232 exani-

2181 4270 2306 4338 mis,
2335 4270 2518 4326 crcdat
2538 4272 2591 4326 in
2632 4272 2940 4327 viventibus
2967 4291 2979 4325 :
3009 4272 3237 4328 credidit
3271 4275 3322 4328 in
3353 4273 3517 4329 mutis
3549 4315 3563 4340 ,
3587 4275 3792 4333 credat

2181 4361 2233 4415 in
2263 4359 2608 4432 loquentibus
2633 4380 2646 4416 :
2672 4360 2944 4418 fcredidit
2972 4365 3023 4419 in
3055 4363 3260 4431 iisquae
3283 4380 3391 4419 non
3421 4364 3628 4421 habent
3659 4383 3796 4423 sen-

2179 4470 2320 4522 sum,
2340 4456 2527 4511 credat
2545 4457 2597 4511 in
2625 4456 2692 4513 iis
2713 4457 2802 4530 qui
2825 4473 3066 4527 sensum,
3088 4466 3145 4514 ut
3164 4457 3330 4514 Deum
3352 4468 3794 4529 cognoscerent,

2177 4550 2453 4606 consecuti
2482 4561 2626 4606 sunt.

2165 4871 2273 4937 res,
2304 4858 2649 4937 etpotiores,
2678 4856 2822 4912 Filio
2847 4873 2952 4937 non
2971 4857 3134 4937 credit
3163 4874 3181 4912 :
3211 4857 3357 4930 quod
3403 4860 3626 4932 quidem
3684 4880 3795 4937 ape

2166 4928 2272 4982 tius
2298 4927 2544 5000 cohmret
2571 4945 2694 4983 cum
2719 4928 3108 5000 superioribus.

2241 5009 2264 5035 ε
2296 4998 2372 5053 Ita
2399 4999 2531 5066 edit.
2565 4998 2797 5066 omnes;
2820 5007 2876 5054 at
2897 5009 3084 5054 contra
3118 5015 3309 5055 omnes
3337 5017 3495 5066 mss.,
3537 5006 3637 5060 nisi
3665 5023 3794 5062 om-

2164 5069 2251 5123 nia
2281 5086 2397 5140 qute
2443 5064 2592 5125 habet
2629 5064 2824 5136 Filius,
2859 5087 2970 5125 mea
2995 5079 3113 5125 sunt
3139 5113 3154 5138 ,
3181 5073 3309 5126 sicut
3369 5064 3542 5130 Filius
3589 5078 3739 5134 dixit
3773 5095 3795 5138 :

2165 5143 2338 5213 ontnia
2359 5159 2473 5212 qua:
2494 5143 2644 5197 habet
2669 5141 2848 5206 Pater,
2881 5159 2993 5194 mea
3018 5153 3159 5197 sunt.
3205 5143 3561 5212 Indi/ferentis
3595 5192 3610 5213 ,
3659 5163 3787 5208 etc,

2167 5212 2221 5288 l_n
2252 5229 2359 5288 un_o
2389 5215 2681 5288 velaltero
2711 5215 2978 5288 qi'iiittitur
3004 5215 3135 5288 sicut
3166 5213 3335 5268 Filius
3363 5257 3377 5282 ,
3410 5228 3517 5272 etc.
3548 5212 3616 5288 et
3649 5238 3785 5288 pro,

2162 5281 2522 5351 Indi/ferentis
2551 5320 2568 5352 ι
2619 5286 2838 5355 ponitur
2867 5327 2882 5353 ,
2927 5283 3295 5352 Indi/ferenter
3321 5329 3336 5353 ,
3366 5281 3371 5282 γ
3401 5299 3492 5344 aut
3530 5281 3790 5359 Indi/fe;

2162 5369 2302 5407 rens.

2237 5424 2258 5502 ξ
2295 5426 2689 5502 Desiderantur
2713 5426 2767 5502 in
2793 5442 2922 5502 mss.
2955 5437 3186 5497 septem,
3213 5443 3389 5498 neque
3415 5430 3523 5486 illis
3543 5434 3792 5502 quidem

2163 5495 2362 5551 iniimze
2388 5508 2550 5564 notae,
2570 5497 2789 5551 credidit
2816 5499 2869 5550 in
2896 5502 2962 5553 iis
2979 5495 3094 5567 qua:
3119 5515 3220 5553 non
3271 5495 3456 5555 habent
3512 5495 3740 5560 sensum
3767 5523 3792 5563 :

2161 5583 2280 5635 qua:
2305 5569 2464 5623 verba
2495 5585 2616 5624 cum
2645 5571 2713 5622 ad
2735 5576 3061 5624 sententiam
3087 5586 3193 5624 non
3244 5573 3354 5624 sint
3379 5573 3628 5629 absolute
3678 5593 3790 5633 ne-

2162 5641 2422 5714 cessaria,
2453 5649 2745 5710 potuerunt
2774 5641 2827 5714 in
2878 5643 3145 5714 sequioris
3173 5641 3272 5695 aevi
3316 5644 3443 5698 cod.
3495 5645 3790 5714 irrepere.

2162 5709 2294 5764 Cum
2323 5709 2502 5765 autem
2532 5721 2747 5766 exstent
2773 5711 2825 5765 in
2858 5709 3043 5766 multis
3073 5726 3203 5768 mss.
3237 5723 3292 5769 et
3318 5715 3574 5772 omnibus
3607 5709 3789 5784 odit;

2161 5793 2225 5837 ea
2259 5784 2376 5839 loco
2400 5800 2620 5841 movere
2651 5788 2830 5843 visum
2862 5802 2967 5842 non
2995 5795 3097 5844 est.
