3960 6294
236 331 370 392 1589

1231 335 1592 395 EXPOSITIO
1626 335 1881 396 EVANG.
1921 338 2067 399 SEC.
2107 340 2267 402 LUC.
2307 344 2440 403 LIB.
2481 343 2573 403 III.

3408 346 3547 405 1590

318 471 3514 497 mm

1397 580 1746 667 LIBER
1817 584 2364 672 TERTIUS.

1722 749 2050 768 —_—_

231 832 453 906 1313
484 830 688 906 (νει-ε.
719 829 812 885 23.
847 832 867 901 )
898 828 964 885 Et
988 830 1100 902 ipse
1141 829 1295 885 Iesus
1321 839 1432 885 erat
1452 830 1706 901 incipiens
1726 831 1835 902 fere
1860 840 1914 901 Α
1939 836 2069 890 rapit
2102 834 2275 892 David
2298 837 2523 911 (Matth.
2555 855 2596 908 ι,
2626 841 2662 899 3
2685 849 2733 896 et
2770 858 2879 914 seq.
2909 838 2952 914 ).
2987 839 3106 898 Viri
3135 841 3299 915 enim:
3314 858 3549 914 persona

307 941 565 980 annorum
592 925 832 997 triginta,
864 925 953 995 qui
970 923 1250 994 putabatur
1279 939 1391 978 esse
1412 922 1552 992 ﬁlius
1574 921 1790 992 Ioseph.

311 1020 364 1075 i.
410 1018 488 1076 De
523 1017 969 1090 generationibus
1015 1016 1234 1084 dicturi,
1265 1032 1492 1086 quarum
1524 1017 1841 1073 nonnullam

228 1112 492 1169 videmus
519 1112 574 1167 in
621 1111 916 1182 Evangelia
961 1111 1260 1167 secundum
1289 1110 1596 1166 Matthasum
1629 1153 1645 1179 ,
1673 1111 1759 1166 vel
1787 1111 1842 1166 in

228 1206 345 1263 hoc
392 1206 547 1277 cujus
601 1204 1108 1275 interpretationem
1157 1202 1419 1258 habemus
1476 1204 1528 1256 in
1568 1203 1840 1270 manibus,

226 1314 361 1356 esse
390 1298 741 1363 dismntiam;
772 1298 1030 1368 quoniam
1081 1311 1190 1352 non
1221 1306 1307 1352 est
1336 1294 1598 1351 credibile
1645 1294 1842 1350 adver-

224 1393 414 1447 santia
438 1390 538 1446 sibi
568 1399 790 1445 sanctos
820 1390 965 1445 viros
992 1391 1232 1460 potuisse
1286 1388 1490 1456 dicere,
1521 1396 1548 1425 τι
1576 1387 1644 1443 de
1671 1386 1843 1459 gestis

223 1483 548 1557 praesertim
575 1483 791 1539 Domini
844 1482 1143 1540 Salvatoris
1169 1522 1184 1547 ,
1216 1488 1420 1552 quanto
1474 1479 1657 1535 studio
1714 1494 1842 1550 pos-

223 1592 470 1645 sumus,
525 1591 633 1632 non
687 1575 891 1632 dixisse
933 1588 1029 1630 eos
1079 1570 1447 1645 discrepantia
1498 1571 1844 1628 demonstre-

225 1687 385 1727 mus.

303 1763 366 1818 2.
400 1764 469 1818 Et
519 1758 753 1833 primum
800 1761 1042 1818 omnium
1108 1760 1381 1817 neminem
1424 1774 1648 1815 movere
1680 1756 1844 1817 debet

223 1856 384 1929 quod
413 1857 486 1911 ita
517 1856 780 1925 scriptum
809 1865 933 1911 est:
971 1854 1071 1923 Qui
1100 1854 1382 1926 putabatur
1425 1869 1532 1908 esse
1556 1852 1700 1923 ﬁlius
1745 1850 1843 1907 Io—

222 1950 387 2024 seph.
420 1951 567 2006 Bene
593 1951 738 2006 enim
769 1949 1078 2018 putabatur,
1108 1948 1232 2019 quia
1285 1956 1479 2002 natura
1519 1962 1626 2001 non
1674 1955 1793 2001 erat
1824 1962 1839 1999 :

223 2042 337 2101 sed
380 2041 505 2097 ideo
543 2041 865 2112 putabatur,
888 2041 1013 2111 quia
1064 2055 1189 2094 eum
1248 2038 1413 2094 Maria
1446 2080 1460 2105 ,
1488 2052 1610 2109 quae
1639 2035 1840 2108 Ioseph

223 2138 357 2192 viro
387 2151 487 2191 suo
512 2144 632 2191 erat
655 2134 1007 2204 desponsata,
1039 2142 1432 2203 generaverat;
1463 2131 1543 2187 sic
1572 2128 1718 2185 enim
1747 2130 1843 2184 ha-

223 2229 339 2285 bes
380 2245 394 2281 :
439 2226 628 2281 Nonne
648 2226 731 2279 hic
750 2236 824 2280 est
850 2224 993 2295 ﬁlius
1014 2218 1212 2295 Ioseph
1266 2222 1403 2296 fabri
1435 2222 1669 2295 (Matth.
1698 2239 1789 2277 xm
1822 2264 1840 2292 ,
1872 2209 1921 2269 Β

225 2319 306 2378 55
335 2320 391 2391 )?
420 2321 662 2375 Diximus
691 2333 852 2390 supra
874 2334 977 2389 qua
1007 2319 1220 2374 ratione
1251 2334 1347 2390 per
1365 2317 1627 2389 virginem
1652 2337 1664 2371 :
1689 2318 1841 2373 dixi-

228 2430 363 2470 mus
391 2417 552 2470 etiam
583 2429 689 2485 qua
737 2413 950 2467 ratione
995 2427 1093 2483 per
1140 2410 1524 2481 desponsatam
1546 2449 1565 2479 ,
1590 2418 1645 2465 et
1672 2425 1843 2480 quare

225 2521 439 2564 census
462 2514 709 2577 tempore
752 2504 903 2560 nasci
934 2503 1171 2560 voluerit
1214 2501 1475 2559 Dominus
1524 2499 1790 2558 Salutaris
1823 2519 1839 2558 :

228 2616 349 2655 non
388 2598 626 2655 alienum
659 2595 823 2654 etiam
857 2595 1073 2653 videtur
1094 2608 1150 2652 ut
1179 2612 1283 2669 qua
1333 2597 1545 2652 ratione
1569 2593 1597 2634 ι)
1630 2594 1840 2652 fabrum

229 2702 451 2764 patrem
474 2688 748 2758 habuerit,
771 2689 1133 2746 declaremns.
1183 2684 1298 2744 Hoc
1338 2687 1481 2745 enim
1537 2695 1667 2760 typo
1716 2702 1842 2743 eum

230 2796 450 2858 patrem
478 2785 579 2841 sibi
602 2801 728 2841 esse
766 2782 1106 2840 demonstrat
1133 2784 1224 2854 qui
1271 2781 1565 2837 fabricator
1598 2782 1840 2837 omnium

229 2877 482 2935 condidit
508 2876 803 2943 mundum;
834 2876 987 2947 juxta
1021 2872 1234 2948 1315
1260 2870 1404 2945 quod
1434 2871 1695 2944 scriptum
1727 2881 1837 2928 est:

231 2970 307 3025 In
334 2970 590 3044 principio
619 2970 739 3041 fecit
762 2966 904 3022 Deus
935 2968 1116 3022 caelum
1151 2978 1198 3020 et
1254 2977 1442 3020 terram
1469 2964 1489 3037 (
1513 2961 1641 3018 Gen.
1675 2980 1714 3030 ι,
1738 2962 1766 3019 1
1796 2963 1839 3035 ).

233 3062 378 3117 Nam
412 3060 512 3117 etsi
557 3060 799 3115 humana
836 3076 944 3115 non
997 3070 1124 3114 sunt
1178 3055 1545 3128 comparanda
1601 3056 1836 3122 divinis;

235 3146 404 3229 typus
433 3165 613 3211 tamen
642 3154 851 3226 integer
873 3165 957 3210 est
979 3150 1124 3225 quod
1148 3152 1308 3207 Pater
1327 3149 1526 3207 Christi
1558 3150 1677 3222 igiie
1706 3167 1840 3223 ope-

235 3258 395 3302 ratur
414 3256 468 3303 et
485 3245 717 3316 Spiritu,
749 3254 804 3301 et
830 3256 1100 3317 tamquam
1132 3243 1307 3299 bonus
1331 3243 1530 3298 animae
1557 3241 1709 3298 faber
1757 3243 1843 3298 vi-

237 3343 314 3396 tia
348 3351 531 3395 nostra
552 3337 936 3406 circumdolat,
966 3340 1075 3395 cito
1097 3337 1332 3394 securim
1364 3334 1660 3391 admovens
1684 3337 1842 3392 arbo-

238 3434 395 3489 ribus
417 3431 741 3500 infecundis,
775 3446 967 3487 secare
1014 3430 1210 3485 doctus
1248 3432 1441 3501 exigua
1471 3470 1486 3496 ,
1517 3428 1842 3485 culminibus

240 3540 466 3582 servare
493 3523 773 3590 sublimia,
806 3520 977 3594 rigida
1001 3522 1263 3577 mentium
1296 3519 1519 3592 spiritus
1550 3520 1671 3591 igne
1702 3520 1841 3575 mol-

1946 926 2228 996 quaaritur,
2260 929 2352 999 qui
2383 931 2549 984 etiam
2578 930 2633 985 in
2663 941 2855 987 senatu
2884 940 2940 988 et
2966 931 3196 1003 reliquis
3225 944 3248 972 ο
3280 936 3447 990 curiis
3472 935 3551 992 ci-

1948 1018 2171 1073 vitatum
2224 1020 2444 1089 generis
2486 1023 2687 1077 asserit
2730 1022 3070 1094 dignitatem.
3127 1026 3337 1099 1315
3380 1026 3552 1095 Quam

1945 1109 2192 1167 deforme
2221 1122 2403 1169 autem
2434 1116 2481 1170 si
2512 1116 2702 1172 relicta
2732 1118 2834 1173 viri
2877 1120 3112 1190 origine,
3141 1123 3295 1190 origo
3328 1121 3553 1180 femina:

1946 1213 2304 1271 quaereretur,
2337 1214 2396 1260 ut
2426 1207 2703 1263 videretur
2742 1218 2952 1279 patrem
3003 1227 3112 1267 non
3155 1211 3411 1270 habuisse
3461 1214 3554 1272 ille

1948 1296 2111 1352 totius
2138 1297 2323 1353 mundi
2352 1301 2566 1369 populis
2597 1302 3020 1374 praedicandus?

2015 1387 2070 1441 4.
2105 1387 2211 1445 Sed
2240 1391 2403 1445 etiam
2460 1392 2587 1447 alibi
2638 1395 2855 1451 diverso
2898 1396 3093 1454 ordine
3139 1398 3550 1468 generationem

1944 1482 2236 1539 doceamus
2272 1500 2395 1543 esse
2436 1487 2756 1555 decursam;
2789 1505 2857 1545 ne
2884 1490 2972 1546 hic
3000 1506 3216 1563 quoque
3261 1491 3552 1564 Evangeli-

1946 1584 2046 1630 sta:
2070 1575 2381 1649 discrepare
2403 1580 2711 1649 videantur,
2746 1582 2839 1653 qui
2861 1592 3100 1639 veterem
3130 1584 3378 1640 ordinem
3424 1598 3555 1643 sunt

1945 1668 2137 1722 secuti.
2171 1667 2263 1725 Sic
2286 1669 2432 1725 enim
2462 1670 2631 1728 habes
2664 1689 2679 1726 :
2709 1671 2837 1727 Fuit
2889 1672 3046 1729 homo
3072 1670 3099 1712 ἀ
3147 1691 3214 1729 ea:
3268 1675 3431 1731 Arath
3455 1720 3470 1745 ,
3505 1686 3556 1732 et

1945 1773 2129 1812 nomen
2155 1761 2267 1833 ejus
2290 1759 2515 1826 Elcana,
2540 1762 2686 1832 ﬁlius
2716 1764 3020 1833 Hieremiel,
3044 1764 3190 1837 ﬁlius
3218 1766 3336 1822 Heli
3364 1808 3379 1832 ,
3409 1769 3554 1838 ﬁlius

1949 1848 2045 1904 Ozi
2069 1852 2133 1906 de
2151 1863 2325 1907 monte
2354 1853 2614 1926 Ephraim
2643 1855 2687 1927 (l
2707 1855 2840 1928 Reg.
2872 1872 2912 1925 ι,
2946 1855 3023 1929 1).
3052 1858 3216 1915 Vides
3237 1872 3290 1915 et
3319 1876 3348 1915 a
3380 1861 3553 1933 patri-

1946 1945 2047 1999 bus
2066 1945 2131 1999 ad
2165 1946 2323 2011 ﬁlios,
2355 1957 2410 2003 et
2430 1963 2460 2002 a
2485 1948 2612 2004 ﬁliis
2639 1949 2707 2005 ad
2733 1959 2916 2023 patres
2959 1936 3186 2024 originis
3227 1953 3555 2026 descriptio-

1948 2052 2069 2092 nem
2100 2039 2271 2095 veteri
2292 2054 2444 2096 more
2472 2050 2805 2099 contextam.
2837 2042 3003 2099 Vides
3033 2045 3233 2115 ubique
3289 2045 3550 2103 familiam

1948 2145 2045 2200 per
2073 2132 2313 2186 virorum
2342 2134 2724 2204 generationes
2750 2150 2875 2192 esse
2904 2137 3215 2193 decursam.
3241 2146 3264 2174 ο
3294 2137 3416 2194 Noli
3449 2140 3552 2194 mi-

1946 2225 2057 2279 rari
2087 2226 2134 2280 si
2166 2227 2451 2283 Matthaeus
2477 2228 2545 2285 ab
2573 2228 2851 2285 Abraham
2873 2244 3048 2301 usque
3076 2230 3144 2287 ad
3168 2230 3406 2302 Ioseph,
3439 2232 3551 2290 Lu-

1945 2335 2036 2374 cas
2063 2333 2094 2373 a
2117 2314 2317 2392 Ioseph
2350 2336 2522 2392 usque
2574 2323 2643 2378 ad
2687 2323 2860 2380 Adam
2893 2365 2909 2392 ,
2940 2332 2995 2381 et
3022 2324 3091 2380 ad
3121 2323 3292 2381 Deum
3320 2341 3554 2398 genera-

1948 2411 2154 2467 tionum
2184 2412 2434 2469 ordinem
2464 2416 2754 2486 percurrit.
2796 2415 2917 2472 Noli
2956 2418 3144 2489 mirari
3174 2419 3318 2488 quod
3343 2419 3551 2491 Ioseph

1944 2503 2095 2575 origo
2123 2503 2395 2576 descripta
2414 2516 2516 2562 est.
2544 2507 2760 2563 Etenim
2786 2507 3087 2564 secundum
3113 2524 3336 2565 carnem
3366 2522 3549 2579 natus,

1942 2611 2101 2651 usum
2130 2596 2322 2653 debuit
2353 2599 2509 2669 sequi
2541 2599 2744 2664 carnis,
2776 2609 2833 2654 et
2859 2600 2951 2670 qui
2978 2598 3033 2655 in
3079 2601 3341 2657 saeculum
3371 2604 3549 2673 venit,

1944 2689 2128 2743 saeculi
2167 2687 2354 2744 debuit
2382 2705 2534 2744 more
2552 2690 2822 2756 describi;
2856 2691 3090 2748 maxime
3109 2707 3230 2747 cum
3263 2694 3319 2749 in
3344 2694 3551 2766 Ioseph

1944 2778 2154 2849 origine
2180 2780 2344 2835 etiam
2382 2782 2537 2852 origo
2587 2783 2660 2837 sit
2688 2782 2892 2838 Mariae.
2922 2782 3057 2838 Nam
3086 2799 3209 2839 cum
3241 2784 3325 2841 vir
3368 2785 3552 2859 justus

1944 2872 2105 2927 fuerit
2124 2870 2346 2942 Ioseph,
2380 2873 2566 2944 utique
2593 2888 2662 2928 ex
2707 2874 2853 2930 tribu
2887 2889 2984 2930 sua
3013 2917 3030 2944 ,
3056 2882 3113 2931 et
3139 2891 3207 2932 ex
3234 2879 3408 2947 patria
3448 2894 3551 2937 sua

1943 2966 2153 3036 accepit
2177 2981 2402 3021 uxorem
2434 2985 2448 3021 :
2482 2981 2583 3023 nec
2610 2967 2789 3039 potuit
2812 2969 2992 3038 justus
3047 2967 3232 3026 facere
3270 2980 3460 3029 contra
3490 2973 3550 3030 id

1944 3060 2088 3131 quod
2121 3059 2262 3131 Lege
2283 3061 2661 3131 praescriptum
2688 3071 2791 3117 est.
2822 3061 2914 3117 Sic
2962 3062 3110 3123 enim
3168 3062 3338 3120 babes
3371 3107 3388 3133 ,
3417 3067 3550 3138 quia

1946 3155 2313 3227 unusquisque
2341 3157 2394 3211 in
2419 3156 2792 3213 haereditatem
2814 3158 2987 3215 tribus
3009 3175 3122 3215 suae
3145 3162 3333 3231 patriae
3360 3162 3549 3219 adlisa-.-

1944 3248 2138 3303 rebunt
2166 3246 2263 3302 ﬁlii
2292 3248 2597 3314 lsrael,nec
2618 3249 2687 3304 de
2715 3250 2857 3306 tribu
2885 3249 2953 3306 ad
2977 3249 3176 3306 tribum
3202 3251 3545 3311 transibunt:

1944 3347 1999 3394 et
2028 3340 2205 3394 omnis
2236 3338 2345 3393 ﬁlia
2375 3354 2497 3410 quae
2530 3340 2692 3395 habet
2724 3339 3097 3398 haereditatem
3130 3342 3367 3401 tribuum
3401 3342 3548 3398 ﬁlio-

1946 3447 2063 3487 rum
2084 3430 2273 3497 lsrael,
2302 3432 2393 3487 uni
2419 3449 2482 3487 ex
2513 3433 2735 3504 populo,
2768 3442 2825 3490 et
2859 3449 2928 3489 ex
2962 3435 3104 3491 tribu
3137 3434 3306 3506 patris
3326 3436 3410 3491 sui
3438 3435 3546 3493 erit

1945 3539 2081 3580 uxor
2109 3523 2130 3597 (
2160 3523 2322 3581 Num.
2358 3538 2548 3592 xxxvr,
2575 3522 2730 3597 6-8).
2762 3523 2949 3597 Itaque
2975 3535 3030 3582 et
3057 3541 3257 3582 census
3300 3534 3546 3597 tempore

238 3616 365 3685 lire,
388 3618 518 3674 etin
549 3617 729 3672 varios
758 3631 889 3671 usus
913 3630 1075 3671 omne
1099 3615 1392 3670 humanum
1422 3630 1596 3687 genus
1625 3614 1837 3671 diversa
1865 3599 1911 3663 Ο
1944 3619 2189 3675 ascendit
2214 3617 2418 3689 Ioseph
2447 3618 2516 3674 de
2542 3617 2707 3675 domo
2727 3626 2784 3674 et
2802 3618 2871 3674 de
2895 3619 3065 3689 patria
3100 3618 3268 3674 David
3300 3615 3452 3691 (Luc
3476 3633 3542 3686 ιι,

241 3713 662 3769 ministeriorum
694 3709 955 3783 qualitate
985 3708 1246 3765 formare.

311 3804 368 3860 3.
391 3803 498 3861 Cur
526 3818 706 3861 autem
753 3804 955 3876 Ioseph
988 3804 1158 3875 magis
1187 3819 1347 3874 quam
1380 3798 1562 3858 Maria:
1611 3820 1839 3876 genera-

239 3899 318 3955 tio
349 3899 702 3968 describatur,
736 3914 858 3954 cum
887 3897 1054 3953 Maria
1084 3898 1153 3953 de
1179 3897 1386 3968 Spiritu
1435 3907 1627 3953 sancto
1672 3913 1838 3969 gene-

236 3992 441 4046 raverit
464 3991 743 4046 Christum
775 4033 790 4058 ,
823 3997 877 4046 et
904 3988 1107 4059 Ioseph
1147 4006 1176 4043 a
1224 3990 1577 4061 generatione
1620 3987 1836 4046 Domini

238 4084 483 4140 videatur
500 4085 734 4149 alienus,
753 4084 1007 4141 dubitare
1036 4098 1341 4154 possemus,
1365 4083 1469 4139 nisi
1497 4082 1833 4139 consuetudo

238 4195 344 4235 nos
373 4178 658 4236 instrueret
688 4179 1115 4251 Scripturarum,
1141 4194 1264 4249 quae
1295 4193 1511 4248 semper
1534 4177 1632 4232 viri
1664 4178 1832 4248 origi-

239 4288 366 4327 nem
389 4272 593 4343 quaarit.
623 4272 717 4329 Sic
736 4272 878 4328 enim
911 4268 1078 4326 habes
1106 4289 1119 4323 :
1149 4269 1357 4326 Phares
1378 4269 1476 4325 fuit
1499 4269 1641 4324 ﬁlius
1679 4267 1832 4324 Iudas

240 4363 492 4434 principis
512 4363 709 4420 Tribus
740 4381 753 4417 :
787 4360 889 4417 Hic
928 4364 1189 4436 generauit
1236 4358 1444 4417 Hesron
1476 4403 1493 4430 ,
1526 4370 1574 4414 et
1625 4359 1831 4417 Hesron

242 4461 489 4528 generavit
515 4457 690 4524 Aram,
729 4466 779 4512 et
805 4456 965 4511 Aram
1010 4456 1271 4530 generavit
1320 4452 1704 4509 Hamminadab
1736 4496 1752 4521 ,
1784 4465 1831 4511 et

246 4545 620 4605 Hamminadab
648 4549 913 4621 generavit
939 4547 1244 4614 Nahasson,
1273 4558 1319 4601 et
1352 4544 1634 4602 Nahasson
1681 4565 1833 4619 gene-

243 4639 373 4701 rauit
398 4640 630 4709 Salmon,
659 4653 708 4697 et
732 4642 954 4698 Salnton
983 4638 1244 4713 generavit
1264 4637 1426 4704 Boos,
1451 4649 1495 4693 et
1517 4638 1658 4694 Booz
1681 4657 1832 4712 gene-

246 4735 372 4789 rauit
398 4733 590 4805 Hobed,
625 4746 674 4793 et
702 4734 886 4792 Hobed
905 4735 1165 4808 generauit
1188 4732 1338 4789 Iesse
1365 4774 1382 4803 ,
1412 4743 1458 4789 et
1486 4731 1633 4789 Iesse
1678 4750 1832 4806 gene-

1940 3710 1975 3766 4
2002 3722 2048 3766 et
2079 3710 2186 3785 5),
2212 3720 2270 3766 ut
2298 3711 2645 3781 proﬁteretur
2666 3726 2787 3766 cum
2817 3711 2983 3767 Maria
3038 3725 3207 3768 uxore
3245 3726 3367 3768 sua.
3410 3710 3545 3781 Quae

1940 3818 2007 3858 ex
2037 3803 2225 3858 eadem
2255 3801 2419 3858 domo
2450 3843 2466 3868 ,
2497 3810 2553 3857 et
2584 3817 2648 3857 ex
2679 3802 2870 3857 eadem
2916 3802 3088 3872 patria
3146 3802 3542 3872 professionem

1940 3894 2135 3961 defert,
2172 3893 2356 3964 utique
2394 3892 2636 3964 ejusdem
2665 3892 2857 3960 tribus,
2888 3901 2943 3947 et
2971 3891 3215 3962 ejusdem
3247 3892 3434 3964 patriaa
3478 3906 3541 3948 se

1940 4000 2061 4041 esse
2084 3985 2353 4056 designat.

2015 4077 2070 4132 5.
2100 4074 2340 4148 Cognata
2364 4092 2578 4149 quoque
2601 4075 2785 4133 Maria:
2805 4075 3079 4132 inducitur
3092 4073 3538 4148 Elizabeth(Luc.

1940 4185 1981 4236 t,
2012 4167 2125 4242 36)
2155 4187 2168 4224 :
2202 4170 2379 4240 primo
2407 4169 2553 4241 quod
2597 4185 2791 4226 omnes
2842 4169 3015 4227 Judaei
3055 4171 3269 4241 cognati
3300 4210 3317 4237 ,
3344 4185 3540 4241 quem-

1939 4259 2229 4316 admodum
2262 4270 2314 4316 te
2334 4258 2627 4332 Apostolus
2663 4259 2849 4317 docuit
2876 4260 3089 4329 dicens,
3126 4259 3376 4333 Optabam
3401 4259 3542 4316 enim

1940 4354 2218 4409 anathema
2247 4372 2356 4411 esse
2385 4357 2589 4427 ἕρκη..
2624 4370 2719 4426 pro
2746 4353 2995 4425 fratribus
3020 4354 3167 4422 meis,
3198 4355 3433 4428 cognatis
3461 4369 3544 4410 se-

1937 4454 2165 4508 cundum
2184 4469 2411 4520 carnem,
2436 4454 2526 4524 qui
2551 4462 2669 4507 sunt
2699 4449 2958 4507 Israelita:
2979 4450 3173 4520 (Rom.
3202 4467 3279 4520 Ix,
3310 4454 3345 4507 3
3373 4462 3420 4507 et
3444 4453 3477 4506 4
3492 4450 3538 4524 ).

1934 4544 2189 4615 Cognata:
2218 4558 2369 4614 ergo,
2403 4544 2527 4613 quia
2557 4542 2731 4599 ambae
2758 4542 3021 4597 lsraelitas
3059 4550 3216 4596 erant
3246 4558 3260 4596 :
3290 4540 3453 4598 simul
3482 4550 3540 4599 ct

1933 4646 2199 4710 cognatae,
2229 4637 2353 4709 quia
2373 4637 2547 4692 ambae
2577 4644 2736 4692 erant
2757 4650 2827 4692 ex
2876 4636 3019 4691 tribu
3075 4633 3234 4691 Iuda.
3291 4631 3539 4693 Didicisti

1935 4750 2001 4790 ex
2032 4734 2175 4790 tribu
2202 4730 2339 4788 Iuda
2369 4729 2618 4796 Mariam,
2648 4728 2797 4785 disce
2819 4736 2875 4785 et
2906 4727 3205 4784 Elizabeth.
3238 4725 3372 4783 Nam
3422 4712 3537 4783 Ex-

321 4914 512 4988 f‘Rom.
540 4918 672 4974 edit.
704 4917 842 4982 sola,
867 4916 932 4988 de
957 4915 1381 4988 generationibus
1399 4916 1700 4985 prtvsertt'm,
1717 4925 1823 4971 etc.
1853 4921 1909 4981 D
1934 4913 2492 4988 quesignijicationes
2515 4910 2679 4967 habet
2698 4924 2762 4988 ea
2789 4926 2941 4988 vox,
2970 4926 3107 4981 quas
3149 4912 3410 4985 colligere
3451 4926 3540 4988 est.

319 4983 662 5056 bCujusmodi
685 4989 837 5043 faber
861 4983 1023 5042 fuerit
1049 4986 1108 5043 S.
1141 4986 1341 5055 Ioseph
1372 4983 1424 5040 in
1467 4995 1827 5044 controverso

1934 4981 1998 5044 ex
2028 4981 2161 5043 Cod.
2191 4986 2399 5041 Theod.
2428 4982 2523 5038 lib.
2550 4998 2658 5045 xvr,
2687 4982 2770 5036 tit.
2794 4982 2851 5046 2,
2884 4981 2976 5037 lib.
3025 4998 3084 5048 tt,
3114 4999 3193 5051 tu,
3217 4981 3330 5051 xxi,
3354 4992 3409 5041 et
3436 4986 3539 5043 ali-

252 5069 347 5116 est.
388 5053 489 5116 Alii
511 5062 700 5116 volunt
727 5059 893 5114 fuisse
916 5058 1200 5114 ferrarium
1219 5098 1232 5121 ,
1264 5053 1486 5126 quidam
1520 5070 1829 5129 Acasmenta-
1934 5061 2008 5115 bi.
2035 5059 2331 5113 Nonuullas
2358 5056 2522 5129 etiam
2547 5053 2784 5109 Rosinus
2806 5053 2903 5107 lib.
2927 5068 3002 5108 v1.
3030 5054 3207 5126 Antiq.
3230 5055 3385 5110 Rom.
3409 5073 3533 5129 cap.

254 5132 400 5203 rium,
431 5134 610 5203 plures
641 5131 962 5201 liguarium;
996 5130 1137 5203 unde
1165 5129 1294 5203 illud
1334 5127 1691 5203 ecclesiastici
1727 5131 1829 5185 viri
1931 5130 1990 5198 2,
2017 5131 2209 5203 refert,
2242 5138 2405 5203 atque
2431 5127 2543 5181 alii.

260 5196 445 5257 dielum
465 5206 528 5257 ad
540 5196 749 5260 Iulia-tt.
769 5204 984 5269 Apust.:
1004 5198 1170 5262 Θῦτος
1182 5196 1233 5255 δέ
1256 5200 1527 5260 dsint-ovo;
1550 5202 1660 5263 υἱὸς
1679 5203 1831 5261 θήκην

256 5272 381 5351 αἵδτῷ
400 5275 586 5351 {ullum
604 5276 737 5351 πρρς
765 5275 978 5351 θάνατον
1001 5270 1634 5351 ιεαταςκευάζειΝἱιῌθιιιΓ
1648 5282 1829 5351 autem

256 5330 518 5401 abhmbr.
546 5330 845 5416 sigititicari
875 5344 1036 5416 simttl
1056 5354 1111 5398 et
1141 5330 1421 5397 ferrariam
1455 5349 1510 5416 et
1548 5343 1828 5412 liguariam

256 5424 408 5473 artem
434 5414 729 5488 Iosephum
761 5415 1095 5481 exercuisse,
1126 5424 1185 5468 ut
1213 5414 1501 5484 sequentia
1548 5415 1694 5470 clare
1737 5429 1827 5470 os-

258 5488 480 5543 tendunt.

328 5564 346 5597 ε
373 5552 538 5615 Curia:
575 5558 718 5628 apud
749 5556 1025 5613 Romanos
1057 5556 1316 5628 tringinta
1347 5552 1586 5622 fuerunt,
1613 5554 1666 5610 iu
1698 5568 1833 5625 quas

266 5623 502 5699 Romulus
527 5623 846 5686 universum
880 5628 1135 5699 populum
1167 5623 1393 5690 divisit,
1418 5640 1588 5699 quem
1624 5623 1832 5682 morem

265 5696 592 5777 ﬂiztjuoque
644 5696 896 5777 civitates
945 5696 1171 5754 imitata:
1225 5705 1372 5752 sunt.
1416 5697 1625 5777 Iudicat
1654 5699 1836 5777 itaque

271 5758 449 5827 Doctor
470 5758 654 5829 ’n'oster
682 5773 832 5826 viros
862 5771 915 5826 in
943 5784 1057 5825 sua:
1095 5783 1370 5838 quemque
1417 5766 1583 5824 curia:
1625 5758 1838 5824 tabulas

283 5841 452 5925 referri
472 5856 627 5934 atque
647 5844 847 5903 ascribi
874 5842 1085 5913 solitos,
1114 5855 1221 5899 non
1256 5841 1505 5913 feminas.
1534 5840 1682 5901 Alias
1702 5844 1838 5917 quo?

2006 5197 2032 5235 ά
2066 5199 2222 5253 Rom.
2250 5198 2408 5263 edit.,
2441 5214 2503 5252 ea:
2526 5195 2863 5268 Aramathain
2891 5194 3207 5268 Saphim....
3232 5198 3375 5268 ﬁlius
3408 5198 3540 5255 Hie-

1936 5270 2138 5337 roham,
2172 5269 2272 5339 ﬁlii
2298 5268 2459 5322 Helin
2485 5310 2501 5335 ,
2534 5267 2632 5338 ﬁlii
2681 5263 2868 5339 ﬁoplti.
2919 5263 3045 5339 Mss.
3095 5263 3255 5324 Carn'.
3286 5311 3300 5334 ,
3324 5268 3482 5327 Gem.
3518 5311 3538 5337 ,

1941 5332 2207 5408 Prat.,'e2c
2238 5332 2498 5412 Ramath,
2523 5332 2631 5394 etc.
2684 5332 2899 5412 Rursus
2925 5337 3094 5412 gem.
3122 5380 3138 5407 ,
3164 5332 3319 5412 ,Prat.
3348 5381 3365 5407 ,
3392 5332 3539 5412 [ilius

1937 5413 2157 5468 leremel
2179 5428 2200 5478 ;
2228 5413 2421 5482 Carm,
2446 5409 2715 5474 Heromel,
2745 5408 2888 5482 ﬁlius
2913 5408 3059 5476 Heli,
3092 5411 3235 5482 ﬁlius
3261 5408 3535 5480 ZoiﬁQuis

1938 5486 2038 5540 bus
2064 5484 2271 5551 accedit
2292 5480 2457 5537 Corb.
2499 5481 2601 5536 nisi
2626 5481 2768 5551 quod
2801 5481 2986 5546 habet,
3013 5480 3296 5550 ex'Aratlt,
3326 5494 3382 5539 et
3405 5484 3538 5541 scri-

1937 5553 2036 5620 bit,
2068 5549 2339 5623 lheremel.
2367 5552 2580 5623 Reliqui
2608 5549 2738 5606 vero
2765 5565 2887 5606 cum
2936 5562 3048 5607 ant.
3096 5553 3229 5610 edit.
3284 5549 3535 5611 nostram

1938 5618 2204 5682 exhibent
2233 5618 2547 5680 lectionem.

2014 5707 2037 5735 ο
2068 5698 2113 5773 ιν
2125 5698 2194 5773 cli
2219 5698 2400 5773 mirari
2419 5697 2474 5773 εἰ
2493 5704 2699 5773 sanctus
2738 5694 3127 5773 ⁸ΜιιιιΙι‹ιειιε....
3156 5698 3390 5756 ordinem
3418 5713 3537 5773 per-

1938 5769 2121 5839 currit,
2153 5769 2208 5826 in
2247 5769 2379 5826 edit.
2419 5768 2579 5833 Rom.
2606 5765 2846 5845 jugulata
2868 5777 3017 5831 sunt.
