  <div class='ocr_page' id='page_1' title='image "/cluster/home/n/w/nwhite01/storage/ocr_20150623/15/uva.x000826533/211.png"; bbox 0 0 3960 6320; ppageno 0'>
   <div class='ocr_carea' id='block_1_1' title="bbox 425 307 554 366">
    <p class='ocr_par' dir='ltr' id='par_1_1' title="bbox 425 307 554 366">
     <span class='ocr_line' id='line_1_1' title="bbox 425 307 554 366; baseline -0.008 0"><span class='ocrx_word' id='word_1_1' title='bbox 425 307 554 366; x_wconf 79' lang='grc'><strong>1591</strong></span> 
     </span>
    </p>
   </div>
   <div class='ocr_carea' id='block_1_2' title="bbox 1783 301 2390 363">
    <p class='ocr_par' dir='ltr' id='par_1_2' title="bbox 1783 301 2390 363">
     <span class='ocr_line' id='line_1_2' title="bbox 1783 301 2390 363; baseline 0 -6"><span class='ocrx_word' id='word_1_2' title='bbox 1783 302 2029 363; x_wconf 81' lang='lat' dir='ltr'><strong><em>SANCTI</em></strong></span> <span class='ocrx_word' id='word_1_3' title='bbox 2068 301 2390 360; x_wconf 80' lang='lat' dir='ltr'><strong><em>AMBROSII</em></strong></span> 
     </span>
    </p>
   </div>
   <div class='ocr_carea' id='block_1_3' title="bbox 3589 299 3733 359">
    <p class='ocr_par' dir='ltr' id='par_1_3' title="bbox 3589 299 3733 359">
     <span class='ocr_line' id='line_1_3' title="bbox 3589 299 3733 359; baseline -0.021 0"><span class='ocrx_word' id='word_1_4' title='bbox 3589 299 3733 359; x_wconf 60' lang='grc'><strong>1392</strong></span> 
     </span>
    </p>
   </div>
   <div class='ocr_carea' id='block_1_4' title="bbox 424 415 3734 495">
    <p class='ocr_par' dir='ltr' id='par_1_4' title="bbox 424 415 3734 495">
     <span class='ocr_line' id='line_1_4' title="bbox 424 415 3734 495; baseline -0.002 -17"><span class='ocrx_word' id='word_1_5' title='bbox 424 439 642 495; x_wconf 96' lang='lat' dir='ltr'><strong><em>surgens</em></strong></span> <span class='ocrx_word' id='word_1_6' title='bbox 674 422 848 477; x_wconf 80' lang='lat' dir='ltr'><strong><em>Maria</em></strong></span> <span class='ocrx_word' id='word_1_7' title='bbox 874 423 930 476; x_wconf 88' lang='lat' dir='ltr'><strong><em>in</em></strong></span> <span class='ocrx_word' id='word_1_8' title='bbox 957 419 1135 475; x_wconf 88' lang='lat' dir='ltr'><strong><em>diebus</em></strong></span> <span class='ocrx_word' id='word_1_9' title='bbox 1160 420 1266 475; x_wconf 87' lang='lat' dir='ltr'><strong><em>illis</em></strong></span> <span class='ocrx_word' id='word_1_10' title='bbox 1289 459 1305 487; x_wconf 84' lang='lat'><strong><em>,</em></strong></span> <span class='ocrx_word' id='word_1_11' title='bbox 1335 422 1460 476; x_wconf 90' lang='lat' dir='ltr'><strong><em>abiit</em></strong></span> <span class='ocrx_word' id='word_1_12' title='bbox 1507 420 1562 474; x_wconf 89' lang='lat' dir='ltr'><strong><em>in</em></strong></span> <span class='ocrx_word' id='word_1_13' title='bbox 1607 426 1852 474; x_wconf 86' lang='lat' dir='ltr'><strong><em>montana</em></strong></span> <span class='ocrx_word' id='word_1_14' title='bbox 1899 434 2017 472; x_wconf 83' lang='lat' dir='ltr'><strong><em>cunt</em></strong></span> <span class='ocrx_word' id='word_1_15' title='bbox 2050 421 2094 478; x_wconf 83' lang='lat' dir='ltr'><strong><em>A</em></strong></span> <span class='ocrx_word' id='word_1_16' title='bbox 2123 418 2406 485; x_wconf 71' lang='lat' dir='ltr'><strong><em>veritatem,</em></strong></span> <span class='ocrx_word' id='word_1_17' title='bbox 2436 427 2485 473; x_wconf 90' lang='lat' dir='ltr'><strong><em>et</em></strong></span> <span class='ocrx_word' id='word_1_18' title='bbox 2507 436 2611 474; x_wconf 90' lang='lat' dir='ltr'><strong><em>non</em></strong></span> <span class='ocrx_word' id='word_1_19' title='bbox 2639 419 2898 492; x_wconf 67' lang='lat' dir='ltr'><strong><em>paenitebit</em></strong></span> <span class='ocrx_word' id='word_1_20' title='bbox 2922 434 3034 475; x_wconf 89' lang='lat' dir='ltr'><strong><em>eum</em></strong></span> <span class='ocrx_word' id='word_1_21' title='bbox 3060 435 3080 476; x_wconf 87' lang='lat'><strong><em>:</em></strong></span> <span class='ocrx_word' id='word_1_22' title='bbox 3108 415 3193 473; x_wconf 76' lang='lat' dir='ltr'><strong><em>Ex</em></strong></span> <span class='ocrx_word' id='word_1_23' title='bbox 3219 423 3388 491; x_wconf 85' lang='lat' dir='ltr'><strong><em>fructu</em></strong></span> <span class='ocrx_word' id='word_1_24' title='bbox 3418 418 3614 475; x_wconf 80' lang='lat' dir='ltr'><strong><em>ventris</em></strong></span> <span class='ocrx_word' id='word_1_25' title='bbox 3657 421 3734 474; x_wconf 89' lang='lat' dir='ltr'><strong><em>tui</em></strong></span> 
     </span>
    </p>
   </div>
   <div class='ocr_carea' id='block_1_5' title="bbox 425 510 2024 590">
    <p class='ocr_par' dir='ltr' id='par_1_5' title="bbox 425 510 2024 590">
     <span class='ocr_line' id='line_1_5' title="bbox 425 510 2024 590; baseline -0.006 -16"><span class='ocrx_word' id='word_1_26' title='bbox 425 517 776 590; x_wconf 78' lang='lat' dir='ltr'><strong><em>festinatione,</em></strong></span> <span class='ocrx_word' id='word_1_27' title='bbox 803 516 859 569; x_wconf 89' lang='lat' dir='ltr'><strong><em>in</em></strong></span> <span class='ocrx_word' id='word_1_28' title='bbox 885 515 1164 581; x_wconf 88' lang='lat' dir='ltr'><strong><em>civitatem,</em></strong></span> <span class='ocrx_word' id='word_1_29' title='bbox 1187 514 1382 582; x_wconf 91' lang='lat' dir='ltr'><strong><em>inquit.</em></strong></span> <span class='ocrx_word' id='word_1_30' title='bbox 1404 510 1560 568; x_wconf 73' lang='lat' dir='ltr'><strong><em>Iuda:</em></strong></span> <span class='ocrx_word' id='word_1_31' title='bbox 1582 555 1596 578; x_wconf 94' lang='lat'><strong><em>,</em></strong></span> <span class='ocrx_word' id='word_1_32' title='bbox 1627 522 1674 568; x_wconf 89' lang='lat' dir='ltr'><strong><em>et</em></strong></span> <span class='ocrx_word' id='word_1_33' title='bbox 1704 513 1915 567; x_wconf 80' lang='lat' dir='ltr'><strong><em>intravit</em></strong></span> <span class='ocrx_word' id='word_1_34' title='bbox 1967 513 2024 566; x_wconf 92' lang='lat' dir='ltr'><strong><em>in</em></strong></span> 
     </span>
    </p>
   </div>
   <div class='ocr_carea' id='block_1_6' title="bbox 427 605 2022 675">
    <p class='ocr_par' dir='ltr' id='par_1_6' title="bbox 427 605 2022 675">
     <span class='ocr_line' id='line_1_6' title="bbox 427 605 2022 675; baseline -0.001 -13"><span class='ocrx_word' id='word_1_35' title='bbox 427 609 638 664; x_wconf 88' lang='lat' dir='ltr'><strong><em>domum</em></strong></span> <span class='ocrx_word' id='word_1_36' title='bbox 669 606 942 662; x_wconf 80' lang='lat' dir='ltr'><strong><em>Zacharia:</em></strong></span> <span class='ocrx_word' id='word_1_37' title='bbox 964 605 1118 675; x_wconf 90' lang='lat' dir='ltr'><strong><em>(Luc.</em></strong></span> <span class='ocrx_word' id='word_1_38' title='bbox 1145 622 1183 670; x_wconf 85' lang='grc' dir='ltr'><strong><em>ι,</em></strong></span> <span class='ocrx_word' id='word_1_39' title='bbox 1214 605 1283 662; x_wconf 81' lang='grc'><strong><em>59</em></strong></span> <span class='ocrx_word' id='word_1_40' title='bbox 1309 617 1356 660; x_wconf 93' lang='lat' dir='ltr'><strong><em>et</em></strong></span> <span class='ocrx_word' id='word_1_41' title='bbox 1384 607 1453 661; x_wconf 73' lang='grc'><strong><em>40</em></strong></span> <span class='ocrx_word' id='word_1_42' title='bbox 1478 607 1520 673; x_wconf 93' lang='grc'><strong>).</strong></span> <span class='ocrx_word' id='word_1_43' title='bbox 1552 605 1688 662; x_wconf 89' lang='lat' dir='ltr'><strong><em>Cum</em></strong></span> <span class='ocrx_word' id='word_1_44' title='bbox 1712 607 1856 662; x_wconf 89' lang='lat' dir='ltr'><strong><em>enim</em></strong></span> <span class='ocrx_word' id='word_1_45' title='bbox 1885 605 2022 660; x_wconf 85' lang='lat' dir='ltr'><strong><em>intra</em></strong></span> 
     </span>
    </p>
   </div>
   <div class='ocr_carea' id='block_1_7' title="bbox 428 697 2024 771">
    <p class='ocr_par' dir='ltr' id='par_1_7' title="bbox 428 697 2024 771">
     <span class='ocr_line' id='line_1_7' title="bbox 428 697 2024 771; baseline -0.003 -15"><span class='ocrx_word' id='word_1_46' title='bbox 428 702 602 756; x_wconf 88' lang='lat' dir='ltr'><strong><em>tribus</em></strong></span> <span class='ocrx_word' id='word_1_47' title='bbox 627 716 756 755; x_wconf 89' lang='lat' dir='ltr'><strong><em>suas</em></strong></span> <span class='ocrx_word' id='word_1_48' title='bbox 783 700 997 771; x_wconf 79' lang='lat' dir='ltr'><strong><em>Moyses</em></strong></span> <span class='ocrx_word' id='word_1_49' title='bbox 1021 697 1266 752; x_wconf 78' lang='lat' dir='ltr'><strong><em>habitare</em></strong></span> <span class='ocrx_word' id='word_1_50' title='bbox 1287 713 1727 768; x_wconf 84' lang='lat' dir='ltr'><strong><em>unumquemque</em></strong></span> <span class='ocrx_word' id='word_1_51' title='bbox 1772 697 2024 768; x_wconf 43' lang='lat' dir='ltr'><strong><em>praescri-</em></strong></span> 
     </span>
    </p>
   </div>
   <div class='ocr_carea' id='block_1_8' title="bbox 429 790 2026 867">
    <p class='ocr_par' dir='ltr' id='par_1_8' title="bbox 429 790 2026 867">
     <span class='ocr_line' id='line_1_8' title="bbox 429 790 2026 867; baseline -0.004 -17"><span class='ocrx_word' id='word_1_52' title='bbox 429 798 604 867; x_wconf 80' lang='lat' dir='ltr'><strong><em>pserit</em></strong></span> <span class='ocrx_word' id='word_1_53' title='bbox 647 794 844 862; x_wconf 84' lang='lat' dir='ltr'><strong><em>(Nam.</em></strong></span> <span class='ocrx_word' id='word_1_54' title='bbox 895 811 955 861; x_wconf 92' lang='lat' dir='ltr'><strong><em>u,</em></strong></span> <span class='ocrx_word' id='word_1_55' title='bbox 984 793 1053 864; x_wconf 73' lang='lat'><strong><em>2)</em></strong></span> <span class='ocrx_word' id='word_1_56' title='bbox 1089 811 1103 848; x_wconf 89' lang='lat'><strong>:</strong></span> <span class='ocrx_word' id='word_1_57' title='bbox 1138 794 1321 864; x_wconf 78' lang='lat' dir='ltr'><strong><em>utique</em></strong></span> <span class='ocrx_word' id='word_1_58' title='bbox 1369 807 1493 847; x_wconf 91' lang='lat' dir='ltr'><strong><em>cum</em></strong></span> <span class='ocrx_word' id='word_1_59' title='bbox 1519 791 1571 846; x_wconf 92' lang='lat' dir='ltr'><strong><em>in</em></strong></span> <span class='ocrx_word' id='word_1_60' title='bbox 1603 790 1821 847; x_wconf 86' lang='lat' dir='ltr'><strong><em>civitate</em></strong></span> <span class='ocrx_word' id='word_1_61' title='bbox 1873 790 2026 846; x_wconf 68' lang='lat' dir='ltr'><strong><em>Judze</em></strong></span> 
     </span>
    </p>
   </div>
   <div class='ocr_carea' id='block_1_9' title="bbox 430 884 2028 952">
    <p class='ocr_par' dir='ltr' id='par_1_9' title="bbox 430 884 2028 952">
     <span class='ocr_line' id='line_1_9' title="bbox 430 884 2028 952; baseline -0.004 -8"><span class='ocrx_word' id='word_1_62' title='bbox 430 888 718 948; x_wconf 78' lang='lat' dir='ltr'><strong><em>manserit.</em></strong></span> <span class='ocrx_word' id='word_1_63' title='bbox 744 897 861 942; x_wconf 83' lang='lat' dir='ltr'><strong><em>erat</em></strong></span> <span class='ocrx_word' id='word_1_64' title='bbox 890 897 940 940; x_wconf 91' lang='lat' dir='ltr'><strong><em>et</em></strong></span> <span class='ocrx_word' id='word_1_65' title='bbox 973 886 1024 940; x_wconf 91' lang='lat' dir='ltr'><strong><em>in</em></strong></span> <span class='ocrx_word' id='word_1_66' title='bbox 1054 885 1195 940; x_wconf 88' lang='lat' dir='ltr'><strong><em>trtbu</em></strong></span> <span class='ocrx_word' id='word_1_67' title='bbox 1215 884 1383 950; x_wconf 83' lang='lat' dir='ltr'><strong><em>Juda;</em></strong></span> <span class='ocrx_word' id='word_1_68' title='bbox 1413 885 1646 939; x_wconf 83' lang='lat' dir='ltr'><strong><em>maxime</em></strong></span> <span class='ocrx_word' id='word_1_69' title='bbox 1665 897 1787 938; x_wconf 91' lang='lat' dir='ltr'><strong><em>cum</em></strong></span> <span class='ocrx_word' id='word_1_70' title='bbox 1817 899 1880 938; x_wconf 80' lang='lat' dir='ltr'><strong><em>ex</em></strong></span> <span class='ocrx_word' id='word_1_71' title='bbox 1935 897 2028 952; x_wconf 89' lang='lat' dir='ltr'><strong><em>ge-</em></strong></span> 
     </span>
    </p>
   </div>
   <div class='ocr_carea' id='block_1_10' title="bbox 431 977 2030 1048">
    <p class='ocr_par' dir='ltr' id='par_1_10' title="bbox 431 977 2030 1048">
     <span class='ocr_line' id='line_1_10' title="bbox 431 977 2030 1048; baseline -0.004 -12"><span class='ocrx_word' id='word_1_72' title='bbox 431 995 566 1036; x_wconf 74' lang='lat' dir='ltr'><strong><em>nere</em></strong></span> <span class='ocrx_word' id='word_1_73' title='bbox 589 978 874 1035; x_wconf 83' lang='lat' dir='ltr'><strong><em>Elizaheth</em></strong></span> <span class='ocrx_word' id='word_1_74' title='bbox 901 977 1102 1032; x_wconf 83' lang='lat' dir='ltr'><strong><em>fuerint</em></strong></span> <span class='ocrx_word' id='word_1_75' title='bbox 1129 977 1460 1041; x_wconf 87' lang='lat' dir='ltr'><strong><em>sacerdotes,</em></strong></span> <span class='ocrx_word' id='word_1_76' title='bbox 1483 992 1709 1048; x_wconf 89' lang='lat' dir='ltr'><strong><em>quorum</em></strong></span> <span class='ocrx_word' id='word_1_77' title='bbox 1733 977 1878 1030; x_wconf 84' lang='lat' dir='ltr'><strong><em>Deus</em></strong></span> <span class='ocrx_word' id='word_1_78' title='bbox 1906 991 2030 1046; x_wconf 89' lang='lat' dir='ltr'><strong><em>por-</em></strong></span> 
     </span>
    </p>
   </div>
   <div class='ocr_carea' id='block_1_11' title="bbox 432 1071 2030 1144">
    <p class='ocr_par' dir='ltr' id='par_1_11' title="bbox 432 1071 2030 1144">
     <span class='ocr_line' id='line_1_11' title="bbox 432 1071 2030 1144; baseline -0.003 -16"><span class='ocrx_word' id='word_1_79' title='bbox 432 1075 510 1130; x_wconf 87' lang='lat' dir='ltr'><strong><em>tio</em></strong></span> <span class='ocrx_word' id='word_1_80' title='bbox 535 1083 636 1130; x_wconf 91' lang='lat' dir='ltr'><strong><em>est.</em></strong></span> <span class='ocrx_word' id='word_1_81' title='bbox 661 1075 832 1129; x_wconf 88' lang='lat' dir='ltr'><strong><em>Simul</em></strong></span> <span class='ocrx_word' id='word_1_82' title='bbox 864 1089 1023 1144; x_wconf 90' lang='lat' dir='ltr'><strong><em>quam</em></strong></span> <span class='ocrx_word' id='word_1_83' title='bbox 1067 1071 1372 1143; x_wconf 90' lang='lat' dir='ltr'><strong><em>pulchrum,</em></strong></span> <span class='ocrx_word' id='word_1_84' title='bbox 1409 1081 1608 1126; x_wconf 66' lang='lat' dir='ltr'><strong><em>utcum</em></strong></span> <span class='ocrx_word' id='word_1_85' title='bbox 1634 1071 1726 1126; x_wconf 89' lang='lat' dir='ltr'><strong><em>illa</em></strong></span> <span class='ocrx_word' id='word_1_86' title='bbox 1777 1085 2030 1140; x_wconf 84' lang='lat' dir='ltr'><strong><em>praenun-</em></strong></span> 
     </span>
    </p>
   </div>
   <div class='ocr_carea' id='block_1_12' title="bbox 431 1161 2029 1234">
    <p class='ocr_par' dir='ltr' id='par_1_12' title="bbox 431 1161 2029 1234">
     <span class='ocr_line' id='line_1_12' title="bbox 431 1161 2029 1234; baseline -0.004 -11"><span class='ocrx_word' id='word_1_87' title='bbox 431 1169 564 1223; x_wconf 86' lang='lat' dir='ltr'><strong><em>tium</em></strong></span> <span class='ocrx_word' id='word_1_88' title='bbox 588 1165 811 1234; x_wconf 73' lang='lat' dir='ltr'><strong><em>Chrisu,</em></strong></span> <span class='ocrx_word' id='word_1_89' title='bbox 844 1166 1122 1222; x_wconf 85' lang='lat' dir='ltr'><strong><em>Christum</em></strong></span> <span class='ocrx_word' id='word_1_90' title='bbox 1156 1166 1255 1219; x_wconf 87' lang='lat' dir='ltr'><strong><em>ista</em></strong></span> <span class='ocrx_word' id='word_1_91' title='bbox 1277 1163 1654 1234; x_wconf 84' lang='lat' dir='ltr'><strong><em>generaverit,</em></strong></span> <span class='ocrx_word' id='word_1_92' title='bbox 1687 1173 1740 1217; x_wconf 90' lang='lat' dir='ltr'><strong><em>et</em></strong></span> <span class='ocrx_word' id='word_1_93' title='bbox 1771 1163 1942 1217; x_wconf 87' lang='lat' dir='ltr'><strong><em>altera</em></strong></span> <span class='ocrx_word' id='word_1_94' title='bbox 1962 1161 2029 1216; x_wconf 91' lang='lat' dir='ltr'><strong><em>de</em></strong></span> 
     </span>
    </p>
   </div>
   <div class='ocr_carea' id='block_1_13' title="bbox 432 1252 2032 1331">
    <p class='ocr_par' dir='ltr' id='par_1_13' title="bbox 432 1252 2032 1331">
     <span class='ocr_line' id='line_1_13' title="bbox 432 1252 2032 1331; baseline -0.006 -15"><span class='ocrx_word' id='word_1_95' title='bbox 432 1260 637 1331; x_wconf 87' lang='lat' dir='ltr'><strong><em>Spiritu</em></strong></span> <span class='ocrx_word' id='word_1_96' title='bbox 660 1271 848 1314; x_wconf 82' lang='lat' dir='ltr'><strong><em>sancto</em></strong></span> <span class='ocrx_word' id='word_1_97' title='bbox 871 1257 1206 1327; x_wconf 79' lang='lat' dir='ltr'><strong><em>ennceperit,</em></strong></span> <span class='ocrx_word' id='word_1_98' title='bbox 1229 1257 1399 1310; x_wconf 89' lang='lat' dir='ltr'><strong><em>altera</em></strong></span> <span class='ocrx_word' id='word_1_99' title='bbox 1445 1267 1636 1309; x_wconf 89' lang='lat' dir='ltr'><strong><em>sancto</em></strong></span> <span class='ocrx_word' id='word_1_100' title='bbox 1664 1255 1865 1323; x_wconf 86' lang='lat' dir='ltr'><strong><em>repleta</em></strong></span> <span class='ocrx_word' id='word_1_101' title='bbox 1908 1252 2032 1320; x_wconf 86' lang='lat' dir='ltr'><strong><em>Spi-</em></strong></span> 
     </span>
    </p>
   </div>
   <div class='ocr_carea' id='block_1_14' title="bbox 431 1347 2030 1423">
    <p class='ocr_par' dir='ltr' id='par_1_14' title="bbox 431 1347 2030 1423">
     <span class='ocr_line' id='line_1_14' title="bbox 431 1347 2030 1423; baseline -0.006 -15"><span class='ocrx_word' id='word_1_102' title='bbox 431 1355 541 1408; x_wconf 92' lang='lat' dir='ltr'><strong><em>ritu</em></strong></span> <span class='ocrx_word' id='word_1_103' title='bbox 589 1351 1032 1423; x_wconf 88' lang='lat' dir='ltr'><strong><em>prophetaverit;</em></strong></span> <span class='ocrx_word' id='word_1_104' title='bbox 1066 1349 1366 1404; x_wconf 86' lang='lat' dir='ltr'><strong><em>secundum</em></strong></span> <span class='ocrx_word' id='word_1_105' title='bbox 1415 1363 1635 1403; x_wconf 87' lang='lat' dir='ltr'><strong><em>carnem</em></strong></span> <span class='ocrx_word' id='word_1_106' title='bbox 1695 1363 1910 1418; x_wconf 81' lang='lat' dir='ltr'><strong><em>quoque</em></strong></span> <span class='ocrx_word' id='word_1_107' title='bbox 1952 1347 2030 1400; x_wconf 88' lang='lat' dir='ltr'><strong><em>vi-</em></strong></span> 
     </span>
    </p>
   </div>
   <div class='ocr_carea' id='block_1_15' title="bbox 435 1438 2033 1512">
    <p class='ocr_par' dir='ltr' id='par_1_15' title="bbox 435 1438 2033 1512">
     <span class='ocr_line' id='line_1_15' title="bbox 435 1438 2033 1512; baseline -0.004 -14"><span class='ocrx_word' id='word_1_108' title='bbox 435 1445 666 1500; x_wconf 86' lang='lat' dir='ltr'><strong><em>deantur</em></strong></span> <span class='ocrx_word' id='word_1_109' title='bbox 687 1442 856 1497; x_wconf 77' lang='lat' dir='ltr'><strong><em>fuisse</em></strong></span> <span class='ocrx_word' id='word_1_110' title='bbox 881 1453 1150 1512; x_wconf 62' lang='lat' dir='ltr'><strong><em>cognata},</em></strong></span> <span class='ocrx_word' id='word_1_111' title='bbox 1174 1457 1294 1510; x_wconf 82' lang='lat' dir='ltr'><strong><em>quae</em></strong></span> <span class='ocrx_word' id='word_1_112' title='bbox 1324 1440 1623 1494; x_wconf 89' lang='lat' dir='ltr'><strong><em>secundum</em></strong></span> <span class='ocrx_word' id='word_1_113' title='bbox 1658 1440 1825 1492; x_wconf 84' lang='lat' dir='ltr'><strong><em>Deum</em></strong></span> <span class='ocrx_word' id='word_1_114' title='bbox 1873 1438 2033 1508; x_wconf 79' lang='lat' dir='ltr'><strong><em>Spiri-</em></strong></span> 
     </span>
    </p>
   </div>
   <div class='ocr_carea' id='block_1_16' title="bbox 434 1528 2032 1605">
    <p class='ocr_par' dir='ltr' id='par_1_16' title="bbox 434 1528 2032 1605">
     <span class='ocr_line' id='line_1_16' title="bbox 434 1528 2032 1605; baseline -0.005 -15"><span class='ocrx_word' id='word_1_115' title='bbox 434 1535 557 1590; x_wconf 88' lang='lat' dir='ltr'><strong><em>talis</em></strong></span> <span class='ocrx_word' id='word_1_116' title='bbox 582 1535 920 1605; x_wconf 81' lang='lat' dir='ltr'><strong><em>cognationis</em></strong></span> <span class='ocrx_word' id='word_1_117' title='bbox 969 1532 1245 1587; x_wconf 89' lang='lat' dir='ltr'><strong><em>consortio</em></strong></span> <span class='ocrx_word' id='word_1_118' title='bbox 1302 1546 1408 1586; x_wconf 92' lang='lat' dir='ltr'><strong><em>non</em></strong></span> <span class='ocrx_word' id='word_1_119' title='bbox 1459 1528 1939 1597; x_wconf 85' lang='lat' dir='ltr'><strong><em>carebant?Quod</em></strong></span> <span class='ocrx_word' id='word_1_120' title='bbox 1987 1529 2032 1582; x_wconf 93' lang='lat' dir='ltr'><strong><em>si</em></strong></span> 
     </span>
    </p>
   </div>
   <div class='ocr_carea' id='block_1_17' title="bbox 434 1622 2028 1694">
    <p class='ocr_par' dir='ltr' id='par_1_17' title="bbox 434 1622 2028 1694">
     <span class='ocr_line' id='line_1_17' title="bbox 434 1622 2028 1694; baseline -0.004 -13"><span class='ocrx_word' id='word_1_121' title='bbox 434 1628 613 1681; x_wconf 88' lang='lat' dir='ltr'><strong><em>omnis</em></strong></span> <span class='ocrx_word' id='word_1_122' title='bbox 637 1626 853 1681; x_wconf 66' lang='lat' dir='ltr'><strong><em>feminae</em></strong></span> <span class='ocrx_word' id='word_1_123' title='bbox 883 1634 1045 1694; x_wconf 90' lang='lat' dir='ltr'><strong><em>caput</em></strong></span> <span class='ocrx_word' id='word_1_124' title='bbox 1070 1624 1154 1678; x_wconf 90' lang='lat' dir='ltr'><strong><em>vir</em></strong></span> <span class='ocrx_word' id='word_1_125' title='bbox 1191 1622 1490 1678; x_wconf 79' lang='lat' dir='ltr'><strong><em>secundum</em></strong></span> <span class='ocrx_word' id='word_1_126' title='bbox 1518 1632 1763 1676; x_wconf 89' lang='lat' dir='ltr'><strong><em>sanctum</em></strong></span> <span class='ocrx_word' id='word_1_127' title='bbox 1796 1623 2028 1690; x_wconf 85' lang='lat' dir='ltr'><strong><em>Aposto-</em></strong></span> 
     </span>
    </p>
   </div>
   <div class='ocr_carea' id='block_1_18' title="bbox 431 1712 2033 1788">
    <p class='ocr_par' dir='ltr' id='par_1_18' title="bbox 431 1712 2033 1788">
     <span class='ocr_line' id='line_1_18' title="bbox 431 1712 2033 1788; baseline -0.005 -16"><span class='ocrx_word' id='word_1_128' title='bbox 431 1716 544 1772; x_wconf 90' lang='lat' dir='ltr'><strong><em>lum</em></strong></span> <span class='ocrx_word' id='word_1_129' title='bbox 577 1715 812 1788; x_wconf 79' lang='lat' dir='ltr'><strong><em>(Ep/tes.</em></strong></span> <span class='ocrx_word' id='word_1_130' title='bbox 845 1730 896 1782; x_wconf 92' lang='lat' dir='ltr'><strong><em>v,</em></strong></span> <span class='ocrx_word' id='word_1_131' title='bbox 922 1715 993 1769; x_wconf 75' lang='grc'><strong><em>25</em></strong></span> <span class='ocrx_word' id='word_1_132' title='bbox 1017 1714 1056 1786; x_wconf 88' lang='grc'><strong>),</strong></span> <span class='ocrx_word' id='word_1_133' title='bbox 1080 1725 1134 1770; x_wconf 89' lang='lat' dir='ltr'><strong><em>et</em></strong></span> <span class='ocrx_word' id='word_1_134' title='bbox 1160 1722 1287 1769; x_wconf 91' lang='lat' dir='ltr'><strong><em>sunt</em></strong></span> <span class='ocrx_word' id='word_1_135' title='bbox 1316 1714 1424 1766; x_wconf 87' lang='lat' dir='ltr'><strong><em>duo</em></strong></span> <span class='ocrx_word' id='word_1_136' title='bbox 1472 1712 1525 1767; x_wconf 89' lang='lat' dir='ltr'><strong><em>in</em></strong></span> <span class='ocrx_word' id='word_1_137' title='bbox 1574 1727 1738 1766; x_wconf 88' lang='lat' dir='ltr'><strong><em>carne</em></strong></span> <span class='ocrx_word' id='word_1_138' title='bbox 1786 1725 1890 1765; x_wconf 87' lang='lat' dir='ltr'><strong><em>una</em></strong></span> <span class='ocrx_word' id='word_1_139' title='bbox 1947 1723 2033 1765; x_wconf 89' lang='lat' dir='ltr'><strong><em>se-</em></strong></span> 
     </span>
    </p>
   </div>
   <div class='ocr_carea' id='block_1_19' title="bbox 2131 508 3730 582">
    <p class='ocr_par' dir='ltr' id='par_1_19' title="bbox 2131 508 3730 582">
     <span class='ocr_line' id='line_1_19' title="bbox 2131 508 3730 582; baseline 0 -18"><span class='ocrx_word' id='word_1_140' title='bbox 2131 526 2321 580; x_wconf 80' lang='lat' dir='ltr'><strong><em>ponam</em></strong></span> <span class='ocrx_word' id='word_1_141' title='bbox 2351 526 2507 580; x_wconf 81' lang='lat' dir='ltr'><strong><em>super</em></strong></span> <span class='ocrx_word' id='word_1_142' title='bbox 2526 510 2696 565; x_wconf 87' lang='lat' dir='ltr'><strong><em>sedem</em></strong></span> <span class='ocrx_word' id='word_1_143' title='bbox 2727 522 2866 565; x_wconf 87' lang='lat' dir='ltr'><strong><em>tuam</em></strong></span> <span class='ocrx_word' id='word_1_144' title='bbox 2899 511 2918 582; x_wconf 84' lang='lat'>(</span> <span class='ocrx_word' id='word_1_145' title='bbox 2945 509 3090 565; x_wconf 80' lang='lat' dir='ltr'><strong><em>Psal.</em></strong></span> <span class='ocrx_word' id='word_1_146' title='bbox 3120 525 3280 565; x_wconf 74' lang='lat' dir='ltr'><strong><em>exul</em></strong></span> <span class='ocrx_word' id='word_1_147' title='bbox 3309 552 3324 576; x_wconf 95' lang='lat'><strong><em>,</em></strong></span> <span class='ocrx_word' id='word_1_148' title='bbox 3356 511 3414 566; x_wconf 90' lang='lat' dir='ltr'><strong><em>ll</em></strong></span> <span class='ocrx_word' id='word_1_149' title='bbox 3449 508 3493 582; x_wconf 93' lang='lat'><strong><em>).</em></strong></span> <span class='ocrx_word' id='word_1_150' title='bbox 3529 510 3596 565; x_wconf 84' lang='lat' dir='ltr'><strong><em>Et</em></strong></span> <span class='ocrx_word' id='word_1_151' title='bbox 3624 511 3730 564; x_wconf 60' lang='lat' dir='ltr'><strong><em>alio</em></strong></span> 
     </span>
    </p>
   </div>
   <div class='ocr_carea' id='block_1_20' title="bbox 2131 601 3735 673">
    <p class='ocr_par' dir='ltr' id='par_1_20' title="bbox 2131 601 3735 673">
     <span class='ocr_line' id='line_1_20' title="bbox 2131 601 3735 673; baseline 0.001 -16"><span class='ocrx_word' id='word_1_152' title='bbox 2131 603 2184 657; x_wconf 90' lang='lat' dir='ltr'><strong><em>bi</em></strong></span> <span class='ocrx_word' id='word_1_153' title='bbox 2230 621 2243 658; x_wconf 89' lang='lat'><strong>:</strong></span> <span class='ocrx_word' id='word_1_154' title='bbox 2286 601 2458 658; x_wconf 82' lang='lat' dir='ltr'><strong><em>Semel</em></strong></span> <span class='ocrx_word' id='word_1_155' title='bbox 2479 604 2656 673; x_wconf 85' lang='lat' dir='ltr'><strong><em>juravi</em></strong></span> <span class='ocrx_word' id='word_1_156' title='bbox 2684 603 2738 656; x_wconf 89' lang='lat' dir='ltr'><strong><em>in</em></strong></span> <span class='ocrx_word' id='word_1_157' title='bbox 2767 612 2948 657; x_wconf 87' lang='lat' dir='ltr'><strong><em>sancto</em></strong></span> <span class='ocrx_word' id='word_1_158' title='bbox 2969 619 3104 668; x_wconf 90' lang='lat' dir='ltr'><strong><em>meo,</em></strong></span> <span class='ocrx_word' id='word_1_159' title='bbox 3123 604 3168 657; x_wconf 90' lang='lat' dir='ltr'><strong><em>si</em></strong></span> <span class='ocrx_word' id='word_1_160' title='bbox 3197 601 3366 657; x_wconf 80' lang='lat' dir='ltr'><strong><em>David</em></strong></span> <span class='ocrx_word' id='word_1_161' title='bbox 3388 605 3633 669; x_wconf 90' lang='lat' dir='ltr'><strong><em>mentiar,</em></strong></span> <span class='ocrx_word' id='word_1_162' title='bbox 3652 620 3735 658; x_wconf 79' lang='lat' dir='ltr'><strong><em>se-</em></strong></span> 
     </span>
    </p>
   </div>
   <div class='ocr_carea' id='block_1_21' title="bbox 2131 694 3732 764">
    <p class='ocr_par' dir='ltr' id='par_1_21' title="bbox 2131 694 3732 764">
     <span class='ocr_line' id='line_1_21' title="bbox 2131 694 3732 764; baseline 0 -16"><span class='ocrx_word' id='word_1_163' title='bbox 2131 710 2244 748; x_wconf 89' lang='lat' dir='ltr'><strong><em>men</em></strong></span> <span class='ocrx_word' id='word_1_164' title='bbox 2271 695 2386 764; x_wconf 89' lang='lat' dir='ltr'><strong><em>ejus</em></strong></span> <span class='ocrx_word' id='word_1_165' title='bbox 2407 694 2460 748; x_wconf 90' lang='lat' dir='ltr'><strong><em>in</em></strong></span> <span class='ocrx_word' id='word_1_166' title='bbox 2483 704 2729 748; x_wconf 77' lang='lat' dir='ltr'><strong><em>mternunt</em></strong></span> <span class='ocrx_word' id='word_1_167' title='bbox 2757 695 3002 761; x_wconf 85' lang='lat' dir='ltr'><strong><em>manebit,</em></strong></span> <span class='ocrx_word' id='word_1_168' title='bbox 3035 704 3084 748; x_wconf 88' lang='lat' dir='ltr'><strong><em>et</em></strong></span> <span class='ocrx_word' id='word_1_169' title='bbox 3105 694 3250 749; x_wconf 87' lang='lat' dir='ltr'><strong><em>sedes</em></strong></span> <span class='ocrx_word' id='word_1_170' title='bbox 3281 696 3394 763; x_wconf 82' lang='lat' dir='ltr'><strong><em>eius</em></strong></span> <span class='ocrx_word' id='word_1_171' title='bbox 3423 697 3556 749; x_wconf 89' lang='lat' dir='ltr'><strong><em>sicut</em></strong></span> <span class='ocrx_word' id='word_1_172' title='bbox 3579 697 3658 749; x_wconf 91' lang='lat' dir='ltr'><strong><em>sol</em></strong></span> <span class='ocrx_word' id='word_1_173' title='bbox 3677 695 3732 748; x_wconf 88' lang='lat' dir='ltr'><strong><em>in</em></strong></span> 
     </span>
    </p>
   </div>
   <div class='ocr_carea' id='block_1_22' title="bbox 2131 785 3738 860">
    <p class='ocr_par' dir='ltr' id='par_1_22' title="bbox 2131 785 3738 860">
     <span class='ocr_line' id='line_1_22' title="bbox 2131 785 3738 860; baseline -0.002 -18"><span class='ocrx_word' id='word_1_174' title='bbox 2131 799 2405 860; x_wconf 87' lang='lat' dir='ltr'><strong><em>conspectu</em></strong></span> <span class='ocrx_word' id='word_1_175' title='bbox 2428 804 2538 842; x_wconf 90' lang='lat' dir='ltr'><strong><em>meo</em></strong></span> <span class='ocrx_word' id='word_1_176' title='bbox 2567 789 2586 855; x_wconf 91' lang='lat'><strong>(</strong></span> <span class='ocrx_word' id='word_1_177' title='bbox 2615 785 2764 842; x_wconf 88' lang='lat' dir='ltr'><strong><em>Psal.</em></strong></span> <span class='ocrx_word' id='word_1_178' title='bbox 2799 802 3057 854; x_wconf 78' lang='lat' dir='ltr'><strong><em>Lxxxvnt,</em></strong></span> <span class='ocrx_word' id='word_1_179' title='bbox 3083 785 3253 844; x_wconf 75' lang='lat'><strong>56-38</strong></span> <span class='ocrx_word' id='word_1_180' title='bbox 3281 786 3320 858; x_wconf 94' lang='lat'><strong><em>).</em></strong></span> <span class='ocrx_word' id='word_1_181' title='bbox 3349 796 3374 824; x_wconf 78' lang='grc' dir='ltr'><strong>ἰ</strong></span> <span class='ocrx_word' id='word_1_182' title='bbox 3393 786 3463 842; x_wconf 85' lang='lat' dir='ltr'><strong><em>Et</em></strong></span> <span class='ocrx_word' id='word_1_183' title='bbox 3485 787 3538 840; x_wconf 89' lang='lat' dir='ltr'><strong><em>iu</em></strong></span> <span class='ocrx_word' id='word_1_184' title='bbox 3571 787 3738 842; x_wconf 81' lang='lat' dir='ltr'><strong><em>Para-</em></strong></span> 
     </span>
    </p>
   </div>
   <div class='ocr_carea' id='block_1_23' title="bbox 2133 879 3737 951">
    <p class='ocr_par' dir='ltr' id='par_1_23' title="bbox 2133 879 3737 951">
     <span class='ocr_line' id='line_1_23' title="bbox 2133 879 3737 951; baseline 0 -17"><span class='ocrx_word' id='word_1_185' title='bbox 2133 881 2424 951; x_wconf 78' lang='lat' dir='ltr'><strong><em>lipomenis</em></strong></span> <span class='ocrx_word' id='word_1_186' title='bbox 2457 898 2468 933; x_wconf 92' lang='lat'><strong>:</strong></span> <span class='ocrx_word' id='word_1_187' title='bbox 2501 879 2567 936; x_wconf 80' lang='lat' dir='ltr'><strong><em>Et</em></strong></span> <span class='ocrx_word' id='word_1_188' title='bbox 2598 881 2695 934; x_wconf 87' lang='lat' dir='ltr'><strong><em>erit</em></strong></span> <span class='ocrx_word' id='word_1_189' title='bbox 2723 897 2838 934; x_wconf 85' lang='lat' dir='ltr'><strong><em>cum</em></strong></span> <span class='ocrx_word' id='word_1_190' title='bbox 2887 881 3127 950; x_wconf 86' lang='lat' dir='ltr'><strong><em>completi</em></strong></span> <span class='ocrx_word' id='word_1_191' title='bbox 3156 881 3352 948; x_wconf 76' lang='lat' dir='ltr'><strong><em>fuerint</em></strong></span> <span class='ocrx_word' id='word_1_192' title='bbox 3380 882 3487 934; x_wconf 87' lang='lat' dir='ltr'><strong><em>dies</em></strong></span> <span class='ocrx_word' id='word_1_193' title='bbox 3519 882 3594 934; x_wconf 90' lang='lat' dir='ltr'><strong><em>tui</em></strong></span> <span class='ocrx_word' id='word_1_194' title='bbox 3625 923 3639 946; x_wconf 93' lang='lat'><strong><em>,</em></strong></span> <span class='ocrx_word' id='word_1_195' title='bbox 3685 891 3737 935; x_wconf 88' lang='lat' dir='ltr'><strong><em>et</em></strong></span> 
     </span>
    </p>
   </div>
   <div class='ocr_carea' id='block_1_24' title="bbox 2134 972 3737 1043">
    <p class='ocr_par' dir='ltr' id='par_1_24' title="bbox 2134 972 3737 1043">
     <span class='ocr_line' id='line_1_24' title="bbox 2134 972 3737 1043; baseline -0.002 -15"><span class='ocrx_word' id='word_1_196' title='bbox 2134 975 2359 1028; x_wconf 76' lang='lat' dir='ltr'><strong><em>dormies</em></strong></span> <span class='ocrx_word' id='word_1_197' title='bbox 2381 990 2494 1027; x_wconf 89' lang='lat' dir='ltr'><strong><em>cum</em></strong></span> <span class='ocrx_word' id='word_1_198' title='bbox 2523 972 2752 1042; x_wconf 77' lang='lat' dir='ltr'><strong><em>patribus</em></strong></span> <span class='ocrx_word' id='word_1_199' title='bbox 2781 973 2904 1039; x_wconf 90' lang='lat' dir='ltr'><strong><em>tuis,</em></strong></span> <span class='ocrx_word' id='word_1_200' title='bbox 2935 972 3193 1027; x_wconf 84' lang='lat' dir='ltr'><strong><em>suscitabo</em></strong></span> <span class='ocrx_word' id='word_1_201' title='bbox 3217 988 3387 1026; x_wconf 83' lang='lat' dir='ltr'><strong><em>semen</em></strong></span> <span class='ocrx_word' id='word_1_202' title='bbox 3430 982 3576 1026; x_wconf 89' lang='lat' dir='ltr'><strong><em>tuum</em></strong></span> <span class='ocrx_word' id='word_1_203' title='bbox 3619 981 3737 1043; x_wconf 91' lang='lat' dir='ltr'><strong><em>post</em></strong></span> 
     </span>
    </p>
   </div>
   <div class='ocr_carea' id='block_1_25' title="bbox 2134 1065 3735 1140">
    <p class='ocr_par' dir='ltr' id='par_1_25' title="bbox 2134 1065 3735 1140">
     <span class='ocr_line' id='line_1_25' title="bbox 2134 1065 3735 1140; baseline 0 -19"><span class='ocrx_word' id='word_1_204' title='bbox 2134 1075 2212 1134; x_wconf 68' lang='lat' dir='ltr'><strong><em>te;</em></strong></span> <span class='ocrx_word' id='word_1_205' title='bbox 2227 1067 2424 1138; x_wconf 86' lang='lat' dir='ltr'><strong><em>quierit</em></strong></span> <span class='ocrx_word' id='word_1_206' title='bbox 2447 1069 2511 1119; x_wconf 89' lang='lat' dir='ltr'><strong><em>de</em></strong></span> <span class='ocrx_word' id='word_1_207' title='bbox 2537 1075 2708 1121; x_wconf 84' lang='lat' dir='ltr'><strong><em>ventre</em></strong></span> <span class='ocrx_word' id='word_1_208' title='bbox 2727 1077 2835 1135; x_wconf 88' lang='lat' dir='ltr'><strong><em>tuo,</em></strong></span> <span class='ocrx_word' id='word_1_209' title='bbox 2867 1077 2912 1120; x_wconf 88' lang='lat' dir='ltr'><strong><em>et</em></strong></span> <span class='ocrx_word' id='word_1_210' title='bbox 2942 1066 3137 1140; x_wconf 87' lang='lat' dir='ltr'><strong><em>parabo</em></strong></span> <span class='ocrx_word' id='word_1_211' title='bbox 3169 1083 3380 1140; x_wconf 80' lang='lat' dir='ltr'><strong><em>regnum</em></strong></span> <span class='ocrx_word' id='word_1_212' title='bbox 3422 1071 3555 1140; x_wconf 85' lang='lat' dir='ltr'><strong><em>ejus.</em></strong></span> <span class='ocrx_word' id='word_1_213' title='bbox 3604 1065 3735 1138; x_wconf 85' lang='lat' dir='ltr'><strong><em>Ipse</em></strong></span> 
     </span>
    </p>
   </div>
   <div class='ocr_carea' id='block_1_26' title="bbox 2133 1158 3741 1233">
    <p class='ocr_par' dir='ltr' id='par_1_26' title="bbox 2133 1158 3741 1233">
     <span class='ocr_line' id='line_1_26' title="bbox 2133 1158 3741 1233; baseline 0.001 -18"><span class='ocrx_word' id='word_1_214' title='bbox 2133 1161 2260 1215; x_wconf 86' lang='lat' dir='ltr'><strong><em>mihi</em></strong></span> <span class='ocrx_word' id='word_1_215' title='bbox 2288 1158 2566 1229; x_wconf 68' lang='lat' dir='ltr'><strong><em>adiﬁcabit</em></strong></span> <span class='ocrx_word' id='word_1_216' title='bbox 2594 1159 2826 1223; x_wconf 83' lang='lat' dir='ltr'><strong><em>domum,</em></strong></span> <span class='ocrx_word' id='word_1_217' title='bbox 2857 1169 2904 1212; x_wconf 88' lang='lat' dir='ltr'><strong><em>et</em></strong></span> <span class='ocrx_word' id='word_1_218' title='bbox 2931 1161 3126 1230; x_wconf 84' lang='lat' dir='ltr'><strong><em>erigant</em></strong></span> <span class='ocrx_word' id='word_1_219' title='bbox 3174 1159 3346 1213; x_wconf 77' lang='lat' dir='ltr'><strong><em>sedent</em></strong></span> <span class='ocrx_word' id='word_1_220' title='bbox 3386 1164 3497 1233; x_wconf 91' lang='lat' dir='ltr'><strong><em>ejus</em></strong></span> <span class='ocrx_word' id='word_1_221' title='bbox 3546 1162 3599 1214; x_wconf 89' lang='lat' dir='ltr'><strong><em>in</em></strong></span> <span class='ocrx_word' id='word_1_222' title='bbox 3635 1176 3741 1216; x_wconf 74' lang='lat' dir='ltr'><strong><em>sa?-</em></strong></span> 
     </span>
    </p>
   </div>
   <div class='ocr_carea' id='block_1_27' title="bbox 2135 1252 3740 1326">
    <p class='ocr_par' dir='ltr' id='par_1_27' title="bbox 2135 1252 3740 1326">
     <span class='ocr_line' id='line_1_27' title="bbox 2135 1252 3740 1326; baseline 0 -18"><span class='ocrx_word' id='word_1_223' title='bbox 2135 1255 2330 1308; x_wconf 89' lang='lat' dir='ltr'><strong><em>culunt.</em></strong></span> <span class='ocrx_word' id='word_1_224' title='bbox 2361 1252 2475 1324; x_wconf 84' lang='lat' dir='ltr'><strong><em>Ego</em></strong></span> <span class='ocrx_word' id='word_1_225' title='bbox 2501 1268 2588 1306; x_wconf 87' lang='lat' dir='ltr'><strong><em>ero</em></strong></span> <span class='ocrx_word' id='word_1_226' title='bbox 2617 1253 2663 1306; x_wconf 90' lang='lat' dir='ltr'><strong><em>ei</em></strong></span> <span class='ocrx_word' id='word_1_227' title='bbox 2685 1254 2737 1306; x_wconf 94' lang='lat' dir='ltr'><strong><em>in</em></strong></span> <span class='ocrx_word' id='word_1_228' title='bbox 2770 1263 2988 1324; x_wconf 84' lang='lat' dir='ltr'><strong><em>patrem,</em></strong></span> <span class='ocrx_word' id='word_1_229' title='bbox 3016 1264 3065 1307; x_wconf 91' lang='lat' dir='ltr'><strong><em>et</em></strong></span> <span class='ocrx_word' id='word_1_230' title='bbox 3097 1254 3205 1326; x_wconf 84' lang='lat' dir='ltr'><strong><em>ipse</em></strong></span> <span class='ocrx_word' id='word_1_231' title='bbox 3246 1255 3344 1307; x_wconf 89' lang='lat' dir='ltr'><strong><em>erit</em></strong></span> <span class='ocrx_word' id='word_1_232' title='bbox 3389 1255 3516 1308; x_wconf 86' lang='lat' dir='ltr'><strong><em>mihi</em></strong></span> <span class='ocrx_word' id='word_1_233' title='bbox 3568 1254 3623 1308; x_wconf 90' lang='lat' dir='ltr'><strong><em>in</em></strong></span> <span class='ocrx_word' id='word_1_234' title='bbox 3668 1256 3740 1324; x_wconf 83' lang='lat' dir='ltr'><strong><em>fi-</em></strong></span> 
     </span>
    </p>
   </div>
   <div class='ocr_carea' id='block_1_28' title="bbox 2135 1345 3739 1419">
    <p class='ocr_par' dir='ltr' id='par_1_28' title="bbox 2135 1345 3739 1419">
     <span class='ocr_line' id='line_1_28' title="bbox 2135 1345 3739 1419; baseline 0.001 -17"><span class='ocrx_word' id='word_1_235' title='bbox 2135 1345 2283 1414; x_wconf 88' lang='lat' dir='ltr'><strong><em>lium,</em></strong></span> <span class='ocrx_word' id='word_1_236' title='bbox 2316 1359 2362 1400; x_wconf 91' lang='lat' dir='ltr'><strong><em>et</em></strong></span> <span class='ocrx_word' id='word_1_237' title='bbox 2389 1347 2795 1400; x_wconf 80' lang='lat' dir='ltr'><strong><em>misericordiam</em></strong></span> <span class='ocrx_word' id='word_1_238' title='bbox 2817 1363 2982 1401; x_wconf 89' lang='lat' dir='ltr'><strong><em>meam</em></strong></span> <span class='ocrx_word' id='word_1_239' title='bbox 3008 1365 3110 1401; x_wconf 89' lang='lat' dir='ltr'><strong><em>non</em></strong></span> <span class='ocrx_word' id='word_1_240' title='bbox 3131 1349 3426 1419; x_wconf 85' lang='lat' dir='ltr'><strong><em>dispergam</em></strong></span> <span class='ocrx_word' id='word_1_241' title='bbox 3447 1349 3512 1403; x_wconf 89' lang='lat' dir='ltr'><strong><em>ab</em></strong></span> <span class='ocrx_word' id='word_1_242' title='bbox 3534 1365 3592 1403; x_wconf 91' lang='lat' dir='ltr'><strong><em>eo</em></strong></span> <span class='ocrx_word' id='word_1_243' title='bbox 3620 1391 3635 1415; x_wconf 93' lang='lat'><strong><em>,</em></strong></span> <span class='ocrx_word' id='word_1_244' title='bbox 3661 1350 3739 1403; x_wconf 81' lang='lat' dir='ltr'><strong><em>si-</em></strong></span> 
     </span>
    </p>
   </div>
   <div class='ocr_carea' id='block_1_29' title="bbox 2137 1438 3733 1511">
    <p class='ocr_par' dir='ltr' id='par_1_29' title="bbox 2137 1438 3733 1511">
     <span class='ocr_line' id='line_1_29' title="bbox 2137 1438 3733 1511; baseline 0.003 -19"><span class='ocrx_word' id='word_1_245' title='bbox 2137 1451 2224 1493; x_wconf 91' lang='lat' dir='ltr'><strong><em>cut</em></strong></span> <span class='ocrx_word' id='word_1_246' title='bbox 2247 1440 2470 1511; x_wconf 84' lang='lat' dir='ltr'><strong><em>dispersi</em></strong></span> <span class='ocrx_word' id='word_1_247' title='bbox 2495 1439 2560 1493; x_wconf 86' lang='lat' dir='ltr'><strong><em>ab</em></strong></span> <span class='ocrx_word' id='word_1_248' title='bbox 2590 1441 2655 1494; x_wconf 90' lang='lat' dir='ltr'><strong><em>iis</em></strong></span> <span class='ocrx_word' id='word_1_249' title='bbox 2679 1441 2769 1509; x_wconf 83' lang='lat' dir='ltr'><strong><em>qui</em></strong></span> <span class='ocrx_word' id='word_1_250' title='bbox 2814 1449 2934 1494; x_wconf 85' lang='lat' dir='ltr'><strong><em>ante</em></strong></span> <span class='ocrx_word' id='word_1_251' title='bbox 2977 1451 3025 1494; x_wconf 89' lang='lat' dir='ltr'><strong><em>te</em></strong></span> <span class='ocrx_word' id='word_1_252' title='bbox 3059 1443 3270 1510; x_wconf 85' lang='lat' dir='ltr'><strong><em>fuerunt</em></strong></span> <span class='ocrx_word' id='word_1_253' title='bbox 3301 1443 3319 1509; x_wconf 98' lang='lat'>(</span> <span class='ocrx_word' id='word_1_254' title='bbox 3352 1441 3370 1494; x_wconf 94' lang='lat' dir='ltr'><strong><em>l</em></strong></span> <span class='ocrx_word' id='word_1_255' title='bbox 3402 1438 3535 1494; x_wconf 90' lang='lat' dir='ltr'><strong><em>Par.</em></strong></span> <span class='ocrx_word' id='word_1_256' title='bbox 3593 1457 3733 1508; x_wconf 78' lang='lat' dir='ltr'><strong><em>xm,</em></strong></span> 
     </span>
    </p>
   </div>
   <div class='ocr_carea' id='block_1_30' title="bbox 2139 1527 3740 1603">
    <p class='ocr_par' dir='ltr' id='par_1_30' title="bbox 2139 1527 3740 1603">
     <span class='ocr_line' id='line_1_30' title="bbox 2139 1527 3740 1603; baseline 0.002 -20"><span class='ocrx_word' id='word_1_257' title='bbox 2139 1527 2374 1601; x_wconf 80' lang='grc'><strong>11-15).</strong></span> <span class='ocrx_word' id='word_1_258' title='bbox 2424 1531 2527 1586; x_wconf 78' lang='lat' dir='ltr'><strong><em>l’er</em></strong></span> <span class='ocrx_word' id='word_1_259' title='bbox 2577 1531 2789 1586; x_wconf 85' lang='lat' dir='ltr'><strong><em>Esaiam</em></strong></span> <span class='ocrx_word' id='word_1_260' title='bbox 2846 1548 3059 1603; x_wconf 88' lang='lat' dir='ltr'><strong><em>quoque</em></strong></span> <span class='ocrx_word' id='word_1_261' title='bbox 3110 1532 3257 1588; x_wconf 91' lang='lat' dir='ltr'><strong><em>idem</em></strong></span> <span class='ocrx_word' id='word_1_262' title='bbox 3297 1533 3562 1588; x_wconf 90' lang='lat' dir='ltr'><strong><em>Dominus</em></strong></span> <span class='ocrx_word' id='word_1_263' title='bbox 3594 1535 3740 1588; x_wconf 87' lang='lat' dir='ltr'><strong><em>Deus</em></strong></span> 
     </span>
    </p>
   </div>
   <div class='ocr_carea' id='block_1_31' title="bbox 2136 1625 3743 1700">
    <p class='ocr_par' dir='ltr' id='par_1_31' title="bbox 2136 1625 3743 1700">
     <span class='ocr_line' id='line_1_31' title="bbox 2136 1625 3743 1700; baseline 0.003 -22"><span class='ocrx_word' id='word_1_264' title='bbox 2136 1625 2545 1692; x_wconf 77' lang='lat' dir='ltr'><strong><em>generationem</em></strong></span> <span class='ocrx_word' id='word_1_265' title='bbox 2575 1625 2788 1680; x_wconf 86' lang='lat' dir='ltr'><strong><em>Domini</em></strong></span> <span class='ocrx_word' id='word_1_266' title='bbox 2819 1627 3106 1692; x_wconf 77' lang='lat' dir='ltr'><strong><em>revelavit,</em></strong></span> <span class='ocrx_word' id='word_1_267' title='bbox 3132 1627 3322 1682; x_wconf 86' lang='lat' dir='ltr'><strong><em>dicens</em></strong></span> <span class='ocrx_word' id='word_1_268' title='bbox 3349 1645 3362 1680; x_wconf 89' lang='lat'>:</span> <span class='ocrx_word' id='word_1_269' title='bbox 3395 1626 3546 1682; x_wconf 73' lang='lat' dir='ltr'><strong><em>Exiet</em></strong></span> <span class='ocrx_word' id='word_1_270' title='bbox 3594 1629 3743 1700; x_wconf 85' lang='lat' dir='ltr'><strong><em>virga</em></strong></span> 
     </span>
    </p>
   </div>
   <div class='ocr_carea' id='block_1_32' title="bbox 2139 1715 3742 1791">
    <p class='ocr_par' dir='ltr' id='par_1_32' title="bbox 2139 1715 3742 1791">
     <span class='ocr_line' id='line_1_32' title="bbox 2139 1715 3742 1791; baseline 0.002 -22"><span class='ocrx_word' id='word_1_271' title='bbox 2139 1717 2202 1770; x_wconf 91' lang='lat' dir='ltr'><strong><em>de</em></strong></span> <span class='ocrx_word' id='word_1_272' title='bbox 2229 1715 2401 1771; x_wconf 84' lang='lat' dir='ltr'><strong><em>radice</em></strong></span> <span class='ocrx_word' id='word_1_273' title='bbox 2429 1715 2595 1783; x_wconf 82' lang='lat' dir='ltr'><strong><em>Jesse,</em></strong></span> <span class='ocrx_word' id='word_1_274' title='bbox 2626 1726 2670 1770; x_wconf 90' lang='lat' dir='ltr'><strong><em>et</em></strong></span> <span class='ocrx_word' id='word_1_275' title='bbox 2699 1719 2799 1787; x_wconf 85' lang='lat' dir='ltr'><strong><em>ﬂos</em></strong></span> <span class='ocrx_word' id='word_1_276' title='bbox 2825 1733 2890 1772; x_wconf 77' lang='lat' dir='ltr'><strong><em>ea:</em></strong></span> <span class='ocrx_word' id='word_1_277' title='bbox 2916 1718 3094 1772; x_wconf 86' lang='lat' dir='ltr'><strong><em>radice</em></strong></span> <span class='ocrx_word' id='word_1_278' title='bbox 3124 1721 3238 1791; x_wconf 86' lang='lat' dir='ltr'><strong><em>ejus</em></strong></span> <span class='ocrx_word' id='word_1_279' title='bbox 3263 1718 3504 1772; x_wconf 77' lang='lat' dir='ltr'><strong><em>ascendet</em></strong></span> <span class='ocrx_word' id='word_1_280' title='bbox 3532 1760 3549 1785; x_wconf 97' lang='lat'><strong><em>,</em></strong></span> <span class='ocrx_word' id='word_1_281' title='bbox 3581 1728 3630 1772; x_wconf 87' lang='lat' dir='ltr'><strong><em>et</em></strong></span> <span class='ocrx_word' id='word_1_282' title='bbox 3657 1735 3742 1773; x_wconf 84' lang='lat' dir='ltr'><strong><em>re-</em></strong></span> 
     </span>
    </p>
   </div>
   <div class='ocr_carea' id='block_1_33' title="bbox 433 1805 3745 1885">
    <p class='ocr_par' dir='ltr' id='par_1_33' title="bbox 433 1805 3745 1885">
     <span class='ocr_line' id='line_1_33' title="bbox 433 1805 3745 1885; baseline 0 -19"><span class='ocrx_word' id='word_1_283' title='bbox 433 1811 670 1866; x_wconf 86' lang='lat' dir='ltr'><strong><em>cundum</em></strong></span> <span class='ocrx_word' id='word_1_284' title='bbox 708 1811 881 1880; x_wconf 84' lang='lat' dir='ltr'><strong><em>legem</em></strong></span> <span class='ocrx_word' id='word_1_285' title='bbox 910 1808 1146 1864; x_wconf 74' lang='lat' dir='ltr'><strong><em>divinant</em></strong></span> <span class='ocrx_word' id='word_1_286' title='bbox 1179 1807 1346 1880; x_wconf 82' lang='lat' dir='ltr'><strong><em>(Gen.</em></strong></span> <span class='ocrx_word' id='word_1_287' title='bbox 1384 1823 1442 1874; x_wconf 87' lang='lat' dir='ltr'><strong><em>lt,</em></strong></span> <span class='ocrx_word' id='word_1_288' title='bbox 1468 1807 1539 1862; x_wconf 71' lang='grc'><strong><em>24</em></strong></span> <span class='ocrx_word' id='word_1_289' title='bbox 1567 1807 1586 1878; x_wconf 93' lang='grc'><strong><em>)</em></strong></span> <span class='ocrx_word' id='word_1_290' title='bbox 1613 1821 1630 1860; x_wconf 87' lang='lat'><strong>:</strong></span> <span class='ocrx_word' id='word_1_291' title='bbox 1665 1807 1850 1874; x_wconf 81' lang='lat' dir='ltr'><strong><em>utique</em></strong></span> <span class='ocrx_word' id='word_1_292' title='bbox 1880 1805 1915 1860; x_wconf 90' lang='lat' dir='ltr'><strong><em>ii</em></strong></span> <span class='ocrx_word' id='word_1_293' title='bbox 1939 1806 2029 1877; x_wconf 86' lang='lat' dir='ltr'><strong><em>qui</em></strong></span> <span class='ocrx_word' id='word_1_294' title='bbox 2065 1812 2111 1872; x_wconf 83' lang='grc' dir='ltr'><strong>Β</strong></span> <span class='ocrx_word' id='word_1_295' title='bbox 2138 1811 2359 1880; x_wconf 84' lang='lat' dir='ltr'><strong><em>quiescet</em></strong></span> <span class='ocrx_word' id='word_1_296' title='bbox 2379 1826 2534 1881; x_wconf 87' lang='lat' dir='ltr'><strong><em>super</em></strong></span> <span class='ocrx_word' id='word_1_297' title='bbox 2560 1827 2675 1864; x_wconf 88' lang='lat' dir='ltr'><strong><em>eum</em></strong></span> <span class='ocrx_word' id='word_1_298' title='bbox 2699 1809 2929 1883; x_wconf 75' lang='lat' dir='ltr'><strong><em>Spiritus</em></strong></span> <span class='ocrx_word' id='word_1_299' title='bbox 2961 1811 3192 1878; x_wconf 86' lang='lat' dir='ltr'><strong><em>Domini,</em></strong></span> <span class='ocrx_word' id='word_1_300' title='bbox 3216 1811 3446 1883; x_wconf 86' lang='lat' dir='ltr'><strong><em>Spiritus</em></strong></span> <span class='ocrx_word' id='word_1_301' title='bbox 3469 1814 3745 1885; x_wconf 73' lang='lat' dir='ltr'><strong><em>sapientia:</em></strong></span> 
     </span>
    </p>
   </div>
   <div class='ocr_carea' id='block_1_34' title="bbox 435 1897 2038 1970">
    <p class='ocr_par' dir='ltr' id='par_1_34' title="bbox 435 1897 2038 1970">
     <span class='ocr_line' id='line_1_34' title="bbox 435 1897 2038 1970; baseline -0.003 -13"><span class='ocrx_word' id='word_1_302' title='bbox 435 1916 542 1958; x_wconf 87' lang='lat' dir='ltr'><strong><em>una</em></strong></span> <span class='ocrx_word' id='word_1_303' title='bbox 569 1917 697 1957; x_wconf 88' lang='lat' dir='ltr'><strong><em>caro</em></strong></span> <span class='ocrx_word' id='word_1_304' title='bbox 728 1912 903 1969; x_wconf 88' lang='lat' dir='ltr'><strong><em>erant,</em></strong></span> <span class='ocrx_word' id='word_1_305' title='bbox 928 1910 982 1955; x_wconf 90' lang='lat' dir='ltr'><strong><em>et</em></strong></span> <span class='ocrx_word' id='word_1_306' title='bbox 1012 1917 1153 1956; x_wconf 88' lang='lat' dir='ltr'><strong><em>unus</em></strong></span> <span class='ocrx_word' id='word_1_307' title='bbox 1211 1900 1434 1970; x_wconf 78' lang='lat' dir='ltr'><strong><em>Spiritus</em></strong></span> <span class='ocrx_word' id='word_1_308' title='bbox 1459 1940 1475 1965; x_wconf 92' lang='lat'><strong><em>,</em></strong></span> <span class='ocrx_word' id='word_1_309' title='bbox 1521 1897 1794 1968; x_wconf 88' lang='lat' dir='ltr'><strong><em>quomodo</em></strong></span> <span class='ocrx_word' id='word_1_310' title='bbox 1827 1905 2038 1968; x_wconf 84' lang='lat' dir='ltr'><strong><em>poterat</em></strong></span> 
     </span>
    </p>
   </div>
   <div class='ocr_carea' id='block_1_35' title="bbox 434 1991 2037 2064">
    <p class='ocr_par' dir='ltr' id='par_1_35' title="bbox 434 1991 2037 2064">
     <span class='ocr_line' id='line_1_35' title="bbox 434 1991 2037 2064; baseline -0.002 -16"><span class='ocrx_word' id='word_1_311' title='bbox 434 1995 554 2049; x_wconf 82' lang='lat' dir='ltr'><strong><em>ﬁeri</em></strong></span> <span class='ocrx_word' id='word_1_312' title='bbox 575 2005 631 2050; x_wconf 90' lang='lat' dir='ltr'><strong><em>ut</em></strong></span> <span class='ocrx_word' id='word_1_313' title='bbox 649 1995 962 2050; x_wconf 86' lang='lat' dir='ltr'><strong><em>viderentur</em></strong></span> <span class='ocrx_word' id='word_1_314' title='bbox 991 1994 1219 2064; x_wconf 88' lang='lat' dir='ltr'><strong><em>patriam</em></strong></span> <span class='ocrx_word' id='word_1_315' title='bbox 1239 2001 1294 2047; x_wconf 90' lang='lat' dir='ltr'><strong><em>et</em></strong></span> <span class='ocrx_word' id='word_1_316' title='bbox 1315 1992 1514 2046; x_wconf 84' lang='lat' dir='ltr'><strong><em>tribum</em></strong></span> <span class='ocrx_word' id='word_1_317' title='bbox 1538 1991 1740 2046; x_wconf 89' lang='lat' dir='ltr'><strong><em>habere</em></strong></span> <span class='ocrx_word' id='word_1_318' title='bbox 1763 1991 1990 2046; x_wconf 86' lang='lat' dir='ltr'><strong><em>divisam</em></strong></span> <span class='ocrx_word' id='word_1_319' title='bbox 2014 1991 2037 2044; x_wconf 86' lang='lat'><strong>?</strong></span> 
     </span>
    </p>
   </div>
   <div class='ocr_carea' id='block_1_36' title="bbox 437 2082 2037 2156">
    <p class='ocr_par' dir='ltr' id='par_1_36' title="bbox 437 2082 2037 2156">
     <span class='ocr_line' id='line_1_36' title="bbox 437 2082 2037 2156; baseline -0.004 -14"><span class='ocrx_word' id='word_1_320' title='bbox 437 2087 664 2142; x_wconf 83' lang='lat' dir='ltr'><strong><em>Accedit</em></strong></span> <span class='ocrx_word' id='word_1_321' title='bbox 693 2086 821 2141; x_wconf 92' lang='lat' dir='ltr'><strong><em>illud</em></strong></span> <span class='ocrx_word' id='word_1_322' title='bbox 873 2085 1014 2156; x_wconf 90' lang='lat' dir='ltr'><strong><em>quod</em></strong></span> <span class='ocrx_word' id='word_1_323' title='bbox 1047 2085 1210 2140; x_wconf 89' lang='lat' dir='ltr'><strong><em>etiam</em></strong></span> <span class='ocrx_word' id='word_1_324' title='bbox 1241 2084 1479 2153; x_wconf 88' lang='lat' dir='ltr'><strong><em>Angelus</em></strong></span> <span class='ocrx_word' id='word_1_325' title='bbox 1509 2083 1724 2138; x_wconf 84' lang='lat' dir='ltr'><strong><em>Gabriel</em></strong></span> <span class='ocrx_word' id='word_1_326' title='bbox 1753 2083 1820 2137; x_wconf 91' lang='lat' dir='ltr'><strong><em>de</em></strong></span> <span class='ocrx_word' id='word_1_327' title='bbox 1851 2082 2037 2137; x_wconf 65' lang='lat' dir='ltr'><strong><em>Domi-</em></strong></span> 
     </span>
    </p>
   </div>
   <div class='ocr_carea' id='block_1_37' title="bbox 441 2175 2039 2252">
    <p class='ocr_par' dir='ltr' id='par_1_37' title="bbox 441 2175 2039 2252">
     <span class='ocr_line' id='line_1_37' title="bbox 441 2175 2039 2252; baseline -0.005 -15"><span class='ocrx_word' id='word_1_328' title='bbox 441 2197 513 2238; x_wconf 87' lang='lat' dir='ltr'><strong><em>uo</em></strong></span> <span class='ocrx_word' id='word_1_329' title='bbox 545 2181 1028 2252; x_wconf 67' lang='lat' dir='ltr'><strong><em>praenuntiaverat,</em></strong></span> <span class='ocrx_word' id='word_1_330' title='bbox 1059 2177 1205 2248; x_wconf 90' lang='lat' dir='ltr'><strong><em>quod</em></strong></span> <span class='ocrx_word' id='word_1_331' title='bbox 1232 2175 1388 2232; x_wconf 89' lang='lat' dir='ltr'><strong><em>Dabit</em></strong></span> <span class='ocrx_word' id='word_1_332' title='bbox 1425 2177 1507 2231; x_wconf 88' lang='lat' dir='ltr'><strong><em>illi</em></strong></span> <span class='ocrx_word' id='word_1_333' title='bbox 1539 2176 1676 2232; x_wconf 84' lang='lat' dir='ltr'><strong><em>Deus</em></strong></span> <span class='ocrx_word' id='word_1_334' title='bbox 1729 2177 1901 2231; x_wconf 88' lang='lat' dir='ltr'><strong><em>sedem</em></strong></span> <span class='ocrx_word' id='word_1_335' title='bbox 1931 2175 2039 2230; x_wconf 87' lang='lat' dir='ltr'><strong><em>Da-</em></strong></span> 
     </span>
    </p>
   </div>
   <div class='ocr_carea' id='block_1_38' title="bbox 437 2268 2042 2348">
    <p class='ocr_par' dir='ltr' id='par_1_38' title="bbox 437 2268 2042 2348">
     <span class='ocr_line' id='line_1_38' title="bbox 437 2268 2042 2348; baseline -0.004 -16"><span class='ocrx_word' id='word_1_336' title='bbox 437 2277 524 2332; x_wconf 85' lang='lat' dir='ltr'><strong><em>vid</em></strong></span> <span class='ocrx_word' id='word_1_337' title='bbox 551 2276 714 2348; x_wconf 90' lang='lat' dir='ltr'><strong><em>patris</em></strong></span> <span class='ocrx_word' id='word_1_338' title='bbox 740 2276 820 2329; x_wconf 87' lang='lat' dir='ltr'><strong><em>sui</em></strong></span> <span class='ocrx_word' id='word_1_339' title='bbox 852 2273 1021 2347; x_wconf 90' lang='lat' dir='ltr'><strong><em>(Luc.</em></strong></span> <span class='ocrx_word' id='word_1_340' title='bbox 1051 2287 1088 2338; x_wconf 80' lang='grc' dir='ltr'><strong><em>ι,</em></strong></span> <span class='ocrx_word' id='word_1_341' title='bbox 1115 2268 1242 2341; x_wconf 68' lang='grc'><strong>52).</strong></span> <span class='ocrx_word' id='word_1_342' title='bbox 1271 2270 1494 2326; x_wconf 88' lang='lat' dir='ltr'><strong><em>Certum</em></strong></span> <span class='ocrx_word' id='word_1_343' title='bbox 1525 2279 1610 2327; x_wconf 91' lang='lat' dir='ltr'><strong><em>est</em></strong></span> <span class='ocrx_word' id='word_1_344' title='bbox 1639 2271 1800 2341; x_wconf 89' lang='lat' dir='ltr'><strong><em>igitur</em></strong></span> <span class='ocrx_word' id='word_1_345' title='bbox 1829 2270 2042 2341; x_wconf 78' lang='lat'><strong><em>1316</em></strong></span> 
     </span>
    </p>
   </div>
   <div class='ocr_carea' id='block_1_39' title="bbox 439 2361 2040 2435">
    <p class='ocr_par' dir='ltr' id='par_1_39' title="bbox 439 2361 2040 2435">
     <span class='ocr_line' id='line_1_39' title="bbox 439 2361 2040 2435; baseline -0.007 -10"><span class='ocrx_word' id='word_1_346' title='bbox 439 2369 602 2425; x_wconf 85' lang='lat' dir='ltr'><strong><em>etiam</em></strong></span> <span class='ocrx_word' id='word_1_347' title='bbox 626 2369 847 2422; x_wconf 77' lang='lat' dir='ltr'><strong><em>Mariam</em></strong></span> <span class='ocrx_word' id='word_1_348' title='bbox 869 2367 936 2421; x_wconf 87' lang='lat' dir='ltr'><strong><em>de</em></strong></span> <span class='ocrx_word' id='word_1_349' title='bbox 967 2365 1134 2421; x_wconf 87' lang='lat' dir='ltr'><strong><em>David</em></strong></span> <span class='ocrx_word' id='word_1_350' title='bbox 1164 2364 1519 2435; x_wconf 76' lang='lat' dir='ltr'><strong><em>generatione</em></strong></span> <span class='ocrx_word' id='word_1_351' title='bbox 1549 2377 1822 2418; x_wconf 86' lang='lat' dir='ltr'><strong><em>manasse.</em></strong></span> <span class='ocrx_word' id='word_1_352' title='bbox 1866 2361 2040 2415; x_wconf 87' lang='lat' dir='ltr'><strong><em>Simul</em></strong></span> 
     </span>
    </p>
   </div>
   <div class='ocr_carea' id='block_1_40' title="bbox 439 2452 2041 2537">
    <p class='ocr_par' dir='ltr' id='par_1_40' title="bbox 439 2452 2041 2537">
     <span class='ocr_line' id='line_1_40' title="bbox 439 2452 2041 2537; baseline -0.006 -21"><span class='ocrx_word' id='word_1_353' title='bbox 439 2463 604 2517; x_wconf 90' lang='lat' dir='ltr'><strong><em>etiam</em></strong></span> <span class='ocrx_word' id='word_1_354' title='bbox 653 2461 913 2537; x_wconf 83' lang='lat' dir='ltr'><strong><em>discimus</em></strong></span> <span class='ocrx_word' id='word_1_355' title='bbox 943 2457 1076 2513; x_wconf 89' lang='lat' dir='ltr'><strong><em>nihil</em></strong></span> <span class='ocrx_word' id='word_1_356' title='bbox 1104 2456 1309 2512; x_wconf 80' lang='lat' dir='ltr'><strong><em>referre</em></strong></span> <span class='ocrx_word' id='word_1_357' title='bbox 1331 2471 1442 2526; x_wconf 85' lang='lat' dir='ltr'><strong><em>quo</em></strong></span> <span class='ocrx_word' id='word_1_358' title='bbox 1463 2453 1654 2510; x_wconf 91' lang='lat' dir='ltr'><strong><em>ordine</em></strong></span> <span class='ocrx_word' id='word_1_359' title='bbox 1674 2452 2041 2523; x_wconf 80' lang='lat' dir='ltr'><strong><em>generationis</em></strong></span> 
     </span>
    </p>
   </div>
   <div class='ocr_carea' id='block_1_41' title="bbox 440 2547 2039 2624">
    <p class='ocr_par' dir='ltr' id='par_1_41' title="bbox 440 2547 2039 2624">
     <span class='ocr_line' id='line_1_41' title="bbox 440 2547 2039 2624; baseline -0.006 -13"><span class='ocrx_word' id='word_1_360' title='bbox 440 2555 615 2611; x_wconf 87' lang='lat' dir='ltr'><strong><em>series</em></strong></span> <span class='ocrx_word' id='word_1_361' title='bbox 644 2554 1005 2624; x_wconf 81' lang='lat' dir='ltr'><strong><em>exprimatur,</em></strong></span> <span class='ocrx_word' id='word_1_362' title='bbox 1036 2566 1159 2606; x_wconf 91' lang='lat' dir='ltr'><strong><em>cum</em></strong></span> <span class='ocrx_word' id='word_1_363' title='bbox 1189 2549 1296 2605; x_wconf 90' lang='lat' dir='ltr'><strong><em>iter</em></strong></span> <span class='ocrx_word' id='word_1_364' title='bbox 1317 2550 1442 2605; x_wconf 89' lang='lat' dir='ltr'><strong><em>hinc</em></strong></span> <span class='ocrx_word' id='word_1_365' title='bbox 1471 2559 1634 2620; x_wconf 88' lang='lat' dir='ltr'><strong><em>atque</em></strong></span> <span class='ocrx_word' id='word_1_366' title='bbox 1666 2548 1790 2603; x_wconf 90' lang='lat' dir='ltr'><strong><em>inde</em></strong></span> <span class='ocrx_word' id='word_1_367' title='bbox 1815 2547 1886 2602; x_wconf 88' lang='lat' dir='ltr'><strong><em>sit</em></strong></span> <span class='ocrx_word' id='word_1_368' title='bbox 1910 2561 2039 2618; x_wconf 88' lang='lat' dir='ltr'><strong><em>per-</em></strong></span> 
     </span>
    </p>
   </div>
   <div class='ocr_carea' id='block_1_42' title="bbox 441 2651 611 2706">
    <p class='ocr_par' dir='ltr' id='par_1_42' title="bbox 441 2651 611 2706">
     <span class='ocr_line' id='line_1_42' title="bbox 441 2651 611 2706; baseline 0 -2"><span class='ocrx_word' id='word_1_369' title='bbox 441 2651 611 2706; x_wconf 91' lang='lat' dir='ltr'><strong><em>vium.</em></strong></span> 
     </span>
    </p>
   </div>
   <div class='ocr_carea' id='block_1_43' title="bbox 515 2734 2044 2804">
    <p class='ocr_par' dir='ltr' id='par_1_43' title="bbox 515 2734 2044 2804">
     <span class='ocr_line' id='line_1_43' title="bbox 515 2734 2044 2804; baseline -0.005 -6"><span class='ocrx_word' id='word_1_370' title='bbox 515 2743 568 2798; x_wconf 88' lang='lat'><strong><em>6.</em></strong></span> <span class='ocrx_word' id='word_1_371' title='bbox 613 2743 722 2798; x_wconf 90' lang='lat' dir='ltr'><strong><em>Cur</em></strong></span> <span class='ocrx_word' id='word_1_372' title='bbox 759 2750 939 2796; x_wconf 88' lang='lat' dir='ltr'><strong><em>autem</em></strong></span> <span class='ocrx_word' id='word_1_373' title='bbox 962 2748 1184 2795; x_wconf 87' lang='lat' dir='ltr'><strong><em>sanctus</em></strong></span> <span class='ocrx_word' id='word_1_374' title='bbox 1203 2737 1491 2794; x_wconf 70' lang='lat' dir='ltr'><strong><em>Matthaaus</em></strong></span> <span class='ocrx_word' id='word_1_375' title='bbox 1535 2736 1603 2791; x_wconf 91' lang='lat' dir='ltr'><strong><em>ab</em></strong></span> <span class='ocrx_word' id='word_1_376' title='bbox 1650 2734 1923 2791; x_wconf 85' lang='lat' dir='ltr'><strong><em>Abraham</em></strong></span> <span class='ocrx_word' id='word_1_377' title='bbox 1951 2748 2044 2804; x_wconf 87' lang='lat' dir='ltr'><strong><em>ge-</em></strong></span> 
     </span>
    </p>
   </div>
   <div class='ocr_carea' id='block_1_44' title="bbox 440 2829 2044 2902">
    <p class='ocr_par' dir='ltr' id='par_1_44' title="bbox 440 2829 2044 2902">
     <span class='ocr_line' id='line_1_44' title="bbox 440 2829 2044 2902; baseline -0.006 -10"><span class='ocrx_word' id='word_1_378' title='bbox 440 2835 785 2892; x_wconf 79' lang='lat' dir='ltr'><strong><em>nerationem</em></strong></span> <span class='ocrx_word' id='word_1_379' title='bbox 815 2847 1138 2888; x_wconf 88' lang='lat' dir='ltr'><strong><em>enumerare</em></strong></span> <span class='ocrx_word' id='word_1_380' title='bbox 1165 2830 1395 2902; x_wconf 71' lang='lat' dir='ltr'><strong><em>cmperit</em></strong></span> <span class='ocrx_word' id='word_1_381' title='bbox 1418 2829 1643 2894; x_wconf 88' lang='lat' dir='ltr'><strong><em>Christi,</em></strong></span> <span class='ocrx_word' id='word_1_382' title='bbox 1670 2837 1893 2885; x_wconf 88' lang='lat' dir='ltr'><strong><em>sanctus</em></strong></span> <span class='ocrx_word' id='word_1_383' title='bbox 1914 2843 2044 2883; x_wconf 90' lang='lat' dir='ltr'><strong><em>vero</em></strong></span> 
     </span>
    </p>
   </div>
   <div class='ocr_carea' id='block_1_45' title="bbox 444 2923 2046 2996">
    <p class='ocr_par' dir='ltr' id='par_1_45' title="bbox 444 2923 2046 2996">
     <span class='ocr_line' id='line_1_45' title="bbox 444 2923 2046 2996; baseline -0.005 -12"><span class='ocrx_word' id='word_1_384' title='bbox 444 2929 624 2985; x_wconf 89' lang='lat' dir='ltr'><strong><em>Lucas</em></strong></span> <span class='ocrx_word' id='word_1_385' title='bbox 651 2943 683 2982; x_wconf 87' lang='lat' dir='ltr'><strong><em>a</em></strong></span> <span class='ocrx_word' id='word_1_386' title='bbox 703 2927 922 2982; x_wconf 87' lang='lat' dir='ltr'><strong><em>Christo</em></strong></span> <span class='ocrx_word' id='word_1_387' title='bbox 951 2941 1122 2996; x_wconf 90' lang='lat' dir='ltr'><strong><em>usque</em></strong></span> <span class='ocrx_word' id='word_1_388' title='bbox 1147 2926 1213 2980; x_wconf 87' lang='lat' dir='ltr'><strong><em>ad</em></strong></span> <span class='ocrx_word' id='word_1_389' title='bbox 1263 2926 1429 2980; x_wconf 90' lang='lat' dir='ltr'><strong><em>Deum</em></strong></span> <span class='ocrx_word' id='word_1_390' title='bbox 1482 2923 1796 2995; x_wconf 81' lang='lat' dir='ltr'><strong><em>perduxerit</em></strong></span> <span class='ocrx_word' id='word_1_391' title='bbox 1821 2965 1836 2989; x_wconf 91' lang='lat'><strong><em>,</em></strong></span> <span class='ocrx_word' id='word_1_392' title='bbox 1860 2923 2046 2992; x_wconf 77' lang='lat' dir='ltr'><strong><em>espla-</em></strong></span> 
     </span>
    </p>
   </div>
   <div class='ocr_carea' id='block_1_46' title="bbox 445 3016 2046 3088">
    <p class='ocr_par' dir='ltr' id='par_1_46' title="bbox 445 3016 2046 3088">
     <span class='ocr_line' id='line_1_46' title="bbox 445 3016 2046 3088; baseline -0.005 -11"><span class='ocrx_word' id='word_1_393' title='bbox 445 3019 685 3077; x_wconf 86' lang='lat' dir='ltr'><strong><em>nandum</em></strong></span> <span class='ocrx_word' id='word_1_394' title='bbox 709 3020 948 3074; x_wconf 90' lang='lat' dir='ltr'><strong><em>videtur.</em></strong></span> <span class='ocrx_word' id='word_1_395' title='bbox 977 3017 1083 3073; x_wconf 89' lang='lat' dir='ltr'><strong><em>Sed</em></strong></span> <span class='ocrx_word' id='word_1_396' title='bbox 1136 3017 1288 3088; x_wconf 88' lang='lat' dir='ltr'><strong><em>prius</em></strong></span> <span class='ocrx_word' id='word_1_397' title='bbox 1337 3033 1434 3073; x_wconf 91' lang='lat' dir='ltr'><strong><em>cur</em></strong></span> <span class='ocrx_word' id='word_1_398' title='bbox 1488 3026 1708 3072; x_wconf 88' lang='lat' dir='ltr'><strong><em>sanctus</em></strong></span> <span class='ocrx_word' id='word_1_399' title='bbox 1763 3016 2046 3071; x_wconf 73' lang='lat' dir='ltr'><strong><em>Matthmus</em></strong></span> 
     </span>
    </p>
   </div>
   <div class='ocr_carea' id='block_1_47' title="bbox 443 3108 2044 3182">
    <p class='ocr_par' dir='ltr' id='par_1_47' title="bbox 443 3108 2044 3182">
     <span class='ocr_line' id='line_1_47' title="bbox 443 3108 2044 3182; baseline -0.004 -13"><span class='ocrx_word' id='word_1_400' title='bbox 443 3128 571 3169; x_wconf 87' lang='lat' dir='ltr'><strong><em>cum</em></strong></span> <span class='ocrx_word' id='word_1_401' title='bbox 596 3113 664 3168; x_wconf 88' lang='lat' dir='ltr'><strong><em>ah</em></strong></span> <span class='ocrx_word' id='word_1_402' title='bbox 695 3111 966 3168; x_wconf 81' lang='lat' dir='ltr'><strong><em>Abraham</em></strong></span> <span class='ocrx_word' id='word_1_403' title='bbox 996 3112 1226 3182; x_wconf 59' lang='lat' dir='ltr'><strong><em>coeperit</em></strong></span> <span class='ocrx_word' id='word_1_404' title='bbox 1251 3108 1617 3182; x_wconf 89' lang='lat' dir='ltr'><strong><em>generationis</em></strong></span> <span class='ocrx_word' id='word_1_405' title='bbox 1647 3108 1912 3173; x_wconf 86' lang='lat' dir='ltr'><strong><em>ordinem,</em></strong></span> <span class='ocrx_word' id='word_1_406' title='bbox 1936 3123 2044 3163; x_wconf 91' lang='lat' dir='ltr'><strong><em>non</em></strong></span> 
     </span>
    </p>
   </div>
   <div class='ocr_carea' id='block_1_48' title="bbox 2140 1900 3745 1975">
    <p class='ocr_par' dir='ltr' id='par_1_48' title="bbox 2140 1900 3745 1975">
     <span class='ocr_line' id='line_1_48' title="bbox 2140 1900 3745 1975; baseline 0.001 -18"><span class='ocrx_word' id='word_1_407' title='bbox 2140 1912 2186 1957; x_wconf 90' lang='lat' dir='ltr'><strong><em>et</em></strong></span> <span class='ocrx_word' id='word_1_408' title='bbox 2218 1902 2502 1956; x_wconf 85' lang='lat' dir='ltr'><strong><em>intellectus</em></strong></span> <span class='ocrx_word' id='word_1_409' title='bbox 2527 1903 2547 1974; x_wconf 68' lang='grc' dir='ltr'>ζ</span> <span class='ocrx_word' id='word_1_410' title='bbox 2575 1900 2701 1956; x_wconf 80' lang='lat' dir='ltr'><strong><em>Esai</em></strong></span> <span class='ocrx_word' id='word_1_411' title='bbox 2730 1919 2804 1970; x_wconf 75' lang='lat' dir='ltr'><strong><em>.vI,</em></strong></span> <span class='ocrx_word' id='word_1_412' title='bbox 2840 1906 2860 1958; x_wconf 89' lang='grc'><strong><em>1</em></strong></span> <span class='ocrx_word' id='word_1_413' title='bbox 2893 1917 2939 1958; x_wconf 91' lang='lat' dir='ltr'><strong><em>et</em></strong></span> <span class='ocrx_word' id='word_1_414' title='bbox 2962 1903 3063 1975; x_wconf 74' lang='grc'><strong><em>2).</em></strong></span> <span class='ocrx_word' id='word_1_415' title='bbox 3100 1907 3164 1958; x_wconf 79' lang='lat' dir='ltr'><strong><em>Et</em></strong></span> <span class='ocrx_word' id='word_1_416' title='bbox 3193 1903 3329 1959; x_wconf 82' lang='lat' dir='ltr'><strong><em>infra</em></strong></span> <span class='ocrx_word' id='word_1_417' title='bbox 3360 1921 3374 1958; x_wconf 92' lang='lat'><strong>:</strong></span> <span class='ocrx_word' id='word_1_418' title='bbox 3407 1903 3472 1958; x_wconf 80' lang='lat' dir='ltr'><strong><em>Et</em></strong></span> <span class='ocrx_word' id='word_1_419' title='bbox 3503 1907 3599 1959; x_wconf 86' lang='lat' dir='ltr'><strong><em>erit</em></strong></span> <span class='ocrx_word' id='word_1_420' title='bbox 3655 1922 3745 1960; x_wconf 84' lang='lat' dir='ltr'><strong><em>ra-</em></strong></span> 
     </span>
    </p>
   </div>
   <div class='ocr_carea' id='block_1_49' title="bbox 2141 1993 3746 2066">
    <p class='ocr_par' dir='ltr' id='par_1_49' title="bbox 2141 1993 3746 2066">
     <span class='ocr_line' id='line_1_49' title="bbox 2141 1993 3746 2066; baseline 0.003 -20"><span class='ocrx_word' id='word_1_421' title='bbox 2141 1993 2232 2048; x_wconf 79' lang='lat' dir='ltr'><strong><em>dix</em></strong></span> <span class='ocrx_word' id='word_1_422' title='bbox 2254 1993 2421 2056; x_wconf 79' lang='lat' dir='ltr'><strong><em>Iesse,</em></strong></span> <span class='ocrx_word' id='word_1_423' title='bbox 2441 2003 2486 2048; x_wconf 88' lang='lat' dir='ltr'><strong><em>et</em></strong></span> <span class='ocrx_word' id='word_1_424' title='bbox 2518 1995 2603 2065; x_wconf 84' lang='lat' dir='ltr'><strong><em>qui</em></strong></span> <span class='ocrx_word' id='word_1_425' title='bbox 2635 2004 2872 2065; x_wconf 73' lang='lat' dir='ltr'><strong><em>exsurget</em></strong></span> <span class='ocrx_word' id='word_1_426' title='bbox 2925 1997 3182 2066; x_wconf 85' lang='lat' dir='ltr'><strong><em>imperare</em></strong></span> <span class='ocrx_word' id='word_1_427' title='bbox 3225 1996 3458 2066; x_wconf 86' lang='lat' dir='ltr'><strong><em>gentibus</em></strong></span> <span class='ocrx_word' id='word_1_428' title='bbox 3487 2013 3505 2051; x_wconf 89' lang='lat'><strong><em>:</em></strong></span> <span class='ocrx_word' id='word_1_429' title='bbox 3531 1998 3586 2050; x_wconf 90' lang='lat' dir='ltr'><strong><em>in</em></strong></span> <span class='ocrx_word' id='word_1_430' title='bbox 3627 1998 3746 2066; x_wconf 91' lang='lat' dir='ltr'><strong><em>ipso</em></strong></span> 
     </span>
    </p>
   </div>
   <div class='ocr_carea' id='block_1_50' title="bbox 2140 2085 3748 2162">
    <p class='ocr_par' dir='ltr' id='par_1_50' title="bbox 2140 2085 3748 2162">
     <span class='ocr_line' id='line_1_50' title="bbox 2140 2085 3748 2162; baseline 0.001 -18"><span class='ocrx_word' id='word_1_431' title='bbox 2140 2101 2313 2162; x_wconf 87' lang='lat' dir='ltr'><strong><em>gentes</em></strong></span> <span class='ocrx_word' id='word_1_432' title='bbox 2333 2089 2609 2162; x_wconf 89' lang='lat' dir='ltr'><strong><em>sperabunt</em></strong></span> <span class='ocrx_word' id='word_1_433' title='bbox 2638 2090 2656 2161; x_wconf 95' lang='lat'>(</span> <span class='ocrx_word' id='word_1_434' title='bbox 2681 2085 2851 2155; x_wconf 89' lang='lat' dir='ltr'><strong><em>Ibid.,</em></strong></span> <span class='ocrx_word' id='word_1_435' title='bbox 2881 2089 2947 2144; x_wconf 84' lang='grc'><strong>10</strong></span> <span class='ocrx_word' id='word_1_436' title='bbox 2974 2088 3016 2160; x_wconf 92' lang='grc'><strong><em>).</em></strong></span> <span class='ocrx_word' id='word_1_437' title='bbox 3038 2089 3105 2144; x_wconf 86' lang='lat' dir='ltr'><strong><em>Et</em></strong></span> <span class='ocrx_word' id='word_1_438' title='bbox 3134 2089 3259 2144; x_wconf 88' lang='lat' dir='ltr'><strong><em>alibi</em></strong></span> <span class='ocrx_word' id='word_1_439' title='bbox 3288 2106 3302 2141; x_wconf 89' lang='lat'><strong>:</strong></span> <span class='ocrx_word' id='word_1_440' title='bbox 3325 2087 3468 2143; x_wconf 88' lang='lat' dir='ltr'><strong><em>Puer</em></strong></span> <span class='ocrx_word' id='word_1_441' title='bbox 3493 2099 3649 2144; x_wconf 88' lang='lat' dir='ltr'><strong><em>natus</em></strong></span> <span class='ocrx_word' id='word_1_442' title='bbox 3669 2101 3748 2146; x_wconf 80' lang='lat' dir='ltr'><strong><em>est</em></strong></span> 
     </span>
    </p>
   </div>
   <div class='ocr_carea' id='block_1_51' title="bbox 2142 2182 3751 2255">
    <p class='ocr_par' dir='ltr' id='par_1_51' title="bbox 2142 2182 3751 2255">
     <span class='ocr_line' id='line_1_51' title="bbox 2142 2182 3751 2255; baseline 0 -19"><span class='ocrx_word' id='word_1_443' title='bbox 2142 2182 2310 2248; x_wconf 88' lang='lat' dir='ltr'><strong><em>nobis,</em></strong></span> <span class='ocrx_word' id='word_1_444' title='bbox 2339 2184 2484 2252; x_wconf 86' lang='lat' dir='ltr'><strong><em>[ilius</em></strong></span> <span class='ocrx_word' id='word_1_445' title='bbox 2508 2183 2662 2237; x_wconf 88' lang='lat' dir='ltr'><strong><em>datus</em></strong></span> <span class='ocrx_word' id='word_1_446' title='bbox 2707 2191 2780 2237; x_wconf 82' lang='lat' dir='ltr'><strong><em>est</em></strong></span> <span class='ocrx_word' id='word_1_447' title='bbox 2806 2182 2952 2237; x_wconf 86' lang='lat' dir='ltr'><strong><em>nobis</em></strong></span> <span class='ocrx_word' id='word_1_448' title='bbox 2986 2224 3000 2249; x_wconf 96' lang='lat'><strong><em>,</em></strong></span> <span class='ocrx_word' id='word_1_449' title='bbox 3037 2184 3184 2249; x_wconf 83' lang='lat' dir='ltr'><strong><em>cuius</em></strong></span> <span class='ocrx_word' id='word_1_450' title='bbox 3223 2183 3537 2255; x_wconf 86' lang='lat' dir='ltr'><strong><em>principium</em></strong></span> <span class='ocrx_word' id='word_1_451' title='bbox 3587 2199 3751 2255; x_wconf 88' lang='lat' dir='ltr'><strong><em>super</em></strong></span> 
     </span>
    </p>
   </div>
   <div class='ocr_carea' id='block_1_52' title="bbox 2143 2273 3750 2346">
    <p class='ocr_par' dir='ltr' id='par_1_52' title="bbox 2143 2273 3750 2346">
     <span class='ocr_line' id='line_1_52' title="bbox 2143 2273 3750 2346; baseline 0.001 -19"><span class='ocrx_word' id='word_1_452' title='bbox 2143 2273 2383 2329; x_wconf 83' lang='lat' dir='ltr'><strong><em>humeros</em></strong></span> <span class='ocrx_word' id='word_1_453' title='bbox 2405 2276 2538 2346; x_wconf 87' lang='lat' dir='ltr'><strong><em>ejus,</em></strong></span> <span class='ocrx_word' id='word_1_454' title='bbox 2569 2285 2616 2329; x_wconf 91' lang='lat' dir='ltr'><strong><em>et</em></strong></span> <span class='ocrx_word' id='word_1_455' title='bbox 2644 2275 2913 2330; x_wconf 84' lang='lat' dir='ltr'><strong><em>vocabitur</em></strong></span> <span class='ocrx_word' id='word_1_456' title='bbox 2940 2291 3126 2330; x_wconf 89' lang='lat' dir='ltr'><strong><em>nomen</em></strong></span> <span class='ocrx_word' id='word_1_457' title='bbox 3156 2276 3303 2346; x_wconf 88' lang='lat' dir='ltr'><strong><em>ejus,</em></strong></span> <span class='ocrx_word' id='word_1_458' title='bbox 3333 2276 3511 2345; x_wconf 89' lang='lat' dir='ltr'><strong><em>magni</em></strong></span> <span class='ocrx_word' id='word_1_459' title='bbox 3535 2277 3750 2330; x_wconf 85' lang='lat' dir='ltr'><strong><em>consilii</em></strong></span> 
     </span>
    </p>
   </div>
   <div class='ocr_carea' id='block_1_53' title="bbox 2142 2367 3750 2440">
    <p class='ocr_par' dir='ltr' id='par_1_53' title="bbox 2142 2367 3750 2440">
     <span class='ocr_line' id='line_1_53' title="bbox 2142 2367 3750 2440; baseline 0 -18"><span class='ocrx_word' id='word_1_460' title='bbox 2142 2368 2376 2438; x_wconf 87' lang='lat' dir='ltr'><strong><em>angelus.</em></strong></span> <span class='ocrx_word' id='word_1_461' title='bbox 2407 2367 2672 2421; x_wconf 78' lang='lat' dir='ltr'><strong><em>Adducam</em></strong></span> <span class='ocrx_word' id='word_1_462' title='bbox 2694 2369 2828 2422; x_wconf 86' lang='lat' dir='ltr'><strong><em>enim</em></strong></span> <span class='ocrx_word' id='word_1_463' title='bbox 2857 2385 3036 2440; x_wconf 86' lang='lat' dir='ltr'><strong><em>pacem</em></strong></span> <span class='ocrx_word' id='word_1_464' title='bbox 3054 2385 3208 2440; x_wconf 86' lang='lat' dir='ltr'><strong><em>super</em></strong></span> <span class='ocrx_word' id='word_1_465' title='bbox 3235 2369 3494 2439; x_wconf 86' lang='lat' dir='ltr'><strong><em>principes</em></strong></span> <span class='ocrx_word' id='word_1_466' title='bbox 3524 2378 3572 2422; x_wconf 89' lang='lat' dir='ltr'><strong><em>et</em></strong></span> <span class='ocrx_word' id='word_1_467' title='bbox 3597 2369 3750 2423; x_wconf 77' lang='lat' dir='ltr'><strong><em>salu-</em></strong></span> 
     </span>
    </p>
   </div>
   <div class='ocr_carea' id='block_1_54' title="bbox 2144 2461 3751 2534">
    <p class='ocr_par' dir='ltr' id='par_1_54' title="bbox 2144 2461 3751 2534">
     <span class='ocr_line' id='line_1_54' title="bbox 2144 2461 3751 2534; baseline -0.001 -19"><span class='ocrx_word' id='word_1_468' title='bbox 2144 2469 2243 2516; x_wconf 89' lang='lat' dir='ltr'><strong><em>tent</em></strong></span> <span class='ocrx_word' id='word_1_469' title='bbox 2269 2478 2286 2514; x_wconf 89' lang='lat'><em>:</em></span> <span class='ocrx_word' id='word_1_470' title='bbox 2315 2469 2363 2514; x_wconf 89' lang='lat' dir='ltr'><strong><em>et</em></strong></span> <span class='ocrx_word' id='word_1_471' title='bbox 2390 2477 2577 2532; x_wconf 89' lang='lat' dir='ltr'><strong><em>magna</em></strong></span> <span class='ocrx_word' id='word_1_472' title='bbox 2609 2469 2832 2530; x_wconf 88' lang='lat' dir='ltr'><strong><em>potestas</em></strong></span> <span class='ocrx_word' id='word_1_473' title='bbox 2861 2463 2996 2533; x_wconf 83' lang='lat' dir='ltr'><strong><em>ejus,</em></strong></span> <span class='ocrx_word' id='word_1_474' title='bbox 3030 2471 3078 2516; x_wconf 89' lang='lat' dir='ltr'><strong><em>et</em></strong></span> <span class='ocrx_word' id='word_1_475' title='bbox 3107 2462 3250 2532; x_wconf 89' lang='lat' dir='ltr'><strong><em>pacis</em></strong></span> <span class='ocrx_word' id='word_1_476' title='bbox 3279 2465 3395 2534; x_wconf 87' lang='lat' dir='ltr'><strong><em>ejus</em></strong></span> <span class='ocrx_word' id='word_1_477' title='bbox 3428 2477 3530 2515; x_wconf 92' lang='lat' dir='ltr'><strong><em>non</em></strong></span> <span class='ocrx_word' id='word_1_478' title='bbox 3559 2461 3654 2515; x_wconf 89' lang='lat' dir='ltr'><strong><em>erit</em></strong></span> <span class='ocrx_word' id='word_1_479' title='bbox 3675 2463 3751 2530; x_wconf 77' lang='lat' dir='ltr'><strong><em>ﬁ-</em></strong></span> 
     </span>
    </p>
   </div>
   <div class='ocr_carea' id='block_1_55' title="bbox 2145 2550 3750 2627">
    <p class='ocr_par' dir='ltr' id='par_1_55' title="bbox 2145 2550 3750 2627">
     <span class='ocr_line' id='line_1_55' title="bbox 2145 2550 3750 2627; baseline 0 -19"><span class='ocrx_word' id='word_1_480' title='bbox 2145 2554 2249 2619; x_wconf 89' lang='lat' dir='ltr'><strong><em>nis,</em></strong></span> <span class='ocrx_word' id='word_1_481' title='bbox 2273 2554 2326 2606; x_wconf 90' lang='lat' dir='ltr'><strong><em>in</em></strong></span> <span class='ocrx_word' id='word_1_482' title='bbox 2347 2554 2466 2607; x_wconf 88' lang='lat' dir='ltr'><strong><em>sede</em></strong></span> <span class='ocrx_word' id='word_1_483' title='bbox 2493 2550 2685 2618; x_wconf 88' lang='lat' dir='ltr'><strong><em>David,</em></strong></span> <span class='ocrx_word' id='word_1_484' title='bbox 2713 2562 2760 2607; x_wconf 92' lang='lat' dir='ltr'><strong><em>et</em></strong></span> <span class='ocrx_word' id='word_1_485' title='bbox 2789 2553 2842 2606; x_wconf 92' lang='lat' dir='ltr'><strong><em>in</em></strong></span> <span class='ocrx_word' id='word_1_486' title='bbox 2859 2569 3015 2626; x_wconf 88' lang='lat' dir='ltr'><strong><em>regno</em></strong></span> <span class='ocrx_word' id='word_1_487' title='bbox 3047 2557 3160 2627; x_wconf 89' lang='lat' dir='ltr'><strong><em>ejus</em></strong></span> <span class='ocrx_word' id='word_1_488' title='bbox 3182 2553 3200 2624; x_wconf 96' lang='lat'>(</span> <span class='ocrx_word' id='word_1_489' title='bbox 3223 2550 3370 2608; x_wconf 84' lang='lat' dir='ltr'><strong><em>Esai.</em></strong></span> <span class='ocrx_word' id='word_1_490' title='bbox 3421 2569 3504 2622; x_wconf 73' lang='lat' dir='ltr'><strong><em>ts,</em></strong></span> <span class='ocrx_word' id='word_1_491' title='bbox 3533 2553 3625 2623; x_wconf 86' lang='lat'><strong><em>6).</em></strong></span> <span class='ocrx_word' id='word_1_492' title='bbox 3683 2553 3750 2608; x_wconf 88' lang='lat' dir='ltr'><strong><em>ln</em></strong></span> 
     </span>
    </p>
   </div>
   <div class='ocr_carea' id='block_1_56' title="bbox 2145 2645 3751 2718">
    <p class='ocr_par' dir='ltr' id='par_1_56' title="bbox 2145 2645 3751 2718">
     <span class='ocr_line' id='line_1_56' title="bbox 2145 2645 3751 2718; baseline 0.001 -17"><span class='ocrx_word' id='word_1_493' title='bbox 2145 2662 2255 2718; x_wconf 91' lang='lat' dir='ltr'><strong><em>quo</em></strong></span> <span class='ocrx_word' id='word_1_494' title='bbox 2274 2646 2424 2714; x_wconf 84' lang='lat' dir='ltr'><strong><em>juxta</em></strong></span> <span class='ocrx_word' id='word_1_495' title='bbox 2446 2645 2658 2717; x_wconf 66' lang='lat' dir='ltr'><strong><em>Aquila:</em></strong></span> <span class='ocrx_word' id='word_1_496' title='bbox 2680 2660 2893 2717; x_wconf 89' lang='lat' dir='ltr'><strong><em>quoque</em></strong></span> <span class='ocrx_word' id='word_1_497' title='bbox 2915 2647 3427 2716; x_wconf 85' lang='lat' dir='ltr'><strong><em>interpretationem</em></strong></span> <span class='ocrx_word' id='word_1_498' title='bbox 3459 2660 3566 2702; x_wconf 92' lang='lat' dir='ltr'><strong><em>non</em></strong></span> <span class='ocrx_word' id='word_1_499' title='bbox 3587 2648 3751 2716; x_wconf 90' lang='lat' dir='ltr'><strong><em>quasi</em></strong></span> 
     </span>
    </p>
   </div>
   <div class='ocr_carea' id='block_1_57' title="bbox 2145 2735 3753 2809">
    <p class='ocr_par' dir='ltr' id='par_1_57' title="bbox 2145 2735 3753 2809">
     <span class='ocr_line' id='line_1_57' title="bbox 2145 2735 3753 2809; baseline -0.001 -17"><span class='ocrx_word' id='word_1_500' title='bbox 2145 2737 2216 2792; x_wconf 90' lang='lat' dir='ltr'><strong><em>de</em></strong></span> <span class='ocrx_word' id='word_1_501' title='bbox 2240 2737 2476 2803; x_wconf 88' lang='lat' dir='ltr'><strong><em>homine,</em></strong></span> <span class='ocrx_word' id='word_1_502' title='bbox 2503 2736 2600 2792; x_wconf 87' lang='lat' dir='ltr'><strong><em>sed</em></strong></span> <span class='ocrx_word' id='word_1_503' title='bbox 2618 2735 2688 2791; x_wconf 88' lang='lat' dir='ltr'><strong><em>de</em></strong></span> <span class='ocrx_word' id='word_1_504' title='bbox 2704 2751 2771 2791; x_wconf 91' lang='lat' dir='ltr'><strong><em>eo</em></strong></span> <span class='ocrx_word' id='word_1_505' title='bbox 2791 2737 2881 2806; x_wconf 89' lang='lat' dir='ltr'><strong><em>qui</em></strong></span> <span class='ocrx_word' id='word_1_506' title='bbox 2909 2737 3053 2792; x_wconf 90' lang='lat' dir='ltr'><strong><em>ultra</em></strong></span> <span class='ocrx_word' id='word_1_507' title='bbox 3080 2736 3352 2792; x_wconf 87' lang='lat' dir='ltr'><strong><em>hominem</em></strong></span> <span class='ocrx_word' id='word_1_508' title='bbox 3367 2746 3512 2793; x_wconf 89' lang='lat' dir='ltr'><strong><em>esset</em></strong></span> <span class='ocrx_word' id='word_1_509' title='bbox 3532 2737 3753 2809; x_wconf 78' lang='lat'><strong>1317</strong></span> 
     </span>
    </p>
   </div>
   <div class='ocr_carea' id='block_1_58' title="bbox 2147 2828 3752 2900">
    <p class='ocr_par' dir='ltr' id='par_1_58' title="bbox 2147 2828 3752 2900">
     <span class='ocr_line' id='line_1_58' title="bbox 2147 2828 3752 2900; baseline -0.001 -14"><span class='ocrx_word' id='word_1_510' title='bbox 2147 2831 2378 2886; x_wconf 83' lang='lat' dir='ltr'><strong><em>vidimus</em></strong></span> <span class='ocrx_word' id='word_1_511' title='bbox 2401 2831 2679 2886; x_wconf 79' lang='lat' dir='ltr'><strong><em>exstitisse</em></strong></span> <span class='ocrx_word' id='word_1_512' title='bbox 2705 2830 3052 2900; x_wconf 88' lang='lat' dir='ltr'><strong><em>promissum.</em></strong></span> <span class='ocrx_word' id='word_1_513' title='bbox 3082 2828 3244 2898; x_wconf 43' lang='lat' dir='ltr'><strong><em>&#39;Ildem</em></strong></span> <span class='ocrx_word' id='word_1_514' title='bbox 3271 2831 3416 2885; x_wconf 89' lang='lat' dir='ltr'><strong><em>enim</em></strong></span> <span class='ocrx_word' id='word_1_515' title='bbox 3474 2830 3752 2898; x_wconf 77' lang='lat' dir='ltr'><strong><em>interpre-</em></strong></span> 
     </span>
    </p>
   </div>
   <div class='ocr_carea' id='block_1_59' title="bbox 2150 2921 3751 2992">
    <p class='ocr_par' dir='ltr' id='par_1_59' title="bbox 2150 2921 3751 2992">
     <span class='ocr_line' id='line_1_59' title="bbox 2150 2921 3751 2992; baseline -0.004 -11"><span class='ocrx_word' id='word_1_516' title='bbox 2150 2932 2292 2982; x_wconf 89' lang='lat' dir='ltr'><strong><em>tatus</em></strong></span> <span class='ocrx_word' id='word_1_517' title='bbox 2312 2933 2395 2980; x_wconf 88' lang='lat' dir='ltr'><strong><em>est</em></strong></span> <span class='ocrx_word' id='word_1_518' title='bbox 2431 2942 2443 2978; x_wconf 91' lang='lat'><strong>:</strong></span> <span class='ocrx_word' id='word_1_519' title='bbox 2479 2925 2620 2980; x_wconf 84' lang='lat' dir='ltr'><strong><em>Puer</em></strong></span> <span class='ocrx_word' id='word_1_520' title='bbox 2647 2934 2800 2978; x_wconf 89' lang='lat' dir='ltr'><strong><em>natus</em></strong></span> <span class='ocrx_word' id='word_1_521' title='bbox 2827 2933 2902 2978; x_wconf 91' lang='lat' dir='ltr'><strong><em>est</em></strong></span> <span class='ocrx_word' id='word_1_522' title='bbox 2930 2923 3094 2990; x_wconf 88' lang='lat' dir='ltr'><strong><em>nobis,</em></strong></span> <span class='ocrx_word' id='word_1_523' title='bbox 3121 2921 3265 2992; x_wconf 82' lang='lat' dir='ltr'><strong><em>ﬁlius</em></strong></span> <span class='ocrx_word' id='word_1_524' title='bbox 3296 2923 3446 2977; x_wconf 86' lang='lat' dir='ltr'><strong><em>datus</em></strong></span> <span class='ocrx_word' id='word_1_525' title='bbox 3465 2933 3540 2977; x_wconf 86' lang='lat' dir='ltr'><strong><em>est</em></strong></span> <span class='ocrx_word' id='word_1_526' title='bbox 3561 2921 3712 2977; x_wconf 88' lang='lat' dir='ltr'><strong><em>nobis</em></strong></span> <span class='ocrx_word' id='word_1_527' title='bbox 3735 2965 3751 2990; x_wconf 94' lang='lat'><strong><em>,</em></strong></span> 
     </span>
    </p>
   </div>
   <div class='ocr_carea' id='block_1_60' title="bbox 2149 3015 3756 3090">
    <p class='ocr_par' dir='ltr' id='par_1_60' title="bbox 2149 3015 3756 3090">
     <span class='ocr_line' id='line_1_60' title="bbox 2149 3015 3756 3090; baseline -0.002 -17"><span class='ocrx_word' id='word_1_528' title='bbox 2149 3029 2196 3074; x_wconf 89' lang='lat' dir='ltr'><strong><em>et</em></strong></span> <span class='ocrx_word' id='word_1_529' title='bbox 2225 3020 2363 3090; x_wconf 88' lang='lat' dir='ltr'><strong><em>facta</em></strong></span> <span class='ocrx_word' id='word_1_530' title='bbox 2391 3027 2462 3073; x_wconf 90' lang='lat' dir='ltr'><strong><em>est</em></strong></span> <span class='ocrx_word' id='word_1_531' title='bbox 2490 3033 2729 3072; x_wconf 81' lang='lat' dir='ltr'><strong><em>mensura</em></strong></span> <span class='ocrx_word' id='word_1_532' title='bbox 2749 3021 2864 3084; x_wconf 82' lang='lat' dir='ltr'><strong><em>eius</em></strong></span> <span class='ocrx_word' id='word_1_533' title='bbox 2884 3017 2938 3070; x_wconf 88' lang='lat' dir='ltr'><strong><em>in</em></strong></span> <span class='ocrx_word' id='word_1_534' title='bbox 2966 3015 3182 3070; x_wconf 82' lang='lat' dir='ltr'><strong><em>humero</em></strong></span> <span class='ocrx_word' id='word_1_535' title='bbox 3218 3017 3354 3087; x_wconf 88' lang='lat' dir='ltr'><strong><em>ejus,</em></strong></span> <span class='ocrx_word' id='word_1_536' title='bbox 3386 3023 3434 3070; x_wconf 85' lang='lat' dir='ltr'><strong><em>et</em></strong></span> <span class='ocrx_word' id='word_1_537' title='bbox 3480 3015 3756 3071; x_wconf 84' lang='lat' dir='ltr'><strong><em>vocabitur</em></strong></span> 
     </span>
    </p>
   </div>
   <div class='ocr_carea' id='block_1_61' title="bbox 2148 3109 3757 3186">
    <p class='ocr_par' dir='ltr' id='par_1_61' title="bbox 2148 3109 3757 3186">
     <span class='ocr_line' id='line_1_61' title="bbox 2148 3109 3757 3186; baseline -0.002 -19"><span class='ocrx_word' id='word_1_538' title='bbox 2148 3129 2332 3167; x_wconf 87' lang='lat' dir='ltr'><strong><em>nomen</em></strong></span> <span class='ocrx_word' id='word_1_539' title='bbox 2364 3115 2499 3186; x_wconf 84' lang='lat' dir='ltr'><strong><em>ejus,</em></strong></span> <span class='ocrx_word' id='word_1_540' title='bbox 2525 3111 2847 3166; x_wconf 86' lang='lat' dir='ltr'><strong><em>admirabilis</em></strong></span> <span class='ocrx_word' id='word_1_541' title='bbox 2867 3111 3193 3167; x_wconf 86' lang='lat' dir='ltr'><strong><em>consiliarius</em></strong></span> <span class='ocrx_word' id='word_1_542' title='bbox 3212 3153 3226 3176; x_wconf 92' lang='lat'><strong><em>,</em></strong></span> <span class='ocrx_word' id='word_1_543' title='bbox 3251 3109 3394 3165; x_wconf 90' lang='lat' dir='ltr'><strong><em>Deus</em></strong></span> <span class='ocrx_word' id='word_1_544' title='bbox 3423 3111 3571 3182; x_wconf 85' lang='lat' dir='ltr'><strong><em>fortis</em></strong></span> <span class='ocrx_word' id='word_1_545' title='bbox 3603 3151 3620 3176; x_wconf 93' lang='lat'><strong><em>,</em></strong></span> <span class='ocrx_word' id='word_1_546' title='bbox 3658 3127 3757 3182; x_wconf 70' lang='lat' dir='ltr'><strong><em>po.</em></strong></span> 
     </span>
    </p>
   </div>
   <div class='ocr_carea' id='block_1_62' title="bbox 443 3197 3758 3278">
    <p class='ocr_par' dir='ltr' id='par_1_62' title="bbox 443 3197 3758 3278">
     <span class='ocr_line' id='line_1_62' title="bbox 443 3197 3758 3278; baseline -0.002 -17"><span class='ocrx_word' id='word_1_547' title='bbox 443 3207 520 3261; x_wconf 81' lang='lat' dir='ltr'><strong><em>ita</em></strong></span> <span class='ocrx_word' id='word_1_548' title='bbox 545 3205 833 3277; x_wconf 87' lang='lat' dir='ltr'><strong><em>posuerit:</em></strong></span> <span class='ocrx_word' id='word_1_549' title='bbox 860 3203 1022 3260; x_wconf 86' lang='lat' dir='ltr'><strong><em>Liber</em></strong></span> <span class='ocrx_word' id='word_1_550' title='bbox 1048 3203 1419 3274; x_wconf 83' lang='lat' dir='ltr'><strong><em>generationis</em></strong></span> <span class='ocrx_word' id='word_1_551' title='bbox 1441 3199 1674 3255; x_wconf 63' lang='lat' dir='ltr'><strong><em>Abrahae</em></strong></span> <span class='ocrx_word' id='word_1_552' title='bbox 1705 3239 1720 3265; x_wconf 95' lang='lat'><strong><em>,</em></strong></span> <span class='ocrx_word' id='word_1_553' title='bbox 1752 3198 1868 3265; x_wconf 86' lang='lat' dir='ltr'><strong><em>sed,</em></strong></span> <span class='ocrx_word' id='word_1_554' title='bbox 1897 3197 2049 3252; x_wconf 87' lang='lat' dir='ltr'><strong><em>Liber</em></strong></span> <span class='ocrx_word' id='word_1_555' title='bbox 2073 3202 2120 3264; x_wconf 70' lang='grc' dir='ltr'>ο</span> <span class='ocrx_word' id='word_1_556' title='bbox 2153 3215 2285 3269; x_wconf 82' lang='lat' dir='ltr'><strong><em>(ens,</em></strong></span> <span class='ocrx_word' id='word_1_557' title='bbox 2311 3216 2456 3278; x_wconf 87' lang='lat' dir='ltr'><strong><em>pater</em></strong></span> <span class='ocrx_word' id='word_1_558' title='bbox 2499 3204 2697 3269; x_wconf 79' lang='lat' dir='ltr'><strong><em>sa’culi,</em></strong></span> <span class='ocrx_word' id='word_1_559' title='bbox 2731 3204 2972 3274; x_wconf 85' lang='lat' dir='ltr'><strong><em>princeps</em></strong></span> <span class='ocrx_word' id='word_1_560' title='bbox 3027 3203 3189 3273; x_wconf 85' lang='lat' dir='ltr'><strong><em>pacis.</em></strong></span> <span class='ocrx_word' id='word_1_561' title='bbox 3240 3199 3374 3272; x_wconf 87' lang='lat' dir='ltr'><strong><em>Ejus</em></strong></span> <span class='ocrx_word' id='word_1_562' title='bbox 3418 3201 3632 3273; x_wconf 85' lang='lat' dir='ltr'><strong><em>impleta</em></strong></span> <span class='ocrx_word' id='word_1_563' title='bbox 3678 3215 3758 3257; x_wconf 81' lang='lat' dir='ltr'><strong><em>est</em></strong></span> 
     </span>
    </p>
   </div>
   <div class='ocr_carea' id='block_1_63' title="bbox 445 3290 2046 3368">
    <p class='ocr_par' dir='ltr' id='par_1_63' title="bbox 445 3290 2046 3368">
     <span class='ocr_line' id='line_1_63' title="bbox 445 3290 2046 3368; baseline -0.007 -16"><span class='ocrx_word' id='word_1_564' title='bbox 445 3298 794 3368; x_wconf 85' lang='lat' dir='ltr'><strong><em>generationis</em></strong></span> <span class='ocrx_word' id='word_1_565' title='bbox 819 3295 946 3350; x_wconf 84' lang='lat' dir='ltr'><strong><em>Jesu</em></strong></span> <span class='ocrx_word' id='word_1_566' title='bbox 986 3293 1180 3349; x_wconf 84' lang='lat' dir='ltr'><strong><em>Christi</em></strong></span> <span class='ocrx_word' id='word_1_567' title='bbox 1234 3293 1332 3359; x_wconf 83' lang='lat' dir='ltr'><strong><em>ﬁlii</em></strong></span> <span class='ocrx_word' id='word_1_568' title='bbox 1388 3290 1558 3346; x_wconf 86' lang='lat' dir='ltr'><strong><em>David</em></strong></span> <span class='ocrx_word' id='word_1_569' title='bbox 1591 3334 1604 3357; x_wconf 95' lang='lat'><strong><em>,</em></strong></span> <span class='ocrx_word' id='word_1_570' title='bbox 1635 3291 1733 3359; x_wconf 86' lang='lat' dir='ltr'><strong><em>filii</em></strong></span> <span class='ocrx_word' id='word_1_571' title='bbox 1784 3290 2046 3344; x_wconf 79' lang='lat' dir='ltr'><strong><em>Abraham</em></strong></span> 
     </span>
    </p>
   </div>
   <div class='ocr_carea' id='block_1_64' title="bbox 446 3387 2048 3467">
    <p class='ocr_par' dir='ltr' id='par_1_64' title="bbox 446 3387 2048 3467">
     <span class='ocr_line' id='line_1_64' title="bbox 446 3387 2048 3467; baseline -0.006 -18"><span class='ocrx_word' id='word_1_572' title='bbox 446 3397 468 3467; x_wconf 93' lang='lat'><strong>(</strong></span> <span class='ocrx_word' id='word_1_573' title='bbox 494 3395 688 3450; x_wconf 72' lang='lat' dir='ltr'><strong><em>Matth.</em></strong></span> <span class='ocrx_word' id='word_1_574' title='bbox 715 3410 755 3460; x_wconf 87' lang='grc' dir='ltr'><strong><em>ι,</em></strong></span> <span class='ocrx_word' id='word_1_575' title='bbox 790 3396 814 3448; x_wconf 84' lang='grc'><strong><em>1</em></strong></span> <span class='ocrx_word' id='word_1_576' title='bbox 845 3393 886 3464; x_wconf 92' lang='grc'><strong><em>).</em></strong></span> <span class='ocrx_word' id='word_1_577' title='bbox 910 3393 979 3449; x_wconf 84' lang='lat' dir='ltr'><strong><em>Et</em></strong></span> <span class='ocrx_word' id='word_1_578' title='bbox 1006 3407 1105 3447; x_wconf 93' lang='lat' dir='ltr'><strong><em>cur</em></strong></span> <span class='ocrx_word' id='word_1_579' title='bbox 1124 3391 1224 3447; x_wconf 89' lang='lat' dir='ltr'><strong><em>hos</em></strong></span> <span class='ocrx_word' id='word_1_580' title='bbox 1245 3391 1384 3446; x_wconf 92' lang='lat' dir='ltr'><strong><em>duos</em></strong></span> <span class='ocrx_word' id='word_1_581' title='bbox 1435 3389 1776 3461; x_wconf 89' lang='lat' dir='ltr'><strong><em>potissimum</em></strong></span> <span class='ocrx_word' id='word_1_582' title='bbox 1802 3387 2048 3442; x_wconf 86' lang='lat' dir='ltr'><strong><em>nomina-</em></strong></span> 
     </span>
    </p>
   </div>
   <div class='ocr_carea' id='block_1_65' title="bbox 443 3479 2046 3556">
    <p class='ocr_par' dir='ltr' id='par_1_65' title="bbox 443 3479 2046 3556">
     <span class='ocr_line' id='line_1_65' title="bbox 443 3479 2046 3556; baseline -0.006 -14"><span class='ocrx_word' id='word_1_583' title='bbox 443 3487 629 3550; x_wconf 84' lang='lat' dir='ltr'><strong><em>verit,</em></strong></span> <span class='ocrx_word' id='word_1_584' title='bbox 673 3499 1012 3556; x_wconf 89' lang='lat' dir='ltr'><strong><em>nequaquam</em></strong></span> <span class='ocrx_word' id='word_1_585' title='bbox 1058 3482 1494 3554; x_wconf 60' lang='lat' dir='ltr'><strong><em>praetereundum</em></strong></span> <span class='ocrx_word' id='word_1_586' title='bbox 1549 3492 1698 3553; x_wconf 90' lang='lat' dir='ltr'><strong><em>puto.</em></strong></span> <span class='ocrx_word' id='word_1_587' title='bbox 1732 3479 1844 3535; x_wconf 85' lang='lat' dir='ltr'><strong><em>Non</em></strong></span> <span class='ocrx_word' id='word_1_588' title='bbox 1897 3480 2046 3534; x_wconf 89' lang='lat' dir='ltr'><strong><em>enim</em></strong></span> 
     </span>
    </p>
   </div>
   <div class='ocr_carea' id='block_1_66' title="bbox 451 3571 2050 3643">
    <p class='ocr_par' dir='ltr' id='par_1_66' title="bbox 451 3571 2050 3643">
     <span class='ocr_line' id='line_1_66' title="bbox 451 3571 2050 3643; baseline -0.004 -11"><span class='ocrx_word' id='word_1_589' title='bbox 451 3577 626 3632; x_wconf 87' lang='lat' dir='ltr'><strong><em>otiose</em></strong></span> <span class='ocrx_word' id='word_1_590' title='bbox 658 3575 955 3629; x_wconf 79' lang='lat' dir='ltr'><strong><em>ﬁdelissimi</em></strong></span> <span class='ocrx_word' id='word_1_591' title='bbox 985 3583 1235 3630; x_wconf 89' lang='lat' dir='ltr'><strong><em>auctores</em></strong></span> <span class='ocrx_word' id='word_1_592' title='bbox 1285 3575 1500 3643; x_wconf 86' lang='lat' dir='ltr'><strong><em>generis</em></strong></span> <span class='ocrx_word' id='word_1_593' title='bbox 1548 3574 1851 3642; x_wconf 89' lang='lat' dir='ltr'><strong><em>eliguntur;</em></strong></span> <span class='ocrx_word' id='word_1_594' title='bbox 1882 3581 1940 3626; x_wconf 91' lang='lat' dir='ltr'><strong><em>ut</em></strong></span> <span class='ocrx_word' id='word_1_595' title='bbox 1968 3571 2050 3626; x_wconf 86' lang='lat' dir='ltr'><strong><em>in-</em></strong></span> 
     </span>
    </p>
   </div>
   <div class='ocr_carea' id='block_1_67' title="bbox 447 3663 2052 3738">
    <p class='ocr_par' dir='ltr' id='par_1_67' title="bbox 447 3663 2052 3738">
     <span class='ocr_line' id='line_1_67' title="bbox 447 3663 2052 3738; baseline -0.003 -16"><span class='ocrx_word' id='word_1_596' title='bbox 447 3667 761 3738; x_wconf 88' lang='lat' dir='ltr'><strong><em>telligamus</em></strong></span> <span class='ocrx_word' id='word_1_597' title='bbox 781 3665 926 3736; x_wconf 87' lang='lat' dir='ltr'><strong><em>quod</em></strong></span> <span class='ocrx_word' id='word_1_598' title='bbox 956 3665 1010 3721; x_wconf 93' lang='lat' dir='ltr'><strong><em>in</em></strong></span> <span class='ocrx_word' id='word_1_599' title='bbox 1041 3665 1155 3736; x_wconf 90' lang='lat' dir='ltr'><strong><em>ipsa</em></strong></span> <span class='ocrx_word' id='word_1_600' title='bbox 1185 3664 1536 3736; x_wconf 87' lang='lat' dir='ltr'><strong><em>generatione</em></strong></span> <span class='ocrx_word' id='word_1_601' title='bbox 1575 3665 1756 3719; x_wconf 88' lang='lat' dir='ltr'><strong><em>carnis</em></strong></span> <span class='ocrx_word' id='word_1_602' title='bbox 1789 3704 1806 3730; x_wconf 91' lang='lat'><strong><em>,</em></strong></span> <span class='ocrx_word' id='word_1_603' title='bbox 1838 3663 2052 3732; x_wconf 87' lang='lat' dir='ltr'><strong><em>spirita-</em></strong></span> 
     </span>
    </p>
   </div>
   <div class='ocr_carea' id='block_1_68' title="bbox 448 3755 2048 3828">
    <p class='ocr_par' dir='ltr' id='par_1_68' title="bbox 448 3755 2048 3828">
     <span class='ocr_line' id='line_1_68' title="bbox 448 3755 2048 3828; baseline -0.001 -16"><span class='ocrx_word' id='word_1_604' title='bbox 448 3757 516 3812; x_wconf 87' lang='lat' dir='ltr'><strong><em>lis</em></strong></span> <span class='ocrx_word' id='word_1_605' title='bbox 547 3758 718 3827; x_wconf 88' lang='lat' dir='ltr'><strong><em>magis</em></strong></span> <span class='ocrx_word' id='word_1_606' title='bbox 748 3758 1022 3812; x_wconf 85' lang='lat' dir='ltr'><strong><em>successio</em></strong></span> <span class='ocrx_word' id='word_1_607' title='bbox 1058 3758 1384 3828; x_wconf 87' lang='lat' dir='ltr'><strong><em>requiratur.</em></strong></span> <span class='ocrx_word' id='word_1_608' title='bbox 1431 3756 1547 3810; x_wconf 90' lang='lat' dir='ltr'><strong><em>Duo</em></strong></span> <span class='ocrx_word' id='word_1_609' title='bbox 1593 3764 1721 3810; x_wconf 90' lang='lat' dir='ltr'><strong><em>sunt</em></strong></span> <span class='ocrx_word' id='word_1_610' title='bbox 1767 3755 1914 3810; x_wconf 87' lang='lat' dir='ltr'><strong><em>enim</em></strong></span> <span class='ocrx_word' id='word_1_611' title='bbox 1960 3755 2048 3811; x_wconf 90' lang='lat' dir='ltr'><strong><em>isti</em></strong></span> 
     </span>
    </p>
   </div>
   <div class='ocr_carea' id='block_1_69' title="bbox 451 3849 1697 3921">
    <p class='ocr_par' dir='ltr' id='par_1_69' title="bbox 451 3849 1697 3921">
     <span class='ocr_line' id='line_1_69' title="bbox 451 3849 1697 3921; baseline -0.002 -16"><span class='ocrx_word' id='word_1_612' title='bbox 451 3852 551 3906; x_wconf 88' lang='lat' dir='ltr'><strong><em>viri</em></strong></span> <span class='ocrx_word' id='word_1_613' title='bbox 573 3849 628 3905; x_wconf 90' lang='lat' dir='ltr'><strong><em>in</em></strong></span> <span class='ocrx_word' id='word_1_614' title='bbox 658 3865 794 3921; x_wconf 89' lang='lat' dir='ltr'><strong><em>quos</em></strong></span> <span class='ocrx_word' id='word_1_615' title='bbox 824 3859 1177 3905; x_wconf 86' lang='lat' dir='ltr'><strong><em>manaverunt</em></strong></span> <span class='ocrx_word' id='word_1_616' title='bbox 1201 3850 1467 3920; x_wconf 87' lang='lat' dir='ltr'><strong><em>promissa</em></strong></span> <span class='ocrx_word' id='word_1_617' title='bbox 1495 3849 1697 3903; x_wconf 84' lang='lat' dir='ltr'><strong><em>divina.</em></strong></span> 
     </span>
    </p>
   </div>
   <div class='ocr_carea' id='block_1_70' title="bbox 519 3941 2051 4013">
    <p class='ocr_par' dir='ltr' id='par_1_70' title="bbox 519 3941 2051 4013">
     <span class='ocr_line' id='line_1_70' title="bbox 519 3941 2051 4013; baseline -0.001 -15"><span class='ocrx_word' id='word_1_618' title='bbox 519 3942 573 3998; x_wconf 83' lang='lat'><strong><em>7.</em></strong></span> <span class='ocrx_word' id='word_1_619' title='bbox 603 3942 760 3999; x_wconf 88' lang='lat' dir='ltr'><strong><em>Prior</em></strong></span> <span class='ocrx_word' id='word_1_620' title='bbox 787 3942 1059 3998; x_wconf 84' lang='lat' dir='ltr'><strong><em>Abraham</em></strong></span> <span class='ocrx_word' id='word_1_621' title='bbox 1092 3942 1182 4012; x_wconf 90' lang='lat' dir='ltr'><strong><em>qui</em></strong></span> <span class='ocrx_word' id='word_1_622' title='bbox 1209 3951 1336 3996; x_wconf 89' lang='lat' dir='ltr'><strong><em>ante</em></strong></span> <span class='ocrx_word' id='word_1_623' title='bbox 1366 3941 1567 4013; x_wconf 80' lang='lat' dir='ltr'><strong><em>Moysis</em></strong></span> <span class='ocrx_word' id='word_1_624' title='bbox 1608 3941 1804 4013; x_wconf 89' lang='lat' dir='ltr'><strong><em>legem,</em></strong></span> <span class='ocrx_word' id='word_1_625' title='bbox 1832 3949 1886 3996; x_wconf 89' lang='lat' dir='ltr'><strong><em>et</em></strong></span> <span class='ocrx_word' id='word_1_626' title='bbox 1925 3949 2051 3997; x_wconf 84' lang='lat' dir='ltr'><strong><em>ante</em></strong></span> 
     </span>
    </p>
   </div>
   <div class='ocr_carea' id='block_1_71' title="bbox 446 4035 2054 4108">
    <p class='ocr_par' dir='ltr' id='par_1_71' title="bbox 446 4035 2054 4108">
     <span class='ocr_line' id='line_1_71' title="bbox 446 4035 2054 4108; baseline -0.001 -16"><span class='ocrx_word' id='word_1_627' title='bbox 446 4039 708 4108; x_wconf 83' lang='lat' dir='ltr'><strong><em>populum</em></strong></span> <span class='ocrx_word' id='word_1_628' title='bbox 733 4035 1045 4092; x_wconf 68' lang='lat' dir='ltr'><strong><em>Judaaorum</em></strong></span> <span class='ocrx_word' id='word_1_629' title='bbox 1076 4035 1297 4105; x_wconf 88' lang='lat' dir='ltr'><strong><em>propria</em></strong></span> <span class='ocrx_word' id='word_1_630' title='bbox 1317 4035 1724 4105; x_wconf 89' lang='lat' dir='ltr'><strong><em>derelinquens,</em></strong></span> <span class='ocrx_word' id='word_1_631' title='bbox 1744 4043 1801 4090; x_wconf 89' lang='lat' dir='ltr'><strong><em>et</em></strong></span> <span class='ocrx_word' id='word_1_632' title='bbox 1827 4049 2054 4105; x_wconf 88' lang='lat' dir='ltr'><strong><em>cognos-</em></strong></span> 
     </span>
    </p>
   </div>
   <div class='ocr_carea' id='block_1_72' title="bbox 446 4126 2053 4198">
    <p class='ocr_par' dir='ltr' id='par_1_72' title="bbox 446 4126 2053 4198">
     <span class='ocr_line' id='line_1_72' title="bbox 446 4126 2053 4198; baseline -0.002 -11"><span class='ocrx_word' id='word_1_633' title='bbox 446 4143 580 4187; x_wconf 90' lang='lat' dir='ltr'><strong><em>cens</em></strong></span> <span class='ocrx_word' id='word_1_634' title='bbox 612 4128 805 4194; x_wconf 90' lang='lat' dir='ltr'><strong><em>Deum,</em></strong></span> <span class='ocrx_word' id='word_1_635' title='bbox 835 4126 1177 4182; x_wconf 86' lang='lat' dir='ltr'><strong><em>meruitlldei</em></strong></span> <span class='ocrx_word' id='word_1_636' title='bbox 1203 4126 1614 4192; x_wconf 85' lang='lat' dir='ltr'><strong><em>testimonium;</em></strong></span> <span class='ocrx_word' id='word_1_637' title='bbox 1647 4129 1770 4198; x_wconf 88' lang='lat' dir='ltr'><strong><em>quia</em></strong></span> <span class='ocrx_word' id='word_1_638' title='bbox 1821 4127 2053 4183; x_wconf 80' lang='lat' dir='ltr'><strong><em>Credidit</em></strong></span> 
     </span>
    </p>
   </div>
   <div class='ocr_carea' id='block_1_73' title="bbox 451 4219 2048 4292">
    <p class='ocr_par' dir='ltr' id='par_1_73' title="bbox 451 4219 2048 4292">
     <span class='ocr_line' id='line_1_73' title="bbox 451 4219 2048 4292; baseline -0.001 -15"><span class='ocrx_word' id='word_1_639' title='bbox 451 4221 585 4287; x_wconf 86' lang='lat' dir='ltr'><strong><em>Deo,</em></strong></span> <span class='ocrx_word' id='word_1_640' title='bbox 611 4229 659 4275; x_wconf 86' lang='lat' dir='ltr'><strong><em>et</em></strong></span> <span class='ocrx_word' id='word_1_641' title='bbox 673 4229 964 4291; x_wconf 89' lang='lat' dir='ltr'><strong><em>reputatum</em></strong></span> <span class='ocrx_word' id='word_1_642' title='bbox 990 4228 1062 4273; x_wconf 92' lang='lat' dir='ltr'><strong><em>est</em></strong></span> <span class='ocrx_word' id='word_1_643' title='bbox 1092 4220 1140 4272; x_wconf 90' lang='lat' dir='ltr'><strong><em>ei</em></strong></span> <span class='ocrx_word' id='word_1_644' title='bbox 1192 4221 1260 4272; x_wconf 87' lang='lat' dir='ltr'><strong><em>ad</em></strong></span> <span class='ocrx_word' id='word_1_645' title='bbox 1305 4221 1567 4289; x_wconf 88' lang='lat' dir='ltr'><strong><em>justitiam</em></strong></span> <span class='ocrx_word' id='word_1_646' title='bbox 1590 4221 1608 4290; x_wconf 95' lang='lat'>(</span> <span class='ocrx_word' id='word_1_647' title='bbox 1635 4219 1764 4274; x_wconf 85' lang='lat' dir='ltr'><strong><em>Gen.</em></strong></span> <span class='ocrx_word' id='word_1_648' title='bbox 1815 4237 1910 4287; x_wconf 75' lang='lat' dir='ltr'><strong><em>xv,</em></strong></span> <span class='ocrx_word' id='word_1_649' title='bbox 1940 4222 2004 4292; x_wconf 90' lang='lat'><strong><em>6)</em></strong></span> <span class='ocrx_word' id='word_1_650' title='bbox 2035 4239 2048 4275; x_wconf 89' lang='lat'><strong>:</strong></span> 
     </span>
    </p>
   </div>
   <div class='ocr_carea' id='block_1_74' title="bbox 450 4309 2054 4386">
    <p class='ocr_par' dir='ltr' id='par_1_74' title="bbox 450 4309 2054 4386">
     <span class='ocr_line' id='line_1_74' title="bbox 450 4309 2054 4386; baseline -0.001 -17"><span class='ocrx_word' id='word_1_651' title='bbox 450 4315 543 4386; x_wconf 91' lang='lat' dir='ltr'><strong><em>qui</em></strong></span> <span class='ocrx_word' id='word_1_652' title='bbox 574 4313 738 4368; x_wconf 88' lang='lat' dir='ltr'><strong><em>etiam</em></strong></span> <span class='ocrx_word' id='word_1_653' title='bbox 765 4327 792 4364; x_wconf 91' lang='lat' dir='ltr'><strong><em>a</em></strong></span> <span class='ocrx_word' id='word_1_654' title='bbox 823 4312 934 4367; x_wconf 87' lang='lat' dir='ltr'><strong><em>Deo</em></strong></span> <span class='ocrx_word' id='word_1_655' title='bbox 960 4309 1167 4379; x_wconf 85' lang='lat' dir='ltr'><strong><em>accepit</em></strong></span> <span class='ocrx_word' id='word_1_656' title='bbox 1197 4312 1473 4364; x_wconf 90' lang='lat' dir='ltr'><strong><em>oraculum</em></strong></span> <span class='ocrx_word' id='word_1_657' title='bbox 1498 4352 1514 4377; x_wconf 92' lang='lat'><strong><em>,</em></strong></span> <span class='ocrx_word' id='word_1_658' title='bbox 1533 4311 1748 4366; x_wconf 88' lang='lat' dir='ltr'><strong><em>dicente</em></strong></span> <span class='ocrx_word' id='word_1_659' title='bbox 1774 4312 1876 4368; x_wconf 90' lang='lat' dir='ltr'><strong><em>sibi</em></strong></span> <span class='ocrx_word' id='word_1_660' title='bbox 1906 4331 1919 4368; x_wconf 90' lang='lat'><strong>:</strong></span> <span class='ocrx_word' id='word_1_661' title='bbox 1948 4313 2054 4368; x_wconf 75' lang='lat' dir='ltr'><strong><em>Exi</em></strong></span> 
     </span>
    </p>
   </div>
   <div class='ocr_carea' id='block_1_75' title="bbox 449 4403 2049 4474">
    <p class='ocr_par' dir='ltr' id='par_1_75' title="bbox 449 4403 2049 4474">
     <span class='ocr_line' id='line_1_75' title="bbox 449 4403 2049 4474; baseline -0.002 -12"><span class='ocrx_word' id='word_1_662' title='bbox 449 4407 514 4462; x_wconf 89' lang='lat' dir='ltr'><strong><em>de</em></strong></span> <span class='ocrx_word' id='word_1_663' title='bbox 535 4416 672 4461; x_wconf 84' lang='lat' dir='ltr'><strong><em>terra</em></strong></span> <span class='ocrx_word' id='word_1_664' title='bbox 698 4414 807 4472; x_wconf 89' lang='lat' dir='ltr'><strong><em>tua,</em></strong></span> <span class='ocrx_word' id='word_1_665' title='bbox 831 4413 879 4457; x_wconf 87' lang='lat' dir='ltr'><strong><em>et</em></strong></span> <span class='ocrx_word' id='word_1_666' title='bbox 903 4403 968 4457; x_wconf 92' lang='lat' dir='ltr'><strong><em>de</em></strong></span> <span class='ocrx_word' id='word_1_667' title='bbox 987 4403 1290 4473; x_wconf 87' lang='lat' dir='ltr'><strong><em>cognatione</em></strong></span> <span class='ocrx_word' id='word_1_668' title='bbox 1318 4412 1407 4456; x_wconf 88' lang='lat' dir='ltr'><strong><em>tua</em></strong></span> <span class='ocrx_word' id='word_1_669' title='bbox 1435 4444 1450 4468; x_wconf 91' lang='lat'><strong><em>,</em></strong></span> <span class='ocrx_word' id='word_1_670' title='bbox 1474 4412 1520 4456; x_wconf 90' lang='lat' dir='ltr'><strong><em>et</em></strong></span> <span class='ocrx_word' id='word_1_671' title='bbox 1571 4403 1634 4458; x_wconf 88' lang='lat' dir='ltr'><strong><em>de</em></strong></span> <span class='ocrx_word' id='word_1_672' title='bbox 1685 4403 1839 4458; x_wconf 91' lang='lat' dir='ltr'><strong><em>domo</em></strong></span> <span class='ocrx_word' id='word_1_673' title='bbox 1883 4405 2049 4474; x_wconf 87' lang='lat' dir='ltr'><strong><em>patris</em></strong></span> 
     </span>
    </p>
   </div>
   <div class='ocr_carea' id='block_1_76' title="bbox 454 4493 2052 4567">
    <p class='ocr_par' dir='ltr' id='par_1_76' title="bbox 454 4493 2052 4567">
     <span class='ocr_line' id='line_1_76' title="bbox 454 4493 2052 4567; baseline -0.001 -14"><span class='ocrx_word' id='word_1_674' title='bbox 454 4499 565 4564; x_wconf 84' lang='lat' dir='ltr'><strong><em>tui,</em></strong></span> <span class='ocrx_word' id='word_1_675' title='bbox 594 4507 640 4552; x_wconf 89' lang='lat' dir='ltr'><strong><em>et</em></strong></span> <span class='ocrx_word' id='word_1_676' title='bbox 679 4496 807 4550; x_wconf 88' lang='lat' dir='ltr'><strong><em>vade</em></strong></span> <span class='ocrx_word' id='word_1_677' title='bbox 832 4496 886 4549; x_wconf 89' lang='lat' dir='ltr'><strong><em>in</em></strong></span> <span class='ocrx_word' id='word_1_678' title='bbox 917 4503 1105 4549; x_wconf 87' lang='lat' dir='ltr'><strong><em>terram</em></strong></span> <span class='ocrx_word' id='word_1_679' title='bbox 1131 4511 1284 4564; x_wconf 86' lang='lat' dir='ltr'><strong><em>quam</em></strong></span> <span class='ocrx_word' id='word_1_680' title='bbox 1311 4493 1401 4548; x_wconf 89' lang='lat' dir='ltr'><strong><em>tibi</em></strong></span> <span class='ocrx_word' id='word_1_681' title='bbox 1425 4494 1721 4550; x_wconf 85' lang='lat' dir='ltr'><strong><em>monstrabo</em></strong></span> <span class='ocrx_word' id='word_1_682' title='bbox 1739 4537 1756 4562; x_wconf 94' lang='lat'><strong><em>,</em></strong></span> <span class='ocrx_word' id='word_1_683' title='bbox 1781 4505 1830 4550; x_wconf 89' lang='lat' dir='ltr'><strong><em>et</em></strong></span> <span class='ocrx_word' id='word_1_684' title='bbox 1861 4497 2052 4567; x_wconf 83' lang='lat' dir='ltr'><strong><em>faciant</em></strong></span> 
     </span>
    </p>
   </div>
   <div class='ocr_carea' id='block_1_77' title="bbox 2152 3292 3760 3370">
    <p class='ocr_par' dir='ltr' id='par_1_77' title="bbox 2152 3292 3760 3370">
     <span class='ocr_line' id='line_1_77' title="bbox 2152 3292 3760 3370; baseline -0.001 -18"><span class='ocrx_word' id='word_1_685' title='bbox 2152 3298 2455 3368; x_wconf 89' lang='lat' dir='ltr'><strong><em>disciplina,</em></strong></span> <span class='ocrx_word' id='word_1_686' title='bbox 2483 3307 2530 3351; x_wconf 89' lang='lat' dir='ltr'><strong><em>et</em></strong></span> <span class='ocrx_word' id='word_1_687' title='bbox 2561 3297 2704 3370; x_wconf 89' lang='lat' dir='ltr'><strong><em>pacis</em></strong></span> <span class='ocrx_word' id='word_1_688' title='bbox 2727 3297 2839 3366; x_wconf 88' lang='lat' dir='ltr'><strong><em>ejus</em></strong></span> <span class='ocrx_word' id='word_1_689' title='bbox 2861 3312 2961 3350; x_wconf 88' lang='lat' dir='ltr'><strong><em>non</em></strong></span> <span class='ocrx_word' id='word_1_690' title='bbox 2987 3305 3062 3350; x_wconf 89' lang='lat' dir='ltr'><strong><em>est</em></strong></span> <span class='ocrx_word' id='word_1_691' title='bbox 3087 3295 3229 3366; x_wconf 82' lang='lat' dir='ltr'><strong><em>linis,</em></strong></span> <span class='ocrx_word' id='word_1_692' title='bbox 3256 3310 3416 3367; x_wconf 90' lang='lat' dir='ltr'><strong><em>supra</em></strong></span> <span class='ocrx_word' id='word_1_693' title='bbox 3440 3294 3608 3350; x_wconf 88' lang='lat' dir='ltr'><strong><em>sedem</em></strong></span> <span class='ocrx_word' id='word_1_694' title='bbox 3641 3292 3760 3351; x_wconf 83' lang='lat' dir='ltr'><strong><em>Da-</em></strong></span> 
     </span>
    </p>
   </div>
   <div class='ocr_carea' id='block_1_78' title="bbox 2147 3391 2914 3463">
    <p class='ocr_par' dir='ltr' id='par_1_78' title="bbox 2147 3391 2914 3463">
     <span class='ocr_line' id='line_1_78' title="bbox 2147 3391 2914 3463; baseline -0.003 -17"><span class='ocrx_word' id='word_1_695' title='bbox 2147 3391 2257 3456; x_wconf 81' lang='lat' dir='ltr'><strong><em>vid,</em></strong></span> <span class='ocrx_word' id='word_1_696' title='bbox 2278 3401 2324 3445; x_wconf 88' lang='lat' dir='ltr'><strong><em>et</em></strong></span> <span class='ocrx_word' id='word_1_697' title='bbox 2346 3407 2508 3458; x_wconf 85' lang='lat' dir='ltr'><strong><em>supra</em></strong></span> <span class='ocrx_word' id='word_1_698' title='bbox 2535 3407 2749 3463; x_wconf 89' lang='lat' dir='ltr'><strong><em>regnum</em></strong></span> <span class='ocrx_word' id='word_1_699' title='bbox 2779 3393 2914 3462; x_wconf 88' lang='lat' dir='ltr'><strong><em>ejus.</em></strong></span> 
     </span>
    </p>
   </div>
   <div class='ocr_carea' id='block_1_79' title="bbox 2221 3482 3757 3553">
    <p class='ocr_par' dir='ltr' id='par_1_79' title="bbox 2221 3482 3757 3553">
     <span class='ocr_line' id='line_1_79' title="bbox 2221 3482 3757 3553; baseline -0.001 -14"><span class='ocrx_word' id='word_1_700' title='bbox 2221 3483 2277 3539; x_wconf 87' lang='lat'><strong><em>9.</em></strong></span> <span class='ocrx_word' id='word_1_701' title='bbox 2317 3482 2508 3538; x_wconf 88' lang='lat' dir='ltr'><strong><em>Omnia</em></strong></span> <span class='ocrx_word' id='word_1_702' title='bbox 2540 3484 2840 3540; x_wconf 87' lang='lat' dir='ltr'><strong><em>convenire</em></strong></span> <span class='ocrx_word' id='word_1_703' title='bbox 2881 3483 2950 3538; x_wconf 88' lang='lat' dir='ltr'><strong><em>de</em></strong></span> <span class='ocrx_word' id='word_1_704' title='bbox 2984 3482 3204 3539; x_wconf 88' lang='lat' dir='ltr'><strong><em>Christo</em></strong></span> <span class='ocrx_word' id='word_1_705' title='bbox 3243 3482 3584 3540; x_wconf 87' lang='lat' dir='ltr'><strong><em>evidentibus</em></strong></span> <span class='ocrx_word' id='word_1_706' title='bbox 3633 3483 3757 3553; x_wconf 84' lang='lat' dir='ltr'><strong><em>sig-</em></strong></span> 
     </span>
    </p>
   </div>
   <div class='ocr_carea' id='block_1_80' title="bbox 2151 3576 3762 3646">
    <p class='ocr_par' dir='ltr' id='par_1_80' title="bbox 2151 3576 3762 3646">
     <span class='ocr_line' id='line_1_80' title="bbox 2151 3576 3762 3646; baseline 0 -15"><span class='ocrx_word' id='word_1_707' title='bbox 2151 3586 2313 3632; x_wconf 89' lang='lat' dir='ltr'><strong><em>natur</em></strong></span> <span class='ocrx_word' id='word_1_708' title='bbox 2348 3576 2617 3644; x_wconf 88' lang='lat' dir='ltr'><strong><em>oraculis,</em></strong></span> <span class='ocrx_word' id='word_1_709' title='bbox 2652 3590 2752 3631; x_wconf 91' lang='lat' dir='ltr'><strong><em>nec</em></strong></span> <span class='ocrx_word' id='word_1_710' title='bbox 2789 3591 2948 3646; x_wconf 87' lang='lat' dir='ltr'><strong><em>posse</em></strong></span> <span class='ocrx_word' id='word_1_711' title='bbox 2973 3576 3172 3631; x_wconf 72' lang='lat' dir='ltr'><strong><em>divina:</em></strong></span> <span class='ocrx_word' id='word_1_712' title='bbox 3212 3577 3442 3631; x_wconf 80' lang='lat' dir='ltr'><strong><em>fructum</em></strong></span> <span class='ocrx_word' id='word_1_713' title='bbox 3489 3577 3762 3646; x_wconf 76' lang='lat' dir='ltr'><strong><em>potentia:</em></strong></span> 
     </span>
    </p>
   </div>
   <div class='ocr_carea' id='block_1_81' title="bbox 2151 3667 3758 3740">
    <p class='ocr_par' dir='ltr' id='par_1_81' title="bbox 2151 3667 3758 3740">
     <span class='ocr_line' id='line_1_81' title="bbox 2151 3667 3758 3740; baseline -0.001 -16"><span class='ocrx_word' id='word_1_714' title='bbox 2151 3669 2216 3727; x_wconf 86' lang='lat' dir='ltr'><strong><em>ad</em></strong></span> <span class='ocrx_word' id='word_1_715' title='bbox 2250 3668 2558 3724; x_wconf 89' lang='lat' dir='ltr'><strong><em>Salomonis</em></strong></span> <span class='ocrx_word' id='word_1_716' title='bbox 2577 3669 2807 3740; x_wconf 88' lang='lat' dir='ltr'><strong><em>gratiam</em></strong></span> <span class='ocrx_word' id='word_1_717' title='bbox 2833 3668 3105 3737; x_wconf 86' lang='lat' dir='ltr'><strong><em>derivari,</em></strong></span> <span class='ocrx_word' id='word_1_718' title='bbox 3132 3667 3225 3739; x_wconf 88' lang='lat' dir='ltr'><strong><em>qui</em></strong></span> <span class='ocrx_word' id='word_1_719' title='bbox 3255 3667 3419 3724; x_wconf 91' lang='lat' dir='ltr'><strong><em>David</em></strong></span> <span class='ocrx_word' id='word_1_720' title='bbox 3447 3668 3588 3722; x_wconf 88' lang='lat' dir='ltr'><strong><em>titius</em></strong></span> <span class='ocrx_word' id='word_1_721' title='bbox 3617 3667 3723 3722; x_wconf 80' lang='lat' dir='ltr'><strong><em>fuit</em></strong></span> <span class='ocrx_word' id='word_1_722' title='bbox 3741 3709 3758 3733; x_wconf 85' lang='lat'><strong><em>,</em></strong></span> 
     </span>
    </p>
   </div>
   <div class='ocr_carea' id='block_1_82' title="bbox 2152 3758 3761 3834">
    <p class='ocr_par' dir='ltr' id='par_1_82' title="bbox 2152 3758 3761 3834">
     <span class='ocr_line' id='line_1_82' title="bbox 2152 3758 3761 3834; baseline -0.003 -15"><span class='ocrx_word' id='word_1_723' title='bbox 2152 3762 2306 3834; x_wconf 85' lang='lat' dir='ltr'><strong><em>cujus</em></strong></span> <span class='ocrx_word' id='word_1_724' title='bbox 2337 3763 2460 3818; x_wconf 87' lang='lat' dir='ltr'><strong><em>linis</em></strong></span> <span class='ocrx_word' id='word_1_725' title='bbox 2491 3762 2632 3818; x_wconf 86' lang='lat' dir='ltr'><strong><em>haud</em></strong></span> <span class='ocrx_word' id='word_1_726' title='bbox 2663 3763 2824 3820; x_wconf 87' lang='lat' dir='ltr'><strong><em>dubie</em></strong></span> <span class='ocrx_word' id='word_1_727' title='bbox 2870 3765 3236 3834; x_wconf 87' lang='lat' dir='ltr'><strong><em>cognoscitur.</em></strong></span> <span class='ocrx_word' id='word_1_728' title='bbox 3268 3762 3416 3817; x_wconf 80' lang='lat' dir='ltr'><strong><em>Finis</em></strong></span> <span class='ocrx_word' id='word_1_729' title='bbox 3460 3763 3604 3817; x_wconf 88' lang='lat' dir='ltr'><strong><em>enim</em></strong></span> <span class='ocrx_word' id='word_1_730' title='bbox 3653 3758 3761 3815; x_wconf 80' lang='lat' dir='ltr'><strong><em>fuit</em></strong></span> 
     </span>
    </p>
   </div>
   <div class='ocr_carea' id='block_1_83' title="bbox 2154 3856 3762 3933">
    <p class='ocr_par' dir='ltr' id='par_1_83' title="bbox 2154 3856 3762 3933">
     <span class='ocr_line' id='line_1_83' title="bbox 2154 3856 3762 3933; baseline -0.004 -17"><span class='ocrx_word' id='word_1_731' title='bbox 2154 3860 2306 3933; x_wconf 91' lang='lat' dir='ltr'><strong><em>regni</em></strong></span> <span class='ocrx_word' id='word_1_732' title='bbox 2334 3859 2671 3926; x_wconf 88' lang='lat' dir='ltr'><strong><em>Salomonis,</em></strong></span> <span class='ocrx_word' id='word_1_733' title='bbox 2703 3867 2758 3913; x_wconf 92' lang='lat' dir='ltr'><strong><em>et</em></strong></span> <span class='ocrx_word' id='word_1_734' title='bbox 2786 3860 2967 3930; x_wconf 89' lang='lat' dir='ltr'><strong><em>pacis,</em></strong></span> <span class='ocrx_word' id='word_1_735' title='bbox 3003 3868 3059 3913; x_wconf 93' lang='lat' dir='ltr'><strong><em>ut</em></strong></span> <span class='ocrx_word' id='word_1_736' title='bbox 3089 3857 3397 3928; x_wconf 81' lang='lat' dir='ltr'><strong><em>Regnorum</em></strong></span> <span class='ocrx_word' id='word_1_737' title='bbox 3427 3856 3762 3912; x_wconf 85' lang='lat' dir='ltr'><strong><em>lectionibus</em></strong></span> 
     </span>
    </p>
   </div>
   <div class='ocr_carea' id='block_1_84' title="bbox 2152 3948 3759 4019">
    <p class='ocr_par' dir='ltr' id='par_1_84' title="bbox 2152 3948 3759 4019">
     <span class='ocr_line' id='line_1_84' title="bbox 2152 3948 3759 4019; baseline -0.004 -10"><span class='ocrx_word' id='word_1_738' title='bbox 2152 3953 2577 4009; x_wconf 84' lang='lat' dir='ltr'><strong><em>demonstratur.</em></strong></span> <span class='ocrx_word' id='word_1_739' title='bbox 2606 3950 2756 4006; x_wconf 87' lang='lat' dir='ltr'><strong><em>Unus</em></strong></span> <span class='ocrx_word' id='word_1_740' title='bbox 2785 3959 2866 4005; x_wconf 89' lang='lat' dir='ltr'><strong><em>est</em></strong></span> <span class='ocrx_word' id='word_1_741' title='bbox 2897 3949 3175 4016; x_wconf 78' lang='lat' dir='ltr'><strong><em>Christus,</em></strong></span> <span class='ocrx_word' id='word_1_742' title='bbox 3198 3948 3354 4019; x_wconf 88' lang='lat' dir='ltr'><strong><em>cujus</em></strong></span> <span class='ocrx_word' id='word_1_743' title='bbox 3383 3963 3609 4019; x_wconf 87' lang='lat' dir='ltr'><strong><em>regnum</em></strong></span> <span class='ocrx_word' id='word_1_744' title='bbox 3645 3963 3759 4003; x_wconf 86' lang='lat' dir='ltr'><strong><em>non</em></strong></span> 
     </span>
    </p>
   </div>
   <div class='ocr_carea' id='block_1_85' title="bbox 2154 4041 3764 4112">
    <p class='ocr_par' dir='ltr' id='par_1_85' title="bbox 2154 4041 3764 4112">
     <span class='ocr_line' id='line_1_85' title="bbox 2154 4041 3764 4112; baseline -0.002 -12"><span class='ocrx_word' id='word_1_745' title='bbox 2154 4044 2320 4100; x_wconf 82' lang='lat' dir='ltr'><strong><em>habet</em></strong></span> <span class='ocrx_word' id='word_1_746' title='bbox 2350 4045 2534 4100; x_wconf 84' lang='lat' dir='ltr'><strong><em>linem.</em></strong></span> <span class='ocrx_word' id='word_1_747' title='bbox 2567 4043 2770 4100; x_wconf 88' lang='lat' dir='ltr'><strong><em>Deinde</em></strong></span> <span class='ocrx_word' id='word_1_748' title='bbox 2799 4043 2963 4098; x_wconf 91' lang='lat' dir='ltr'><strong><em>nullis</em></strong></span> <span class='ocrx_word' id='word_1_749' title='bbox 2991 4043 3251 4098; x_wconf 90' lang='lat' dir='ltr'><strong><em>Salomon</em></strong></span> <span class='ocrx_word' id='word_1_750' title='bbox 3287 4043 3542 4112; x_wconf 88' lang='lat' dir='ltr'><strong><em>gentibus</em></strong></span> <span class='ocrx_word' id='word_1_751' title='bbox 3580 4041 3764 4112; x_wconf 85' lang='lat' dir='ltr'><strong><em>impe-</em></strong></span> 
     </span>
    </p>
   </div>
   <div class='ocr_carea' id='block_1_86' title="bbox 2155 4133 3766 4204">
    <p class='ocr_par' dir='ltr' id='par_1_86' title="bbox 2155 4133 3766 4204">
     <span class='ocr_line' id='line_1_86' title="bbox 2155 4133 3766 4204; baseline -0.002 -12"><span class='ocrx_word' id='word_1_752' title='bbox 2155 4141 2291 4192; x_wconf 82' lang='lat' dir='ltr'><strong><em>ravit</em></strong></span> <span class='ocrx_word' id='word_1_753' title='bbox 2317 4180 2332 4204; x_wconf 92' lang='lat'><strong><em>,</em></strong></span> <span class='ocrx_word' id='word_1_754' title='bbox 2361 4137 2610 4193; x_wconf 84' lang='lat' dir='ltr'><strong><em>Christus</em></strong></span> <span class='ocrx_word' id='word_1_755' title='bbox 2642 4151 2773 4192; x_wconf 88' lang='lat' dir='ltr'><strong><em>vero</em></strong></span> <span class='ocrx_word' id='word_1_756' title='bbox 2825 4135 3122 4191; x_wconf 86' lang='lat' dir='ltr'><strong><em>Ecclesiam</em></strong></span> <span class='ocrx_word' id='word_1_757' title='bbox 3161 4136 3230 4190; x_wconf 87' lang='lat' dir='ltr'><strong><em>de</em></strong></span> <span class='ocrx_word' id='word_1_758' title='bbox 3277 4133 3588 4190; x_wconf 89' lang='lat' dir='ltr'><strong><em>nationibus</em></strong></span> <span class='ocrx_word' id='word_1_759' title='bbox 3619 4149 3766 4189; x_wconf 89' lang='lat' dir='ltr'><strong><em>con-</em></strong></span> 
     </span>
    </p>
   </div>
   <div class='ocr_carea' id='block_1_87' title="bbox 2155 4227 3764 4302">
    <p class='ocr_par' dir='ltr' id='par_1_87' title="bbox 2155 4227 3764 4302">
     <span class='ocr_line' id='line_1_87' title="bbox 2155 4227 3764 4302; baseline 0 -20"><span class='ocrx_word' id='word_1_760' title='bbox 2155 4230 2398 4302; x_wconf 83' lang='lat' dir='ltr'><strong><em>gregavit</em></strong></span> <span class='ocrx_word' id='word_1_761' title='bbox 2429 4230 2718 4286; x_wconf 89' lang='lat' dir='ltr'><strong><em>universis.</em></strong></span> <span class='ocrx_word' id='word_1_762' title='bbox 2752 4230 3035 4285; x_wconf 82' lang='lat' dir='ltr'><strong><em>Postremo</em></strong></span> <span class='ocrx_word' id='word_1_763' title='bbox 3074 4230 3288 4284; x_wconf 85' lang='lat' dir='ltr'><strong><em>vivente</em></strong></span> <span class='ocrx_word' id='word_1_764' title='bbox 3321 4227 3486 4282; x_wconf 89' lang='lat' dir='ltr'><strong><em>David</em></strong></span> <span class='ocrx_word' id='word_1_765' title='bbox 3507 4267 3524 4294; x_wconf 92' lang='lat'><strong><em>,</em></strong></span> <span class='ocrx_word' id='word_1_766' title='bbox 3557 4235 3614 4282; x_wconf 89' lang='lat' dir='ltr'><strong><em>et</em></strong></span> <span class='ocrx_word' id='word_1_767' title='bbox 3664 4243 3764 4282; x_wconf 85' lang='lat' dir='ltr'><strong><em>na-</em></strong></span> 
     </span>
    </p>
   </div>
   <div class='ocr_carea' id='block_1_88' title="bbox 2156 4321 3765 4395">
    <p class='ocr_par' dir='ltr' id='par_1_88' title="bbox 2156 4321 3765 4395">
     <span class='ocr_line' id='line_1_88' title="bbox 2156 4321 3765 4395; baseline -0.002 -16"><span class='ocrx_word' id='word_1_768' title='bbox 2156 4333 2243 4380; x_wconf 86' lang='lat' dir='ltr'><strong><em>tus</em></strong></span> <span class='ocrx_word' id='word_1_769' title='bbox 2273 4333 2356 4380; x_wconf 89' lang='lat' dir='ltr'><strong><em>est</em></strong></span> <span class='ocrx_word' id='word_1_770' title='bbox 2388 4325 2681 4394; x_wconf 90' lang='lat' dir='ltr'><strong><em>Salomon,</em></strong></span> <span class='ocrx_word' id='word_1_771' title='bbox 2711 4333 2767 4380; x_wconf 93' lang='lat' dir='ltr'><strong><em>et</em></strong></span> <span class='ocrx_word' id='word_1_772' title='bbox 2797 4339 3020 4395; x_wconf 80' lang='lat' dir='ltr'><strong><em>regnum</em></strong></span> <span class='ocrx_word' id='word_1_773' title='bbox 3051 4333 3134 4379; x_wconf 88' lang='lat' dir='ltr'><strong><em>est</em></strong></span> <span class='ocrx_word' id='word_1_774' title='bbox 3159 4331 3507 4378; x_wconf 88' lang='lat' dir='ltr'><strong><em>consecutus.</em></strong></span> <span class='ocrx_word' id='word_1_775' title='bbox 3541 4321 3642 4376; x_wconf 85' lang='lat' dir='ltr'><strong><em>Hic</em></strong></span> <span class='ocrx_word' id='word_1_776' title='bbox 3663 4337 3765 4376; x_wconf 82' lang='lat' dir='ltr'><strong><em>au—</em></strong></span> 
     </span>
    </p>
   </div>
   <div class='ocr_carea' id='block_1_89' title="bbox 2157 4413 3765 4489">
    <p class='ocr_par' dir='ltr' id='par_1_89' title="bbox 2157 4413 3765 4489">
     <span class='ocr_line' id='line_1_89' title="bbox 2157 4413 3765 4489; baseline -0.002 -15"><span class='ocrx_word' id='word_1_777' title='bbox 2157 4427 2265 4474; x_wconf 88' lang='lat' dir='ltr'><strong><em>tem</em></strong></span> <span class='ocrx_word' id='word_1_778' title='bbox 2295 4417 2385 4489; x_wconf 90' lang='lat' dir='ltr'><strong><em>qui</em></strong></span> <span class='ocrx_word' id='word_1_779' title='bbox 2417 4418 2754 4488; x_wconf 88' lang='lat' dir='ltr'><strong><em>promittitur</em></strong></span> <span class='ocrx_word' id='word_1_780' title='bbox 2777 4458 2792 4484; x_wconf 95' lang='lat'><strong><em>,</em></strong></span> <span class='ocrx_word' id='word_1_781' title='bbox 2821 4427 2944 4486; x_wconf 89' lang='lat' dir='ltr'><strong><em>post</em></strong></span> <span class='ocrx_word' id='word_1_782' title='bbox 2979 4425 3206 4472; x_wconf 89' lang='lat' dir='ltr'><strong><em>mortem</em></strong></span> <span class='ocrx_word' id='word_1_783' title='bbox 3244 4413 3415 4470; x_wconf 86' lang='lat' dir='ltr'><strong><em>David</em></strong></span> <span class='ocrx_word' id='word_1_784' title='bbox 3447 4425 3765 4471; x_wconf 80' lang='lat' dir='ltr'><strong><em>surrrectu-</em></strong></span> 
     </span>
    </p>
   </div>
   <div class='ocr_carea' id='block_1_90' title="bbox 2155 4507 3767 4580">
    <p class='ocr_par' dir='ltr' id='par_1_90' title="bbox 2155 4507 3767 4580">
     <span class='ocr_line' id='line_1_90' title="bbox 2155 4507 3767 4580; baseline -0.002 -14"><span class='ocrx_word' id='word_1_785' title='bbox 2155 4526 2250 4567; x_wconf 90' lang='lat' dir='ltr'><strong><em>rus</em></strong></span> <span class='ocrx_word' id='word_1_786' title='bbox 2277 4524 2398 4566; x_wconf 91' lang='lat' dir='ltr'><strong><em>esse</em></strong></span> <span class='ocrx_word' id='word_1_787' title='bbox 2421 4520 2782 4576; x_wconf 84' lang='lat' dir='ltr'><strong><em>monstratur,</em></strong></span> <span class='ocrx_word' id='word_1_788' title='bbox 2807 4512 2947 4565; x_wconf 88' lang='lat' dir='ltr'><strong><em>sicut</em></strong></span> <span class='ocrx_word' id='word_1_789' title='bbox 2973 4508 3139 4564; x_wconf 88' lang='lat' dir='ltr'><strong><em>habes</em></strong></span> <span class='ocrx_word' id='word_1_790' title='bbox 3165 4525 3179 4562; x_wconf 91' lang='lat'><strong>:</strong></span> <span class='ocrx_word' id='word_1_791' title='bbox 3211 4507 3346 4573; x_wconf 81' lang='lat' dir='ltr'><strong><em>Quia</em></strong></span> <span class='ocrx_word' id='word_1_792' title='bbox 3371 4523 3490 4561; x_wconf 88' lang='lat' dir='ltr'><strong><em>cum</em></strong></span> <span class='ocrx_word' id='word_1_793' title='bbox 3514 4509 3767 4580; x_wconf 86' lang='lat' dir='ltr'><strong><em>completi</em></strong></span> 
     </span>
    </p>
   </div>
   <div class='ocr_carea' id='block_1_91' title="bbox 452 4587 3763 4675">
    <p class='ocr_par' dir='ltr' id='par_1_91' title="bbox 452 4587 3763 4675">
     <span class='ocr_line' id='line_1_91' title="bbox 452 4587 3763 4675; baseline -0.004 -11"><span class='ocrx_word' id='word_1_794' title='bbox 452 4603 502 4648; x_wconf 68' lang='grc' dir='ltr'><strong><em>τε</em></strong></span> <span class='ocrx_word' id='word_1_795' title='bbox 520 4593 576 4646; x_wconf 62' lang='lat' dir='ltr'><strong><em>in</em></strong></span> <span class='ocrx_word' id='word_1_796' title='bbox 597 4599 798 4664; x_wconf 58' lang='lat' dir='ltr'><strong><em>gentem</em></strong></span> <span class='ocrx_word' id='word_1_797' title='bbox 823 4606 1087 4660; x_wconf 59' lang='lat' dir='ltr'><strong><em>magnam:</em></strong></span> <span class='ocrx_word' id='word_1_798' title='bbox 1111 4598 1158 4642; x_wconf 71' lang='grc'><strong><em>⁸⁸</em></strong></span> <span class='ocrx_word' id='word_1_799' title='bbox 1195 4587 1490 4643; x_wconf 50' lang='lat' dir='ltr'><strong><em>beneﬁcam</em></strong></span> <span class='ocrx_word' id='word_1_800' title='bbox 1512 4601 1560 4644; x_wconf 72' lang='grc' dir='ltr'><strong><em>τε</em></strong></span> <span class='ocrx_word' id='word_1_801' title='bbox 1585 4631 1601 4656; x_wconf 72' lang='grc' dir='ltr'><strong><em>ν</em></strong></span> <span class='ocrx_word' id='word_1_802' title='bbox 1630 4599 1677 4643; x_wconf 69' lang='grc' dir='ltr'><em>ετ</em></span> <span class='ocrx_word' id='word_1_803' title='bbox 1705 4590 2043 4661; x_wconf 66' lang='lat' dir='ltr'><strong><em>magni/76000</em></strong></span> <span class='ocrx_word' id='word_1_804' title='bbox 2071 4597 2125 4656; x_wconf 89' lang='lat' dir='ltr'><strong><em>D</em></strong></span> <span class='ocrx_word' id='word_1_805' title='bbox 2152 4605 2342 4675; x_wconf 83' lang='lat' dir='ltr'><strong><em>fuerint</em></strong></span> <span class='ocrx_word' id='word_1_806' title='bbox 2379 4601 2490 4656; x_wconf 90' lang='lat' dir='ltr'><strong><em>dies</em></strong></span> <span class='ocrx_word' id='word_1_807' title='bbox 2528 4601 2639 4667; x_wconf 87' lang='lat' dir='ltr'><strong><em>tui,</em></strong></span> <span class='ocrx_word' id='word_1_808' title='bbox 2672 4609 2722 4655; x_wconf 87' lang='lat' dir='ltr'><strong><em>et</em></strong></span> <span class='ocrx_word' id='word_1_809' title='bbox 2743 4601 3015 4655; x_wconf 89' lang='lat' dir='ltr'><strong><em>dormieris</em></strong></span> <span class='ocrx_word' id='word_1_810' title='bbox 3041 4615 3158 4654; x_wconf 90' lang='lat' dir='ltr'><strong><em>cum</em></strong></span> <span class='ocrx_word' id='word_1_811' title='bbox 3199 4598 3432 4671; x_wconf 85' lang='lat' dir='ltr'><strong><em>patribus</em></strong></span> <span class='ocrx_word' id='word_1_812' title='bbox 3461 4599 3564 4652; x_wconf 91' lang='lat' dir='ltr'><strong><em>tuis</em></strong></span> <span class='ocrx_word' id='word_1_813' title='bbox 3584 4640 3599 4665; x_wconf 87' lang='lat'><strong><em>,</em></strong></span> <span class='ocrx_word' id='word_1_814' title='bbox 3631 4614 3763 4652; x_wconf 82' lang='lat' dir='ltr'><strong><em>sns-</em></strong></span> 
     </span>
    </p>
   </div>
   <div class='ocr_carea' id='block_1_92' title="bbox 449 4683 2050 4752">
    <p class='ocr_par' dir='ltr' id='par_1_92' title="bbox 449 4683 2050 4752">
     <span class='ocr_line' id='line_1_92' title="bbox 449 4683 2050 4752; baseline -0.002 -9"><span class='ocrx_word' id='word_1_815' title='bbox 449 4703 638 4743; x_wconf 89' lang='lat' dir='ltr'><strong><em>nomea</em></strong></span> <span class='ocrx_word' id='word_1_816' title='bbox 669 4695 836 4750; x_wconf 87' lang='lat' dir='ltr'><strong><em>tuum,</em></strong></span> <span class='ocrx_word' id='word_1_817' title='bbox 868 4695 916 4739; x_wconf 91' lang='lat' dir='ltr'><strong><em>et</em></strong></span> <span class='ocrx_word' id='word_1_818' title='bbox 945 4686 1047 4739; x_wconf 90' lang='lat' dir='ltr'><strong><em>eris</em></strong></span> <span class='ocrx_word' id='word_1_819' title='bbox 1073 4683 1368 4740; x_wconf 85' lang='lat' dir='ltr'><strong><em>benedictus</em></strong></span> <span class='ocrx_word' id='word_1_820' title='bbox 1395 4727 1410 4752; x_wconf 91' lang='lat'><strong><em>,</em></strong></span> <span class='ocrx_word' id='word_1_821' title='bbox 1437 4694 1486 4739; x_wconf 91' lang='lat' dir='ltr'><strong><em>et</em></strong></span> <span class='ocrx_word' id='word_1_822' title='bbox 1517 4683 1812 4739; x_wconf 89' lang='lat' dir='ltr'><strong><em>benedicam</em></strong></span> <span class='ocrx_word' id='word_1_823' title='bbox 1841 4683 2050 4739; x_wconf 83' lang='lat' dir='ltr'><strong><em>benedi-</em></strong></span> 
     </span>
    </p>
   </div>
   <div class='ocr_carea' id='block_1_93' title="bbox 451 4775 2052 4846">
    <p class='ocr_par' dir='ltr' id='par_1_93' title="bbox 451 4775 2052 4846">
     <span class='ocr_line' id='line_1_93' title="bbox 451 4775 2052 4846; baseline -0.003 -11"><span class='ocrx_word' id='word_1_824' title='bbox 451 4789 622 4835; x_wconf 89' lang='lat' dir='ltr'><strong><em>centes</em></strong></span> <span class='ocrx_word' id='word_1_825' title='bbox 651 4787 718 4846; x_wconf 91' lang='lat' dir='ltr'><strong><em>te,</em></strong></span> <span class='ocrx_word' id='word_1_826' title='bbox 745 4787 792 4832; x_wconf 88' lang='lat' dir='ltr'><strong><em>et</em></strong></span> <span class='ocrx_word' id='word_1_827' title='bbox 814 4776 1122 4832; x_wconf 90' lang='lat' dir='ltr'><strong><em>maledicam</em></strong></span> <span class='ocrx_word' id='word_1_828' title='bbox 1142 4776 1505 4830; x_wconf 86' lang='lat' dir='ltr'><strong><em>maledicentes</em></strong></span> <span class='ocrx_word' id='word_1_829' title='bbox 1531 4785 1600 4842; x_wconf 92' lang='lat' dir='ltr'><strong><em>te,</em></strong></span> <span class='ocrx_word' id='word_1_830' title='bbox 1623 4785 1669 4830; x_wconf 87' lang='lat' dir='ltr'><strong><em>et</em></strong></span> <span class='ocrx_word' id='word_1_831' title='bbox 1690 4775 2052 4831; x_wconf 88' lang='lat' dir='ltr'><strong><em>benedicentur</em></strong></span> 
     </span>
    </p>
   </div>
   <div class='ocr_carea' id='block_1_94' title="bbox 449 4864 2050 4939">
    <p class='ocr_par' dir='ltr' id='par_1_94' title="bbox 449 4864 2050 4939">
     <span class='ocr_line' id='line_1_94' title="bbox 449 4864 2050 4939; baseline -0.002 -12"><span class='ocrx_word' id='word_1_832' title='bbox 449 4873 506 4927; x_wconf 91' lang='lat' dir='ltr'><strong><em>in</em></strong></span> <span class='ocrx_word' id='word_1_833' title='bbox 534 4883 582 4926; x_wconf 90' lang='lat' dir='ltr'><strong><em>te</em></strong></span> <span class='ocrx_word' id='word_1_834' title='bbox 609 4886 784 4926; x_wconf 88' lang='lat' dir='ltr'><strong><em>omnes</em></strong></span> <span class='ocrx_word' id='word_1_835' title='bbox 816 4869 976 4925; x_wconf 87' lang='lat' dir='ltr'><strong><em>tribus</em></strong></span> <span class='ocrx_word' id='word_1_836' title='bbox 1005 4879 1156 4923; x_wconf 68' lang='lat' dir='ltr'><strong><em>terra</em></strong></span> <span class='ocrx_word' id='word_1_837' title='bbox 1182 4867 1202 4939; x_wconf 96' lang='lat'><strong>(</strong></span> <span class='ocrx_word' id='word_1_838' title='bbox 1230 4866 1361 4923; x_wconf 87' lang='lat' dir='ltr'><strong><em>Gen.</em></strong></span> <span class='ocrx_word' id='word_1_839' title='bbox 1390 4883 1487 4934; x_wconf 80' lang='lat' dir='ltr'><strong><em>xu,</em></strong></span> <span class='ocrx_word' id='word_1_840' title='bbox 1524 4867 1617 4922; x_wconf 77' lang='grc'><strong>1-5</strong></span> <span class='ocrx_word' id='word_1_841' title='bbox 1638 4864 1679 4936; x_wconf 95' lang='grc'><strong>).</strong></span> <span class='ocrx_word' id='word_1_842' title='bbox 1705 4867 1866 4923; x_wconf 84' lang='lat' dir='ltr'><strong><em>Vides</em></strong></span> <span class='ocrx_word' id='word_1_843' title='bbox 1889 4870 2050 4938; x_wconf 90' lang='lat' dir='ltr'><strong><em>igitur</em></strong></span> 
     </span>
    </p>
   </div>
   <div class='ocr_carea' id='block_1_95' title="bbox 451 4959 2053 5036">
    <p class='ocr_par' dir='ltr' id='par_1_95' title="bbox 451 4959 2053 5036">
     <span class='ocr_line' id='line_1_95' title="bbox 451 4959 2053 5036; baseline -0.002 -15"><span class='ocrx_word' id='word_1_844' title='bbox 451 4965 901 5036; x_wconf 83' lang='lat' dir='ltr'><strong><em>congregationes</em></strong></span> <span class='ocrx_word' id='word_1_845' title='bbox 932 4962 1173 5034; x_wconf 90' lang='lat' dir='ltr'><strong><em>gentium</em></strong></span> <span class='ocrx_word' id='word_1_846' title='bbox 1208 5000 1224 5026; x_wconf 93' lang='lat'><strong><em>,</em></strong></span> <span class='ocrx_word' id='word_1_847' title='bbox 1252 4969 1308 5016; x_wconf 88' lang='lat' dir='ltr'><strong><em>et</em></strong></span> <span class='ocrx_word' id='word_1_848' title='bbox 1335 4969 1741 5016; x_wconf 89' lang='lat' dir='ltr'><strong><em>sacrosanctum</em></strong></span> <span class='ocrx_word' id='word_1_849' title='bbox 1789 4959 2053 5018; x_wconf 81' lang='lat' dir='ltr'><strong><em>Ecclesiae</em></strong></span> 
     </span>
    </p>
   </div>
   <div class='ocr_carea' id='block_1_96' title="bbox 450 5053 2046 5123">
    <p class='ocr_par' dir='ltr' id='par_1_96' title="bbox 450 5053 2046 5123">
     <span class='ocr_line' id='line_1_96' title="bbox 450 5053 2046 5123; baseline -0.002 -9"><span class='ocrx_word' id='word_1_850' title='bbox 450 5067 654 5114; x_wconf 65' lang='lat' dir='ltr'><strong><em>ctutum</em></strong></span> <span class='ocrx_word' id='word_1_851' title='bbox 684 5055 908 5111; x_wconf 87' lang='lat' dir='ltr'><strong><em>oraculo</em></strong></span> <span class='ocrx_word' id='word_1_852' title='bbox 931 5054 1118 5109; x_wconf 86' lang='lat' dir='ltr'><strong><em>divino</em></strong></span> <span class='ocrx_word' id='word_1_853' title='bbox 1145 5053 1272 5108; x_wconf 88' lang='lat' dir='ltr'><strong><em>huic</em></strong></span> <span class='ocrx_word' id='word_1_854' title='bbox 1299 5066 1419 5108; x_wconf 88' lang='lat' dir='ltr'><strong><em>esse</em></strong></span> <span class='ocrx_word' id='word_1_855' title='bbox 1461 5053 1636 5122; x_wconf 91' lang='lat' dir='ltr'><strong><em>primo</em></strong></span> <span class='ocrx_word' id='word_1_856' title='bbox 1694 5053 2046 5123; x_wconf 89' lang='lat' dir='ltr'><strong><em>promissum.</em></strong></span> 
     </span>
    </p>
   </div>
   <div class='ocr_carea' id='block_1_97' title="bbox 455 5143 2049 5216">
    <p class='ocr_par' dir='ltr' id='par_1_97' title="bbox 455 5143 2049 5216">
     <span class='ocr_line' id='line_1_97' title="bbox 455 5143 2049 5216; baseline -0.002 -11"><span class='ocrx_word' id='word_1_857' title='bbox 455 5148 527 5205; x_wconf 87' lang='lat' dir='ltr'><strong><em>Et</em></strong></span> <span class='ocrx_word' id='word_1_858' title='bbox 553 5149 675 5204; x_wconf 90' lang='lat' dir='ltr'><strong><em>ideo</em></strong></span> <span class='ocrx_word' id='word_1_859' title='bbox 707 5150 751 5202; x_wconf 92' lang='lat' dir='ltr'><strong><em>is</em></strong></span> <span class='ocrx_word' id='word_1_860' title='bbox 781 5154 972 5202; x_wconf 89' lang='lat' dir='ltr'><strong><em>auctor</em></strong></span> <span class='ocrx_word' id='word_1_861' title='bbox 999 5145 1219 5216; x_wconf 82' lang='lat' dir='ltr'><strong><em>generis</em></strong></span> <span class='ocrx_word' id='word_1_862' title='bbox 1239 5143 1427 5200; x_wconf 89' lang='lat' dir='ltr'><strong><em>debuit</em></strong></span> <span class='ocrx_word' id='word_1_863' title='bbox 1469 5145 1747 5215; x_wconf 87' lang='lat' dir='ltr'><strong><em>designari</em></strong></span> <span class='ocrx_word' id='word_1_864' title='bbox 1781 5188 1795 5211; x_wconf 89' lang='lat'><strong><em>,</em></strong></span> <span class='ocrx_word' id='word_1_865' title='bbox 1829 5147 1921 5216; x_wconf 90' lang='lat' dir='ltr'><strong><em>qui</em></strong></span> <span class='ocrx_word' id='word_1_866' title='bbox 1963 5147 2049 5202; x_wconf 90' lang='lat' dir='ltr'><strong><em>in-</em></strong></span> 
     </span>
    </p>
   </div>
   <div class='ocr_carea' id='block_1_98' title="bbox 451 5239 1947 5310">
    <p class='ocr_par' dir='ltr' id='par_1_98' title="bbox 451 5239 1947 5310">
     <span class='ocr_line' id='line_1_98' title="bbox 451 5239 1947 5310; baseline -0.001 -12"><span class='ocrx_word' id='word_1_867' title='bbox 451 5243 764 5298; x_wconf 65' lang='lat' dir='ltr'><strong><em>stauranda:</em></strong></span> <span class='ocrx_word' id='word_1_868' title='bbox 797 5239 1053 5296; x_wconf 78' lang='lat' dir='ltr'><strong><em>Ecclesia:</em></strong></span> <span class='ocrx_word' id='word_1_869' title='bbox 1068 5239 1417 5310; x_wconf 85' lang='lat' dir='ltr'><strong><em>sponsionem</em></strong></span> <span class='ocrx_word' id='word_1_870' title='bbox 1447 5239 1654 5308; x_wconf 88' lang='lat' dir='ltr'><strong><em>primus</em></strong></span> <span class='ocrx_word' id='word_1_871' title='bbox 1693 5241 1947 5297; x_wconf 90' lang='lat' dir='ltr'><strong><em>emeruit.</em></strong></span> 
     </span>
    </p>
   </div>
   <div class='ocr_carea' id='block_1_99' title="bbox 527 5329 2052 5404">
    <p class='ocr_par' dir='ltr' id='par_1_99' title="bbox 527 5329 2052 5404">
     <span class='ocr_line' id='line_1_99' title="bbox 527 5329 2052 5404; baseline -0.001 -14"><span class='ocrx_word' id='word_1_872' title='bbox 527 5336 581 5390; x_wconf 88' lang='lat'><strong><em>8.</em></strong></span> <span class='ocrx_word' id='word_1_873' title='bbox 614 5333 784 5388; x_wconf 81' lang='lat' dir='ltr'><strong><em>David</em></strong></span> <span class='ocrx_word' id='word_1_874' title='bbox 807 5348 1022 5404; x_wconf 90' lang='lat' dir='ltr'><strong><em>quoque</em></strong></span> <span class='ocrx_word' id='word_1_875' title='bbox 1051 5331 1248 5387; x_wconf 90' lang='lat' dir='ltr'><strong><em>merito</em></strong></span> <span class='ocrx_word' id='word_1_876' title='bbox 1263 5339 1318 5386; x_wconf 88' lang='lat' dir='ltr'><strong><em>et</em></strong></span> <span class='ocrx_word' id='word_1_877' title='bbox 1347 5329 1461 5402; x_wconf 91' lang='lat' dir='ltr'><strong><em>ipse</em></strong></span> <span class='ocrx_word' id='word_1_878' title='bbox 1498 5341 1687 5387; x_wconf 89' lang='lat' dir='ltr'><strong><em>auctor</em></strong></span> <span class='ocrx_word' id='word_1_879' title='bbox 1705 5333 1923 5402; x_wconf 88' lang='lat' dir='ltr'><strong><em>generis</em></strong></span> <span class='ocrx_word' id='word_1_880' title='bbox 1954 5333 2052 5389; x_wconf 83' lang='lat' dir='ltr'><strong><em>de-</em></strong></span> 
     </span>
    </p>
   </div>
   <div class='ocr_carea' id='block_1_100' title="bbox 450 5422 2051 5497">
    <p class='ocr_par' dir='ltr' id='par_1_100' title="bbox 450 5422 2051 5497">
     <span class='ocr_line' id='line_1_100' title="bbox 450 5422 2051 5497; baseline 0 -15"><span class='ocrx_word' id='word_1_881' title='bbox 450 5427 720 5492; x_wconf 81' lang='lat' dir='ltr'><strong><em>claratur;</em></strong></span> <span class='ocrx_word' id='word_1_882' title='bbox 750 5427 872 5497; x_wconf 84' lang='lat' dir='ltr'><strong><em>quia</em></strong></span> <span class='ocrx_word' id='word_1_883' title='bbox 903 5439 1022 5480; x_wconf 92' lang='lat' dir='ltr'><strong><em>cum</em></strong></span> <span class='ocrx_word' id='word_1_884' title='bbox 1041 5422 1400 5495; x_wconf 88' lang='lat' dir='ltr'><strong><em>jurejurando</em></strong></span> <span class='ocrx_word' id='word_1_885' title='bbox 1447 5438 1792 5494; x_wconf 90' lang='lat' dir='ltr'><strong><em>responsum,</em></strong></span> <span class='ocrx_word' id='word_1_886' title='bbox 1819 5425 1960 5494; x_wconf 91' lang='lat' dir='ltr'><strong><em>quod</em></strong></span> <span class='ocrx_word' id='word_1_887' title='bbox 1986 5441 2051 5482; x_wconf 80' lang='lat' dir='ltr'><strong><em>ex</em></strong></span> 
     </span>
    </p>
   </div>
   <div class='ocr_carea' id='block_1_101' title="bbox 453 5516 2051 5592">
    <p class='ocr_par' dir='ltr' id='par_1_101' title="bbox 453 5516 2051 5592">
     <span class='ocr_line' id='line_1_101' title="bbox 453 5516 2051 5592; baseline 0 -16"><span class='ocrx_word' id='word_1_888' title='bbox 453 5521 574 5592; x_wconf 88' lang='lat' dir='ltr'><strong><em>ipso</em></strong></span> <span class='ocrx_word' id='word_1_889' title='bbox 591 5519 886 5576; x_wconf 84' lang='lat' dir='ltr'><strong><em>secundum</em></strong></span> <span class='ocrx_word' id='word_1_890' title='bbox 915 5534 1132 5574; x_wconf 87' lang='lat' dir='ltr'><strong><em>carnem</em></strong></span> <span class='ocrx_word' id='word_1_891' title='bbox 1157 5516 1403 5573; x_wconf 79' lang='lat' dir='ltr'><strong><em>Christus</em></strong></span> <span class='ocrx_word' id='word_1_892' title='bbox 1440 5516 1653 5572; x_wconf 82' lang='lat' dir='ltr'><strong><em>futurus</em></strong></span> <span class='ocrx_word' id='word_1_893' title='bbox 1681 5528 1826 5573; x_wconf 89' lang='lat' dir='ltr'><strong><em>esset</em></strong></span> <span class='ocrx_word' id='word_1_894' title='bbox 1853 5561 1870 5587; x_wconf 90' lang='lat'><strong><em>,</em></strong></span> <span class='ocrx_word' id='word_1_895' title='bbox 1898 5535 2051 5576; x_wconf 85' lang='lat' dir='ltr'><strong><em>acce-</em></strong></span> 
     </span>
    </p>
   </div>
   <div class='ocr_carea' id='block_1_102' title="bbox 451 5607 2054 5682">
    <p class='ocr_par' dir='ltr' id='par_1_102' title="bbox 451 5607 2054 5682">
     <span class='ocr_line' id='line_1_102' title="bbox 451 5607 2054 5682; baseline -0.001 -14"><span class='ocrx_word' id='word_1_896' title='bbox 451 5614 559 5682; x_wconf 85' lang='lat' dir='ltr'><strong><em>pit;</em></strong></span> <span class='ocrx_word' id='word_1_897' title='bbox 594 5614 672 5668; x_wconf 88' lang='lat' dir='ltr'><strong><em>sie</em></strong></span> <span class='ocrx_word' id='word_1_898' title='bbox 697 5612 842 5668; x_wconf 89' lang='lat' dir='ltr'><strong><em>enim</em></strong></span> <span class='ocrx_word' id='word_1_899' title='bbox 873 5612 1136 5681; x_wconf 87' lang='lat' dir='ltr'><strong><em>scriptum</em></strong></span> <span class='ocrx_word' id='word_1_900' title='bbox 1165 5619 1250 5666; x_wconf 90' lang='lat' dir='ltr'><strong><em>est</em></strong></span> <span class='ocrx_word' id='word_1_901' title='bbox 1293 5627 1306 5666; x_wconf 90' lang='lat'><strong>:</strong></span> <span class='ocrx_word' id='word_1_902' title='bbox 1348 5607 1554 5665; x_wconf 74' lang='lat' dir='ltr'><strong><em>Iuravit</em></strong></span> <span class='ocrx_word' id='word_1_903' title='bbox 1582 5609 1839 5666; x_wconf 89' lang='lat' dir='ltr'><strong><em>Dominus</em></strong></span> <span class='ocrx_word' id='word_1_904' title='bbox 1882 5609 2054 5667; x_wconf 88' lang='lat' dir='ltr'><strong><em>David</em></strong></span> 
     </span>
    </p>
   </div>
   <div class='ocr_carea' id='block_1_103' title="bbox 526 5725 2044 5799">
    <p class='ocr_par' dir='ltr' id='par_1_103' title="bbox 526 5725 2044 5799">
     <span class='ocr_line' id='line_1_103' title="bbox 526 5725 2044 5799; baseline 0.001 -17"><span class='ocrx_word' id='word_1_905' title='bbox 526 5738 553 5765; x_wconf 77' lang='grc' dir='ltr'><strong><em>ει</em></strong></span> <span class='ocrx_word' id='word_1_906' title='bbox 587 5729 733 5785; x_wconf 79' lang='lat' dir='ltr'><strong><em>Edit.</em></strong></span> <span class='ocrx_word' id='word_1_907' title='bbox 762 5743 824 5784; x_wconf 89' lang='lat' dir='ltr'><strong><em>ac</em></strong></span> <span class='ocrx_word' id='word_1_908' title='bbox 841 5727 998 5799; x_wconf 83' lang='lat' dir='ltr'><strong><em>pauci</em></strong></span> <span class='ocrx_word' id='word_1_909' title='bbox 1030 5740 1184 5799; x_wconf 84' lang='lat' dir='ltr'><strong><em>mss.,</em></strong></span> <span class='ocrx_word' id='word_1_910' title='bbox 1214 5725 1281 5781; x_wconf 86' lang='lat' dir='ltr'><strong><em>Et</em></strong></span> <span class='ocrx_word' id='word_1_911' title='bbox 1308 5727 1362 5780; x_wconf 88' lang='lat' dir='ltr'><strong><em>in</em></strong></span> <span class='ocrx_word' id='word_1_912' title='bbox 1415 5727 1877 5799; x_wconf 77' lang='lat' dir='ltr'><strong><em>Paralipomenon.</em></strong></span> <span class='ocrx_word' id='word_1_913' title='bbox 1927 5728 2044 5784; x_wconf 89' lang='lat' dir='ltr'><strong><em>Ali-</em></strong></span> 
     </span>
    </p>
   </div>
   <div class='ocr_carea' id='block_1_104' title="bbox 447 5797 2042 5870">
    <p class='ocr_par' dir='ltr' id='par_1_104' title="bbox 447 5797 2042 5870">
     <span class='ocr_line' id='line_1_104' title="bbox 447 5797 2042 5870; baseline -0.002 -15"><span class='ocrx_word' id='word_1_914' title='bbox 447 5799 709 5870; x_wconf 67' lang='lat' dir='ltr'><strong><em>quotalii,</em></strong></span> <span class='ocrx_word' id='word_1_915' title='bbox 743 5799 807 5852; x_wconf 80' lang='lat' dir='ltr'><strong><em>Et</em></strong></span> <span class='ocrx_word' id='word_1_916' title='bbox 843 5797 901 5852; x_wconf 78' lang='lat' dir='ltr'><strong><em>in</em></strong></span> <span class='ocrx_word' id='word_1_917' title='bbox 953 5797 1456 5864; x_wconf 86' lang='lat' dir='ltr'><strong><em>Paralipomenouis.</em></strong></span> <span class='ocrx_word' id='word_1_918' title='bbox 1499 5798 1691 5853; x_wconf 84' lang='lat' dir='ltr'><strong><em>Melius</em></strong></span> <span class='ocrx_word' id='word_1_919' title='bbox 1735 5797 1898 5854; x_wconf 58' lang='grc' dir='ltr'><strong><em>εστι»</em></strong></span> <span class='ocrx_word' id='word_1_920' title='bbox 1948 5799 2042 5853; x_wconf 84' lang='lat' dir='ltr'><strong><em>alii</em></strong></span> 
     </span>
    </p>
   </div>
   <div class='ocr_carea' id='block_1_105' title="bbox 2153 4693 3765 4763">
    <p class='ocr_par' dir='ltr' id='par_1_105' title="bbox 2153 4693 3765 4763">
     <span class='ocr_line' id='line_1_105' title="bbox 2153 4693 3765 4763; baseline -0.001 -15"><span class='ocrx_word' id='word_1_921' title='bbox 2153 4695 2317 4748; x_wconf 83' lang='lat' dir='ltr'><strong><em>citabo</em></strong></span> <span class='ocrx_word' id='word_1_922' title='bbox 2343 4695 2406 4748; x_wconf 89' lang='lat' dir='ltr'><strong><em>de</em></strong></span> <span class='ocrx_word' id='word_1_923' title='bbox 2431 4695 2622 4748; x_wconf 88' lang='lat' dir='ltr'><strong><em>semine</em></strong></span> <span class='ocrx_word' id='word_1_924' title='bbox 2653 4704 2739 4747; x_wconf 91' lang='lat' dir='ltr'><strong><em>tuo</em></strong></span> <span class='ocrx_word' id='word_1_925' title='bbox 2757 4735 2772 4756; x_wconf 90' lang='lat'><strong><em>,</em></strong></span> <span class='ocrx_word' id='word_1_926' title='bbox 2799 4694 2886 4762; x_wconf 87' lang='lat' dir='ltr'><strong><em>qui</em></strong></span> <span class='ocrx_word' id='word_1_927' title='bbox 2933 4694 3028 4747; x_wconf 88' lang='lat' dir='ltr'><strong><em>erit</em></strong></span> <span class='ocrx_word' id='word_1_928' title='bbox 3055 4709 3119 4747; x_wconf 75' lang='lat' dir='ltr'><strong><em>ex</em></strong></span> <span class='ocrx_word' id='word_1_929' title='bbox 3140 4701 3311 4747; x_wconf 90' lang='lat' dir='ltr'><strong><em>ventre</em></strong></span> <span class='ocrx_word' id='word_1_930' title='bbox 3336 4701 3423 4745; x_wconf 89' lang='lat' dir='ltr'><strong><em>tuo</em></strong></span> <span class='ocrx_word' id='word_1_931' title='bbox 3440 4734 3454 4758; x_wconf 93' lang='lat'><strong><em>,</em></strong></span> <span class='ocrx_word' id='word_1_932' title='bbox 3487 4701 3533 4746; x_wconf 89' lang='lat' dir='ltr'><strong><em>et</em></strong></span> <span class='ocrx_word' id='word_1_933' title='bbox 3562 4693 3765 4763; x_wconf 85' lang='lat' dir='ltr'><strong><em>parabo</em></strong></span> 
     </span>
    </p>
   </div>
   <div class='ocr_carea' id='block_1_106' title="bbox 2151 4785 3766 4861">
    <p class='ocr_par' dir='ltr' id='par_1_106' title="bbox 2151 4785 3766 4861">
     <span class='ocr_line' id='line_1_106' title="bbox 2151 4785 3766 4861; baseline -0.001 -18"><span class='ocrx_word' id='word_1_934' title='bbox 2151 4805 2367 4861; x_wconf 88' lang='lat' dir='ltr'><strong><em>regnum</em></strong></span> <span class='ocrx_word' id='word_1_935' title='bbox 2380 4790 2512 4860; x_wconf 84' lang='lat' dir='ltr'><strong><em>ejus.</em></strong></span> <span class='ocrx_word' id='word_1_936' title='bbox 2540 4785 2663 4858; x_wconf 88' lang='lat' dir='ltr'><strong><em>Ipse</em></strong></span> <span class='ocrx_word' id='word_1_937' title='bbox 2675 4787 2800 4842; x_wconf 72' lang='lat' dir='ltr'><strong><em>mihi</em></strong></span> <span class='ocrx_word' id='word_1_938' title='bbox 2819 4787 3095 4858; x_wconf 73' lang='lat' dir='ltr'><strong><em>mdiﬁcabit</em></strong></span> <span class='ocrx_word' id='word_1_939' title='bbox 3125 4788 3358 4851; x_wconf 86' lang='lat' dir='ltr'><strong><em>domum,</em></strong></span> <span class='ocrx_word' id='word_1_940' title='bbox 3379 4795 3428 4841; x_wconf 87' lang='lat' dir='ltr'><strong><em>et</em></strong></span> <span class='ocrx_word' id='word_1_941' title='bbox 3446 4786 3652 4858; x_wconf 88' lang='lat' dir='ltr'><strong><em>erigam</em></strong></span> <span class='ocrx_word' id='word_1_942' title='bbox 3678 4803 3766 4842; x_wconf 86' lang='lat' dir='ltr'><strong><em>se-</em></strong></span> 
     </span>
    </p>
   </div>
   <div class='ocr_carea' id='block_1_107' title="bbox 2154 4878 3767 4953">
    <p class='ocr_par' dir='ltr' id='par_1_107' title="bbox 2154 4878 3767 4953">
     <span class='ocr_line' id='line_1_107' title="bbox 2154 4878 3767 4953; baseline 0.001 -19"><span class='ocrx_word' id='word_1_943' title='bbox 2154 4881 2270 4937; x_wconf 87' lang='lat' dir='ltr'><strong><em>dem</em></strong></span> <span class='ocrx_word' id='word_1_944' title='bbox 2292 4883 2404 4952; x_wconf 88' lang='lat' dir='ltr'><strong><em>ejus</em></strong></span> <span class='ocrx_word' id='word_1_945' title='bbox 2430 4882 2484 4934; x_wconf 89' lang='lat' dir='ltr'><strong><em>in</em></strong></span> <span class='ocrx_word' id='word_1_946' title='bbox 2509 4881 2759 4936; x_wconf 77' lang='lat' dir='ltr'><strong><em>saeculum</em></strong></span> <span class='ocrx_word' id='word_1_947' title='bbox 2783 4879 2826 4953; x_wconf 89' lang='grc'><strong><em>(1</em></strong></span> <span class='ocrx_word' id='word_1_948' title='bbox 2850 4879 2982 4934; x_wconf 85' lang='lat' dir='ltr'><strong><em>Par.</em></strong></span> <span class='ocrx_word' id='word_1_949' title='bbox 3009 4895 3124 4935; x_wconf 77' lang='lat' dir='ltr'><strong><em>xvu</em></strong></span> <span class='ocrx_word' id='word_1_950' title='bbox 3143 4922 3158 4946; x_wconf 91' lang='lat'><strong><em>,</em></strong></span> <span class='ocrx_word' id='word_1_951' title='bbox 3183 4881 3245 4936; x_wconf 87' lang='grc'><strong><em>11</em></strong></span> <span class='ocrx_word' id='word_1_952' title='bbox 3273 4889 3320 4933; x_wconf 90' lang='lat' dir='ltr'><strong><em>et</em></strong></span> <span class='ocrx_word' id='word_1_953' title='bbox 3343 4878 3456 4951; x_wconf 73' lang='grc'><strong>12).</strong></span> <span class='ocrx_word' id='word_1_954' title='bbox 3487 4878 3767 4951; x_wconf 85' lang='lat' dir='ltr'><strong><em>Numquid</em></strong></span> 
     </span>
    </p>
   </div>
   <div class='ocr_carea' id='block_1_108' title="bbox 2153 4972 3769 5042">
    <p class='ocr_par' dir='ltr' id='par_1_108' title="bbox 2153 4972 3769 5042">
     <span class='ocr_line' id='line_1_108' title="bbox 2153 4972 3769 5042; baseline 0.001 -14"><span class='ocrx_word' id='word_1_955' title='bbox 2153 4975 2207 5028; x_wconf 92' lang='lat' dir='ltr'><strong><em>in</em></strong></span> <span class='ocrx_word' id='word_1_956' title='bbox 2237 4973 2494 5028; x_wconf 61' lang='lat' dir='ltr'><strong><em>saeculum</em></strong></span> <span class='ocrx_word' id='word_1_957' title='bbox 2525 4975 2769 5041; x_wconf 80' lang='lat' dir='ltr'><strong><em>regnavit</em></strong></span> <span class='ocrx_word' id='word_1_958' title='bbox 2797 4972 3087 5040; x_wconf 90' lang='lat' dir='ltr'><strong><em>Salomon,</em></strong></span> <span class='ocrx_word' id='word_1_959' title='bbox 3110 4973 3201 5042; x_wconf 92' lang='lat' dir='ltr'><strong><em>qui</em></strong></span> <span class='ocrx_word' id='word_1_960' title='bbox 3233 4972 3392 5026; x_wconf 91' lang='lat' dir='ltr'><strong><em>annis</em></strong></span> <span class='ocrx_word' id='word_1_961' title='bbox 3425 4981 3769 5029; x_wconf 85' lang='lat' dir='ltr'><strong><em>tantummo-</em></strong></span> 
     </span>
    </p>
   </div>
   <div class='ocr_carea' id='block_1_109' title="bbox 2151 5059 3768 5132">
    <p class='ocr_par' dir='ltr' id='par_1_109' title="bbox 2151 5059 3768 5132">
     <span class='ocr_line' id='line_1_109' title="bbox 2151 5059 3768 5132; baseline 0.001 -18"><span class='ocrx_word' id='word_1_962' title='bbox 2151 5059 2224 5114; x_wconf 89' lang='lat' dir='ltr'><strong><em>do</em></strong></span> <span class='ocrx_word' id='word_1_963' title='bbox 2250 5059 2606 5130; x_wconf 89' lang='lat' dir='ltr'><strong><em>quadraginta</em></strong></span> <span class='ocrx_word' id='word_1_964' title='bbox 2635 5060 2924 5130; x_wconf 78' lang='lat' dir='ltr'><strong><em>regnavit?</em></strong></span> <span class='ocrx_word' id='word_1_965' title='bbox 2953 5059 3064 5130; x_wconf 85' lang='lat' dir='ltr'><strong><em>Ego</em></strong></span> <span class='ocrx_word' id='word_1_966' title='bbox 3091 5075 3214 5124; x_wconf 91' lang='lat' dir='ltr'><strong><em>ero,</em></strong></span> <span class='ocrx_word' id='word_1_967' title='bbox 3251 5059 3429 5130; x_wconf 87' lang='lat' dir='ltr'><strong><em>inquit</em></strong></span> <span class='ocrx_word' id='word_1_968' title='bbox 3449 5101 3465 5124; x_wconf 92' lang='lat'><strong><em>,</em></strong></span> <span class='ocrx_word' id='word_1_969' title='bbox 3493 5061 3538 5113; x_wconf 85' lang='lat' dir='ltr'><strong><em>ei</em></strong></span> <span class='ocrx_word' id='word_1_970' title='bbox 3570 5061 3625 5114; x_wconf 89' lang='lat' dir='ltr'><strong><em>in</em></strong></span> <span class='ocrx_word' id='word_1_971' title='bbox 3665 5078 3768 5132; x_wconf 81' lang='lat' dir='ltr'><strong><em>pa-</em></strong></span> 
     </span>
    </p>
   </div>
   <div class='ocr_carea' id='block_1_110' title="bbox 2156 5148 3766 5222">
    <p class='ocr_par' dir='ltr' id='par_1_110' title="bbox 2156 5148 3766 5222">
     <span class='ocr_line' id='line_1_110' title="bbox 2156 5148 3766 5222; baseline 0.003 -18"><span class='ocrx_word' id='word_1_972' title='bbox 2156 5161 2281 5206; x_wconf 90' lang='lat' dir='ltr'><strong><em>trem</em></strong></span> <span class='ocrx_word' id='word_1_973' title='bbox 2305 5192 2322 5219; x_wconf 89' lang='lat'><strong><em>,</em></strong></span> <span class='ocrx_word' id='word_1_974' title='bbox 2355 5161 2404 5206; x_wconf 87' lang='lat' dir='ltr'><strong><em>et</em></strong></span> <span class='ocrx_word' id='word_1_975' title='bbox 2440 5152 2529 5206; x_wconf 88' lang='lat' dir='ltr'><strong><em>ille</em></strong></span> <span class='ocrx_word' id='word_1_976' title='bbox 2558 5149 2684 5204; x_wconf 85' lang='lat' dir='ltr'><strong><em>mihi</em></strong></span> <span class='ocrx_word' id='word_1_977' title='bbox 2713 5152 2767 5204; x_wconf 90' lang='lat' dir='ltr'><strong><em>in</em></strong></span> <span class='ocrx_word' id='word_1_978' title='bbox 2796 5150 2965 5220; x_wconf 81' lang='lat' dir='ltr'><strong><em>ﬁlium</em></strong></span> <span class='ocrx_word' id='word_1_979' title='bbox 3006 5149 3171 5221; x_wconf 88' lang='lat' dir='ltr'><strong><em>(Ibid.</em></strong></span> <span class='ocrx_word' id='word_1_980' title='bbox 3191 5193 3206 5219; x_wconf 92' lang='lat'><strong><em>,</em></strong></span> <span class='ocrx_word' id='word_1_981' title='bbox 3237 5148 3355 5222; x_wconf 85' lang='grc'><strong>15).</strong></span> <span class='ocrx_word' id='word_1_982' title='bbox 3380 5151 3514 5217; x_wconf 83' lang='lat' dir='ltr'><strong><em>Quis</em></strong></span> <span class='ocrx_word' id='word_1_983' title='bbox 3543 5163 3628 5207; x_wconf 85' lang='lat' dir='ltr'><strong><em>est</em></strong></span> <span class='ocrx_word' id='word_1_984' title='bbox 3656 5153 3766 5209; x_wconf 86' lang='lat' dir='ltr'><strong><em>iste</em></strong></span> 
     </span>
    </p>
   </div>
   <div class='ocr_carea' id='block_1_111' title="bbox 2158 5243 3767 5314">
    <p class='ocr_par' dir='ltr' id='par_1_111' title="bbox 2158 5243 3767 5314">
     <span class='ocr_line' id='line_1_111' title="bbox 2158 5243 3767 5314; baseline 0.004 -16"><span class='ocrx_word' id='word_1_985' title='bbox 2158 5245 2410 5314; x_wconf 85' lang='lat' dir='ltr'><strong><em>proprius</em></strong></span> <span class='ocrx_word' id='word_1_986' title='bbox 2442 5245 2533 5299; x_wconf 90' lang='lat' dir='ltr'><strong><em>Dei</em></strong></span> <span class='ocrx_word' id='word_1_987' title='bbox 2561 5243 2761 5312; x_wconf 85' lang='lat' dir='ltr'><strong><em>Filius,</em></strong></span> <span class='ocrx_word' id='word_1_988' title='bbox 2790 5245 2893 5298; x_wconf 89' lang='lat' dir='ltr'><strong><em>nisi</em></strong></span> <span class='ocrx_word' id='word_1_989' title='bbox 2922 5245 3008 5300; x_wconf 90' lang='lat' dir='ltr'><strong><em>cui</em></strong></span> <span class='ocrx_word' id='word_1_990' title='bbox 3038 5244 3240 5299; x_wconf 89' lang='lat' dir='ltr'><strong><em>dictum</em></strong></span> <span class='ocrx_word' id='word_1_991' title='bbox 3262 5252 3346 5300; x_wconf 86' lang='lat' dir='ltr'><strong><em>est</em></strong></span> <span class='ocrx_word' id='word_1_992' title='bbox 3371 5263 3382 5299; x_wconf 93' lang='lat'>:</span> <span class='ocrx_word' id='word_1_993' title='bbox 3414 5244 3592 5301; x_wconf 81' lang='lat' dir='ltr'><strong><em>Filius</em></strong></span> <span class='ocrx_word' id='word_1_994' title='bbox 3616 5264 3767 5304; x_wconf 84' lang='lat' dir='ltr'><strong><em>meus</em></strong></span> 
     </span>
    </p>
   </div>
   <div class='ocr_carea' id='block_1_112' title="bbox 2157 5336 3767 5408">
    <p class='ocr_par' dir='ltr' id='par_1_112' title="bbox 2157 5336 3767 5408">
     <span class='ocr_line' id='line_1_112' title="bbox 2157 5336 3767 5408; baseline 0.003 -17"><span class='ocrx_word' id='word_1_995' title='bbox 2157 5352 2210 5391; x_wconf 89' lang='lat' dir='ltr'><strong><em>es</em></strong></span> <span class='ocrx_word' id='word_1_996' title='bbox 2237 5347 2326 5404; x_wconf 87' lang='lat' dir='ltr'><strong><em>tu,</em></strong></span> <span class='ocrx_word' id='word_1_997' title='bbox 2362 5353 2453 5408; x_wconf 90' lang='lat' dir='ltr'><strong><em>ego</em></strong></span> <span class='ocrx_word' id='word_1_998' title='bbox 2493 5336 2644 5391; x_wconf 89' lang='lat' dir='ltr'><strong><em>hodie</em></strong></span> <span class='ocrx_word' id='word_1_999' title='bbox 2686 5337 2841 5408; x_wconf 87' lang='lat' dir='ltr'><strong><em>genui</em></strong></span> <span class='ocrx_word' id='word_1_1000' title='bbox 2870 5347 2917 5392; x_wconf 91' lang='lat' dir='ltr'><strong><em>te</em></strong></span> <span class='ocrx_word' id='word_1_1001' title='bbox 2963 5336 3137 5408; x_wconf 87' lang='lat' dir='ltr'><strong><em>(Psal.</em></strong></span> <span class='ocrx_word' id='word_1_1002' title='bbox 3163 5352 3235 5402; x_wconf 89' lang='lat' dir='ltr'><strong><em>tt,</em></strong></span> <span class='ocrx_word' id='word_1_1003' title='bbox 3268 5337 3370 5408; x_wconf 86' lang='lat'><strong><em>7)?</em></strong></span> <span class='ocrx_word' id='word_1_1004' title='bbox 3410 5338 3512 5406; x_wconf 89' lang='lat' dir='ltr'><strong><em>Et,</em></strong></span> <span class='ocrx_word' id='word_1_1005' title='bbox 3551 5338 3767 5396; x_wconf 76' lang='lat' dir='ltr'><strong><em>Miseri-</em></strong></span> 
     </span>
    </p>
   </div>
   <div class='ocr_carea' id='block_1_113' title="bbox 2157 5433 3766 5505">
    <p class='ocr_par' dir='ltr' id='par_1_113' title="bbox 2157 5433 3766 5505">
     <span class='ocr_line' id='line_1_113' title="bbox 2157 5433 3766 5505; baseline 0.006 -20"><span class='ocrx_word' id='word_1_1006' title='bbox 2157 5434 2388 5486; x_wconf 89' lang='lat' dir='ltr'><strong><em>cordiam</em></strong></span> <span class='ocrx_word' id='word_1_1007' title='bbox 2409 5449 2572 5487; x_wconf 89' lang='lat' dir='ltr'><strong><em>meam</em></strong></span> <span class='ocrx_word' id='word_1_1008' title='bbox 2594 5449 2695 5486; x_wconf 90' lang='lat' dir='ltr'><strong><em>non</em></strong></span> <span class='ocrx_word' id='word_1_1009' title='bbox 2725 5433 3020 5505; x_wconf 90' lang='lat' dir='ltr'><strong><em>dispergam</em></strong></span> <span class='ocrx_word' id='word_1_1010' title='bbox 3047 5433 3111 5488; x_wconf 90' lang='lat' dir='ltr'><strong><em>ab</em></strong></span> <span class='ocrx_word' id='word_1_1011' title='bbox 3138 5450 3316 5489; x_wconf 89' lang='lat' dir='ltr'><strong><em>eo.....</em></strong></span> <span class='ocrx_word' id='word_1_1012' title='bbox 3342 5445 3390 5490; x_wconf 88' lang='lat' dir='ltr'><strong><em>et</em></strong></span> <span class='ocrx_word' id='word_1_1013' title='bbox 3417 5436 3623 5504; x_wconf 72' lang='lat' dir='ltr'><strong><em>ﬁdelem</em></strong></span> <span class='ocrx_word' id='word_1_1014' title='bbox 3645 5455 3766 5493; x_wconf 88' lang='lat' dir='ltr'><strong><em>eum</em></strong></span> 
     </span>
    </p>
   </div>
   <div class='ocr_carea' id='block_1_114' title="bbox 2155 5525 3765 5598">
    <p class='ocr_par' dir='ltr' id='par_1_114' title="bbox 2155 5525 3765 5598">
     <span class='ocr_line' id='line_1_114' title="bbox 2155 5525 3765 5598; baseline 0.004 -18"><span class='ocrx_word' id='word_1_1015' title='bbox 2155 5525 2363 5580; x_wconf 86' lang='lat' dir='ltr'><strong><em>servabo</em></strong></span> <span class='ocrx_word' id='word_1_1016' title='bbox 2392 5526 2446 5578; x_wconf 89' lang='lat' dir='ltr'><strong><em>in</em></strong></span> <span class='ocrx_word' id='word_1_1017' title='bbox 2474 5525 2625 5580; x_wconf 89' lang='lat' dir='ltr'><strong><em>domo</em></strong></span> <span class='ocrx_word' id='word_1_1018' title='bbox 2655 5541 2768 5581; x_wconf 86' lang='lat' dir='ltr'><strong><em>mea</em></strong></span> <span class='ocrx_word' id='word_1_1019' title='bbox 2790 5567 2806 5593; x_wconf 90' lang='lat'><strong><em>,</em></strong></span> <span class='ocrx_word' id='word_1_1020' title='bbox 2850 5535 2900 5580; x_wconf 89' lang='lat' dir='ltr'><strong><em>et</em></strong></span> <span class='ocrx_word' id='word_1_1021' title='bbox 2945 5527 2998 5581; x_wconf 88' lang='lat' dir='ltr'><strong><em>in</em></strong></span> <span class='ocrx_word' id='word_1_1022' title='bbox 3028 5543 3184 5598; x_wconf 89' lang='lat' dir='ltr'><strong><em>regno</em></strong></span> <span class='ocrx_word' id='word_1_1023' title='bbox 3237 5529 3351 5596; x_wconf 85' lang='lat' dir='ltr'><strong><em>eius</em></strong></span> <span class='ocrx_word' id='word_1_1024' title='bbox 3404 5529 3459 5584; x_wconf 92' lang='lat' dir='ltr'><strong><em>in</em></strong></span> <span class='ocrx_word' id='word_1_1025' title='bbox 3512 5532 3765 5586; x_wconf 72' lang='lat' dir='ltr'><strong><em>stt-culum</em></strong></span> 
     </span>
    </p>
   </div>
   <div class='ocr_carea' id='block_1_115' title="bbox 2156 5615 3766 5689">
    <p class='ocr_par' dir='ltr' id='par_1_115' title="bbox 2156 5615 3766 5689">
     <span class='ocr_line' id='line_1_115' title="bbox 2156 5615 3766 5689; baseline 0.008 -20"><span class='ocrx_word' id='word_1_1026' title='bbox 2156 5615 2313 5688; x_wconf 86' lang='lat' dir='ltr'><strong><em>(Par.</em></strong></span> <span class='ocrx_word' id='word_1_1027' title='bbox 2341 5635 2475 5687; x_wconf 81' lang='lat' dir='ltr'><strong><em>xvu,</em></strong></span> <span class='ocrx_word' id='word_1_1028' title='bbox 2508 5620 2577 5676; x_wconf 78' lang='grc'><strong>15</strong></span> <span class='ocrx_word' id='word_1_1029' title='bbox 2615 5627 2661 5674; x_wconf 84' lang='lat' dir='ltr'><strong><em>et</em></strong></span> <span class='ocrx_word' id='word_1_1030' title='bbox 2704 5618 2834 5689; x_wconf 70' lang='lat' dir='ltr'><strong><em>l4)?</em></strong></span> <span class='ocrx_word' id='word_1_1031' title='bbox 2865 5619 2935 5674; x_wconf 83' lang='lat' dir='ltr'><strong><em>At</em></strong></span> <span class='ocrx_word' id='word_1_1032' title='bbox 2972 5634 3107 5676; x_wconf 88' lang='lat' dir='ltr'><strong><em>vero</em></strong></span> <span class='ocrx_word' id='word_1_1033' title='bbox 3143 5621 3494 5678; x_wconf 85' lang='lat' dir='ltr'><strong><em>Salomonem</em></strong></span> <span class='ocrx_word' id='word_1_1034' title='bbox 3522 5622 3766 5682; x_wconf 77' lang='lat' dir='ltr'><strong><em>fortasse</em></strong></span> 
     </span>
    </p>
   </div>
   <div class='ocr_carea' id='block_1_116' title="bbox 2148 5733 3765 5856">
    <p class='ocr_par' dir='ltr' id='par_1_116' title="bbox 2148 5733 3765 5856">
     <span class='ocr_line' id='line_1_116' title="bbox 2148 5733 3765 5856; baseline 0.007 -71"><span class='ocrx_word' id='word_1_1035' title='bbox 2148 5733 2421 5856; x_wconf 48' lang='lat' dir='ltr'><strong><em>nannulli,</em></strong></span> <span class='ocrx_word' id='word_1_1036' title='bbox 2448 5735 2502 5790; x_wconf 90' lang='lat' dir='ltr'><strong><em>in</em></strong></span> <span class='ocrx_word' id='word_1_1037' title='bbox 2532 5733 2971 5804; x_wconf 85' lang='lat' dir='ltr'><strong><em>Paratipomenis,</em></strong></span> <span class='ocrx_word' id='word_1_1038' title='bbox 3026 5752 3092 5795; x_wconf 81' lang='lat' dir='ltr'><strong><em>ex</em></strong></span> <span class='ocrx_word' id='word_1_1039' title='bbox 3118 5737 3313 5796; x_wconf 64' lang='lat' dir='ltr'><strong><em>Graeco</em></strong></span> <span class='ocrx_word' id='word_1_1040' title='bbox 3349 5737 3401 5794; x_wconf 75' lang='grc' dir='ltr'><strong><em>ἐν</em></strong></span> <span class='ocrx_word' id='word_1_1041' title='bbox 3444 5740 3765 5811; x_wconf 62' lang='lat' dir='ltr'><strong><em>[lapathum-‘-</em></strong></span> 
     </span>
     <span class='ocr_line' id='line_1_117' title="bbox 2149 5819 2338 5856; baseline 0 0"><span class='ocrx_word' id='word_1_1042' title='bbox 2149 5821 2186 5856; x_wconf 75' lang='grc' dir='ltr'>μ</span> <span class='ocrx_word' id='word_1_1043' title='bbox 2241 5819 2338 5856; x_wconf 69' lang='grc' dir='ltr'><strong><em>αις.</em></strong></span> 
     </span>
    </p>
   </div>
   <div class='ocr_carea' id='block_1_117' title="bbox 2147 5819 2338 5868">
    <p class='ocr_par' dir='ltr' id='par_1_117' title="bbox 2147 5819 2338 5868">
     <span class='ocr_line' id='line_1_118' title="bbox 2147 5819 2338 5868; baseline 0.026 -12"><span class='ocrx_word' id='word_1_1044' title='bbox 2147 5819 2338 5868; x_wconf 71' lang='grc' dir='ltr'><strong><em>μονοις.</em></strong></span> 
     </span>
    </p>
   </div>
  </div>
