3960 6300
208 283 331 345 1593

1133 284 1500 344 EXPOSITIO
1542 285 1795 346 EVANG.
1838 289 1987 347 ΒΕΘ.
2030 292 2181 351 LUC.
2229 294 2359 352 LIB.
2402 296 2490 354 111.

3323 312 3460 370 1594

203 405 313 460 ideo
338 416 539 459 errasse
577 410 681 459 tam
722 404 989 475 graviter,
1024 419 1091 459 ne
1109 418 1355 462 errarent
1379 409 1628 465 homines
1649 452 1664 477 ,
1699 422 1750 467 et
1778 417 1829 478 Α
1856 416 2283 487 quinquaginta;
2315 428 2368 473 et
2391 420 2534 489 quod
2568 434 2662 491 per
2691 421 2825 478 alias
2854 439 3115 495 personas
3141 428 3425 488 Mattha‘us
3449 478 3463 501 ,

199 497 255 553 ad
296 498 455 568 ipsmn
486 496 796 553 crederetur
844 514 1093 555 manasse
1142 504 1467 571 promissum
1496 547 1510 568 ,
1544 505 1759 561 divina-

198 607 301 648 rum
330 591 461 646 serie
505 592 854 659 cognovimus
898 592 1214 651 lectionum.
1263 595 1572 652 Edilicavit
1614 600 1757 654 enim

196 684 432 753 templum
462 685 691 739 Astartm
721 685 865 740 idolo
894 696 919 722 τι
950 698 1171 757 promer
1199 704 1440 745 amorem
1470 692 1716 748 mulieris
1741 735 1754 757 ,

196 788 243 836 et
270 778 557 848 indignatus
586 790 669 834 est
701 781 961 835 Dominus
1002 782 1053 835 in
1097 782 1445 839 Salomonem
1478 785 1587 855 (Ill
1623 787 1753 857 Reg.

192 887 264 935 ιι,
296 870 325 924 4
349 882 391 925 et
416 873 565 941 seq).
598 871 651 927 Si
681 872 841 942 igitur
862 916 876 936 ,
908 874 1124 931 vivente
1155 875 1352 943 David,
1387 894 1614 947 regnare
1644 894 1757 935 cm-

191 964 258 1035 pit
292 963 384 1033 (sic
413 965 551 1017 enim
584 962 789 1031 habes,
819 966 960 1035 quod
992 983 1113 1021 cum
1152 978 1298 1023 esset
1326 971 1623 1025 nuntiatum
1657 973 1757 1025 Da-

190 1056 262 1111 vid
286 1071 498 1125 regnare
528 1057 873 1113 Salomouem
896 1100 910 1125 ,
937 1060 1185 1114 adoravit
1208 1077 1301 1117 rex
1328 1063 1488 1117 David
1515 1064 1565 1117 in
1591 1064 1753 1120 cubili

189 1162 300 1215 suo,
330 1156 379 1202 et
408 1146 538 1203 dixit
580 1148 690 1220 (ΙΙΙ
735 1148 862 1220 Reg.
898 1166 951 1215 ι,
984 1150 1117 1222 48);
1153 1152 1464 1209 Benedictus
1499 1154 1754 1211 Dominus

187 1238 305 1294 Deus
342 1239 530 1305 Israel,
563 1243 649 1311 qui
680 1243 818 1296 dedit
867 1243 995 1297 mihi
1031 1245 1183 1300 hodie
1207 1248 1271 1301 de
1297 1250 1486 1303 semine
1527 1266 1637 1303 meo
1668 1266 1749 1304 se-

187 1333 359 1387 dentem
387 1334 436 1387 in
467 1334 650 1387 throno
676 1351 817 1397 meo,
855 1346 903 1389 et
930 1338 1067 1391 oculi
1093 1340 1192 1393 mei
1217 1340 1432 1411 vident),
1453 1343 1495 1395 si
1522 1343 1747 1411 erravit,

183 1427 221 1481 si
244 1427 477 1493 offendit,
514 1428 667 1484 vides
694 1431 951 1501 quoniam
985 1435 1235 1503 promissi
1267 1437 1437 1492 series
1471 1438 1747 1496 Christum

181 1523 458 1592 spopondit.

238 1616 315 1671 10.
354 1615 417 1670 Et
460 1616 587 1671 ideo
627 1618 760 1674 istos
797 1619 937 1675 duos
975 1623 1193 1693 generis
1222 1632 1474 1680 auctores
1517 1641 1748 1697 evange-

178 1708 278 1765 lista
307 1710 496 1782 delegit
524 1732 537 1764 :
571 1730 734 1768 unum
757 1758 771 1781 ,
806 1716 895 1785 qui
929 1718 1254 1785 promissum
1286 1720 1493 1790 accepit
1520 1721 1588 1776 de
1615 1736 1745 1776 cou-

1866 523 1963 578 per
1986 510 2121 565 alias
2151 510 2325 567 Lucas
2354 514 2759 583 generationem
2794 533 3043 577 manasse
3072 520 3421 594 desoripserit
3446 546 3460 583 :

1862 600 1916 655 in
1949 619 2056 673 quo
2090 604 2202 673 jam
2233 615 2388 675 potes
2424 608 2559 663 illud
2590 612 2821 680 probare
2848 614 2994 684 quod
3032 615 3303 687 diximus,
3337 622 3460 689 quia

1861 711 1982 751 cum
2013 698 2147 754 alios
2179 698 2462 757 Matthmus
2488 702 2722 771 majores
2757 705 3023 762 Dominici
3050 710 3287 779 generis,
3318 712 3459 769 alios

1862 803 1992 843 vero
2040 790 2215 847 Lucas
2267 792 2320 847 in
2360 792 2553 850 ordine
2605 798 2977 865 generationis
3056 801 3321 866 texuerit;
3391 804 3460 859 ab

1858 879 2133 937 Abraham
2177 893 2354 940 tamen
2386 896 2441 941 et
2481 886 2646 942 David
2689 889 2927 961 reliquos
2966 901 3215 949 auctores
3244 896 3459 965 generis

1860 983 2083 1045 uterque
2106 977 2446 1048 significavit.

1930 1069 2017 1123 15.
2060 1070 2214 1136 Quod
2256 1087 2388 1125 vero
2421 1087 2517 1142 per
2542 1073 2890 1131 Salomonem
2920 1078 3203 1135 Matthrcus
3233 1095 3457 1150 genera-

1856 1160 2057 1216 tionem
2086 1161 2437 1220 derivandam
2471 1168 2709 1236 putavit,
2739 1169 2913 1225 Lucas
2934 1187 3065 1227 vero
3091 1189 3187 1242 per
3207 1174 3413 1229 Natbau
3443 1194 3457 1232 :

1857 1252 1999 1307 alter
2030 1256 2265 1324 regalem
2291 1298 2307 1322 ,
2358 1258 2497 1313 alter
2526 1261 2919 1317 sacerdotalem
2966 1263 3168 1320 Christi
3208 1267 3459 1323 familiam

1854 1345 2071 1401 videtur
2098 1350 2407 1406 ostendere.
2435 1351 2589 1421 Quod
2620 1370 2729 1409 non
2773 1356 2840 1410 ita
2882 1357 3130 1425 accipere
3155 1358 3414 1414 debemus
3436 1404 3451 1427 ,

1854 1442 1997 1510 quod
2028 1442 2260 1497 alterum
2277 1444 2446 1499 altero
2460 1450 2642 1502 verius
2670 1466 2682 1501 :
2704 1449 2797 1503 sed
2816 1449 2954 1505 alter
2972 1450 3129 1506 alteri
3150 1452 3264 1521 pari
3280 1453 3384 1509 fide
3397 1463 3450 1509 et

1854 1533 2086 1588 veritate
2113 1536 2429 1593 concordet.
2455 1537 2575 1593 Fuit
2602 1541 2746 1594 enim
2774 1557 2903 1597 vere
2931 1551 2985 1597 et
3015 1544 3310 1599 secundum
3334 1561 3455 1601 car-

1852 1639 1975 1680 nem
2017 1627 2248 1695 regalis,
2280 1637 2336 1683 et
2377 1631 2734 1687 sacerdotalis
2774 1632 2991 1689 familia!
3017 1652 3029 1688 :
3058 1651 3153 1691 rex
3195 1652 3261 1692 ex
3309 1638 3451 1709 regi-

1852 1717 1953 1772 bus
1975 1761 1989 1785 ,
2020 1720 2275 1775 sacerdos
2309 1738 2375 1777 ex
2416 1724 2819 1790 sacerdotibus,
2854 1726 2983 1783 licet
3019 1729 3295 1785 oraculum
3338 1746 3445 1786 non

176 1804 451 1873 gregatimte
476 1808 802 1875 populorum
835 1826 847 1861 :
882 1808 1138 1875 alterum,
1169 1812 1259 1881 qui
1294 1813 1362 1867 de
1388 1816 1741 1884 generatione
1775 1829 1821 1887 Β
1850 1810 1916 1865 de
1946 1813 2259 1867 carnalibus
2285 1857 2299 1880 ,
2332 1814 2425 1869 sed
2454 1816 2522 1870 dc
2560 1818 2876 1875 cmlestibus
2917 1820 3283 1890 exprimatur;
3317 1838 3451 1893 quo-

177 1893 345 1950 Christi
412 1898 696 1953 oraculum
776 1912 1098 1958 consecutus
1174 1913 1276 1959 est.
1344 1905 1413 1959 Et
1470 1906 1590 1961 ideo
1672 1908 1737 1961 li-

175 1998 244 2044 cet
288 1989 465 2045 ordine
509 1993 588 2045 sit
630 1995 992 2048 successionis
1041 1998 1344 2066 posterior,
1377 1999 1525 2067 prior
1564 2010 1739 2056 tamen

172 2095 304 2150 quam
334 2083 605 2139 Abraham
637 2086 691 2139 in
725 2086 936 2142 Domini
980 2091 1329 2158 generatione
1373 2090 1736 2159 describitur;

122 2228 131 2253 ,
168 2174 271 2244 quia
301 2174 410 2243 plus
432 2185 515 2231 est
548 2178 873 2247 promissum
904 2181 1181 2247 accepisse
1209 2180 1276 2235 de
1299 2179 1516 2236 Christo
1537 2224 1551 2248 ,
1580 2198 1738 2253 quam

168 2264 225 2319 de
267 2265 531 2332 Ecclesia;
570 2270 825 2339 quoniam
875 2271 1116 2327 Ecclesia
1161 2273 1273 2341 ipsa
1316 2289 1413 2341 pcr
1441 2274 1737 2329 Christum.

168 2355 287 2427 Ergo
314 2375 441 2414 unus
470 2361 731 2434 princeps
760 2364 977 2433 generis
1007 2364 1307 2419 secundum
1334 2381 1549 2420 carnem
1568 2409 1583 2432 ,
1610 2368 1633 2403 ιτ
1664 2368 1741 2421 al-

166 2456 233 2504 ter
262 2451 496 2521 princeps
527 2455 751 2523 generis
797 2454 1093 2509 secundum
1132 2458 1374 2525 Spiritum
1411 2474 1423 2511 :
1471 2457 1611 2513 alter
1656 2473 1740 2513 se-

162 2541 365 2597 cundum
388 2545 617 2599 seminis
638 2546 865 2614 gratiam
886 2589 901 2613 ,
934 2548 1072 2603 alter
1094 2550 1387 2604 secundum
1414 2552 1737 2621 pepulorum

161 2630 326 2693 fidem:
351 2637 524 2703 potior
549 2639 698 2692 enim
723 2639 815 2707 qui
837 2640 1009 2695 salt-at
1031 2655 1096 2695 eo
1121 2642 1210 2711 qui
1237 2643 1500 2697 salvatur.
1527 2643 1595 2698 Et
1618 2644 1740 2699 ideo

162 2724 301 2782 David
340 2728 476 2785 filius
515 2730 762 2786 dicitur:
791 2730 943 2787 Liber
972 2736 1316 2803 generationis
1346 2734 1472 2789 Jesu
1511 2736 1737 2802 Christi,

158 2817 239 2885 ﬁlii
263 2818 418 2875 David
463 2822 692 2896 (Matth.
725 2839 773 2890 t,
806 2826 878 2891 l).
910 2824 1042 2895 Ejus
1087 2826 1231 2881 enim
1264 2828 1438 2896 primo
1482 2828 1601 2883 loco
1640 2828 1738 2883 de-

156 2910 252 2967 buit
289 2915 424 2972 filius
460 2916 575 2972 dici
600 2960 614 2984 ,
645 2918 734 2972 cui
764 2918 882 2973 dari
924 2920 1066 2975 illius
1108 2928 1193 2974 est
1238 2920 1572 2990 promissus;
1615 2921 1743 2977 licet

159 3009 418 3079 Apostolus
459 3015 631 3068 etiam
679 3014 913 3069 Abrahae
950 3013 1223 3068 Christum
1258 3014 1401 3068 dicat
1445 3030 1568 3071 esse
1615 3032 1741 3085 pro-

157 3100 353 3159 missum
385 3122 399 3159 :
432 3105 666 3160 Abrahae
708 3106 855 3160 enim
896 3106 1049 3160 dicta:
1091 3116 1206 3160 sunt
1257 3108 1621 3175 promissiones
1646 3149 1659 3171 ,
1693 3115 1740 3161 et

1848 1903 1992 1956 niam
2036 1912 2090 1959 ct
2120 1920 2215 1959 rex
2246 1906 2297 1960 in
2344 1906 2439 1961 Dei
2471 1907 2669 1964 virtute
2706 1910 2955 1979 lmtatur,
3000 1913 3086 1968 cui
3113 1912 3379 1983 judicium
3419 1930 3450 1969 a

1846 1996 2006 2053 Patre
2037 2013 2163 2067 rege
2190 1997 2462 2065 defertur,
2496 2010 2552 2055 et
2576 2002 2833 2058 sacerdos
2859 2012 2942 2059 est
2964 2003 3016 2059 in
3042 2014 3302 2060 aeternum
3324 2047 3338 2071 ,
3362 2020 3450 2061 se-

1844 2091 2080 2145 cundum
2122 2093 2264 2162 quod
2296 2093 2557 2163 scriptum
2590 2103 2711 2148 est:
2742 2094 2822 2148 Tu
2852 2112 2904 2150 es
2944 2100 3183 2151 sacerdos
3213 2099 3267 2151 in
3294 2107 3445 2153 (cter-

1845 2202 1967 2238 num
1997 2186 2280 2239 secundum
2310 2187 2546 2242 ordinent
2575 2187 2955 2244 Melchisedech
2996 2189 3182 2261 (Psnl.
3213 2206 3299 2247 (ιιι
3319 2233 3338 2262 ,
3366 2193 3447 2260 4).

1845 2278 1992 2332 Bene
2022 2279 2183 2349 igitur
2222 2288 2451 2351 uterque
2494 2281 2667 2335 tenuit
2698 2280 2893 2347 fidem;
2936 2291 2997 2337 ut
3038 2283 3323 2338 Matthmus
3356 2300 3451 2356 per

1844 2387 2006 2441 reges
2036 2373 2252 2428 ductam
2304 2374 2568 2444 originem
2601 2377 3015 2446 comprobaret,
3049 2386 3104 2431 et
3147 2376 3320 2432 Lucas
3353 2393 3450 2446 per

1841 2464 2156 2520 sacerdotes
2195 2482 2225 2520 a
2258 2466 2366 2521 Deo
2413 2467 2783 2522 transmissam
2833 2469 2884 2522 in
2928 2467 3203 2523 Christum
3247 2470 3443 2525 seriem

1842 2559 2057 2627 generis
2086 2558 2437 2625 deducendo,
2479 2558 2805 2613 sanctiorem
2841 2560 3007 2629 ipsam
3047 2559 3311 2628 originem
3351 2560 3445 2616 de-

1842 2654 2099 2707 clararet.
2122 2653 2292 2708 Simul
2325 2652 2377 2706 in
2414 2653 2514 2706 hoc
2546 2668 2763 2723 quoque
2796 2653 2946 2706 vituli
2974 2654 3141 2723 tigura
3165 2652 3444 2722 signatur,

1843 2744 1987 2814 quod
2017 2744 2214 2814 ubique
2237 2742 2578 2799 sacerdotale
2620 2744 2939 2815 mysterium
2967 2752 3121 2815 putat
3158 2757 3278 2799 esse
3321 2758 3440 2800 ser-

1844 2835 2102 2890 vaudum.

1918 2930 2007 2983 14.
2049 2928 2157 2984 Nec
2188 2928 2405 2984 mireris
2434 2929 2477 2983 si
2522 2929 2591 2983 ab
2618 2928 2887 2984 Abraham
2922 2930 3105 2999 plures
3143 2928 3439 2985 secundum

1844 3022 2044 3077 Lucam
2089 3021 2465 3077 successiones
2493 3036 2663 3091 usque
2707 3020 2772 3075 ad
2812 3021 3084 3076 Christum
3118 3032 3282 3089 sunt,
3314 3037 3445 3093 pau-

1842 3115 2018 3170 ciores
2049 3113 2344 3169 secundum
2380 3113 2727 3179 Mattbreum;
2762 3130 2882 3169 cum
2918 3130 3012 3185 per
3058 3115 3193 3169 alias
3249 3129 3443 3185 perso-

157 3198 311 3251 semini
350 3203 483 3272 ejus.
521 3198 651 3254 Non
696 3201 864 3254 dicit:
901 3199 964 3254 Et
1013 3200 1327 3264 seminibus,
1375 3211 1635 3270 tamquam
1684 3202 1735 3255 in
1765 3205 1808 3266 C
1845 3220 1943 3260 nas
1991 3205 2398 3275 generationem
2446 3204 2666 3260 fatearis
2714 3221 2837 3259 esse
2884 3206 3166 3259 decursam
3212 3224 3225 3259 :
3264 3214 3442 3275 potest

160 3290 334 3356 multis,
364 3292 452 3345 sed
481 3293 623 3347 sicut
650 3291 701 3345 in
745 3308 847 3345 uno
871 3307 888 3345 :
918 3291 985 3345 Et
1010 3294 1190 3346 semini
1221 3302 1310 3347 tuo
1333 3335 1347 3357 ,
1374 3294 1461 3363 qui
1487 3305 1560 3347 est
1585 3293 1736 3347 Chri-

157 3391 246 3436 stus
274 3383 466 3455 (Galat.
499 3402 561 3440 tu
592 3428 606 3451 ,
640 3385 769 3457 16);
803 3396 859 3440 ut
900 3386 1055 3442 alteri
1083 3388 1389 3457 proprietas
1433 3390 1738 3457 generatio-

157 3476 257 3541 nis,
287 3480 625 3550 principatus
675 3480 830 3535 alteri
870 3478 1165 3536 deferatur.
1209 3480 1291 3536 Illi
1333 3482 1569 3537 delatum
1609 3491 1733 3549 est,

155 3558 202 3621 ut
224 3569 366 3627 Jesus
395 3574 515 3641 ejus
570 3572 715 3627 filius
761 3573 1037 3628 diceretur
1069 3592 1082 3628 :
1128 3574 1250 3629 huic
1279 3576 1429 3642 quasi
1458 3575 1689 3645 principi
1718 3618 1733 3640 ,

158 3658 349 3718 familia:
377 3666 734 3736 gentiumque
776 3666 1135 3736 prterogativa
1188 3666 1401 3739 1318
1445 3676 1733 3732 servatur;

157 3762 203 3807 ttt
242 3757 304 3813 ab
349 3759 627 3815 Abraham
702 3760 1076 3829 generationis
1140 3760 1435 3816 Dominieze
1495 3769 1739 3817 manaret

155 3852 426 3909 exordium.
453 3855 561 3920 Qui
586 3855 731 3909 enim
765 3855 885 3909 fidei
920 3864 1108 3909 auctor
1131 3865 1246 3919 est,
1282 3856 1456 3924 ipsum
1490 3871 1737 3910 asserere

155 3939 400 4013 Scriptura
416 3962 641 4018 quoque
652 3946 881 4002 debuitd
890 3950 1045 4003 iviutc
1058 3950 1421 4017 generationis
1434 3958 1732 4003 auctorem.

214 4037 293 4092 ll.
330 4037 485 4095 Unde
512 4050 573 4095 et
601 4037 775 4095 Lucas
805 4040 870 4094 ad
901 4040 1069 4095 Deum
1100 4043 1308 4107 putavit
1332 4042 1593 4111 originem
1618 4041 1737 4108 ejus

156 4141 257 4183 esse
282 4130 665 4197 referendam;
696 4132 838 4200 quod
870 4147 1028 4187 verus
1051 4133 1251 4189 Christi
1280 4144 1568 4203 generator
1595 4133 1738 4188 Deus

154 4221 239 4290 sit,
259 4226 339 4280 vel
363 4226 669 4282 secundum
694 4242 877 4281 veram
904 4228 1311 4297 generationem
1343 4237 1519 4297 pater,
1545 4227 1625 4311 vel
1654 4242 1739 4281 sc-

155 4317 358 4373 cundum
389 4319 596 4375 lavacri
627 4320 1095 4390 regenerationem
1129 4320 1344 4391 mystici
1372 4321 1615 4376 muneris
1644 4335 1739 4373 au-

157 4416 271 4462 Ctor.
302 4409 364 4465 Et
396 4411 522 4467 ideo
566 4426 673 4466 non
702 4426 731 4465 a
757 4415 933 4481 primo
971 4413 1376 4482 generationem
1418 4414 1536 4480 ejus
1575 4412 1739 4479 coepit

155 4501 438 4564 describere
464 4527 477 4563 :
505 4508 603 4565 sed
629 4517 814 4577 postea
840 4508 1168 4577 baptismum
1192 4507 1308 4576 ejus
1329 4507 1615 4576 explicuit,
1646 4522 1738 4560 au-

1839 3300 1984 3355 enim
2020 3299 2134 3353 fieri
2168 3308 2223 3351 ut
2270 3298 2360 3352 alii
2413 3298 2707 3368 longaevam
2740 3299 3103 3367 trausegerint
3133 3297 3296 3351 vitam
3318 3342 3332 3364 ,
3368 3297 3443 3352 al-

1842 3392 2009 3447 terius
2037 3405 2169 3445 vero
2198 3390 2566 3461 generationis
2608 3390 2707 3445 viri
2742 3390 3025 3445 immatura
3056 3398 3214 3445 a'tate
3254 3390 3442 3445 deces-

1840 3484 2054 3549 serint;
2107 3498 2232 3538 cum
2277 3482 2560 3536 videamus
2607 3481 2916 3552 complures
2958 3495 3117 3535 senes
3158 3496 3279 3535 cum
3328 3482 3442 3534 suis

1841 3577 2128 3648 nepotibus
2155 3578 2339 3632 vivere
2358 3619 2372 3643 ,
2404 3576 2542 3631 alios
2566 3591 2694 3631 vero
2722 3577 2867 3631 viros
2896 3576 3076 3631 statim
3125 3574 3249 3630 filiis
3288 3574 3440 3631 obire

1841 3671 2128 3741 susceptis.

1915 3764 2001 3818 15.
2018 3764 2150 3818 Illud
2166 3780 2380 3834 quoque
2394 3763 2726 3818 advertimus
2742 3763 2881 3832 quod
2903 3773 3120 3819 sanctus
3136 3763 3439 3827 Matthmus,

1839 3855 2006 3910 Jacob
2024 3856 2109 3924 qui
2136 3855 2233 3909 fuit
2253 3865 2407 3924 pater
2424 3854 2645 3923 105eph.
2666 3855 2830 3908 lilium
2854 3854 3067 3908 Mathau
3087 3868 3209 3908 esse
3232 3869 3439 3909 memo-

1840 3948 2040 4002 raverit
2062 3946 2273 4018 (Matth.
2297 3963 2339 4011 ι,
2364 3946 2455 4017 15)
2486 3965 2498 4000 :
2518 3946 2690 4001 Lucas
2704 3962 2832 4000 vere
2861 3945 3064 4017 Juseph
3090 3947 3174 3999 cui
3198 3947 3432 4015 deSpOII-

1841 4051 1954 4095 sata
1982 4050 2098 4093 erat
2126 4040 2287 4094 Maria
2310 4081 2324 4104 ,
2350 4040 2513 4093 tilium
2536 4039 2652 4093 lleli
2695 4065 2709 4103 ;
2755 4038 3067 4094 lleliautem
3100 4038 3268 4093 filittm
3302 4038 3434 4093 Mel-

1840 4137 1927 4192 chi
1958 4152 2077 4191 esse
2105 4136 2451 4205 descripserit
2478 4134 2629 4206 (Luc.
2652 4152 2708 4190 ut
2732 4178 2746 4201 ,
2769 4134 2884 4205 24).
2912 4135 3197 4203 Quomodo
3228 4136 3440 4209 1319

1842 4234 2000 4289 unius
2034 4232 2143 4286 duo
2188 4241 2395 4300 partes,
2434 4230 2483 4285 id
2526 4240 2631 4293 est,
2662 4230 2779 4286 lleli
2824 4241 2879 4285 et
2918 4232 3124 4286 Jacub?
3155 4231 3440 4299 Quomodo

1843 4327 2004 4381 etiam
2028 4325 2135 4379 duo
2162 4319 2368 4394 paterni
2393 4326 2510 4391 avi,
2540 4324 2754 4379 Mathau
2781 4334 2834 4377 ct
2861 4322 3052 4378 Melchi
3071 4322 3093 4375 ?
3115 4322 3219 4378 Sed
3244 4325 3287 4377 si
3315 4340 3440 4379 vere

1842 4417 2075 4486 qumris,
2110 4417 2350 4469 invenies
2377 4414 2555 4487 (Dent.
2580 4432 2716 4482 xxv,
2744 4416 2798 4483 5)
2826 4416 2966 4482 quod
2989 4416 3140 4483 juxta
3172 4416 3440 4485 prescrip—

1844 4519 1956 4563 ttun
1990 4509 2120 4578 legis
2150 4508 2349 4563 veteris
2375 4510 2484 4561 duo
2518 4508 2716 4562 fratres
2756 4508 3001 4561 diversos
3033 4508 3173 4561 filios
3209 4518 3231 4545 ο
3264 4508 3437 4563 uteri-

155 4606 336 4653 ctorent
380 4603 626 4657 omnium
670 4602 838 4656 Deum
882 4617 978 4671 per
1006 4601 1334 4669 baptismum
1379 4602 1605 4668 cupiens
1646 4600 1741 4653 de-
1772 4592 1944 4655 Duos
1969 4614 2035 4654 ex
2084 4615 2185 4653 ttna
2234 4613 2399 4652 uxore
2440 4599 2818 4668 generaveriut
2862 4598 3088 4670 (Euseb.
3122 4597 3255 4652 Cres.
3292 4599 3438 4656 Eccl.

155 4703 440 4750 monstrare
462 4738 477 4761 ,
511 4696 788 4751 Christum
819 4710 1033 4764 quoque
1064 4709 1091 4747 a
1124 4695 1233 4748 Deo
1259 4693 1448 4748 ordine
1494 4709 1740 4749 manasse

156 4789 499 4843 sueressinuis
519 4792 755 4844 asseruit
782 4807 795 4843 :
827 4788 1077 4842 universa
1108 4796 1409 4841 contexens
1430 4829 1444 4851 ,
1477 4796 1535 4839 ut
1563 4796 1617 4840 et
1650 4802 1737 4839 se-

153 4878 366 4933 cundum
396 4893 646 4937 naturam
670 4924 686 4946 ,
718 4890 774 4935 et
821 4880 1119 4937 secundum
1151 4882 1378 4949 gratiam
1402 4920 1417 4943 ,
1452 4889 1507 4935 et
1542 4895 1737 4935 secun-

153 4964 265 5023 dum
293 4953 510 5027 carnem
543 4974 635 5029 Dei
670 4973 866 5028 Filium
899 4974 1323 5029 demonstraret.
1362 4972 1514 5040 Quod
1558 4984 1737 5027 autem

153 5061 436 5118 evidentius
457 5065 658 5120 divinae
686 5065 1055 5135 generationis
1088 5064 1347 5119 indicium
1368 5106 1380 5127 ,
1411 5080 1571 5134 quam
1596 5064 1738 5134 quod

155 5149 212 5205 de
237 5159 583 5223 generatione
613 5156 895 5225 dicturus,
928 5157 1105 5225 ipsum
1133 5156 1347 5211 Patrem
1374 5157 1635 5226 przemisit
1660 5158 1740 5212 lo-

153 5256 390 5313 qnentem
417 5267 431 5302 :
466 5248 565 5304 Hic
587 5259 666 5305 est
686 5249 830 5320 ﬁlius
853 5266 995 5305 meus
1020 5250 1239 5305 dilectus
1258 5293 1271 5317 ,
1300 5252 1354 5306 in
1380 5268 1483 5320 quo
1503 5253 1738 5323 compla-

157 5335 396 5402 cui(Luc.
427 5355 519 5405 In,
551 5342 622 5395 22
644 5383 659 5406 ,
692 5341 881 5413 sup.)?

219 5428 303 5483 12.
343 5430 442 5487 Hic
472 5448 685 5504 quoque
712 5434 876 5504 aliqui
905 5434 1085 5490 solent
1107 5435 1349 5491 inserere
1371 5438 1736 5505 quaestiones,

154 5524 284 5588 quod
312 5526 590 5585 Matthzeus
620 5530 691 5583 ab
711 5531 982 5585 Abraham
1011 5544 1182 5601 usque
1210 5530 1275 5585 ad
1300 5531 1581 5587 Christum
1607 5547 1738 5603 qua-

155 5610 384 5687 draginta
405 5620 540 5676 duas
560 5622 939 5691 generationes
958 5623 1390 5691 enumeraverit,
1416 5621 1590 5679 Lucas
1611 5638 1741 5680 vero

224 5746 247 5815 ξ
275 5739 430 5815 Βοῐη.
458 5742 615 5813 edit.,
646 5756 857 5815 propter
880 5761 1105 5800 amorem
1133 5748 1429 5802 mulierum.

220 5803 244 5843 δ
276 5808 396 5871 Mss.
428 5803 617 5873 novem
641 5803 957 5885 inthuioris
982 5822 1204 5884 manus,
1226 5821 1354 5875 alter
1381 5820 1620 5893 princeps
1644 5837 1731 5887 nes

1843 4694 1966 4747 hist.
1996 4693 2086 4746 lib.
2116 4709 2130 4747 t
2155 4735 2170 4756 ,
2200 4706 2251 4746 c.
2295 4692 2374 4761 7).
2409 4690 2666 4745 Traditur
2697 4692 2837 4745 enim
2874 4691 3086 4745 Mathan
3110 4733 3124 4755 ,
3155 4692 3245 4760 qui
3275 4707 3302 4745 a
3336 4692 3438 4746 Sa-

1842 4788 2060 4843 lomone
2090 4801 2261 4856 genus
2280 4785 2464 4848 duxit,
2495 4784 2662 4840 Jacob
2690 4799 2980 4853 generasse
3004 4783 3171 4838 filium
3190 4825 3204 4849 ,
3236 4794 3290 4839 et
3312 4800 3441 4839 uxo-

1842 4897 1903 4937 re
1932 4881 2256 4949 superstite,
2289 4878 2617 4939 decessisse,
2652 4894 2811 4947 quam
2843 4887 3029 4947 postea
3064 4878 3255 4932 Melchi
3284 4894 3440 4934 acce-

1844 4973 1924 5046 pit
1954 4988 2179 5027 uxorcm
2201 5014 2213 5035 ,
2244 4988 2308 5026 ex
2341 4986 2445 5042 qua
2472 4978 2774 5040 generatus
2804 4980 2885 5026 est
2914 4970 3033 5026 lleli
3065 4989 3077 5025 :
3106 4988 3293 5029 rursus
3325 4974 3438 5030 lleli

1844 5066 2010 5121 fratre
2052 5068 2171 5120 sine
2203 5064 2388 5118 liberis
2432 5062 2768 5125 decedente,
2803 5065 3085 5132 copulatus
3130 5076 3213 5119 est
3256 5063 3443 5121 fratris

1846 5160 2045 5226 uxori,
2078 5168 2134 5213 et
2160 5158 2434 5228 generavit
2464 5158 2632 5211 tilium
2662 5156 2861 5227 .loseph
2889 5199 2904 5223 ,
2938 5158 3025 5229 qui
3049 5160 3202 5228 juxta
3242 5160 3440 5230 Legem

1845 5252 2014 5308 Jacob
2044 5251 2184 5306 filius
2224 5251 2456 5314 dicitur;
2486 5251 2739 5321 quoniam
2769 5266 2953 5307 semen
2987 5252 3168 5306 fratris
3202 5252 3440 5309 defuncti

1848 5346 2014 5401 frater
2036 5345 2187 5414 juxta
2216 5344 2348 5414 legis
2387 5344 2587 5398 veteris
2615 5344 2811 5398 seriem
2836 5344 3152 5400 suscitabat.
3198 5344 3271 5399 lta
3301 5345 3439 5401 duo-

1847 5453 1966 5494 rum
1999 5437 2139 5492 filius
2161 5436 2339 5492 dictus
2362 5443 2445 5490 est
2462 5478 2477 5501 ,
2510 5452 2616 5491 non
2640 5436 2707 5490 ab
2731 5445 2961 5507 utroque
2987 5447 3276 5506 generatus
3302 5460 3314 5493 :
3345 5439 3440 5494 sed

1845 5532 1971 5603 quia
1991 5532 2212 5586 alterius
2235 5530 2532 5586 secundum
2555 5530 2988 5597 generationem,
3012 5531 3236 5587 alterius
3256 5547 3444 5589 secun-

1848 5625 1976 5681 dum
2000 5625 2197 5695 Legem
2227 5622 2401 5679 factus
2426 5632 2508 5678 est
2534 5622 2695 5677 filius.
2721 5622 2777 5678 ln
2808 5639 2914 5692 quo
2941 5627 3257 5698 praescripto
3286 5625 3411 5698 Legi

1841 5752 1982 5808 neris
2005 5751 2287 5807 secundum
2312 5748 2593 5805 Christum.

1918 5835 1937 5861 η
1976 5821 2173 5878 Vocem
2203 5822 2431 5877 ttterinos
2457 5819 2612 5875 Rom.
2642 5817 2772 5874 edit.
2802 5816 3113 5875 sustulerat.
