3960 6296
493 327 629 385 1595

1803 321 2045 379 SANCTI
2087 311 2415 378 AMBROSII

3659 317 3804 375 1596

489 445 724 500 futuram
769 445 1178 516 perpetuitatem
1227 439 1608 499 defunctorum
1655 439 1880 496 seminis
1929 435 2519 508 nobisAevangelista
2558 451 2755 492 nomen
2801 434 3066 502 inseruit,
3097 434 3165 492 de
3210 449 3314 508 qua
3356 432 3531 492 divise
3577 435 3804 491 interim

488 553 610 595 esse
641 539 962 609 promissam
1005 554 1113 594 non
1157 536 1424 594 intellexit
1456 535 1684 608 populus
1725 533 2034 591 Iuda-orum
2068 550 2084 590 :

489 629 586 686 sed
616 630 911 687 secundum
955 631 1188 686 litteram
1232 630 1506 696 accipiens
1528 670 1544 696 ,
1583 629 1810 698 gratiam
1843 624 2089 697 corrupit

488 722 712 779 oraculi.
743 721 892 778 Alius
912 722 1058 778 enim
1086 730 1205 778 erat
1238 725 1436 787 frater,
1462 720 1554 792 qui
1579 719 1956 775 defuncmrum
1980 718 2090 774 fra-

491 821 634 868 trum
679 828 866 869 semen
897 811 1271 878 resuscitaret,
1304 828 1411 869 non
1439 811 1608 868 frater
1635 811 1930 867 secundum
1970 825 2090 866 car-

493 907 575 962 nis
602 909 1016 979 germanitatem
1040 950 1056 976 ,
1085 906 1181 964 sed
1222 906 1519 964 secundum
1558 905 1742 977 gratize
1773 906 2084 976 puritatem.

495 999 561 1054 Et
587 999 709 1056 ideo
751 999 1013 1068 fortasse,
1047 1000 1231 1056 Frater
1271 1018 1372 1055 non
1415 1000 1620 1054 redimit
1643 1041 1659 1066 ,
1689 1000 1902 1054 redimet
1939 999 2090 1053 homo

495 1090 672 1162 (Psal.
699 1109 865 1149 vauI
886 1135 900 1159 ,
925 1093 1016 1165 8);
1053 1093 1177 1164 quia
1209 1109 1314 1148 non
1347 1106 1640 1164 germanus
1674 1090 1839 1148 frater
1868 1092 1974 1156 ille,
1994 1091 2091 1148 sed

498 1183 759 1242 Dominus
805 1196 858 1243 et
901 1187 1169 1243 mediator
1201 1187 1291 1244 Dei
1323 1196 1378 1244 et
1409 1187 1687 1244 hominum
1733 1185 1895 1241 homo
1930 1185 2090 1242 Chri-

491 1292 608 1338 stus
626 1281 786 1337 Jesus
809 1282 1226 1339 resurrectionis
1240 1283 1467 1354 gratiam
1490 1279 1820 1352 propagavit.
1849 1279 2000 1336 Licet
2022 1280 2093 1336 sit

491 1375 744 1428 versiculi
775 1373 930 1432 istius
960 1381 1017 1430 et
1045 1375 1146 1428 alia
1179 1371 1591 1444 interpretatio,
1621 1388 1782 1443 quam
1811 1385 1910 1427 suo
1944 1370 2094 1427 dice-

496 1481 616 1522 mus
643 1466 762 1522 loco
787 1466 1004 1540 (Enarr.
1031 1467 1084 1520 in
1113 1464 1260 1521 Psal.
1289 1463 1496 1537 XLVIII).

569 1557 654 1614 16.
698 1555 812 1613 Non
841 1558 1134 1614 absurdum
1160 1567 1344 1613 autem
1373 1557 1588 1613 videtur
1618 1547 1795 1626 quod,
1824 1556 2094 1628 geminato

497 1653 724 1724 mystico
770 1669 1036 1720 numero,
1080 1663 1270 1724 quater
1314 1652 1482 1708 denas
1535 1652 1914 1724 generationes
1960 1652 2095 1708 divi-

495 1741 701 1798 dendas
739 1755 960 1799 sanctus
995 1743 1274 1799 Matthmus
1313 1742 1560 1814 putavit,
1599 1743 1668 1798 ab
1705 1744 1974 1799 Abraham
2002 1760 2096 1799 us-

2191 530 2531 586 tractandum
2562 530 2794 585 videtur.

2266 625 2353 681 18.
2395 625 2636 680 Primum
2668 625 2812 680 enim
2838 625 2884 681 si
2913 625 3057 681 veris
3086 625 3337 682 intendas
3375 623 3652 691 animum,
3685 623 3804 680 hzec

2191 721 2388 776 mulier
2411 735 2515 775 non
2551 728 2656 775 tam
2688 719 2925 787 famosa,
2957 735 3116 792 quam
3143 719 3322 791 justa;
3353 734 3461 775 non
3489 719 3636 774 enim
3668 727 3806 773 tem-

2191 817 2393 889 poralis
2422 832 2577 872 usum
2623 815 2863 871 libidinis
2918 815 3237 886 requisivit,
3282 813 3377 868 sed
3429 813 3806 868 successionis

2191 910 2418 982 gratiam
2445 909 2772 980 concupivit.
2814 909 2943 964 Erat
2963 909 3106 964 enim
3136 919 3158 946 ε
3191 906 3434 964 deforme
3458 907 3664 962 liberos
3691 921 3806 961 non

2194 1003 2433 1058 habere:
2467 1001 2608 1072 quod
2642 1001 2804 1056 etiam
2835 1002 3012 1072 legum
3042 1000 3281 1055 civilium
3329 999 3427 1054 fuit
3472 997 3809 1053 auctoritate

2194 1097 2532 1152 mulctatum.
2565 1095 2892 1151 Promiserat
2923 1111 3040 1150 eam
3075 1094 3183 1148 filio
3229 1109 3328 1148 suo
3373 1090 3542 1148 ludas
3567 1132 3586 1160 ,
3619 1102 3674 1147 et
3709 1091 3810 1146 diu

2193 1199 2468 1260 pactarum
2512 1187 2717 1244 foedera
2744 1187 3030 1244 distulerat
3067 1187 3399 1256 nuptiarum.
3445 1186 3550 1241 Per
3591 1201 3810 1240 moram

2195 1283 2447 1354 promissi
2485 1282 2775 1338 defunctus
2804 1292 2887 1338 est
2915 1295 3164 1350 Sponsus.
3188 1277 3435 1334 Nondum
3451 1277 3805 1348 virginitatis,

2196 1377 2435 1433 nomium
2484 1376 2768 1432 viduitatis
2789 1373 2814 1413 δ
2843 1384 2967 1430 ante
2991 1372 3195 1429 Christi
3221 1371 3516 1427 adventum
3539 1371 3814 1426 vernabat

2195 1470 2387 1540 gratia.
2412 1469 2610 1523 Dolens
2635 1484 2694 1522 se
2725 1467 2845 1522 sine
2869 1465 2993 1520 ﬁliis
3031 1463 3379 1528 remansisse,
3411 1461 3597 1518 dolum
3623 1460 3813 1517 studio

2195 1563 2570 1634 generationis
2607 1570 2916 1616 commenta
2948 1569 3032 1615 est
3056 1600 3069 1621 ,
3100 1569 3152 1614 et
3183 1557 3376 1613 ludam
3407 1557 3642 1612 consilio
3670 1573 3816 1626 pra:-

2195 1658 2393 1722 vertit;
2427 1665 2486 1712 ut
2527 1673 2588 1712 se
2633 1653 2810 1711 eidem
2855 1653 3081 1709 offerret
3123 1662 3406 1718 ornatam,
3448 1658 3814 1722 posteaquam

2197 1743 2506 1807 defunctam
2535 1749 2654 1821 ejus
2677 1749 2937 1820 cognovit
2966 1761 3216 1803 uxorem.
3265 1743 3430 1800 Vides
3471 1745 3661 1814 utique
3690 1760 3816 1799 mu—

494 1849 600 1904 (ιιιο
629 1833 696 1890 ad
730 1834 893 1891 Βηνίά
920 1877 936 1904 ,
968 1849 998 1888 a
1029 1835 1196 1891 θεινῑά
1244 1851 1416 1907 usque
1454 1835 1520 1890 ad
1565 1837 2092 1908 lfaﬂsllligralioltcm
2123 1826 2168 1887 Β
2200 1845 2348 1900 lieris
2391 1843 2551 1898 vitam
2595 1841 2852 1913 probari,
2883 1839 3028 1911 quod
3080 1853 3184 1894 non
3237 1838 3474 1892 alienum
3525 1838 3818 1910 prmripuit

496 1925 822 1996 Babylonis,
862 1941 891 1981 a
935 1927 1414 1998 transmigratione
1465 1927 1756 2000 Babylonis
1809 1944 1980 1999 usque
2027 1930 2094 1986 ad

496 2019 772 2074 Christum
799 2037 812 2075 :
844 2021 899 2076 in
927 2037 1033 2091 quo
1055 2022 1200 2077 vices
1229 2022 1587 2077 mutationum
1619 2023 1824 2094 pariter
1849 2024 2096 2096 designa-

499 2110 597 2163 vit.
627 2109 710 2166 ΑΙ)
738 2111 1010 2166 Abraham
1039 2112 1182 2168 enim
1215 2128 1384 2182 usque
1414 2113 1480 2168 ad
1509 2113 1674 2170 David
1707 2125 1948 2186 tempora
1978 2116 2096 2172 sine

497 2203 713 2272 regibus
759 2203 854 2258 fuit
890 2205 1122 2274 populus
1170 2203 1519 2272 Judmorum;
1564 2222 1788 2278 regnum
1831 2209 1972 2263 enim
2016 2212 2097 2277 ju-

494 2306 640 2350 stum
671 2310 700 2349 a
728 2295 892 2352 David
923 2299 1126 2368 coepit:
1159 2297 1358 2354 deinde
1391 2315 1485 2369 per
1523 2314 1678 2370 reges
1721 2311 1898 2356 actum
1925 2318 2096 2371 genus

495 2405 657 2446 omne
688 2400 772 2445 est
807 2390 1151 2460 Iudaeorum,
1180 2402 1232 2449 et
1276 2395 1597 2449 intemerata
1630 2411 1797 2466 usque
1823 2395 1887 2450 ad
1921 2406 2098 2453 trans-

499 2481 877 2552 migrationem
909 2499 1096 2539 eorum
1123 2501 1284 2556 regna
1328 2497 1661 2542 manserunt.
1689 2487 1818 2543 Post
1845 2489 2098 2544 transmi-

495 2575 798 2646 grationem
842 2591 971 2632 vero
999 2577 1051 2632 in
1093 2593 1345 2634 occasum
1373 2579 1755 2649 degenerantis
1786 2581 1970 2653 populi
2003 2597 2098 2638 no-

499 2668 678 2724 bilitas
704 2669 1026 2727 circumcisa
1069 2673 1349 2744 vergebat.
1379 2681 1406 2712 ι
1448 2674 1524 2729 De
1549 2675 1934 2747 quinquaginta
1966 2693 2098 2734 vero

497 2765 935 2820 successionihus
963 2783 1096 2836 quas
1125 2768 1193 2823 ab
1223 2769 1494 2824 Abraham
1529 2769 1700 2825 Lucas
1727 2771 2095 2830 contexendas

502 2855 746 2924 putavit,
779 2859 989 2914 numeri
1025 2860 1238 2932 mystici
1273 2872 1483 2916 servata
1521 2864 1694 2932 gratia
1731 2864 1864 2918 satis
1903 2865 2095 2920 claret.

500 2947 632 3004 Nam
665 2957 721 3004 et
749 2948 992 3007 decinms
1017 2961 1069 3006 et
1095 2955 1359 3023 septimus
1403 2971 1662 3010 numerus
1690 2958 1947 3028 mysticus
1978 2967 2096 3024 est,

500 3055 553 3098 et
580 3042 742 3099 tertio
765 3053 992 3115 uterque
1021 3046 1285 3115 repetitus
1311 3049 1630 3120 mysterium
1656 3049 1851 3120 signat.
1878 3049 1944 3104 Et
1969 3066 2099 3120 pen-

502 3147 743 3206 tecoste,
777 3139 932 3208 cujus
977 3139 1188 3206 Lucas,
1229 3149 1286 3196 et
1335 3151 1694 3197 tesseracoste
1718 3185 1732 3208 ,
1767 3143 1919 3215 cujus
1966 3145 2099 3200 Mat-

499 3238 674 3288 tbaeus
704 3243 922 3289 secutus
948 3245 1033 3290 est
1062 3235 1289 3306 gratiam
1315 3276 1328 3300 ,
1356 3235 1488 3290 satis
1515 3250 1787 3307 superque
1815 3253 2096 3294 numerum
2125 3206 2168 3269 Ο

503 3327 792 3399 mysticum
820 3327 1195 3398 prodiderunt.

578 3419 663 3474 17.
706 3421 960 3491 Plerique
987 3423 1151 3477 etiam
1183 3421 1449 3478 mirantur
1473 3437 1570 3478 cur
1594 3421 1828 3478 Thamar
1855 3424 2099 3480 mulieris

504 3513 723 3568 famosze
744 3556 760 3580 ,
792 3522 850 3568 ut
877 3513 986 3568 illis
1015 3515 1230 3570 videtur
1251 3557 1264 3580 ,
1297 3517 1581 3572 Matthaeus
1621 3517 2097 3574 commemoratio-

504 3622 626 3660 nem
661 3605 714 3660 in
749 3606 1025 3661 Dominica
1053 3609 1403 3678 generatione
1440 3610 1835 3665 contexendam
1880 3623 2100 3680 putare-

501 3699 589 3752 rit.
615 3696 641 3736 δ
671 3699 778 3753 Cur
806 3699 967 3754 etiam
1001 3699 1143 3754 Ruth
1166 3741 1180 3765 ,
1211 3717 1309 3756 cur
1333 3702 1450 3771 ejus
1474 3718 1685 3774 quoque
1712 3700 1951 3758 mulieris
1976 3719 2095 3772 qua:

503 3787 644 3846 Uria:
672 3807 806 3845 uxor
838 3791 936 3846 fuit
959 3833 972 3857 ,
1004 3801 1058 3847 et
1092 3793 1275 3848 occiso
1322 3793 1534 3867 1320
1555 3792 1751 3849 marito
1775 3837 1791 3863 ,
1833 3794 1884 3849 in
1928 3795 2096 3850 David

502 3882 716 3952 nuptias
741 3886 1113 3954 commigravit
1138 3901 1152 3951 ;
1179 3900 1302 3940 cum
1334 3887 1632 3956 praesertim
1665 3885 1842 3942 Sarrae
1865 3929 1880 3954 ,
1909 3897 1960 3942 et
1993 3886 2100 3943 Be-

499 3973 678 4030 beccm
699 4017 712 4039 ,
735 3975 1014 4032 etBacth
1037 3987 1342 4032 sanctarum
1379 3977 1698 4035 feminarum
1732 3995 1997 4051 nusquam
2021 3977 2096 4035 fe-

495 4066 632 4121 cerit
661 4067 1015 4124 mentionem.
1060 4070 1149 4126 Sic
1195 4072 1338 4125 enim
1381 4071 1591 4128 habes:
1628 4072 1885 4127 Abraham
1926 4073 2100 4145 genuit

499 4157 671 4224 Isaae,
694 4158 845 4213 Isaac
857 4161 1031 4232 genuit
1045 4160 1229 4226 Iacob,
1245 4163 1407 4216 ,Ιησοὸ
1427 4166 1606 4235 genuit
1623 4165 1820 4220 ludam
1841 4177 1890 4220 et
1911 4166 2101 4234 fratres

499 4251 615 4319 ejus
639 4268 657 4304 :
686 4249 853 4308 ludas
873 4263 1039 4307 autem
1066 4255 1244 4324 genuit
1272 4253 1471 4309 Phares
1500 4265 1545 4310 et
1576 4255 1767 4310 Zaram
1794 4275 1857 4313 ex
1875 4257 2100 4313 Thamar

499 4341 716 4411 (Matth.
745 4360 792 4412 I,
824 4344 859 4399 2
885 4355 934 4401 et
964 4343 1044 4418 3).
1071 4344 1190 4401 Non
1219 4347 1392 4402 otiose
1438 4348 1620 4420 itaque
1652 4347 1811 4420 hujus
1861 4350 2103 4408 mulieris

2201 1937 2441 2004 thornm,
2475 1952 2584 1990 non
2617 1934 2929 1989 meretricio
2955 1931 3135 1987 studio
3163 1931 3319 2002 quasi
3353 1931 3615 1985 meretrix
3647 1929 3819 1984 ador-

2198 2042 2320 2086 nata
2351 2041 2434 2086 est
2465 2045 2481 2093 ;
2530 2045 2636 2083 non
2682 2029 2827 2083 enim
2860 2042 3045 2096 vagam
3075 2026 3314 2096 captavit
3342 2023 3628 2079 libidinem
3655 2065 3670 2086 ,
3711 2023 3814 2079 sed

2197 2123 2290 2179 diu
2340 2121 2518 2178 soceri
2560 2119 2802 2174 fraudata
2845 2118 3166 2188 promissis,
3197 2133 3262 2172 ex
3296 2131 3358 2172 ea
3410 2115 3615 2170 familia
3650 2131 3814 2183 quam

2194 2215 2512 2287 delegerat,
2551 2229 2819 2270 converso
2847 2212 3004 2279 dolo,
3037 2210 3272 2266 fructum
3307 2207 3475 2263 voluit
3501 2208 3818 2262 successio-

2199 2310 2282 2365 nis
2308 2308 2550 2379 adipisci.
2577 2307 2707 2375 Quis
2734 2306 2913 2376 itaque
2936 2304 3176 2370 castior,
3211 2302 3301 2357 illa
3333 2315 3454 2373 qua:
3485 2301 3692 2356 tamdiu
3717 2318 3816 2356 cx-

2196 2403 2469 2471 Spectavit
2502 2398 2863 2468 promissum,
2899 2412 2966 2451 an
2997 2395 3088 2450 ille
3118 2396 3208 2465 qui
3251 2409 3490 2449 amorem
3524 2393 3670 2449 ferre
3702 2409 3814 2449 non

2199 2494 2373 2566 potuit
2404 2492 2688 2549 oblatum?
2715 2491 2812 2546 Illa
2839 2507 2958 2562 qum
2987 2489 3168 2560 sponsi
3205 2487 3462 2543 familiam
3506 2502 3617 2542 non
3665 2486 3815 2554 refu-

2197 2583 2314 2656 git,
2348 2601 2413 2638 an
2446 2585 2549 2638 iste
2578 2582 2668 2652 qui
2703 2580 3048 2636 meretricem
3083 2578 3325 2648 putavit?
3353 2578 3596 2655 lllaquze
3621 2575 3811 2632 horam

2197 2678 2278 2731 sui
2313 2675 2558 2747 corporis
2587 2672 2900 2728 volentibus
2943 2687 3048 2726 non
3104 2669 3350 2740 permisit
3401 2668 3469 2724 ad
3515 2667 3767 2738 copulam
3795 2712 3810 2736 ,

2199 2783 2265 2821 an
2298 2766 2402 2822 iste
2433 2767 2524 2837 qui
2557 2764 2700 2836 quod
2732 2763 2914 2818 studio
2943 2763 3109 2831 cmpit
3137 2760 3341 2816 erroris
3365 2802 3378 2826 ,
3411 2759 3477 2814 ad
3507 2761 3811 2816 successio.

2201 2859 2285 2914 nis
2311 2857 2539 2930 gratiam
2565 2857 2818 2912 castitate
2843 2852 3088 2910 mulieris
3113 2851 3548 2908 consummavit?
3574 2853 3670 2907 Illa
3689 2869 3812 2924 quae

2201 2951 2342 3007 filios
2391 2969 2495 3006 non
2551 2949 2820 3013 habebat,
2865 2958 2919 3004 et
2967 2958 3180 3018 tempus
3230 2944 3608 3018 conceptionis
3657 2962 3809 3001 mora

2198 3043 2433 3115 conjngii
2470 3043 2694 3097 timebat
2721 3039 2970 3096 excludi:
3007 3040 3098 3094 illa
3127 3055 3246 3110 qua:
3273 3040 3598 3110 gravitatem
3633 3050 3810 3094 matu-

2201 3139 2363 3194 rioris
2394 3137 2584 3208 elegit,
2617 3152 2686 3190 an
2715 3136 2819 3191 iste
2847 3135 2938 3206 qui
2963 3144 3173 3191 mtatem
3202 3136 3657 3191 adolescentioris
3680 3137 3812 3191 ada-

2205 3229 2408 3284 mavit?
2442 3229 2684 3298 Denique
2715 3227 2830 3299 ipse
2877 3228 3161 3283 confessus
3207 3237 3289 3282 est
3337 3227 3565 3284 dicens:
3595 3227 3811 3297 Justiﬁ-

2203 3331 2318 3375 cata
2348 3331 2420 3376 est
2447 3320 2678 3376 Thamar
2713 3321 2878 3391 magis
2920 3337 3069 3389 quant
3098 3336 3234 3392 ego;
3266 3331 3480 3390 prapter
3515 3319 3655 3388 quod
3705 3337 3808 3374 non

2203 3414 2322 3470 dedi
2361 3431 2472 3468 eam
2529 3413 2690 3469 Selon
2721 3411 2834 3483 [ilio
2863 3429 2970 3468 meo
3019 3412 3170 3483 (Gen,
3197 3428 3437 3479 xxxvnt,
3471 3413 3589 3485 26).
3624 3413 3809 3484 Itaque

2203 3507 2290 3561 illa
2321 3506 2556 3576 experiri
2590 3515 2898 3560 exactorem
2931 3505 3107 3575 ipsum
3140 3520 3251 3559 suae
3295 3503 3473 3560 voluit
3516 3507 3808 3564 castitatis.

2209 3601 2449 3671 Denique
2492 3616 2783 3671 numquam
2815 3608 3001 3669 postea
3057 3600 3231 3654 virum
3265 3608 3488 3669 experta
3519 3608 3604 3654 est
3627 3643 3642 3668 ,
3675 3600 3811 3655 ami-

2203 3711 2347 3755 Clltm
2371 3698 2645 3753 viduitatis
2663 3689 2946 3768 sumpsita
2980 3695 3126 3752 coitu
3153 3713 3166 3750 :
3199 3695 3306 3752 iste
3334 3697 3497 3751 unius
3524 3696 3674 3751 horae
3707 3697 3811 3750 im-

2207 3792 2542 3864 patiens,qui
2571 3806 2743 3846 annos
2766 3807 2795 3846 a
2814 3789 2993 3860 puella
3017 3799 3272 3861 exegerat
3297 3789 3591 3855 castitatis,
3607 3790 3812 3845 luctum

2205 3885 2444 3956 expulit,
2481 3896 2503 3922 θ
2534 3894 2740 3940 vestem
2774 3885 3000 3939 mutavit
3021 3927 3035 3950 ,
3067 3899 3278 3940 comam
3311 3885 3584 3953 totondit,
3617 3901 3814 3956 rogum

2206 3979 2485 4048 deseruit,
2519 3977 2737 4034 thorum
2765 3988 2977 4033 amator
3001 3977 3265 4033 ascendit.

2283 4074 2369 4131 19.
2411 4072 2519 4129 Sed
2555 4089 2660 4127 non
2691 4071 2761 4128 ita
2797 4072 2940 4127 illam
2973 4071 3342 4137 defendimus,
3374 4080 3432 4127 ut
3459 4072 3622 4127 istum
3653 4087 3817 4126 accu-

2207 4183 2391 4223 semus
2437 4184 2450 4220 :
2503 4168 2668 4220 immo
2714 4174 3009 4235 utrumque
3055 4179 3418 4228 excusemus;
3467 4180 3576 4217 non
3625 4172 3814 4219 autem

2210 4275 2339 4326 nos,
2372 4258 2465 4314 sed
2497 4258 2814 4330 mysterium
2857 4257 3000 4328 quod
3042 4258 3251 4327 capulae
3283 4257 3426 4312 illius
3468 4257 3676 4313 fructus
3718 4273 3817 4313 cx-

2211 4354 2445 4426 pressit;
2488 4353 2770 4423 generavit
2813 4352 2959 4410 enim
3029 4351 3225 4407 mulier
3269 4349 3472 4407 Phares
3514 4365 3570 4406 et
3616 4350 3814 4407 Zaram

575 4545 600 4571 τι
629 4531 833 4608 Omnes
855 4533 987 4590 edit.
1011 4545 1068 4608 et
1095 4535 1245 4608 pauci
1278 4551 1408 4590 mss.
1429 4580 1444 4601 ,
1474 4535 1552 4592 De
1588 4535 1959 4608 quinquaginta
1987 4553 2105 4593 vero
2130 4539 2182 4599 D
2210 4555 2324 4608 rum
2346 4578 2361 4604 ,
2392 4547 2498 4591 etc.
2528 4533 2592 4592 L.
2621 4535 2656 4590 ἓ
2679 4546 2730 4608 et
2761 4537 2824 4599 ’5,
2856 4535 3108 4608 inquas,
3133 4533 3273 4608 sicut
3301 4541 3354 4608 et
3380 4533 3436 4608 in
3463 4532 3686 4605 Papiam
3708 4578 3720 4595 .
3743 4550 3816 4593 ac

500 4606 911 4732 qezerationibus
931 4622 951 4672 ;
981 4606 1073 4662 alii
1115 4605 1295 4678 plures
1327 4617 1380 4663 et
1421 4605 1690 4680 potiores,
1723 4605 1761 4662 ζ.

504 4695 548 4731 rI
585 4693 665 4732 us.

504 4693 665 4732 rwus.

1773 4649 1810 4662 ..
1844 4624 2102 4663 811668880-

574 4769 602 4808 b
633 4769 747 4844 Cur
766 4771 917 4824 etiam
944 4769 1112 4838 Ruth,
1145 4787 1238 4826 cur
1259 4774 1466 4844 ejus....
1491 4770 1866 4842 commigravit.
1899 4771 2022 4824 llaec
2046 4771 2100 4828 in

505 4841 664 4896 Rom.
689 4843 819 4897 edit.
846 4858 954 4897 non
983 4841 1352 4898 inveniuntur.

573 4941 596 4970 ο
631 4934 800 5000 Quam
831 4943 984 5002 turpe
1013 4933 1176 4988 fuerit
1197 4944 1322 4988 ante
1350 4943 1561 5002 partum
1584 4932 1882 5004 virgineum
1909 4932 2100 5004 conjtte

537 5013 653 5057 alos
686 5003 869 5058 liberis
892 5020 1106 5067 carere,
1137 5005 1374 5059 declarat
1404 5005 1599 5060 ltachel
1625 5002 1762 5059 Gen.
1789 5005 1888 5065 30,
1919 5002 1978 5068 l,
2008 5003 2097 5060 ubi

535 5074 677 5146 acob_
701 5075 897 5128 marito
917 5117 930 5134 .
967 5075 1044 5129 Da
1075 5075 1202 5129 mihi
1229 5077 1445 5140 liberos,
1479 5075 1682 5146 inquit,
1714 5075 1947 5146 alioquin
1991 5092 2098 5130 mo-

500 5146 628 5199 riar.
660 5144 804 5202 idem
837 5147 997 5202 etiam
1029 5148 1404 5215 cognoscimus
1448 5144 1563 5202 tum
1589 5163 1654 5201 ex
1699 5144 1889 5202 dolore
1935 5151 2100 5203 Anna:

501 5215 690 5288 matris
719 5217 1020 5283 Samuelis,
1067 5218 1198 5288 Reg.
1239 5218 1299 5283 1,
1333 5228 1443 5273 tum
1483 5235 1548 5273 ex
1577 5219 1754 5274 verbis
1786 5223 1956 5274 Annae
1990 5235 2102 5274 ma-

500 5288 597 5361 tris
623 5287 850 5361 Joannis
878 5287 1167 5359 Baptistae,
1196 5289 1327 5344 an.
1352 5291 1374 5344 l
1399 5331 1412 5353 ,
1436 5290 1528 5344 ‘25.
1563 5291 1731 5361 Leges
1769 5306 1983 5360 quoque
2019 5293 2099 5346 ci-

503 5359 636 5412 viles
657 5359 797 5428 apud
823 5359 1098 5413 Romanos
1123 5363 1242 5415 latze
1269 5371 1396 5415 sunt
1416 5371 1606 5416 contra
1629 5359 1827 5415 ewlibes
1849 5359 2098 5429 etorbos,

501 5430 755 5485 nimirum
789 5431 898 5484 Lex
938 5431 1109 5499 Papia
1133 5472 1148 5497 ,
1182 5441 1237 5488 et
1275 5431 1387 5488 Lex
1413 5431 1604 5488 Julia:
1639 5445 1864 5502 quarum
1911 5445 2100 5502 pceuas

503 5503 815 5570 Augustus,
849 5513 905 5556 ut
949 5519 976 5555 a
1027 5503 1294 5560 Suetonio
1336 5519 1397 5559 ac
1434 5505 1624 5560 Tacito
1666 5504 1934 5572 proditum
1974 5513 2054 5558 est
2081 5545 2098 5570 ,

503 5575 673 5627 anxit.
703 5572 900 5628 Verum
927 5589 1019 5628 eas
1049 5575 1264 5628 domum
1308 5576 1652 5630 sustulerunt
1677 5573 1969 5628 Christiani
2004 5576 2104 5627 im-

508 5649 786 5713 peratores
807 5686 822 5707 ,
860 5661 981 5699 cum
1012 5644 1397 5700 Constantinus
1429 5645 1652 5713 Magnus
1680 5655 1735 5699 et
1763 5643 2103 5699 TllettdOslllS

507 5712 699 5767 .lunior
728 5714 945 5768 easdem
969 5717 1079 5784 jam
1115 5733 1306 5784 magna
1348 5733 1411 5772 ex
1456 5712 1610 5786 parte
1654 5716 2012 5782 minuissent,
2045 5726 2105 5771 ut

511 5789 1036 5861 i_ntel|igitureCod.
1069 5795 1277 5850 Theod.
1308 5793 1403 5848 lib.
1439 5807 1554 5861 rm,
1587 5795 1668 5850 tit.
1701 5795 1789 5851 16.
1827 5793 1888 5848 L.
1921 5794 2102 5857 unica,

509 5831 827 5936 ὃῒέὶὶᾕὲῧῖ
854 5831 1888 5946 535$}???Eiéi'e't"‘iiif'bi"ju3
1920 5831 2105 5936 ὃῑὲῖὅί

2208 4607 2410 4664 Iuliam
2437 4609 2661 4663 consule
2692 4606 2884 4662 Godef.
2918 4604 3087 4661 Purro
3114 4605 3257 4677 quod
3289 4604 3554 4673 additur,
3578 4608 3815 4662 nondum

2208 4681 2519 4750 virginitatis
2540 4721 2555 4743 ,
2589 4678 2816 4732 nondum
2853 4678 3118 4732 viduitatis
3158 4687 3278 4731 ante
3311 4677 3504 4731 Christi
3533 4679 3812 4733 adventum

2208 4749 2451 4806 seruabat
2475 4751 2643 4821 gratia
2667 4791 2681 4814 ,
2704 4750 2783 4804 sic
2811 4751 3194 4821 interpretare,
3220 4756 3278 4802 ut
3297 4764 3402 4802 non
3436 4749 3686 4803 abSnluta
3712 4765 3813 4805 ne-

2205 4835 2402 4892 gentur
2433 4819 2744 4888 exstitisse,
2769 4819 2858 4890 qui
2891 4819 2986 4873 has
3017 4821 3244 4874 virtutes
3262 4822 3516 4892 colerent
3547 4831 3673 4892 ante
3705 4821 3814 4892 Do-

2208 4889 2334 4948 mini
2365 4893 2652 4948 adventum
2679 4909 2692 4950 :
2739 4889 2860 4945 cum
2892 4893 3220 4946 contrarium
3261 4890 3443 4954 Elias,
3479 4889 3706 4944 Elistens
3734 4891 3814 4947 de

2205 4965 2545 5034 virginitate,
2573 4963 2757 5018 .ludith
2778 5004 2791 5027 ,
2817 4974 2870 5015 et
2897 4966 3049 5015 Anna
3077 4961 3427 5034 Prophetissa
3452 4961 3520 5014 de
3549 4962 3813 5018 viduitate

2203 5033 2564 5091 convincunt:
2597 5035 2690 5088 sed
2722 5035 2987 5089 indicatur
3018 5033 3232 5088 easdem
3261 5033 3382 5086 illas
3409 5035 3670 5091 virtutes.
3701 5048 3810 5088 nec

2202 5107 2492 5161 admodum
2541 5106 2884 5176 frequentes,
2932 5119 3033 5160 nec
3079 5120 3271 5175 magno
3317 5103 3369 5158 in
3417 5106 3590 5172 pretio
3639 5103 3809 5161 fuisse

2203 5189 2328 5234 ante
2354 5178 2554 5233 Christi
2589 5188 2854 5247 tempora.

2275 5268 2299 5307 δ
2335 5271 2464 5327 Ante
2493 5270 2685 5326 Christi
2713 5271 2985 5326 adventum
3008 5312 3020 5334 ,
3056 5267 3108 5324 in
3141 5263 3297 5324 Rom.
3334 5265 3465 5323 edit.
3498 5276 3806 5323 resecatam

2203 5353 2306 5399 est.

2279 5444 2303 5474 ο
2340 5435 2542 5490 Vestem
2585 5435 2830 5497 mutavit,
2859 5432 3138 5502 lugubrem
3184 5429 3472 5495 videlicet,
3505 5445 3599 5484 seu
3629 5427 3807 5483 vidui-

2205 5507 2347 5562 tatis.
2373 5507 2528 5573 Quod
2558 5515 2738 5559 autem
2765 5506 2925 5558 ctiam
2953 5504 3180 5566 dicitur,
3211 5518 3407 5556 comam
3435 5502 3654 5555 totundit
3674 5541 3688 5562 ,
3712 5502 3806 5556 in-

2205 5578 2387 5632 nuitur
2414 5593 2529 5631 tuos
2554 5580 2769 5646 priscus
2787 5574 3128 5630 orientalium
3153 5575 3451 5642 praesertim
3479 5573 3801 5646 populorum

2205 5648 2294 5718 qui
2327 5649 2377 5702 in
2411 5639 2568 5703 luctu'
2584 5647 2802 5702 barbam
2837 5639 3799 5718 ponebant{crinesAprmuittcbant.

2205 5713 2362 5786 Quod
2403 5734 2536 5774 vero
2565 5713 3156 5788 subjungitur,rogum
3182 5715 3440 5788 deseruit,
3472 5730 3654 5788 rogits,
3687 5713 3803 5788 late

2213 5734 2362 5786 Quoa
2403 5734 2536 5774 vero
2565 5734 2941 5788 sunjungttur,
2973 5734 3030 5772 ro
3069 5734 3156 5770 um
3182 5734 3440 5778 aeseruu,
3472 5734 3654 5784 rogus,
3687 5734 3800 5770 tate

2213 5793 2445 5849 sumitur
2475 5808 2571 5866 pro
2604 5792 2832 5866 tumulo.
2856 5791 2989 5846 Nam
3019 5734 3252 5855 liebraei,
3279 5785 3419 5852 sicut
3449 5794 3503 5844 et
3532 5782 3800 5862 Egyptii,

2208 5873 2453 5934 mortuos
2478 5863 2592 5934 non
2619 5863 2869 5930 urebant,
