3960 6296
123 333 140 363 ⁶’
200 338 328 398 1597

1144 332 1513 392 EXPOSITIO
1550 330 1810 392 EVANG.
1852 330 2006 393 SEC.
2047 332 2203 394 LUC.
2248 334 2377 392 LIB.
2419 335 2508 395 Ill.

3330 343 3468 399 {508

192 456 358 519 ﬁlios,
384 450 656 524 generavit
681 451 945 523 geminos.
970 450 1127 508 Unde
1147 466 1255 508 non
1282 453 1457 508 otiose
1486 446 1769 509 Matthrcus
1795 444 1846 517 Α
1873 453 2067 509 Oriens
2100 469 2296 511 nomen
2327 464 2410 511 est
2448 453 2582 510 mihi
2615 472 2628 509 :
2658 454 2811 525 cujus
2844 455 2896 512 in
2931 456 3257 529 patriarrltis
3282 456 3473 530 primi-

196 559 473 618 utrumque
498 548 760 617 signavit,
790 560 911 603 cum
940 546 1147 603 Phares
1194 545 1570 602 tantummodo
1611 552 1763 602 com-

190 644 618 700 memorationem
665 656 830 697 causa
876 641 1198 714 deposceret
1243 659 1257 696 :
1305 642 1513 715 1321
1563 640 1765 699 Phares

189 738 322 792 enim
349 735 522 809 genuit
550 732 715 790 Esron
738 777 753 801 ,
780 733 953 790 Esron
982 736 1159 808 genuit
1185 733 1341 790 Aram
1364 732 1581 807 (Matth.
1607 736 1717 805 ιβ)
1747 753 1761 790 :

132 838 137 841 ‘
189 828 369 885 deinde
399 840 493 897 per
519 827 761 884 ordinem
799 828 1017 899 singuli.
1050 828 1159 883 Cur
1187 836 1368 883 autem
1394 870 1409 895 ,
1452 842 1575 884 cum
1615 827 1765 884 lsaac

187 926 312 981 duos
345 924 703 994 generaverit,
731 922 899 979 Jacob
924 920 1130 993 plures,
1158 923 1492 994 singulorum
1525 931 1762 979 tantum~

184 1020 333 1077 modo
373 1034 510 1089 quos
541 1017 905 1074 successionis
947 1017 1241 1073 Dominicre
1270 1032 1431 1074 causa
1466 1018 1760 1089 poscebat,

186 1113 301 1171 fecit
344 1114 636 1195 Scriptura;
684 1113 858 1169 series
908 1113 1238 1168 mentionem
1267 1154 1281 1178 ,
1339 1113 1529 1168 horum
1580 1121 1763 1168 autem

189 1217 458 1279 utrumque
513 1205 861 1275 memoravit,
896 1206 1000 1264 nisi
1033 1207 1158 1279 quia
1188 1207 1276 1263 hic
1302 1208 1354 1262 in
1384 1215 1614 1279 utroque
1644 1224 1765 1279 my-

190 1305 394 1359 sterium
426 1304 547 1359 est?

246 1394 330 1454 20.
351 1394 723 1453 Tractavimus
752 1395 1014 1452 moralem
1035 1393 1213 1451 locum
1235 1436 1251 1460 ,
1282 1395 1407 1467 quia
1446 1412 1553 1451 non
1595 1410 1761 1468 opera

187 1489 466 1546 meretricis
499 1490 765 1557 exercuit,
797 1487 892 1544 sed
925 1503 1150 1543 munera
1178 1486 1525 1544 fecunditatis
1553 1486 1718 1560 elegit
1744 1505 1759 1544 :

186 1588 459 1636 tractemus
497 1580 817 1637 historicum
841 1622 855 1645 ,
885 1588 937 1636 et
969 1579 1256 1653 mysticum
1280 1578 1629 1635 ventilemus.
1655 1577 1762 1636 Ne-

185 1686 277 1742 que
300 1672 441 1730 enim
470 1673 594 1730 sine
626 1672 888 1746 mysterio
920 1681 1099 1743 potest
1122 1686 1244 1729 esse
1277 1668 1419 1745 quod
1458 1670 1714 1727 annulum
1741 1712 1759 1741 ,

181 1774 227 1821 et
249 1765 442 1821 monile
471 1762 710 1838 accepit,
745 1774 801 1820 et
829 1765 1057 1836 virgam.
1083 1764 1198 1820 Non
1231 1762 1355 1819 vilis
1384 1780 1612 1834 persona
1640 1780 1761 1836 quae

1870 554 1957 602 tus
1998 545 2180 602 radius
2224 544 2364 602 lucis
2418 546 2599 602 illuxit
2648 546 2865 617 (Zacclt.
2907 565 2990 618 vt,
3041 550 3154 621 12).
3206 550 3269 607 lli
3321 549 3467 606 enim

1867 641 2025 711 primi
2056 642 2183 697 vitae
2213 657 2324 697 sua!
2354 653 2537 698 actum
2579 642 2631 699 in
2668 642 2774 700 hoc
2804 646 3006 701 saeculo
3037 646 3420 718 prmmiserunt
3449 681 3468 713 ,

1867 736 1919 790 in
1962 750 2190 806 quorum
2224 750 2386 791 manu
2418 735 2589 791 neStri
2619 751 2833 808 quoque
2860 747 3015 793 actus
3041 747 3312 809 tamquam
3354 737 3471 809 ple-

1866 827 2042 882 nioris
2072 828 2349 897 corporis,
2381 829 2471 897 qui
2503 828 2683 884 adhuc
2716 839 2920 885 naturae
2946 824 3179 902 quodam
3211 845 3471 902 generan-

1866 918 1932 974 tis
1981 928 2136 974 utero
2181 917 2540 986 tenebamur,
2572 920 2741 991 figura
2786 922 3085 990 praecessit.
3141 919 3247 979 Sed
3290 918 3468 977 media

1866 1021 2139 1083 tamquam
2167 1010 2314 1081 scpis
2340 1011 2554 1083 objecta
2582 1012 2743 1085 Legis
2771 1025 2854 1069 est
2883 1008 3213 1077 observatio.
3246 1024 3301 1070 et
3330 1028 3464 1086 quo—

1864 1105 2156 1163 dammodo
2203 1105 2309 1162 vita
2357 1104 2625 1178 majorum
2672 1108 2890 1165 videtur
2934 1109 3227 1175 incisa,de
3272 1110 3467 1182 quain

1865 1206 1995 1271 typo
2018 1201 2110 1256 illa
2142 1198 2432 1267 obstetrix,
2459 1198 2691 1257 fortasse
2717 1201 2947 1271 iustitia,
2973 1218 3094 1274 quas
3116 1217 3216 1258 nos
3237 1204 3468 1258 emissos

1863 1293 1985 1348 alvo
2014 1300 2221 1348 naturae
2244 1292 2433 1348 matris
2454 1293 2692 1364 excepit,
2716 1292 2923 1350 dixisse
2951 1293 3227 1364 proditur:
3259 1295 3470 1368 1322

1865 1376 1969 1439 Hic
2010 1386 2143 1441 exist
2186 1383 2350 1453 prior.
2394 1385 2463 1440 Et
2498 1400 2688 1442 revera
2730 1386 2995 1443 mirabilis
3044 1386 3133 1442 ille
3176 1397 3294 1442 erat
3335 1387 3471 1442 ordo

1865 1476 2102 1547 pietatis,
2143 1491 2250 1531 non
2301 1491 2329 1530 a
2380 1477 2586 1551 Moyse,
2611 1493 2711 1534 nec
2756 1479 2824 1533 ab
2861 1478 3043 1550 aliquo
3080 1478 3298 1534 homine
3321 1521 3337 1547 ,
3369 1492 3473 1535 nec

1867 1585 1963 1641 per
1997 1566 2299 1638 hominem,
2325 1570 2420 1626 sed
2443 1585 2669 1627 munere
2698 1570 2930 1643 quodam
2961 1568 3247 1642 sapientiae
3276 1578 3469 1642 sponte

1864 1677 1923 1718 se
1955 1661 2291 1718 infundentis
2322 1660 2641 1734 impressus.

1934 1757 2025 1814 23.
2048 1759 2227 1815 Prima
2252 1760 2409 1832 igitur
2426 1759 2709 1829 disciplina
2732 1759 2947 1832 pietatis
2969 1759 3268 1817 secundum
3286 1759 3467 1816 Evan-

180 1860 397 1906 tneretnr
420 1851 679 1923 accipere
701 1860 1108 1916 ornamentum,
1134 1850 1494 1920 signaculum,
1525 1858 1758 1920 potesta-
1793 1852 1841 1918 B
1866 1854 2097 1925 gelium;
2129 1853 2253 1921 quia
2297 1868 2393 1923 per
2428 1866 2646 1908 crucem
2674 1848 2702 1891 ι)
2730 1861 2784 1908 et
2827 1850 3145 1924 sanguinem
3190 1851 3468 1908 credimus

182 1953 272 2000 tem
304 1962 317 1997 :
348 1943 618 2000 factorum
664 1944 998 2015 signaculum
1021 1985 1037 2010 ,
1064 1940 1301 2013 pectoris
1328 1950 1707 1998 ornamentum
1742 1984 1758 2009 ,

178 2036 322 2107 regiae
348 2036 629 2092 libertatis
653 2037 883 2107 insigne.
912 2035 1053 2107 Ergo
1071 2035 1426 2090 utordiamur
1454 2032 1759 2100 historiam,

176 2142 282 2185 cum
321 2142 611 2201 generaret
642 2126 914 2197 Thamar,
946 2127 1118 2199 legisti
1164 2128 1289 2199 quia
1322 2141 1460 2182 unus
1488 2124 1557 2183 de
1606 2136 1760 2183 utero

175 2220 278 2290 ejus
313 2221 583 2292 praemisit
627 2236 871 2289 manum,
901 2236 1061 2292 quam
1110 2220 1414 2291 corripiens
1458 2216 1755 2287 obstetrix,

176 2326 373 2370 coccum
396 2315 592 2386 ligavit
612 2313 804 2370 dicens
833 2330 848 2369 :
882 2311 985 2368 Hic
1016 2313 1149 2368 exiet
1180 2313 1322 2384 prior
1342 2310 1494 2384 (Gen.
1522 2326 1757 2380 xxxvut,

174 2405 275 2479 28).
300 2407 368 2464 lit
396 2416 585 2465 autem
616 2422 837 2462 manum
868 2408 1145 2463 revocavit
1177 2421 1312 2476 puer
1338 2405 1391 2461 in
1425 2406 1617 2461 matris
1644 2416 1761 2461 ute-

175 2516 301 2567 rum,
326 2502 507 2556 statim
527 2501 702 2557 exivit
724 2502 893 2558 frater
914 2495 1052 2571 ejus.
1084 2499 1226 2555 Dixit
1248 2508 1429 2554 autem
1457 2497 1758 2555 obstetrix:

175 2593 297 2660 Quid
339 2597 508 2651 incisa
563 2602 636 2650 est
680 2596 773 2667 per
804 2603 853 2649 te
890 2592 1145 2666 sepis.’et
1179 2596 1376 2648 vocavit
1424 2608 1605 2646 nomen
1646 2594 1760 2665 ejus

179 2683 369 2740 Pheres.
401 2684 468 2741 Et
490 2686 799 2758 postipsunt
826 2685 979 2740 exivit
999 2684 1161 2752 frater
1190 2684 1328 2757 ejus,
1352 2684 1405 2737 in
1430 2686 1580 2757 cujus
1601 2696 1761 2736 manu

171 2786 263 2830 erat
285 2792 526 2843 coccum,
566 2786 614 2832 et
651 2776 850 2830 voravit
877 2790 1062 2831 nomen
1093 2775 1203 2846 ejus
1245 2773 1438 2830 Zaram
1472 2771 1660 2847 (Ibid.,
1690 2764 1760 2830 9.9

168 2880 209 2924 rt
238 2864 527 2943 30).Vides
573 2878 773 2941 quanta
820 2869 1087 2939 enigmata
1128 2869 1447 2941 mysterium
1487 2867 1762 2939 prodant?

168 2961 330 3018 Manus
360 2964 693 3034 praemissa,
720 2977 942 3018 coccmn
970 2961 1216 3033 ligatum,
1253 2962 1478 3018 reducta
1520 2976 1711 3017 manus
1741 3003 1758 3028 ,

169 3069 259 3111 vox
282 3055 604 3113 obstetricis
642 3054 881 3127 gemina,
912 3054 1054 3126 quod
1088 3056 1238 3126 prior
1274 3052 1417 3111 alter
1446 3052 1647 3123 exiret,
1676 3069 1763 3111 se-

170 3163 275 3220 pem
303 3150 437 3206 alter
472 3148 769 3206 incideret.

1865 1944 2090 2011 Christi,
2122 1945 2279 2017 cujus
2309 1945 2579 2001 Abraham
2619 1944 2764 2000 diem
2825 1942 2997 2011 vidit,
3028 1953 3084 2000 et
3122 1944 3342 2015 gavisus
3381 1950 3469 1999 est

1865 2038 2045 2113 (Joan.
2083 2055 2196 2105 vm,
2227 2037 2321 2111 56)
2345 2057 2357 2093 :
2383 2037 2540 2109 cujus
2570 2036 2683 2093 Noe
2710 2037 2943 2108 gratiam
2977 2036 3031 2091 in
3058 2046 3187 2110 typo
3210 2024 3471 2092 Ecclesiae

1865 2130 2169 2204 figuratam,
2200 2126 2429 2201 spiritali
2455 2128 2763 2202 cognitione
2783 2129 3071 2203 praesensit
3096 2148 3108 2183 :
3135 2126 3294 2199 cujus
3321 2128 3471 2185 Isaac

1864 2226 2038 2283 vicem
2080 2227 2132 2282 in
2170 2224 2441 2281 sacrificio
2490 2241 2596 2280 non
2646 2222 2916 2279 recusavit
2963 2221 3120 2294 (Gen.
3158 2237 3295 2289 xxtt,
3339 2220 3469 2293 id)!

1862 2334 2023 2391 quem
2047 2317 2218 2374 Jacob
2235 2333 2356 2373 cum
2391 2316 2658 2384 vinceret,
2684 2314 2929 2371 adoravit
2956 2308 3110 2388 (Gen.
3136 2329 3307 2380 xxxtt,
3331 2313 3428 2383 2%)
3453 2330 3467 2369 :

1862 2413 2018 2482 cujus
2049 2408 2245 2466 Esaias
2276 2409 2531 2465 ruborem
2564 2406 2698 2463 vidit
2718 2408 3170 2463 vestimentorum
3200 2405 3350 2477 (nam
3384 2420 3473 2461 se-

1864 2504 2100 2562 cundum
2162 2501 2510 2574 Evangelium
2565 2500 2673 2555 vita
2722 2500 2884 2555 etiam
2929 2497 3314 2569 prophetarum
3356 2497 3464 2569 est)

1862 2596 2034 2673 (Esai.
2084 2602 2245 2664 L'xm,
2290 2594 2348 2670 2)
2402 2615 2416 2653 :
2466 2595 2519 2650 in
2569 2593 2723 2665 cujus
2772 2591 3038 2662 sanguine
3070 2592 3211 2646 inter
3255 2588 3468 2646 excidia

1862 2691 2048 2747 mundi
2101 2684 2330 2761 publicae
2368 2687 2603 2743 futurum
2644 2684 2837 2742 salutis
2888 2683 3096 2755 insigne
3140 2676 3330 2738 thaab
3379 2683 3471 2738 illa

1865 2799 1993 2861 typo
2023 2784 2278 2841 meretrix
2309 2784 2513 2854 (Iosue,
2546 2797 2605 2847 tt,
2634 2781 2688 2852 1)
2708 2823 2721 2846 ,
2756 2778 3018 2852 mysterio
3049 2775 3294 2834 Ecclesia
3331 2775 3471 2833 indi-

1864 2880 2005 2935 cavit
2033 2895 2047 2932 :
2078 2892 2201 2947 qua:
2230 2875 2524 2930 multorum
2558 2885 2921 2927 convenarum
2960 2867 3210 2940 copulam
3241 2882 3348 2923 non
3382 2882 3470 2923 re-

1863 2979 2037 3035 cusat,
2061 2980 2116 3025 et
2144 2984 2252 3041 quo
2278 2964 2622 3036 conjunctior
2650 2963 2924 3035 pluribus,
2955 2977 3022 3017 eo
3046 2959 3249 3017 castior
3276 2976 3290 3014 :
3322 2970 3345 2998 ο
3369 2958 3472 3015 im-

1864 3063 2131 3120 maculata
2170 3063 2346 3131 virgo,
2392 3058 2512 3113 sine
2557 3058 2709 3126 ruga,
2752 3054 2959 3126 pudore
2998 3052 3228 3124 integra,
3281 3065 3470 3107 amore

1864 3156 2099 3230 plebeia,
2122 3164 2269 3213 casta
2303 3150 2582 3218 meretrix,
2604 3149 2762 3206 vidua
2791 3146 3014 3216 sterilis,
3034 3146 3187 3218 virgo
3212 3144 3469 3202 fecunda.

227 3243 311 3300 il.
336 3244 445 3300 Cur
495 3254 680 3300 autem
722 3243 861 3299 alter
890 3258 1108 3299 manum
1150 3242 1415 3314 praemisit
1452 3259 1521 3298 ex
1558 3224 1757 3313 'utero,

1873 3224 2138 3315 Meretrix,
2185 3248 2308 3319 quia
2350 3262 2379 3301 a
2426 3242 2671 3316 pluribus
2710 3238 3045 3297 amatoribus
3096 3238 3472 3311 frequentatur

170 3338 289 3394 alter
328 3338 559 3411 genitali
588 3337 868 3409 prtecesslt
894 3345 1128 3400 exortu;
1162 3336 1266 3391 nisi
1304 3335 1424 3407 quia
1456 3352 1557 3407 per
1585 3331 1758 3406 gemi-

173 3448 346 3489 norum
387 3434 722 3505 mysterium
763 3432 973 3503 gemina
1002 3428 1330 3487 describitur
1360 3439 1385 3467 ιι
1411 3431 1513 3485 vita
1542 3430 1765 3501 p0pulo-

176 3540 276 3580 rttm
297 3544 309 3581 :
334 3540 436 3581 una
467 3523 775 3580 secundum
801 3523 1021 3597 Legem,
1044 3524 1212 3579 altera
1240 3522 1536 3579 secundum
1572 3520 1761 3578 fidem:

176 3632 268 3673 una
298 3615 610 3674 secundum
642 3619 876 3673 litteram
898 3658 913 3683 ,
944 3617 1115 3671 altera
1155 3615 1451 3672 secundum
1497 3614 1766 3687 gratiam?

180 3711 315 3767 Prior
344 3713 526 3784 gratia
559 3726 720 3782 quam
743 3709 854 3766 Lex
885 3728 899 3765 :
933 3709 1081 3782 prior
1111 3709 1244 3765 fides
1272 3725 1433 3781 quam
1465 3710 1666 3766 littera.
1704 3709 1769 3765 Et

181 3803 289 3859 ideo
324 3806 524 3875 gratim
553 3814 716 3877 typus
756 3820 975 3859 manum
1013 3814 1140 3859 ante
1173 3804 1460 3873 prmtttisit;
1494 3804 1615 3876 quia
1646 3819 1770 3875 gra-

177 3895 253 3951 tire
279 3908 429 3954 actus
457 3904 594 3952 ante
634 3896 937 3967 prmccssit,
963 3895 1056 3967 qui
1096 3895 1195 3951 fuit
1229 3896 1280 3951 in
1321 3893 1457 3960 Job,
1486 3895 1771 3952 Melchise-

179 3988 319 4054 dech,
349 3988 661 4058 Abraham,
688 3988 868 4055 Isaac,
900 3998 956 4046 et
997 3988 1183 4055 Jacob,
1214 3989 1304 4061 qui
1337 4005 1433 4059 per
1464 3987 1623 4044 fidem
1652 3986 1772 4044 sine

180 4082 302 4155 Lege
325 4085 589 4141 vivebant
623 4102 636 4139 :
668 4082 901 4139 Credidit
928 4082 1072 4138 enim
1100 4080 1356 4138 Abraham
1378 4079 1512 4147 Deo,
1543 4090 1589 4135 et
1611 4097 1771 4151 repu-

181 4184 321 4231 tatum
353 4188 427 4233 est
472 4178 522 4232 ei
557 4174 627 4230 ad
657 4176 921 4249 justitiam
949 4172 1105 4242 (Gen.
1136 4189 1232 4241 xv,
1262 4170 1339 4246 6).
1376 4170 1772 4229 Melchisedech

182 4280 379 4343 quoque
429 4270 613 4327 sancti
669 4268 895 4342 gratiam
941 4268 1257 4339 praecedens
1297 4268 1548 4324 sacriflcii
1602 4266 1775 4339 figura

185 4360 493 4418 mouStravit
516 4360 673 4434 (Gen.
698 4374 817 4429 xtv,
844 4362 935 4432 l8)
957 4379 973 4427 ;
994 4360 1390 4432 praevenientes
1407 4361 1551 4417 enim
1574 4356 1774 4432 Legem

184 4456 496 4525 patriarcha!
527 4456 742 4524 sancti,
771 4455 1212 4528 praescriptorum
1243 4454 1476 4511 vinculis
1501 4450 1733 4511 absoluti
1759 4493 1775 4521 ,

185 4547 336 4605 bbere
365 4559 422 4607 et
448 4546 723 4607 consimili
750 4546 908 4605 nobis
929 4548 1208 4621 Evangelii
1229 4549 1401 4621 gratia
1425 4546 1772 4604 refulserunt.

1866 3363 1988 3403 cum
2011 3338 2316 3400 dilectionis
2345 3338 2627 3403 illecebra,
2653 3345 2707 3391 et
2735 3331 2855 3389 sine
2889 3330 3198 3388 colluvione
3234 3328 3420 3386 delicti
3452 3343 3470 3383 :

1869 3440 1972 3508 Qui
1988 3436 2131 3497 enim
2150 3436 2378 3492 adliceret
2401 3429 2677 3496 meretrici,
2701 3444 2858 3483 unum
2880 3443 3065 3497 corpus
3088 3433 3162 3480 est
3184 3420 3227 3495 (Ι
3250 3421 3373 3479 Cor.
3392 3438 3471 3491 vt,

1869 3534 1976 3604 16).
2008 3530 2179 3587 Vidua
2224 3526 2459 3591 sterilis,
2493 3541 2613 3593 qum
2640 3520 2757 3576 viro
2807 3534 2999 3593 parere
3039 3532 3145 3574 non
3184 3516 3331 3573 norit
3375 3514 3472 3570 ab-

1868 3633 2062 3682 sente:
2092 3620 2237 3678 venit
2261 3616 2341 3675 vir
2362 3661 2378 3687 ,
2407 3623 2461 3674 et
2488 3615 2634 3672 hunc
2663 3612 2920 3685 populum
2950 3610 3273 3683 plebemque
3308 3622 3475 3678 gene-

1869 3719 2027 3774 ravit.
2062 3714 2225 3786 Virgo
2256 3708 2510 3776 fecunda,
2539 3722 2660 3777 qum
2690 3704 2831 3760 hanc
2852 3704 3038 3775 genuit
3067 3697 3470 3757 multitudinem

1869 3824 1992 3865 cum
2020 3805 2193 3862 fructu
2216 3800 2441 3867 amoris,
2474 3799 2593 3854 sine
2623 3813 2724 3851 usu
2753 3792 3012 3850 libidinis.

1939 3901 2032 3957 24.
2076 3897 2182 3955 Sed
2224 3906 2281 3950 ttt
2326 3893 2391 3949 ad
2431 3888 2713 3947 historiam
2753 3896 3094 3943 revertamur
3137 3901 3150 3937 :
3198 3880 3327 3952 quid
3369 3878 3473 3936 sibi

1871 3994 2061 4050 volunt
2086 3985 2394 4046 obstetricis
2423 3982 2636 4055 eloquia
2670 3978 2901 4037 dicentis
2933 3995 2946 4031 :
2975 3974 3079 4030 Hic
3113 3973 3244 4030 exiet
3281 3972 3425 4044 prior
3454 3988 3475 4038 ,-

1875 4088 1977 4145 nisi
2006 4085 2127 4157 quia
2156 4086 2275 4154 ejus
2307 4093 2494 4155 typum
2520 4079 2774 4152 gerebat,
2806 4076 2898 4147 qui
2927 4082 3051 4130 ortu
3097 4068 3343 4142 corporis
3374 4083 3477 4138 po-

1874 4180 2091 4242 sterior,
2120 4177 2319 4231 virtute
2345 4183 2400 4230 ct
2425 4170 2654 4228 veritate
2684 4170 2890 4240 primus
2919 4162 3183 4229 existens,
3206 4160 3478 4233 principa-

1877 4283 1989 4329 tum
2019 4270 2124 4327 sibi
2152 4268 2392 4326 omnium
2412 4263 2746 4322 vindicavit?
2776 4260 2907 4318 inde
2948 4266 3004 4316 et
3047 4257 3286 4315 Joannes
3314 4272 3327 4309 :
3352 4251 3482 4309 Post

1877 4385 1956 4423 me
1983 4364 2117 4423 venit
2143 4366 2243 4433 uir,
2269 4364 2357 4436 qui
2386 4373 2603 4418 anteme
2631 4363 2799 4431 factus
2826 4365 2900 4412 est
2924 4351 3107 4423 (Joan.
3131 4346 3172 4417 t,
3209 4350 3320 4421 l7).
3342 4343 3481 4416 Quid

1878 4461 1981 4517 sibi
2007 4459 2115 4515 vult
2143 4455 2284 4530 quod
2314 4469 2538 4511 coccum
2570 4453 2623 4508 in
2653 4465 2817 4507 manu
2844 4448 2963 4519 ejus
2988 4443 3191 4516 ligavit,
3223 4440 3328 4497 nisi
3354 4437 3481 4530 quia

1883 4562 2040 4625 typus
2065 4526 2182 4621 ejus
2208 4555 2358 4613 erat,
2388 4545 2478 4617 qtti
2505 4540 2533 4581 ά
2572 4540 2753 4598 crucis
2785 4538 2989 4595 indicio
3021 4541 3228 4601 suar,et
3257 4526 3480 4600 sangui-

241 4640 330 4699 ‘22.
358 4644 552 4701 Iunior
581 4642 777 4699 borum
810 4642 1000 4709 frater,
1027 4642 1300 4700 secundus
1354 4641 1489 4713 ordo
1517 4640 1771 4713 pietatis;
1800 4629 1856 4692 D
1882 4624 1965 4701 nis
2020 4640 2283 4699 effusione
2331 4649 2511 4694 actum
2558 4633 2853 4691 illustravit
2895 4631 3191 4686 humanum
3223 4626 3247 4681 ?
3297 4624 3484 4694 Itaque

184 4735 374 4806 primus
400 4738 547 4794 enim
580 4738 634 4793 in
671 4735 997 4809 patriarcltis
1022 4779 1038 4805 ,
1071 4732 1345 4793 secundus
1381 4730 1435 4790 in
1478 4733 1697 4805 regibus
1719 4741 1775 4789 et

184 4832 547 4889 sacerdotibus
562 4840 666 4888 est.
698 4822 939 4902 Utraque
955 4830 1098 4887 enim
1117 4830 1229 4885 vita
1252 4827 1550 4885 secundum
1569 4827 1771 4895 Deum;

186 4927 298 4997 quia
337 4926 417 4984 illi
446 4938 667 4999 quoque
705 4925 798 4998 qui
830 4924 1125 4982 secundum
1157 4922 1329 4998 legem
1363 4924 1531 4998 Moysi
1558 4922 1773 4994 religio-

186 5026 290 5074 Sam
317 5029 370 5076 et
400 5021 539 5093 piam
571 5020 821 5076 militiam
850 5018 1187 5088 militabant,
1217 5036 1321 5075 non
1349 5027 1475 5075 sunt
1502 5019 1690 5091 gratia:
1720 5027 1778 5075 et

190 5109 406 5168 honoris
438 5122 689 5169 exsortes
723 5130 735 5167 :
782 5112 875 5168 sed
903 5113 1052 5183 prior
1081 5111 1299 5185 pietatis
1329 5113 1536 5169 fructus
1573 5114 1626 5170 in
1681 5128 1773 5168 auo

192 5206 412 5274 toribus,
452 5223 612 5279 quam
654 5208 708 5263 in
741 5200 1070 5263 haeredibus.
1111 5207 1265 5263 Prior
1308 5212 1452 5263 enim
1492 5198 1650 5276 Zara,
1681 5208 1774 5278 qui

188 5294 625 5370 interpretatione
666 5300 940 5370 significat
978 5302 1203 5367 oriens;
1234 5301 1322 5357 lux
1363 5303 1509 5358 enim
1561 5300 1778 5373 pietatis

191 5390 298 5446 veri
334 5392 587 5463 splendor
622 5394 857 5450 orientis
900 5402 1004 5460 est,
1041 5393 1187 5450 illius
1228 5395 1414 5466 utique
1455 5393 1551 5465 qui
1592 5393 1730 5450 dixit
1761 5411 1777 5451 :

195 5571 826 5702 1k:“Vig!“populorum.
874 5573 1134 5631 Ultimum
1185 5588 1377 5631 vocem
1442 5580 1784 5643 expunxerlt

260 5656 663 5784 ξηάοῗῖιωίιη
687 5727 737 5772 st
761 5718 1073 5790 sanguinem
1091 5717 1355 5775 credimus
1374 5717 1698 5778 Clitumna.
1727 5717 1782 5774 tu

199 5797 473 5868 ’νροέιτςω
498 5795 803 5868 tis-rami
823 5804 931 5868 etc-

271 5871 293 5907 ε
315 5861 448 5937 Cod.
478 5861 636 5935 Stich.
678 5874 734 5931 et
766 5866 924 5939 Cle.
954 5884 1091 5935 unus
1118 5910 1135 5942 ,
1166 5869 1471 5933 intemerata
1534 5867 1780 5951 genitris.

1882 4746 2232 4810 posteaquam
2279 4745 2498 4786 manum
2546 4725 2803 4791 reduxit,
2840 4721 2994 4795 quasi
3037 4718 3302 4776 incisione
3342 4715 3486 4773 facta

1882 4807 2050 4899 sepia,
2081 4825 2248 4882 exivit
2271 4822 2441 4879 frater
2477 4820 2594 4891 ejus
2619 4859 2635 4886 ,
2664 4831 2823 4890 quem
2855 4812 3009 4886 quasi
3039 4810 3278 4899 medium
3304 4807 3484 4899 parie-

1884 4898 1989 4977 tem
2014 4915 2158 4990 scpis
2172 4916 2254 4973 vel
2278 4914 2527 4971 maceria:
2548 4906 2845 4980 Apostolus
2867 4898 3400 4973 nominavit(Epltes.
3422 4913 3487 4966 tt,

1885 5016 1997 5089 M),
2028 5025 2189 5086 atque
2224 5013 2340 5083 ipse
2377 5009 2447 5065 de
2488 5006 2751 5064 incisione
2776 5015 2978 5057 nomen
3005 4995 3251 5067 accepit;
3285 4994 3487 5089 Phares

1881 5085 2023 5170 enim
2066 5085 2263 5165 divisio
2301 5115 2386 5162 est
2429 5121 2442 5157 :
2490 5099 2633 5158 unde
2670 5105 2726 5153 et
2765 5090 3025 5151 Pharisaei
3074 5085 3390 5158 nuncupati,
3419 5098 3488 5139 eo

1882 5206 2024 5280 quod
2075 5221 2103 5259 a
2152 5201 2446 5257 multorum
2505 5211 2565 5251 se
2616 5185 3093 5262 conjunctionibus
3142 5185 3486 5280 separarent.

1885 5269 2103 5355 fieatius
2125 5306 2305 5352 autem
2334 5298 2390 5347 et
2421 5288 2592 5345 multo
2619 5284 2815 5342 melius
2843 5281 3036 5335 fuisset
3062 5290 3170 5332 non
3210 5269 3375 5327 incidi
3405 5283 3493 5324 se—

1886 5407 2032 5465 pem,
2064 5388 2163 5446 sed
2202 5401 2364 5444 unam
2412 5380 2661 5440 eamdem
2711 5385 2767 5433 et
2807 5372 3095 5430 indivisam
3140 5375 3489 5439 permanere.

1891 5574 1957 5627 [Et
1982 5580 2107 5642 post
2128 5570 2228 5626 tria
2250 5562 2416 5625 verba
2444 5564 2536 5621 ubi
2558 5561 2693 5642 edit.
2724 5570 2897 5642 arnore
2924 5549 3495 5642 reptetappattclllnis.

1888 5620 2314 5715 ﬁniriﬁaéier;
2325 5620 2513 5715 Egnati,
2556 5620 2717 5715 longe
2744 5628 2972 5715 plurimi
2985 5620 3223 5715 ’.ἔγραψε
3232 5620 3496 5715 Elegia,

1889 5693 2057 5771 Eéiiai
2086 5693 2307 5779 “clins;
2342 5712 2484 5766 idem
2501 5693 2781 5770 enimvest',
2805 5709 2965 5773 atque
2985 5710 3171 5760 amore
3190 5693 3497 5773 populari“

1890 5792 2035 5864 quod
2061 5806 2167 5847 non
2196 5791 2337 5846 male
2360 5794 2579 5864 aptatur
2605 5780 2886 5864 Ecclesiae.

1964 5861 2145 5937 dMss.
2172 5855 2443 5941 nonnulli,
2476 5860 2645 5927 crucis
2667 5855 2921 5929 incisione
2944 5865 3073 5916 sunt.
