3960 6300
441 288 582 362 ιδιθ

1815 286 2060 347 SANCTI
2099 287 2422 346 AMBROSII

3612 293 3640 353 ‘I
3652 291 3756 348 600

438 403 593 473 Quod
625 403 741 462 fieri
775 405 969 476 pOIuit,
993 403 1038 457 si
1065 403 1112 457 ei
1139 401 1261 459 vitae
1287 418 1407 474 qua:
1439 403 1588 474 prior
1618 417 1834 458 manum
1867 403 2037 470 misit,
2067 404 2119 466 Α
2147 412 2296 474 putat
2321 401 2621 474 spiritalem
2657 421 2671 458 :
2703 404 2791 475 qui
2819 413 3004 461 mente
3029 405 3257 478 exiguus
3303 404 3636 479 humilisque
3679 408 3757 463 fa-

438 498 546 555 boc
572 508 678 564 est,
711 510 888 554 actum
936 496 1174 554 ostendit
1198 512 1360 552 suum
1381 539 1396 564 ,
1425 505 1450 532 η
1476 511 1820 568 consequens
1853 495 2046 552 fuisset

442 593 563 664 ejus
589 594 714 648 vita:
745 593 938 648 militia
964 608 1086 662 qum
1115 602 1298 646 secuta
1325 599 1430 646 est.
1462 591 1628 646 Multo
1657 593 1803 647 enim
1829 591 2043 659 melius,

440 688 486 743 si
512 688 867 744 circumcisus
894 685 1126 757 populus
1151 687 1315 740 vitam
1343 685 1610 754 majorum
1640 685 1904 742 voluisset
1929 684 2047 738 imi-

443 780 581 844 tari;
616 780 695 834 sic
725 778 870 834 enim
901 777 1095 833 fuisset
1131 793 1238 833 una
1269 778 1416 848 scpis
1441 819 1456 844 ,
1483 794 1586 832 una
1632 778 1867 833 maceria
1891 819 1907 844 ,
1942 793 2047 832 una

445 872 737 928 aediﬁcatio
764 872 1005 943 priorum
1035 887 1098 927 ac
1128 872 1494 942 sequentium.
1533 871 1639 926 Sed
1667 873 1790 942 quia
1819 871 2049 940 primum

443 963 602 1018 illum
653 966 777 1018 vitae
822 972 1001 1019 actum
1041 963 1361 1032 posterioris
1401 961 1689 1019 infirmitas
1727 979 1833 1018 non
1878 963 2052 1034 potuit

446 1055 698 1127 implere,
732 1057 998 1111 incisione
1039 1057 1158 1112 sine
1193 1056 1360 1111 dubio
1405 1055 1544 1112 facta
1584 1057 1730 1129 scpis
1777 1059 1897 1127 ejus
1937 1059 2054 1114 sive

446 1151 722 1218 macerias,
751 1167 871 1219 qua:
899 1151 1200 1207 secundum
1235 1150 1402 1206 Deum
1432 1151 1698 1206 :cdilicata
1731 1163 1848 1208 erat
1869 1193 1886 1220 ,
1917 1163 2056 1208 lam-

446 1259 610 1318 quam
659 1243 873 1299 medius
923 1245 1102 1314 paries
1141 1244 1456 1315 interjectus
1499 1254 1578 1300 est
1605 1261 1620 1309 ;
1650 1252 1710 1300 ut
1747 1245 1838 1300 illa
1868 1247 2014 1317 sepis
2037 1289 2054 1316 ,

449 1335 556 1391 hoc
601 1345 704 1402 est,
741 1347 1004 1407 perpetua
1036 1346 1198 1407 atque
1239 1336 1497 1392 continua
1536 1337 1802 1392 bonorum
1843 1351 2054 1392 morum

454 1428 744 1484 a‘dilicatio
769 1439 1136 1498 rumperetur.
1171 1428 1327 1499 Sepis
1355 1429 1498 1483 enim
1526 1439 1614 1484 est
1649 1445 1750 1498 qua
1785 1444 1914 1500 ager
1953 1431 2059 1484 cir-

450 1522 738 1577 cumdatur
759 1521 1094 1588 fructuosus,
1127 1520 1260 1576 furis
1283 1532 1602 1576 removetur
1627 1521 1904 1588 incursus,
1935 1537 2058 1593 qua:

451 1615 598 1671 culta
621 1615 917 1684 concludit,
946 1615 1162 1670 deserta
1187 1615 1447 1670 secernit.
1474 1613 1704 1670 Macerio
1727 1629 1942 1686 quoque
1963 1615 2060 1669 do-

455 1723 604 1764 mum
634 1707 836 1762 claudit
864 1725 877 1761 :
905 1706 1021 1762 haec
1047 1706 1093 1762 si
1125 1715 1365 1772 maneat,
1399 1705 1592 1762 domus
1621 1714 1737 1762 tuta
1757 1715 1862 1762 est.
1899 1708 2062 1762 Deni-

2147 507 2289 562 ctus,
2319 510 2440 550 eam
2473 511 2594 564 quae
2626 512 2791 567 super
2818 497 3014 568 Legem
3045 507 3150 565 est,
3178 499 3514 570 majestatem
3546 500 3756 556 scilicet

2146 585 2349 642 Christi
2394 587 2578 643 videre
2627 603 2733 643 non
2781 589 2980 659 potuit.
3025 589 3197 657 Quam
3252 590 3436 662 utique
3477 600 3755 661 tamquam

2149 695 2310 750 supra
2341 681 2492 736 illum
2522 683 2784 754 parietem
2834 683 3137 754 respiciens
3165 684 3255 740 ille
3284 693 3464 740 mente
3504 685 3761 741 sublimis

2153 773 2341 829 Esaias
2372 776 2598 845 gloriam
2650 776 2744 831 Dei
2785 776 2920 831 vidit
2954 776 3123 848 (Esai.
3156 793 3248 844 vt,
3285 775 3360 850 l),
3391 793 3511 848 qurc
3543 777 3762 834 videtur

2155 868 2207 922 in
2233 869 2529 931 montibus.
2568 885 2672 929 non
2705 871 2757 925 in
2784 870 3036 928 collibus.

2226 962 2318 1016 27.
2348 962 2540 1018 Docuit
2567 964 2748 1034 itaque
2781 979 2880 1018 nos
2903 963 3144 1020 Ecclesia
3170 967 3222 1020 in
3253 963 3492 1020 Canticis
3521 967 3767 1022 cantico—

2156 1067 2296 1113 rum.
2329 1053 2470 1122 quod
2509 1053 2612 1108 iste
2653 1055 2830 1124 paries
2874 1055 3106 1110 Domino
3141 1067 3334 1112 nosuo
3374 1057 3501 1113 Jesu
3542 1058 3770 1114 Christo

2158 1143 2374 1200 obsmrc
2403 1161 2508 1198 non
2538 1147 2734 1215 potuit,
2777 1163 2875 1202 nec
2901 1151 2949 1202 ei
2979 1148 3069 1220 qui
3100 1160 3320 1206 secutus
3345 1161 3430 1206 est
3457 1151 3768 1222 Christum,

2159 1235 2344 1290 dicens
2379 1253 2392 1290 :
2427 1235 2545 1291 Vox
2565 1238 2740 1307 fratris
2777 1239 2876 1293 mei
2903 1256 2921 1294 :
2952 1257 3064 1296 erce
3097 1241 3182 1295 hic
3209 1243 3344 1297 venit
3382 1243 3578 1297 saliens
3610 1260 3772 1314 super

2159 1338 2378 1394 montes,
2403 1338 2448 1382 et
2471 1331 2769 1385 transiliens
2800 1348 2955 1403 super
2990 1334 3150 1388 colles
3173 1375 3187 1398 ,
3217 1335 3400 1389 similis
3435 1337 3598 1406 frater
3623 1352 3774 1390 meus

2159 1435 2333 1489 capra:
2366 1420 2444 1474 uel
2469 1421 2685 1476 hinnulo
2711 1438 2975 1478 cervorum
3011 1425 3062 1479 in
3095 1426 3352 1480 montibus
3386 1424 3589 1482 Bethel.
3630 1426 3776 1483 Ecce

2163 1510 2246 1564 hic
2272 1522 2408 1566 retro
2432 1522 2545 1584 post
2571 1513 2815 1586 parietem
2845 1526 3077 1570 nostrum
3094 1558 3109 1580 ,
3141 1518 3462 1590 prospiciens
3508 1535 3600 1592 per
3627 1523 3777 1588 fene-

2163 1612 2325 1670 stras,
2354 1606 2676 1676 prospiciens
2693 1623 2783 1678 per
2805 1608 2957 1663 retia.
2997 1607 3284 1678 Respondit
3315 1610 3477 1680 frater
3516 1627 3692 1676 meus,
3728 1622 3779 1667 et

2165 1697 2296 1752 dixit
2331 1699 2457 1752 mihi
2479 1716 2498 1754 :
2523 1699 2715 1774 Surge,
2741 1703 2873 1769 veni,
2903 1704 3144 1774 proxima
3176 1721 3287 1759 mea
3309 1746 3324 1770 ,
3351 1705 3584 1776 speciosa
3609 1721 3730 1760 mea
3762 1747 3778 1768 ,

454 1815 584 1871 quo,
614 1799 882 1872 ΑιιῙεταιη,
915 1799 1116 1871 inquit,
1150 1800 1426 1855 maceriam
1457 1800 1592 1872 ejus,
1619 1809 1666 1854 ει
1697 1802 1792 1855 erit
1844 1803 1897 1856 in
1924 1801 2062 1856 άίνε-
2091 1804 2140 1864 Β
2166 1791 2402 1846 columba
2449 1810 2596 1858 mea;
2639 1797 2883 1863 quoniam
2921 1813 3034 1851 ecce
3075 1795 3252 1868 hyems
3291 1800 3526 1854 transivit
3552 1841 3568 1867 ,
3596 1799 3782 1871 pluvia

456 1893 686 1964 ptionem
713 1891 885 1965 (Esai.
921 1907 978 1958 v,
1008 1892 1086 1962 5).

529 1987 622 2042 25.
653 1987 914 2058 Optemus
959 1996 1017 2040 ut
1069 1987 1184 2042 haec
1227 1987 1434 2058 integra
1484 1987 1556 2041 sit
1595 1985 1827 2042 maceria
1873 1986 2068 2042 domus

461 2091 682 2147 nostrae,
718 2081 913 2138 domus
940 2081 1208 2152 spiritalis
1237 2097 1357 2152 quae
1387 2081 1442 2136 in
1471 2081 1626 2136 nobis
1649 2090 1752 2146 est,
1784 2096 1890 2139 non
1921 2081 2066 2136 enim

470 2175 681 2249 1323
699 2175 767 2230 ab
793 2176 1010 2230 homine
1037 2176 1364 2231 exaedificari
1389 2186 1598 2247 potest,
1623 2176 1716 2232 sed
1735 2193 1766 2232 a
1789 2177 1901 2232 Deo
1923 2177 2064 2244 vivo,

461 2269 554 2337 qui
586 2268 660 2320 ait
692 2283 704 2320 :
740 2265 807 2320 Et
834 2267 1108 2321 maceriam
1139 2266 1455 2320 circumdedi
1483 2266 1654 2338 (Esai.
1683 2283 1735 2331 ν,
1768 2267 1850 2337 2).
1881 2266 2071 2322 Perdi-

461 2359 664 2416 derunt
710 2361 875 2432 igitur
925 2360 1156 2416 salutem
1207 2359 1300 2430 qui
1355 2361 1644 2415 maceriam
1693 2359 2065 2430 perdiderunt.

461 2454 675 2512 Maneat
705 2470 836 2527 ergo
877 2455 1109 2510 maceria
1133 2497 1148 2520 ,
1181 2463 1395 2510 maneat
1425 2454 1541 2509 luec
1581 2455 1748 2524 scpis.
1787 2452 1885 2508 Vis
1927 2454 2070 2509 scire

459 2563 622 2623 quam
649 2548 719 2603 sit
749 2548 896 2603 utilis
919 2547 1106 2618 scpis?
1129 2546 1257 2616 Sepi
1277 2562 1429 2600 aures
1451 2555 1567 2600 tuas
1589 2545 1754 2617 spinis
1774 2554 1824 2600 et
1843 2544 2068 2612 tribulis,

463 2651 512 2692 et
543 2641 651 2698 noli
671 2641 856 2696 audire
884 2640 1116 2710 linguam
1140 2654 1358 2708 nequam
1383 2636 1578 2712 (Eccli.
1610 2651 1796 2703 xxvut,
1827 2636 1943 2708 28).
1974 2637 2072 2691 Se-

465 2733 550 2802 pis
582 2733 726 2788 enim
759 2731 859 2788 ista
890 2743 942 2788 te
970 2730 1213 2788 defendit
1241 2747 1271 2786 a
1299 2731 1481 2802 culpa.

540 2825 633 2879 26.
669 2826 814 2896 Ergo
838 2826 1100 2880 Dominus
1120 2823 1277 2880 Jesus
1301 2825 1389 2896 qui
1417 2834 1603 2894 postea
1635 2823 1930 2880 secundum
1955 2839 2074 2878 car-

468 2931 594 2971 nem
627 2916 770 2970 venit
800 2917 852 2970 in
890 2917 1065 2972 lucem
1087 2959 1103 2982 ,
1133 2917 1336 2972 veteris
1363 2917 1508 2972 illius
1545 2918 1896 2972 munitionem
1928 2917 2074 2986 scpis

467 3009 802 3074 instaurans,
836 3009 888 3064 in
929 3010 1194 3078 majorum
1221 3025 1321 3065 nos
1348 3020 1526 3064 actum
1559 3021 1613 3064 et
1640 3011 1916 3079 antiquam
1943 3010 2074 3064 sim-

470 3103 767 3175 plicitateui
797 3101 921 3158 fidei
945 3101 1282 3158 reformavit.
1317 3101 1472 3158 Unde
1494 3102 1560 3158 de
1587 3118 1653 3158 eo
1681 3101 1706 3140 ι)
1727 3111 1782 3158 et
1811 3103 2072 3174 prepbeta

2169 1883 2294 1937 abiit
2334 1885 2565 1939 discessit
2610 1886 2727 1953 sibi,
2751 1889 2908 1958 ﬂores
2933 1890 3027 1944 uisi
3050 1900 3166 1944 sunt
3193 1891 3246 1946 in
3276 1902 3433 1959 terra,
3463 1903 3666 1964 tempus
3687 1911 3780 1950 se-

2169 1977 2322 2031 candi
2349 1978 2578 2044 advenit,
2608 1995 2708 2035 eoa:
2733 1983 2956 2037 turturis
2981 1983 3162 2038 audita
3188 1995 3261 2038 est
3285 1983 3463 2053 (Cant.
3497 2002 3559 2051 ιι,
3592 1986 3778 2060 8-12).

2169 2067 2377 2137 Flores,
2399 2071 2628 2141 apostoli
2657 2091 2670 2128 :
2700 2081 2912 2142 tempus
2935 2074 3129 2130 messis
3155 2084 3177 2113 ο
3202 2075 3411 2131 fruetus
3432 2088 3516 2133 est
3535 2077 3781 2134 Christi:

2172 2175 2272 2216 vox
2322 2162 2568 2230 turturis,
2588 2179 2691 2219 vox
2736 2164 3016 2222 Ecclesiae.
3068 2167 3197 2223 lure
3242 2168 3407 2240 igitur
3455 2170 3550 2226 Dei
3607 2171 3785 2227 Filius

2172 2263 2520 2325 posteaquam
2554 2265 2799 2314 terrenos
2826 2259 3075 2316 homines
3109 2277 3212 2318 nec
3241 2263 3556 2333 gradientes
3582 2264 3650 2320 ad
3679 2283 3784 2321 stt-

2173 2361 2338 2417 perna
2368 2390 2382 2414 ,
2406 2357 2458 2403 ct
2499 2351 2878 2418 corporalibus
2907 2353 3142 2425 inspexit
3171 2355 3434 2426 angustiis
3462 2367 3785 2417 coarctatus

2171 2443 2302 2514 (non
2341 2444 2485 2500 enim
2531 2456 2644 2502 eral
2671 2445 2844 2520 (Psal.
2886 2465 3002 2514 xm,
3025 2451 3082 2520 3)
3127 2451 3218 2522 qui
3269 2452 3474 2510 faceret
3526 2454 3738 2512 bonum
3767 2500 3782 2526 ,

2172 2551 2280 2591 non
2326 2546 2445 2592 erat
2473 2553 2644 2607 usque
2685 2539 2750 2593 ad
2779 2542 2972 2613 unum)
3000 2542 3335 2600 descendere
3375 2546 3428 2600 in
3459 2554 3635 2602 terras
3663 2548 3784 2619 ipse

2173 2627 2421 2698 dignatus
2449 2643 2523 2686 est
2555 2648 2569 2696 ;
2595 2640 2652 2687 ιιι
2681 2633 2942 2702 parietem
2975 2634 3125 2690 illum
3149 2635 3307 2706 Legis
3331 2678 3346 2703 ,
3381 2637 3484 2692 hoc
3507 2648 3592 2694 est
3613 2681 3629 2706 ,
3656 2654 3782 2696 mo-

2174 2721 2280 2778 lem
2303 2723 2588 2793 quamdam
2612 2733 2668 2780 et
2697 2729 3138 2797 superstitionem
3171 2729 3482 2786 intellectus
3507 2747 3780 2802 corpora-

2175 2811 2242 2869 lis
2269 2815 2524 2882 auferret,
2553 2832 2672 2887 qum
2701 2819 2853 2888 quasi
2885 2831 3151 2889 premeret
3184 2822 3397 2896 1325.
3415 2825 3788 2883 etobumbra-

2177 2914 2259 2960 ret
2295 2906 2456 2962 corda
2502 2911 2843 2978 populorum.
2877 2909 3069 2968 Melior
3106 2913 3268 2984 igitur
3311 2915 3546 2972 maceria
3569 2958 3585 2983 ,
3618 2934 3787 2987 quam

2177 2999 2373 3066 paries.
2422 3000 2660 3071 Denique
2701 3017 2805 3056 non
2860 3003 3031 3059 bonus
3073 3007 3253 3076 paries
3283 3006 3584 3063 dealbatus.
3627 3010 3787 3079 Quod

2177 3104 2287 3143 non
2321 3091 2500 3147 otiose
2527 3093 2731 3147 dictum
2763 3103 2847 3148 est
2876 3096 3106 3166 principi
3141 3099 3509 3165 sacerdotum,
3541 3115 3610 3156 eo
3638 3103 3788 3174 quod

469 3196 605 3272 dum
639 3215 651 3250 ε
692 3197 964 3252 Vocaberis
985 3197 1274 3266 cedificator
1301 3197 1435 3262 sepis
1466 3196 1616 3266 (Esai
1644 3213 1797 3260 LVIII,
1825 3197 1940 3267 te).
1965 3198 2070 3251 Tu-
2101 3197 2146 3260 c
2180 3181 2340 3237 medii
2373 3182 2594 3253 parietis
2633 3183 3018 3254 impedimenta
3044 3189 3298 3245 servabat
3329 3191 3467 3256 (Act-
3497 3208 3655 3261 ut".
3685 3193 3790 3265 ὅ).

471 3290 533 3346 lit
557 3293 701 3346 enim
731 3289 882 3345 illum
914 3290 1127 3344 obicem
1156 3289 1245 3360 qui
1277 3289 1536 3344 unitatem
1581 3289 1780 3344 mentis
1801 3297 1858 3343 et
1883 3303 2076 3361 corpo-

472 3385 552 3441 ris
577 3426 590 3447 ,
617 3385 922 3456 seriemque
951 3384 1076 3439 vita:
1119 3384 1380 3455 simplicis
1424 3383 1731 3448 dividebat;
1755 3391 1916 3450 atque
1962 3383 2076 3453 ipse

473 3476 647 3531 factus
695 3486 777 3530 est
829 3491 931 3547 pax
975 3485 1183 3538 nostra,
1209 3476 1300 3546 qui
1340 3474 1467 3529 fecit
1507 3484 1732 3544 utraque
1783 3489 1972 3540 unum,
2023 3485 2078 3530 et

473 3567 713 3623 medium
748 3577 769 3606 ο
798 3568 1059 3638 parietem
1091 3567 1236 3634 scpis
1264 3565 1447 3621 solvit.
1490 3566 1660 3634 Quem
1694 3566 1953 3635 parietem
1984 3581 2078 3621 ex-

473 3658 631 3730 ponit
655 3657 944 3726 Apostolus
972 3656 1287 3710 inimicitias
1319 3669 1440 3710 esse
1466 3655 1519 3710 in
1550 3670 1716 3710 carne
1743 3654 1966 3727 (Ep/tes.
1995 3671 2032 3710 ιι
2060 3699 2074 3721 ,

475 3751 589 3819 14).
623 3748 728 3803 llas
751 3764 880 3820 ergo
905 3747 1215 3803 inimicitias
1244 3746 1366 3801 tulit
1399 3747 1679 3812 Dominus,
1703 3757 1758 3802 et
1779 3762 1964 3814 pacem
1993 3763 2079 3803 re-

474 3840 631 3907 fudit,
668 3841 951 3913 legemque
996 3839 1376 3896 mandatorum
1404 3838 1460 3894 in
1490 3840 1726 3897 decretis
1753 3841 2076 3906 evacuavit;

473 3942 534 3988 ut
559 3935 696 3988 duos
723 3934 983 3988 conderet
1027 3934 1079 3988 in
1124 3949 1233 3987 uno
1265 3948 1405 3988 novo
1439 3935 1659 3989 homine
1689 3952 1701 3987 :
1737 3934 1790 3988 in
1833 3949 1940 4002 quo
1971 3949 2077 3989 non

473 4026 647 4080 solmn
689 4026 1015 4080 exteriorem
1047 4033 1104 4080 et
1131 4025 1443 4100 interioer
1464 4068 1478 4090 ,
1509 4025 1605 4081 sed
1645 4026 1808 4080 etiam
1836 4024 2079 4080 Judmum

475 4115 744 4184 significat
769 4125 822 4169 et
851 4114 1101 4168 Graecum
1131 4157 1146 4179 ,
1177 4125 1232 4168 ut
1272 4127 1417 4169 esset
1444 4118 1622 4171 omnia
1655 4125 1710 4172 et
1745 4118 1798 4172 in
1825 4118 2081 4172 omnibus

472 4203 745 4261 Christus.
771 4204 1031 4258 Dominus
1053 4205 1198 4259 enim
1222 4205 1459 4270 sabbati,
1489 4209 1932 4276 superstitionem
1963 4210 2085 4264 tulit

475 4295 688 4352 sabbati
716 4295 1039 4367 corporalis,
1070 4307 1124 4351 et
1151 4297 1308 4366 quasi
1341 4297 1578 4351 medium
1611 4298 1776 4352 Solvit
1798 4298 1958 4370 chis
1989 4317 2084 4371 pa-

472 4391 666 4447 rietem
686 4408 698 4442 :
717 4389 806 4460 qui
829 4405 925 4444 nos
939 4390 1006 4444 ab
1033 4404 1095 4445 ea
1119 4390 1319 4459 pietate
1339 4404 1459 4460 qum
1472 4390 1772 4446 secundum
1790 4393 1955 4448 Deum
1975 4404 2077 4462 est,

476 4483 822 4541 decretorum
865 4481 1182 4538 difticultate
1221 4481 1578 4553 prohibebat,
1631 4499 1698 4539 eo
1741 4486 1884 4556 quod
1929 4487 2078 4557 juxta

2178 3289 2337 3344 quem
2371 3275 2626 3331 Dominus
2655 3276 2815 3334 Jesus
2843 3280 3068 3336 absmlit
3093 3283 3249 3354 quasi
3279 3283 3469 3338 duram
3493 3287 3789 3357 militiam,

2178 3383 2286 3438 quo
2323 3367 2609 3424 clariorem
2659 3371 3060 3428 observantiam
3103 3375 3386 3446 religionis
3432 3377 3791 3446 iufunderct;

2179 3471 2239 3516 ut
2278 3463 2388 3530 jam
2431 3479 2537 3518 non
2569 3481 2734 3520 unum
2769 3465 3082 3523 .ludaeorum
3112 3485 3283 3540 genus
3328 3474 3482 3542 quasi
3514 3476 3793 3544 corporali

2178 3555 2413 3625 quodam
2455 3558 2774 3627 prmscripto
2801 3558 2960 3630 Legis
2990 3561 3282 3628 inclusum,
3313 3564 3407 3618 sed
3434 3579 3627 3620 omnes
3660 3581 3798 3638 gen-

2181 3657 2262 3702 tes
2291 3647 2359 3701 ad
2393 3648 2488 3702 Dei
2516 3649 2719 3704 cultum
2754 3667 2852 3721 per
2883 3654 3235 3723 Evangelium
3267 3672 3615 3713 vocarentur.

2250 3740 2341 3794 28.
2378 3740 2494 3795 Duo
2525 3742 2692 3807 igitur
2722 3744 2921 3813 gemini
2949 3751 3071 3800 dure
3098 3747 3329 3817 gemina:
3358 3751 3482 3804 vita:
3503 3792 3518 3815 ,
3543 3751 3670 3806 dua:
3699 3768 3802 3824 ge-

2182 3833 2341 3887 mina:
2377 3843 2505 3888 sunt
2531 3834 2771 3900 militiae;
2800 3838 2870 3890 ita
2901 3847 2958 3891 ut
2996 3839 3144 3906 prior
3185 3839 3379 3894 melior
3404 3841 3476 3895 sit
3501 3855 3797 3914 sequente.

2183 3926 2246 3980 Et
2272 3925 2392 3980 ideo
2416 3927 2557 3996 quod
2581 3937 2666 3982 est
2695 3928 2889 3985 melius
2921 3931 3272 3987 reformatum
3298 3944 3403 3988 est.
3444 3935 3580 4003 Quis
3609 3945 3802 3993 autent

2183 4029 2342 4087 neget
2371 4018 2722 4088 Evangeliqu
2752 4032 3006 4091 prmstare
3037 4022 3211 4093 Legi?
3241 4024 3384 4078 Bona
3418 4035 3600 4081 tamen
3633 4027 3751 4084 Lex
3787 4074 3802 4097 ,

2183 4109 2226 4162 si
2256 4123 2415 4177 supra
2451 4108 2687 4165 litteram
2723 4123 2956 4168 mentem
2986 4115 3164 4185 erigas
3195 4115 3426 4171 :Littera
3455 4119 3591 4173 enim
3605 4123 3806 4176 occidit

2185 4197 2254 4271 (ll
2280 4199 2380 4254 Cor
2425 4217 2504 4270 tu,
2531 4202 2610 4274 6).
2635 4202 2775 4272 Quid
2801 4215 2981 4260 autem
3013 4205 3239 4263 haberet
3270 4210 3386 4263 haec
3408 4210 3645 4268 historia
3673 4229 3806 4284 gra-

2186 4295 2274 4348 tim
2302 4335 2316 4358 ,
2366 4296 2469 4350 nisi
2512 4297 2685 4351 lucent
2735 4298 2866 4353 tanti
2909 4301 3157 4371 mysterii
3199 4301 3556 4359 videremus?
3603 4304 3812 4362 Docuit

2185 4386 2327 4442 enim
2356 4401 2455 4442 nos
2482 4390 2776 4458 Apostolus
2811 4399 3032 4447 sanctus
3077 4393 3129 4447 in
3171 4394 3523 4464 simplicitate
3553 4395 3812 4455 historia:

2185 4489 2456 4536 secretum
2477 4497 2726 4552 qun-rere
2753 4483 3021 4551 veritatis,
3051 4497 3102 4540 et
3126 4487 3178 4542 in
3205 4487 3468 4557 quasdam
3497 4505 3606 4544 non
3637 4490 3815 4547 intel-

475 4575 648 4648 Moysi
674 4576 847 4647 legem
891 4591 998 4630 non
1030 4571 1199 4631 erat‘1
1233 4575 1391 4632 facile
1420 4585 1582 4648 atque
1628 4579 1888 4649 possibile
1909 4575 2159 4652 genti-D
2186 4573 2420 4644 ligibiles
2466 4575 2766 4632 secundum
2827 4577 3066 4633 litteram
3113 4579 3514 4650 diSputatioues
3575 4597 3811 4640 sensum

476 4669 580 4724 bus
611 4671 844 4726 militare
867 4670 981 4725 Deo
1007 4711 1022 4736 ,
1059 4685 1180 4725 cum
1214 4671 1390 4725 inanis
1418 4673 1737 4742 superstitio
1765 4672 2078 4732 .luilaeorum

477 4780 671 4836 purum
713 4763 962 4819 affectum
1011 4768 1251 4836 gentium
1300 4781 1327 4818 a
1379 4765 1658 4822 subeunda
1703 4767 2082 4826 observatione

475 4866 779 4912 revocaret.
812 4857 950 4925 Quid
987 4859 1158 4928 ergo?
1185 4857 1293 4912 Lex
1328 4858 1581 4913 inutilis?
1617 4859 1773 4914 Absit
1804 4879 1816 4913 :
1851 4860 1948 4916 sed
1976 4862 2084 4916 uti-

477 4948 546 5002 lis
583 4947 876 5002 incredulis
899 4989 913 5013 ,
947 4948 1178 5003 infirmis
1213 4951 1526 5004 necessaria
1554 4989 1568 5014 ,
1602 4966 1722 5020 qua:
1761 4951 2000 5007 lubricos
2029 4961 2084 5008 et

477 5049 726 5095 errantes
759 5041 1016 5111 prmccpti
1045 5041 1300 5096 salutaris
1330 5041 1650 5097 austeritate
1679 5042 1958 5099 cohiberet
1984 5085 1999 5108 ,
2029 5056 2084 5102 et

478 5133 921 5191 observationum
964 5139 1264 5191 attentione
1307 5135 1680 5192 concluderet.
1726 5135 1871 5191 Bona
1903 5147 2081 5194 autem

484 5226 595 5284 Lex
623 5236 741 5294 est,
770 5229 893 5299 quia
924 5228 1209 5300 spiritalis.
1240 5228 1300 5283 Ei
1333 5242 1462 5299 ergo
1494 5244 1604 5283 non
1647 5229 1786 5284 bona
1807 5271 1820 5295 ,
1852 5231 1942 5300 qui
1976 5246 2082 5286 non

563 5398 589 5424 η
614 5387 771 5442 Rom.
798 5386 958 5452 edit.,
991 5403 1302 5456 consequens
1330 5388 1513 5458 {uisset
1532 5390 1637 5444 vita
1662 5403 1774 5459 qua:
1791 5396 1966 5443 secuta
1990 5397 2093 5444 est.

566 5459 738 5532 l’hﬁlss.
763 5460 991 5532 aliquot,
1023 5470 1068 5513 et
1103 5459 1372 5532 prophetia
1394 5461 1549 5515 dixit.

570 5543 592 5569 υ
619 5531 779 5586 Rom.
811 5531 967 5595 edit.,
1001 5531 1248 5601 parietem
1280 5533 1520 5586 maceria:
1535 5531 1705 5586 solvit.

564 5621 590 5660 ἀ
621 5625 782 5679 llom.
814 5623 946 5678 edit.
975 5635 1162 5678 contra
1189 5635 1533 5688 caaterarum,
1564 5639 1626 5678 ae
1653 5637 1782 5679 mss.
1813 5622 1974 5678 fidem
2002 5623 2100 5678 eli-

494 5705 665 5761 serat,
687 5705 844 5762 atque
882 5695 1144 5765 possibile.
1163 5695 1280 5765 Sed
1299 5695 1412 5764 jam
1443 5696 1777 5751 advertimus
1797 5734 1812 5758 ,
1844 5710 1946 5750 non
1983 5709 2103 5760 pos-

497 5765 668 5828 sibile,
696 5780 843 5833 swpc
869 5764 967 5831 pro
995 5764 1211 5832 diﬁcili,
1245 5770 1521 5834 usurpari.

2183 4667 2392 4724 referre
2415 4711 2430 4736 ,
2463 4671 2713 4726 scribens
2744 4689 2758 4726 :
2793 4669 2813 4709 ί
2845 4670 3018 4727 Dicite
3055 4674 3182 4728 mihi
3222 4675 3310 4744 qui
3347 4674 3537 4746 Legem
3565 4677 3811 4748 legistis,

2185 4760 2372 4834 Legem
2402 4779 2502 4817 non
2531 4765 2799 4819 audistis?
2828 4765 3094 4836 Scriptum
3122 4769 3254 4822 enim
3282 4778 3356 4822 est
3385 4770 3507 4840 quia
3537 4769 3814 4825 Abraham

2185 4855 2316 4909 duos
2341 4855 2480 4925 ﬁlios
2503 4856 2702 4923 habuit,
2727 4873 2889 4912 unum
2912 4875 2976 4913 ea:
2999 4859 3217 4923 ancilla,
3242 4871 3291 4914 et
3311 4877 3471 4914 unum
3498 4862 3564 4915 de
3591 4862 3768 4918 libera
3799 4883 3814 4919 :

2186 4949 2277 5003 sed
2314 4950 2402 5019 qui
2447 4967 2511 5004 ex
2549 4950 2765 5017 ancilla,
2807 4954 3089 5006 secundum
3132 4970 3335 5008 carnem
3381 4965 3534 5009 natus
3565 4966 3690 5012 est:
3723 4959 3819 5027 qui

2190 5054 2358 5099 autem
2383 5045 2448 5099 de
2481 5046 2675 5113 libera,
2698 5047 2980 5100 sectmdum
3010 5049 3426 5119 promissionem.
3471 5050 3606 5115 Qui:
3631 5063 3763 5106 sunt
3801 5095 3814 5118 ,

2193 5136 2387 5206 inquit,
2419 5154 2510 5206 per
2539 5139 2840 5210 allegoriam
2869 5139 3028 5194 dicta.
3064 5138 3192 5195 Ha‘c
3217 5141 3351 5195 enim
3383 5152 3502 5196 sunt
3567 5143 3676 5196 duo
3708 5141 3817 5198 Te-

2191 5240 2451 5286 stamenta
2503 5230 2706 5304 (Galat.
2763 5246 2838 5299 tv,
2880 5231 3089 5304 ει-ρι).
3143 5231 3213 5288 Et
3239 5233 3375 5288 infra
3409 5251 3421 5288 :
3453 5232 3586 5301 Qua:
3634 5244 3818 5291 autem

2276 5399 2300 5427 θ
2325 5389 2467 5446 Edit.
2494 5399 2549 5446 et
2569 5389 2787 5462 quidam
2813 5405 2973 5458 mss.,
3001 5394 3200 5465 fructus
3225 5404 3300 5447 est
3327 5391 3585 5450 Christus.

2279 5483 2298 5520 ί
2332 5482 2405 5536 lta
2433 5485 2776 5559 cuncti_mss.
2817 5483 2963 5540 Edit.
2989 5500 3148 5559 vero,
3180 5483 3350 5559 Dicite
3389 5485 3518 5540 mihi
3544 5487 3642 5541 sub
3675 5488 3823 5559 Lege

2201 5560 2425 5609 volentes
2450 5570 2582 5618 esse,
2608 5554 2816 5625 Legem,
2847 5563 2955 5609 etc.
2989 5555 3084 5610 llis
3111 5556 3320 5626 accedit
3351 5559 3594 5626 Apostoli
3629 5554 3822 5615 textus

2203 5635 2365 5696 atque
2391 5639 2582 5679 omnes
2612 5631 2893 5680 vet-siones
2917 5667 2931 5690 ,
2958 5637 3185 5696 excepta
3219 5625 3523 5695 Aithinpica
3549 5670 3566 5694 ,
3601 5631 3699 5685 ubi
3730 5647 3817 5687 se-

2202 5695 2439 5771 cundum
2473 5696 2826 5771 interpretem
2868 5696 3104 5771 legitur;
3137 5696 3320 5771 Dicitis
3348 5695 3476 5752 mihi
3506 5716 3525 5752 :
3563 5698 3631 5754 In
3673 5719 3823 5771 prte-

2206 5775 2351 5833 cepto
2373 5763 2522 5836 Legis
2543 5763 2742 5834 sumus,
2773 5776 2822 5820 et
2849 5763 2956 5820 non
2979 5767 3198 5822 audistis
3226 5767 3429 5837 Legem;
