  <div class='ocr_page' id='page_1' title='image "/cluster/home/n/w/nwhite01/storage/ocr_20150623/15/uva.x000826533/216.png"; bbox 0 0 3960 6370; ppageno 0'>
   <div class='ocr_carea' id='block_1_1' title="bbox 226 307 355 365">
    <p class='ocr_par' dir='ltr' id='par_1_1' title="bbox 226 307 355 365">
     <span class='ocr_line' id='line_1_1' title="bbox 226 307 355 365; baseline -0.008 0"><span class='ocrx_word' id='word_1_1' title='bbox 226 307 355 365; x_wconf 64' lang='lat' dir='ltr'><strong>“illi</strong></span> 
     </span>
    </p>
   </div>
   <div class='ocr_carea' id='block_1_2' title="bbox 1188 311 2548 374">
    <p class='ocr_par' dir='ltr' id='par_1_2' title="bbox 1188 311 2548 374">
     <span class='ocr_line' id='line_1_2' title="bbox 1188 311 2548 374; baseline 0.003 -8"><span class='ocrx_word' id='word_1_2' title='bbox 1188 311 1434 371; x_wconf 68' lang='lat' dir='ltr'><strong>EXPOSI</strong></span> <span class='ocrx_word' id='word_1_3' title='bbox 1453 311 1551 372; x_wconf 83' lang='grc' dir='ltr'><strong>ΗΟ</strong></span> <span class='ocrx_word' id='word_1_4' title='bbox 1594 313 1848 372; x_wconf 65' lang='grc' dir='ltr'><strong>ΕΥΛΜἸ.</strong></span> <span class='ocrx_word' id='word_1_5' title='bbox 1893 315 2043 373; x_wconf 69' lang='lat' dir='ltr'><strong>SEO.</strong></span> <span class='ocrx_word' id='word_1_6' title='bbox 2086 313 2240 373; x_wconf 78' lang='lat' dir='ltr'><strong>LL&#39;C.</strong></span> <span class='ocrx_word' id='word_1_7' title='bbox 2287 317 2415 373; x_wconf 82' lang='lat' dir='ltr'><strong>LIB.</strong></span> <span class='ocrx_word' id='word_1_8' title='bbox 2461 317 2548 374; x_wconf 83' lang='grc' dir='ltr'><strong>ΙΙΙ.</strong></span> 
     </span>
    </p>
   </div>
   <div class='ocr_carea' id='block_1_3' title="bbox 3389 331 3528 386">
    <p class='ocr_par' dir='ltr' id='par_1_3' title="bbox 3389 331 3528 386">
     <span class='ocr_line' id='line_1_3' title="bbox 3389 331 3528 386; baseline 0.007 -1"><span class='ocrx_word' id='word_1_9' title='bbox 3389 331 3408 385; x_wconf 83' lang='lat' dir='ltr'><strong>-l</strong></span> <span class='ocrx_word' id='word_1_10' title='bbox 3419 331 3528 386; x_wconf 72' lang='grc' dir='ltr'><strong>6οἏ</strong></span> 
     </span>
    </p>
   </div>
   <div class='ocr_carea' id='block_1_4' title="bbox 221 427 3530 512">
    <p class='ocr_par' dir='ltr' id='par_1_4' title="bbox 221 427 3530 512">
     <span class='ocr_line' id='line_1_4' title="bbox 221 427 3530 512; baseline 0.007 -33"><span class='ocrx_word' id='word_1_11' title='bbox 221 441 420 479; x_wconf 76' lang='lat' dir='ltr'><strong>sursum</strong></span> <span class='ocrx_word' id='word_1_12' title='bbox 475 434 551 480; x_wconf 71' lang='lat' dir='ltr'><strong>est</strong></span> <span class='ocrx_word' id='word_1_13' title='bbox 604 427 932 484; x_wconf 81' lang='lat' dir='ltr'><strong>Hierusalem</strong></span> <span class='ocrx_word' id='word_1_14' title='bbox 964 470 981 498; x_wconf 90' lang='lat'><strong>,</strong></span> <span class='ocrx_word' id='word_1_15' title='bbox 1041 430 1201 486; x_wconf 88' lang='lat' dir='ltr'><strong>libera</strong></span> <span class='ocrx_word' id='word_1_16' title='bbox 1256 440 1332 486; x_wconf 81' lang='lat' dir='ltr'><strong>est</strong></span> <span class='ocrx_word' id='word_1_17' title='bbox 1387 432 1404 503; x_wconf 92' lang='lat'><strong>(</strong></span> <span class='ocrx_word' id='word_1_18' title='bbox 1439 431 1581 489; x_wconf 73' lang='lat' dir='ltr'><strong>Ibid.</strong></span> <span class='ocrx_word' id='word_1_19' title='bbox 1608 473 1621 498; x_wconf 96' lang='lat'><strong>,</strong></span> <span class='ocrx_word' id='word_1_20' title='bbox 1679 433 1749 489; x_wconf 74' lang='lat'><strong>26</strong></span> <span class='ocrx_word' id='word_1_21' title='bbox 1781 433 1821 504; x_wconf 91' lang='lat'><strong>).</strong></span> <span class='ocrx_word' id='word_1_22' title='bbox 1854 445 1907 506; x_wconf 71' lang='grc' dir='ltr'>Α</span> <span class='ocrx_word' id='word_1_23' title='bbox 1935 433 2146 490; x_wconf 80' lang='lat' dir='ltr'><strong>Domini</strong></span> <span class='ocrx_word' id='word_1_24' title='bbox 2181 435 2347 506; x_wconf 83' lang='lat' dir='ltr'><strong>ﬁgura</strong></span> <span class='ocrx_word' id='word_1_25' title='bbox 2379 442 2677 506; x_wconf 80' lang='lat' dir='ltr'><strong>pra-cessit.</strong></span> <span class='ocrx_word' id='word_1_26' title='bbox 2714 438 2863 496; x_wconf 88' lang='lat' dir='ltr'><strong>llanc</strong></span> <span class='ocrx_word' id='word_1_27' title='bbox 2893 441 3056 512; x_wconf 83' lang='lat' dir='ltr'><strong>igitur</strong></span> <span class='ocrx_word' id='word_1_28' title='bbox 3082 444 3439 510; x_wconf 61' lang='lat' dir='ltr'><strong>aemulemur;</strong></span> <span class='ocrx_word' id='word_1_29' title='bbox 3471 456 3530 503; x_wconf 83' lang='grc' dir='ltr'><strong>ιιι</strong></span> 
     </span>
    </p>
   </div>
   <div class='ocr_carea' id='block_1_5' title="bbox 291 517 1824 595">
    <p class='ocr_par' dir='ltr' id='par_1_5' title="bbox 291 517 1824 595">
     <span class='ocr_line' id='line_1_5' title="bbox 291 517 1824 595; baseline 0.008 -26"><span class='ocrx_word' id='word_1_30' title='bbox 291 517 377 571; x_wconf 67' lang='lat'><strong>9.9.</strong></span> <span class='ocrx_word' id='word_1_31' title='bbox 406 517 491 571; x_wconf 82' lang='lat' dir='ltr'><strong>Ad</strong></span> <span class='ocrx_word' id='word_1_32' title='bbox 535 518 684 574; x_wconf 90' lang='lat' dir='ltr'><strong>illam</strong></span> <span class='ocrx_word' id='word_1_33' title='bbox 718 519 882 590; x_wconf 91' lang='lat' dir='ltr'><strong>igitur</strong></span> <span class='ocrx_word' id='word_1_34' title='bbox 916 536 1077 592; x_wconf 88' lang='lat' dir='ltr'><strong>quam</strong></span> <span class='ocrx_word' id='word_1_35' title='bbox 1120 524 1335 579; x_wconf 91' lang='lat' dir='ltr'><strong>medius</strong></span> <span class='ocrx_word' id='word_1_36' title='bbox 1373 525 1552 595; x_wconf 85' lang='lat' dir='ltr'><strong>paries</strong></span> <span class='ocrx_word' id='word_1_37' title='bbox 1579 525 1824 582; x_wconf 84' lang='lat' dir='ltr'><strong>incidere</strong></span> 
     </span>
    </p>
   </div>
   <div class='ocr_carea' id='block_1_6' title="bbox 219 610 1822 684">
    <p class='ocr_par' dir='ltr' id='par_1_6' title="bbox 219 610 1822 684">
     <span class='ocr_line' id='line_1_6' title="bbox 219 610 1822 684; baseline 0.005 -20"><span class='ocrx_word' id='word_1_38' title='bbox 219 619 275 664; x_wconf 91' lang='lat' dir='ltr'><strong>et</strong></span> <span class='ocrx_word' id='word_1_39' title='bbox 300 610 543 667; x_wconf 86' lang='lat' dir='ltr'><strong>dividere</strong></span> <span class='ocrx_word' id='word_1_40' title='bbox 571 627 680 668; x_wconf 88' lang='lat' dir='ltr'><strong>non</strong></span> <span class='ocrx_word' id='word_1_41' title='bbox 711 615 905 684; x_wconf 86' lang='lat' dir='ltr'><strong>potuit,</strong></span> <span class='ocrx_word' id='word_1_42' title='bbox 938 616 1132 671; x_wconf 91' lang='lat' dir='ltr'><strong>mentis</strong></span> <span class='ocrx_word' id='word_1_43' title='bbox 1155 617 1487 673; x_wconf 76' lang='lat' dir='ltr'><strong>sublimitate</strong></span> <span class='ocrx_word' id='word_1_44' title='bbox 1512 617 1822 674; x_wconf 91' lang='lat' dir='ltr'><strong>tendamus.</strong></span> 
     </span>
    </p>
   </div>
   <div class='ocr_carea' id='block_1_7' title="bbox 219 705 1826 782">
    <p class='ocr_par' dir='ltr' id='par_1_7' title="bbox 219 705 1826 782">
     <span class='ocr_line' id='line_1_7' title="bbox 219 705 1826 782; baseline 0.005 -22"><span class='ocrx_word' id='word_1_45' title='bbox 219 705 446 762; x_wconf 85' lang='lat' dir='ltr'><strong>Solutus</strong></span> <span class='ocrx_word' id='word_1_46' title='bbox 473 717 557 762; x_wconf 91' lang='lat' dir='ltr'><strong>est</strong></span> <span class='ocrx_word' id='word_1_47' title='bbox 590 708 737 763; x_wconf 90' lang='lat' dir='ltr'><strong>enim</strong></span> <span class='ocrx_word' id='word_1_48' title='bbox 768 709 1070 765; x_wconf 83' lang='lat' dir='ltr'><strong>secundum</strong></span> <span class='ocrx_word' id='word_1_49' title='bbox 1112 709 1452 767; x_wconf 89' lang='lat' dir='ltr'><strong>intellectum</strong></span> <span class='ocrx_word' id='word_1_50' title='bbox 1484 711 1826 782; x_wconf 82' lang='lat' dir='ltr'><strong>corporalem</strong></span> 
     </span>
    </p>
   </div>
   <div class='ocr_carea' id='block_1_8' title="bbox 217 797 1824 874">
    <p class='ocr_par' dir='ltr' id='par_1_8' title="bbox 217 797 1824 874">
     <span class='ocr_line' id='line_1_8' title="bbox 217 797 1824 874; baseline 0.002 -21"><span class='ocrx_word' id='word_1_51' title='bbox 217 797 314 853; x_wconf 89' lang='lat' dir='ltr'><strong>ille</strong></span> <span class='ocrx_word' id='word_1_52' title='bbox 357 799 534 870; x_wconf 89' lang='lat' dir='ltr'><strong>paries</strong></span> <span class='ocrx_word' id='word_1_53' title='bbox 561 799 764 856; x_wconf 88' lang='lat' dir='ltr'><strong>veteris</strong></span> <span class='ocrx_word' id='word_1_54' title='bbox 793 801 1130 857; x_wconf 86' lang='lat' dir='ltr'><strong>Testamenti</strong></span> <span class='ocrx_word' id='word_1_55' title='bbox 1173 819 1186 855; x_wconf 91' lang='lat'><strong>:</strong></span> <span class='ocrx_word' id='word_1_56' title='bbox 1217 805 1444 874; x_wconf 89' lang='lat' dir='ltr'><strong>expulsa</strong></span> <span class='ocrx_word' id='word_1_57' title='bbox 1476 811 1562 859; x_wconf 88' lang='lat' dir='ltr'><strong>est</strong></span> <span class='ocrx_word' id='word_1_58' title='bbox 1603 803 1824 871; x_wconf 85' lang='lat' dir='ltr'><strong>ancilla,</strong></span> 
     </span>
    </p>
   </div>
   <div class='ocr_carea' id='block_1_9' title="bbox 220 891 1830 961">
    <p class='ocr_par' dir='ltr' id='par_1_9' title="bbox 220 891 1830 961">
     <span class='ocr_line' id='line_1_9' title="bbox 220 891 1830 961; baseline 0.004 -15"><span class='ocrx_word' id='word_1_59' title='bbox 220 899 437 946; x_wconf 87' lang='lat' dir='ltr'><strong>tenetur</strong></span> <span class='ocrx_word' id='word_1_60' title='bbox 481 891 675 948; x_wconf 90' lang='lat' dir='ltr'><strong>libera.</strong></span> <span class='ocrx_word' id='word_1_61' title='bbox 722 893 800 948; x_wconf 85' lang='lat' dir='ltr'><strong>Ex</strong></span> <span class='ocrx_word' id='word_1_62' title='bbox 851 893 1026 950; x_wconf 87' lang='lat' dir='ltr'><strong>libera</strong></span> <span class='ocrx_word' id='word_1_63' title='bbox 1069 909 1257 950; x_wconf 87' lang='lat' dir='ltr'><strong>sumus</strong></span> <span class='ocrx_word' id='word_1_64' title='bbox 1297 895 1485 961; x_wconf 85' lang='lat' dir='ltr'><strong>liberi;</strong></span> <span class='ocrx_word' id='word_1_65' title='bbox 1529 895 1700 953; x_wconf 88' lang='lat' dir='ltr'><strong>libera</strong></span> <span class='ocrx_word' id='word_1_66' title='bbox 1745 905 1830 953; x_wconf 88' lang='lat' dir='ltr'><strong>est</strong></span> 
     </span>
    </p>
   </div>
   <div class='ocr_carea' id='block_1_10' title="bbox 217 983 1826 1058">
    <p class='ocr_par' dir='ltr' id='par_1_10' title="bbox 217 983 1826 1058">
     <span class='ocr_line' id='line_1_10' title="bbox 217 983 1826 1058; baseline 0.004 -22"><span class='ocrx_word' id='word_1_67' title='bbox 217 983 370 1038; x_wconf 89' lang='lat' dir='ltr'><strong>enim</strong></span> <span class='ocrx_word' id='word_1_68' title='bbox 393 983 656 1049; x_wconf 85' lang='lat' dir='ltr'><strong>Ecclesia,</strong></span> <span class='ocrx_word' id='word_1_69' title='bbox 682 984 906 1055; x_wconf 88' lang='lat' dir='ltr'><strong>expulsa</strong></span> <span class='ocrx_word' id='word_1_70' title='bbox 938 994 1021 1041; x_wconf 90' lang='lat' dir='ltr'><strong>est</strong></span> <span class='ocrx_word' id='word_1_71' title='bbox 1049 985 1354 1058; x_wconf 82' lang='lat' dir='ltr'><strong>Synagoga.</strong></span> <span class='ocrx_word' id='word_1_72' title='bbox 1381 986 1662 1042; x_wconf 89' lang='lat' dir='ltr'><strong>Serviebat</strong></span> <span class='ocrx_word' id='word_1_73' title='bbox 1681 987 1826 1042; x_wconf 90' lang='lat' dir='ltr'><strong>enim</strong></span> 
     </span>
    </p>
   </div>
   <div class='ocr_carea' id='block_1_11' title="bbox 219 1075 1826 1154">
    <p class='ocr_par' dir='ltr' id='par_1_11' title="bbox 219 1075 1826 1154">
     <span class='ocr_line' id='line_1_11' title="bbox 219 1075 1826 1154; baseline 0.006 -26"><span class='ocrx_word' id='word_1_74' title='bbox 219 1075 458 1147; x_wconf 86' lang='lat' dir='ltr'><strong>populus</strong></span> <span class='ocrx_word' id='word_1_75' title='bbox 485 1076 799 1134; x_wconf 69' lang='lat' dir='ltr'><strong>Judxeorum</strong></span> <span class='ocrx_word' id='word_1_76' title='bbox 828 1121 842 1146; x_wconf 96' lang='lat'><strong>,</strong></span> <span class='ocrx_word' id='word_1_77' title='bbox 872 1090 1141 1136; x_wconf 91' lang='lat' dir='ltr'><strong>remotum</strong></span> <span class='ocrx_word' id='word_1_78' title='bbox 1186 1090 1270 1136; x_wconf 92' lang='lat' dir='ltr'><strong>est</strong></span> <span class='ocrx_word' id='word_1_79' title='bbox 1298 1083 1579 1138; x_wconf 80' lang='lat' dir='ltr'><strong>servitutis</strong></span> <span class='ocrx_word' id='word_1_80' title='bbox 1612 1082 1826 1154; x_wconf 89' lang='lat' dir='ltr'><strong>jugum,</strong></span> 
     </span>
    </p>
   </div>
   <div class='ocr_carea' id='block_1_12' title="bbox 216 1171 1831 1245">
    <p class='ocr_par' dir='ltr' id='par_1_12' title="bbox 216 1171 1831 1245">
     <span class='ocr_line' id='line_1_12' title="bbox 216 1171 1831 1245; baseline 0.007 -25"><span class='ocrx_word' id='word_1_81' title='bbox 216 1171 371 1240; x_wconf 81' lang='lat' dir='ltr'><strong>quod</strong></span> <span class='ocrx_word' id='word_1_82' title='bbox 411 1179 613 1227; x_wconf 80' lang='lat' dir='ltr'><strong>nostra:</strong></span> <span class='ocrx_word' id='word_1_83' title='bbox 651 1173 846 1228; x_wconf 71' lang='lat' dir='ltr'><strong>anima:</strong></span> <span class='ocrx_word' id='word_1_84' title='bbox 885 1173 1132 1244; x_wconf 64' lang='lat' dir='ltr'><strong>quaedam</strong></span> <span class='ocrx_word' id='word_1_85' title='bbox 1176 1175 1315 1229; x_wconf 92' lang='lat' dir='ltr'><strong>colla</strong></span> <span class='ocrx_word' id='word_1_86' title='bbox 1359 1175 1729 1245; x_wconf 83' lang='lat' dir='ltr'><strong>reprimebat;</strong></span> <span class='ocrx_word' id='word_1_87' title='bbox 1761 1190 1831 1231; x_wconf 89' lang='lat' dir='ltr'><strong>ne</strong></span> 
     </span>
    </p>
   </div>
   <div class='ocr_carea' id='block_1_13' title="bbox 224 1264 1831 1338">
    <p class='ocr_par' dir='ltr' id='par_1_13' title="bbox 224 1264 1831 1338">
     <span class='ocr_line' id='line_1_13' title="bbox 224 1264 1831 1338; baseline 0.002 -20"><span class='ocrx_word' id='word_1_88' title='bbox 224 1264 369 1319; x_wconf 84' lang='lat' dir='ltr'><strong>ultra</strong></span> <span class='ocrx_word' id='word_1_89' title='bbox 404 1265 667 1336; x_wconf 86' lang='lat' dir='ltr'><strong>parietem</strong></span> <span class='ocrx_word' id='word_1_90' title='bbox 700 1267 823 1321; x_wconf 75' lang='lat' dir='ltr'><strong>vita:</strong></span> <span class='ocrx_word' id='word_1_91' title='bbox 854 1267 1052 1337; x_wconf 89' lang='lat' dir='ltr'><strong>prioris</strong></span> <span class='ocrx_word' id='word_1_92' title='bbox 1097 1281 1384 1337; x_wconf 89' lang='lat' dir='ltr'><strong>possemus</strong></span> <span class='ocrx_word' id='word_1_93' title='bbox 1410 1268 1678 1338; x_wconf 79' lang='lat' dir='ltr'><strong>aspicere.</strong></span> <span class='ocrx_word' id='word_1_94' title='bbox 1723 1267 1831 1322; x_wconf 88' lang='lat' dir='ltr'><strong>lla-</strong></span> 
     </span>
    </p>
   </div>
   <div class='ocr_carea' id='block_1_14' title="bbox 218 1358 1834 1431">
    <p class='ocr_par' dir='ltr' id='par_1_14' title="bbox 218 1358 1834 1431">
     <span class='ocr_line' id='line_1_14' title="bbox 218 1358 1834 1431; baseline 0.002 -18"><span class='ocrx_word' id='word_1_95' title='bbox 218 1358 420 1413; x_wconf 89' lang='lat' dir='ltr'><strong>bcmus</strong></span> <span class='ocrx_word' id='word_1_96' title='bbox 443 1359 632 1429; x_wconf 89' lang='lat' dir='ltr'><strong>jugutn</strong></span> <span class='ocrx_word' id='word_1_97' title='bbox 662 1359 863 1414; x_wconf 78' lang='lat' dir='ltr'><strong>bobutn</strong></span> <span class='ocrx_word' id='word_1_98' title='bbox 892 1375 956 1414; x_wconf 92' lang='lat' dir='ltr'><strong>ac</strong></span> <span class='ocrx_word' id='word_1_99' title='bbox 978 1360 1118 1425; x_wconf 90' lang='lat' dir='ltr'><strong>leve,</strong></span> <span class='ocrx_word' id='word_1_100' title='bbox 1147 1360 1293 1431; x_wconf 91' lang='lat' dir='ltr'><strong>quod</strong></span> <span class='ocrx_word' id='word_1_101' title='bbox 1324 1359 1551 1416; x_wconf 81' lang='lat' dir='ltr'><strong>habenis</strong></span> <span class='ocrx_word' id='word_1_102' title='bbox 1581 1360 1749 1431; x_wconf 88' lang='lat' dir='ltr'><strong>pacis,</strong></span> <span class='ocrx_word' id='word_1_103' title='bbox 1777 1369 1834 1417; x_wconf 89' lang='lat' dir='ltr'><strong>et</strong></span> 
     </span>
    </p>
   </div>
   <div class='ocr_carea' id='block_1_15' title="bbox 217 1451 1836 1525">
    <p class='ocr_par' dir='ltr' id='par_1_15' title="bbox 217 1451 1836 1525">
     <span class='ocr_line' id='line_1_15' title="bbox 217 1451 1836 1525; baseline 0.006 -24"><span class='ocrx_word' id='word_1_104' title='bbox 217 1451 416 1521; x_wconf 79' lang='lat' dir='ltr'><strong>gratia:</strong></span> <span class='ocrx_word' id='word_1_105' title='bbox 454 1451 686 1506; x_wconf 79' lang='lat' dir='ltr'><strong>vinculis</strong></span> <span class='ocrx_word' id='word_1_106' title='bbox 711 1453 881 1522; x_wconf 82' lang='lat' dir='ltr'><strong>magis</strong></span> <span class='ocrx_word' id='word_1_107' title='bbox 909 1452 1104 1523; x_wconf 81' lang='lat' dir='ltr'><strong>erigat,</strong></span> <span class='ocrx_word' id='word_1_108' title='bbox 1129 1469 1290 1524; x_wconf 89' lang='lat' dir='ltr'><strong>quam</strong></span> <span class='ocrx_word' id='word_1_109' title='bbox 1323 1454 1587 1524; x_wconf 87' lang='lat' dir='ltr'><strong>deprimat</strong></span> <span class='ocrx_word' id='word_1_110' title='bbox 1612 1455 1836 1525; x_wconf 89' lang='lat' dir='ltr'><strong>copula-</strong></span> 
     </span>
    </p>
   </div>
   <div class='ocr_carea' id='block_1_16' title="bbox 220 1542 1836 1617">
    <p class='ocr_par' dir='ltr' id='par_1_16' title="bbox 220 1542 1836 1617">
     <span class='ocr_line' id='line_1_16' title="bbox 220 1542 1836 1617; baseline 0.003 -19"><span class='ocrx_word' id='word_1_111' title='bbox 220 1551 335 1598; x_wconf 83' lang='lat' dir='ltr'><strong>tos.</strong></span> <span class='ocrx_word' id='word_1_112' title='bbox 368 1542 466 1598; x_wconf 84' lang='lat' dir='ltr'><strong>Hic</strong></span> <span class='ocrx_word' id='word_1_113' title='bbox 492 1553 574 1599; x_wconf 90' lang='lat' dir='ltr'><strong>est</strong></span> <span class='ocrx_word' id='word_1_114' title='bbox 605 1543 886 1609; x_wconf 88' lang='lat' dir='ltr'><strong>Dominus,</strong></span> <span class='ocrx_word' id='word_1_115' title='bbox 917 1546 1072 1615; x_wconf 74' lang='lat' dir='ltr'><strong>cujus</strong></span> <span class='ocrx_word' id='word_1_116' title='bbox 1104 1546 1157 1600; x_wconf 91' lang='lat' dir='ltr'><strong>in</strong></span> <span class='ocrx_word' id='word_1_117' title='bbox 1187 1546 1321 1600; x_wconf 71' lang='grc' dir='ltr'><strong>Ζειιά</strong></span> <span class='ocrx_word' id='word_1_118' title='bbox 1352 1556 1513 1617; x_wconf 85' lang='lat' dir='ltr'><strong>typus</strong></span> <span class='ocrx_word' id='word_1_119' title='bbox 1543 1556 1668 1602; x_wconf 84' lang='lat' dir='ltr'><strong>ante</strong></span> <span class='ocrx_word' id='word_1_120' title='bbox 1699 1563 1836 1616; x_wconf 79' lang='lat' dir='ltr'><strong>pra:-</strong></span> 
     </span>
    </p>
   </div>
   <div class='ocr_carea' id='block_1_17' title="bbox 221 1639 1836 1710">
    <p class='ocr_par' dir='ltr' id='par_1_17' title="bbox 221 1639 1836 1710">
     <span class='ocr_line' id='line_1_17' title="bbox 221 1639 1836 1710; baseline 0.002 -16"><span class='ocrx_word' id='word_1_121' title='bbox 221 1639 434 1705; x_wconf 87' lang='lat' dir='ltr'><strong>cessit;</strong></span> <span class='ocrx_word' id='word_1_122' title='bbox 463 1653 528 1694; x_wconf 92' lang='lat' dir='ltr'><strong>eo</strong></span> <span class='ocrx_word' id='word_1_123' title='bbox 569 1639 713 1710; x_wconf 87' lang='lat' dir='ltr'><strong>quod</strong></span> <span class='ocrx_word' id='word_1_124' title='bbox 747 1655 815 1696; x_wconf 88' lang='lat' dir='ltr'><strong>ex</strong></span> <span class='ocrx_word' id='word_1_125' title='bbox 859 1639 998 1694; x_wconf 91' lang='lat' dir='ltr'><strong>tribu</strong></span> <span class='ocrx_word' id='word_1_126' title='bbox 1041 1649 1096 1696; x_wconf 91' lang='lat' dir='ltr'><strong>ct</strong></span> <span class='ocrx_word' id='word_1_127' title='bbox 1134 1655 1203 1695; x_wconf 89' lang='lat' dir='ltr'><strong>ex</strong></span> <span class='ocrx_word' id='word_1_128' title='bbox 1249 1640 1459 1696; x_wconf 89' lang='lat' dir='ltr'><strong>semine</strong></span> <span class='ocrx_word' id='word_1_129' title='bbox 1507 1639 1652 1696; x_wconf 89' lang='lat' dir='ltr'><strong>illius</strong></span> <span class='ocrx_word' id='word_1_130' title='bbox 1681 1639 1836 1698; x_wconf 66' lang='lat' dir='ltr'><strong>Zarat</strong></span> 
     </span>
    </p>
   </div>
   <div class='ocr_carea' id='block_1_18' title="bbox 226 1731 1836 1790">
    <p class='ocr_par' dir='ltr' id='par_1_18' title="bbox 226 1731 1836 1790">
     <span class='ocr_line' id='line_1_18' title="bbox 226 1731 1836 1790; baseline 0.001 -2"><span class='ocrx_word' id='word_1_131' title='bbox 226 1732 494 1788; x_wconf 83' lang='lat' dir='ltr'><strong>Dominus</strong></span> <span class='ocrx_word' id='word_1_132' title='bbox 519 1731 679 1790; x_wconf 78' lang='lat' dir='ltr'><strong>Jesus</strong></span> <span class='ocrx_word' id='word_1_133' title='bbox 722 1733 1024 1789; x_wconf 88' lang='lat' dir='ltr'><strong>secundum</strong></span> <span class='ocrx_word' id='word_1_134' title='bbox 1065 1748 1286 1788; x_wconf 89' lang='lat' dir='ltr'><strong>carnem</strong></span> <span class='ocrx_word' id='word_1_135' title='bbox 1317 1748 1426 1789; x_wconf 93' lang='lat' dir='ltr'><strong>non</strong></span> <span class='ocrx_word' id='word_1_136' title='bbox 1466 1733 1642 1789; x_wconf 92' lang='lat' dir='ltr'><strong>solum</strong></span> <span class='ocrx_word' id='word_1_137' title='bbox 1684 1750 1715 1788; x_wconf 89' lang='lat' dir='ltr'><strong>a</strong></span> <span class='ocrx_word' id='word_1_138' title='bbox 1756 1733 1836 1790; x_wconf 89' lang='lat' dir='ltr'><strong>fe-</strong></span> 
     </span>
    </p>
   </div>
   <div class='ocr_carea' id='block_1_19' title="bbox 224 1828 1836 1900">
    <p class='ocr_par' dir='ltr' id='par_1_19' title="bbox 224 1828 1836 1900">
     <span class='ocr_line' id='line_1_19' title="bbox 224 1828 1836 1900; baseline -0.001 -16"><span class='ocrx_word' id='word_1_139' title='bbox 224 1833 397 1895; x_wconf 80' lang='lat' dir='ltr'><strong>mina,</strong></span> <span class='ocrx_word' id='word_1_140' title='bbox 424 1828 517 1884; x_wconf 90' lang='lat' dir='ltr'><strong>sed</strong></span> <span class='ocrx_word' id='word_1_141' title='bbox 543 1829 706 1884; x_wconf 88' lang='lat' dir='ltr'><strong>etiam</strong></span> <span class='ocrx_word' id='word_1_142' title='bbox 738 1829 840 1884; x_wconf 85' lang='lat' dir='ltr'><strong>sub</strong></span> <span class='ocrx_word' id='word_1_143' title='bbox 870 1828 1014 1899; x_wconf 81' lang='lat' dir='ltr'><strong>Lege</strong></span> <span class='ocrx_word' id='word_1_144' title='bbox 1044 1836 1336 1899; x_wconf 85' lang='lat' dir='ltr'><strong>generatus</strong></span> <span class='ocrx_word' id='word_1_145' title='bbox 1369 1838 1454 1885; x_wconf 93' lang='lat' dir='ltr'><strong>est</strong></span> <span class='ocrx_word' id='word_1_146' title='bbox 1479 1846 1494 1897; x_wconf 95' lang='lat'><strong>;</strong></span> <span class='ocrx_word' id='word_1_147' title='bbox 1525 1839 1582 1883; x_wconf 92' lang='lat' dir='ltr'><strong>ut</strong></span> <span class='ocrx_word' id='word_1_148' title='bbox 1621 1843 1718 1885; x_wconf 89' lang='lat' dir='ltr'><strong>eos</strong></span> <span class='ocrx_word' id='word_1_149' title='bbox 1743 1828 1836 1900; x_wconf 89' lang='lat' dir='ltr'><strong>qui</strong></span> 
     </span>
    </p>
   </div>
   <div class='ocr_carea' id='block_1_20' title="bbox 223 1923 1837 1996">
    <p class='ocr_par' dir='ltr' id='par_1_20' title="bbox 223 1923 1837 1996">
     <span class='ocr_line' id='line_1_20' title="bbox 223 1923 1837 1996; baseline -0.002 -14"><span class='ocrx_word' id='word_1_150' title='bbox 223 1927 328 1982; x_wconf 84' lang='lat' dir='ltr'><strong>sub</strong></span> <span class='ocrx_word' id='word_1_151' title='bbox 365 1924 508 1996; x_wconf 92' lang='lat' dir='ltr'><strong>Lege</strong></span> <span class='ocrx_word' id='word_1_152' title='bbox 547 1933 737 1992; x_wconf 87' lang='lat' dir='ltr'><strong>erant,</strong></span> <span class='ocrx_word' id='word_1_153' title='bbox 767 1924 1059 1980; x_wconf 89' lang='lat' dir='ltr'><strong>redimeret</strong></span> <span class='ocrx_word' id='word_1_154' title='bbox 1085 1926 1260 1993; x_wconf 92' lang='lat' dir='ltr'><strong>pretio</strong></span> <span class='ocrx_word' id='word_1_155' title='bbox 1289 1924 1569 1995; x_wconf 90' lang='lat' dir='ltr'><strong>sanguinis</strong></span> <span class='ocrx_word' id='word_1_156' title='bbox 1595 1923 1703 1980; x_wconf 91' lang='lat' dir='ltr'><strong>sui.</strong></span> <span class='ocrx_word' id='word_1_157' title='bbox 1728 1923 1837 1979; x_wconf 85' lang='lat' dir='ltr'><strong>Cu-</strong></span> 
     </span>
    </p>
   </div>
   <div class='ocr_carea' id='block_1_21' title="bbox 217 2016 1846 2090">
    <p class='ocr_par' dir='ltr' id='par_1_21' title="bbox 217 2016 1846 2090">
     <span class='ocr_line' id='line_1_21' title="bbox 217 2016 1846 2090; baseline -0.001 -16"><span class='ocrx_word' id='word_1_158' title='bbox 217 2018 314 2090; x_wconf 86' lang='lat' dir='ltr'><strong>jus</strong></span> <span class='ocrx_word' id='word_1_159' title='bbox 359 2018 527 2090; x_wconf 88' lang='lat' dir='ltr'><strong>ﬁgura</strong></span> <span class='ocrx_word' id='word_1_160' title='bbox 570 2017 693 2074; x_wconf 90' lang='lat' dir='ltr'><strong>ideo</strong></span> <span class='ocrx_word' id='word_1_161' title='bbox 731 2017 786 2073; x_wconf 90' lang='lat' dir='ltr'><strong>in</strong></span> <span class='ocrx_word' id='word_1_162' title='bbox 837 2034 1002 2074; x_wconf 88' lang='lat' dir='ltr'><strong>manu</strong></span> <span class='ocrx_word' id='word_1_163' title='bbox 1048 2018 1193 2073; x_wconf 91' lang='lat' dir='ltr'><strong>illius</strong></span> <span class='ocrx_word' id='word_1_164' title='bbox 1233 2016 1384 2073; x_wconf 61' lang='lat' dir='ltr'><strong>Zarat</strong></span> <span class='ocrx_word' id='word_1_165' title='bbox 1436 2017 1756 2088; x_wconf 80' lang='lat' dir='ltr'><strong>praecessit;</strong></span> <span class='ocrx_word' id='word_1_166' title='bbox 1787 2027 1846 2072; x_wconf 89' lang='lat' dir='ltr'><strong>ut</strong></span> 
     </span>
    </p>
   </div>
   <div class='ocr_carea' id='block_1_22' title="bbox 223 2108 1844 2182">
    <p class='ocr_par' dir='ltr' id='par_1_22' title="bbox 223 2108 1844 2182">
     <span class='ocr_line' id='line_1_22' title="bbox 223 2108 1844 2182; baseline 0.002 -21"><span class='ocrx_word' id='word_1_167' title='bbox 223 2110 576 2182; x_wconf 81' lang='lat' dir='ltr'><strong>promitteret</strong></span> <span class='ocrx_word' id='word_1_168' title='bbox 594 2110 751 2165; x_wconf 91' lang='lat' dir='ltr'><strong>nobis</strong></span> <span class='ocrx_word' id='word_1_169' title='bbox 775 2110 900 2181; x_wconf 88' lang='lat' dir='ltr'><strong>quia</strong></span> <span class='ocrx_word' id='word_1_170' title='bbox 924 2119 1181 2165; x_wconf 89' lang='lat' dir='ltr'><strong>venturus</strong></span> <span class='ocrx_word' id='word_1_171' title='bbox 1203 2114 1355 2175; x_wconf 68' lang='lat' dir='ltr'><strong>erat“,</strong></span> <span class='ocrx_word' id='word_1_172' title='bbox 1381 2108 1474 2180; x_wconf 87' lang='lat' dir='ltr'><strong>qui</strong></span> <span class='ocrx_word' id='word_1_173' title='bbox 1499 2109 1695 2164; x_wconf 84' lang='lat' dir='ltr'><strong>veteris</strong></span> <span class='ocrx_word' id='word_1_174' title='bbox 1720 2109 1844 2164; x_wconf 67' lang='lat' dir='ltr'><strong>vitae</strong></span> 
     </span>
    </p>
   </div>
   <div class='ocr_carea' id='block_1_23' title="bbox 218 2203 1844 2275">
    <p class='ocr_par' dir='ltr' id='par_1_23' title="bbox 218 2203 1844 2275">
     <span class='ocr_line' id='line_1_23' title="bbox 218 2203 1844 2275; baseline -0.001 -15"><span class='ocrx_word' id='word_1_175' title='bbox 218 2214 524 2260; x_wconf 74' lang='lat' dir='ltr'><strong>revocaret</strong></span> <span class='ocrx_word' id='word_1_176' title='bbox 557 2218 736 2271; x_wconf 86' lang='lat' dir='ltr'><strong>usum,</strong></span> <span class='ocrx_word' id='word_1_177' title='bbox 766 2214 820 2260; x_wconf 89' lang='lat' dir='ltr'><strong>et</strong></span> <span class='ocrx_word' id='word_1_178' title='bbox 848 2203 973 2260; x_wconf 89' lang='lat' dir='ltr'><strong>libet</strong></span> <span class='ocrx_word' id='word_1_179' title='bbox 991 2211 1155 2258; x_wconf 74' lang='lat' dir='ltr'><strong>tatem</strong></span> <span class='ocrx_word' id='word_1_180' title='bbox 1187 2219 1350 2275; x_wconf 89' lang='lat' dir='ltr'><strong>quam</strong></span> <span class='ocrx_word' id='word_1_181' title='bbox 1381 2203 1640 2259; x_wconf 88' lang='lat' dir='ltr'><strong>tribuerat</strong></span> <span class='ocrx_word' id='word_1_182' title='bbox 1667 2209 1844 2272; x_wconf 86' lang='lat' dir='ltr'><strong>primo</strong></span> 
     </span>
    </p>
   </div>
   <div class='ocr_carea' id='block_1_24' title="bbox 220 2295 1846 2367">
    <p class='ocr_par' dir='ltr' id='par_1_24' title="bbox 220 2295 1846 2367">
     <span class='ocr_line' id='line_1_24' title="bbox 220 2295 1846 2367; baseline -0.002 -13"><span class='ocrx_word' id='word_1_183' title='bbox 220 2297 303 2354; x_wconf 91' lang='lat' dir='ltr'><strong>illi</strong></span> <span class='ocrx_word' id='word_1_184' title='bbox 332 2297 488 2363; x_wconf 64' lang='lat' dir='ltr'><strong>Adit,</strong></span> <span class='ocrx_word' id='word_1_185' title='bbox 517 2295 571 2351; x_wconf 90' lang='lat' dir='ltr'><strong>itt</strong></span> <span class='ocrx_word' id='word_1_186' title='bbox 603 2295 775 2352; x_wconf 77' lang='lat' dir='ltr'><strong>Adam</strong></span> <span class='ocrx_word' id='word_1_187' title='bbox 805 2297 1105 2352; x_wconf 89' lang='lat' dir='ltr'><strong>novissimo</strong></span> <span class='ocrx_word' id='word_1_188' title='bbox 1133 2295 1499 2362; x_wconf 87' lang='lat' dir='ltr'><strong>refortnaret;</strong></span> <span class='ocrx_word' id='word_1_189' title='bbox 1535 2304 1592 2351; x_wconf 92' lang='lat' dir='ltr'><strong>ut</strong></span> <span class='ocrx_word' id='word_1_190' title='bbox 1615 2295 1726 2366; x_wconf 81' lang='lat' dir='ltr'><strong>jam</strong></span> <span class='ocrx_word' id='word_1_191' title='bbox 1751 2310 1846 2367; x_wconf 86' lang='lat' dir='ltr'><strong>ge-</strong></span> 
     </span>
    </p>
   </div>
   <div class='ocr_carea' id='block_1_25' title="bbox 221 2387 1360 2460">
    <p class='ocr_par' dir='ltr' id='par_1_25' title="bbox 221 2387 1360 2460">
     <span class='ocr_line' id='line_1_25' title="bbox 221 2387 1360 2460; baseline -0.003 -15"><span class='ocrx_word' id='word_1_192' title='bbox 221 2405 335 2445; x_wconf 71' lang='lat' dir='ltr'><strong>nus</strong></span> <span class='ocrx_word' id='word_1_193' title='bbox 368 2389 650 2444; x_wconf 82' lang='lat' dir='ltr'><strong>hominum</strong></span> <span class='ocrx_word' id='word_1_194' title='bbox 679 2387 798 2444; x_wconf 90' lang='lat' dir='ltr'><strong>sine</strong></span> <span class='ocrx_word' id='word_1_195' title='bbox 829 2389 946 2460; x_wconf 80' lang='lat' dir='ltr'><strong>lege</strong></span> <span class='ocrx_word' id='word_1_196' title='bbox 970 2388 1042 2443; x_wconf 91' lang='lat' dir='ltr'><strong>sit</strong></span> <span class='ocrx_word' id='word_1_197' title='bbox 1064 2389 1360 2444; x_wconf 76' lang='lat' dir='ltr'><strong>servitutis.</strong></span> 
     </span>
    </p>
   </div>
   <div class='ocr_carea' id='block_1_26' title="bbox 302 2482 1847 2556">
    <p class='ocr_par' dir='ltr' id='par_1_26' title="bbox 302 2482 1847 2556">
     <span class='ocr_line' id='line_1_26' title="bbox 302 2482 1847 2556; baseline -0.002 -18"><span class='ocrx_word' id='word_1_198' title='bbox 302 2485 400 2539; x_wconf 79' lang='grc'><strong>50.</strong></span> <span class='ocrx_word' id='word_1_199' title='bbox 437 2493 463 2521; x_wconf 74' lang='grc' dir='ltr'>ει</span> <span class='ocrx_word' id='word_1_200' title='bbox 491 2483 546 2540; x_wconf 89' lang='lat' dir='ltr'><strong>Si</strong></span> <span class='ocrx_word' id='word_1_201' title='bbox 593 2483 758 2556; x_wconf 79' lang='lat' dir='ltr'><strong>igitur</strong></span> <span class='ocrx_word' id='word_1_202' title='bbox 784 2483 1024 2538; x_wconf 79' lang='lat' dir='ltr'><strong>Thamar</strong></span> <span class='ocrx_word' id='word_1_203' title='bbox 1063 2482 1416 2554; x_wconf 87' lang='lat' dir='ltr'><strong>cognovimus</strong></span> <span class='ocrx_word' id='word_1_204' title='bbox 1457 2491 1686 2554; x_wconf 81' lang='lat' dir='ltr'><strong>prOptcr</strong></span> <span class='ocrx_word' id='word_1_205' title='bbox 1731 2496 1847 2553; x_wconf 79' lang='lat' dir='ltr'><strong>my-</strong></span> 
     </span>
    </p>
   </div>
   <div class='ocr_carea' id='block_1_27' title="bbox 219 2577 1846 2648">
    <p class='ocr_par' dir='ltr' id='par_1_27' title="bbox 219 2577 1846 2648">
     <span class='ocr_line' id='line_1_27' title="bbox 219 2577 1846 2648; baseline -0.001 -16"><span class='ocrx_word' id='word_1_206' title='bbox 219 2579 462 2634; x_wconf 74' lang='lat' dir='ltr'><strong>sterium</strong></span> <span class='ocrx_word' id='word_1_207' title='bbox 506 2578 647 2634; x_wconf 89' lang='lat' dir='ltr'><strong>inter</strong></span> <span class='ocrx_word' id='word_1_208' title='bbox 683 2578 998 2634; x_wconf 75' lang='lat' dir='ltr'><strong>llominicas</strong></span> <span class='ocrx_word' id='word_1_209' title='bbox 1043 2578 1428 2648; x_wconf 84' lang='lat' dir='ltr'><strong>generationes</strong></span> <span class='ocrx_word' id='word_1_210' title='bbox 1473 2591 1596 2632; x_wconf 90' lang='lat' dir='ltr'><strong>esse</strong></span> <span class='ocrx_word' id='word_1_211' title='bbox 1635 2577 1846 2632; x_wconf 86' lang='lat' dir='ltr'><strong>descri-</strong></span> 
     </span>
    </p>
   </div>
   <div class='ocr_carea' id='block_1_28' title="bbox 222 2668 1849 2742">
    <p class='ocr_par' dir='ltr' id='par_1_28' title="bbox 222 2668 1849 2742">
     <span class='ocr_line' id='line_1_28' title="bbox 222 2668 1849 2742; baseline -0.001 -16"><span class='ocrx_word' id='word_1_212' title='bbox 222 2681 384 2742; x_wconf 86' lang='lat' dir='ltr'><strong>ptam</strong></span> <span class='ocrx_word' id='word_1_213' title='bbox 413 2686 428 2721; x_wconf 90' lang='lat'><strong>:</strong></span> <span class='ocrx_word' id='word_1_214' title='bbox 459 2669 602 2725; x_wconf 81' lang='lat' dir='ltr'><strong>Rutb</strong></span> <span class='ocrx_word' id='word_1_215' title='bbox 624 2685 840 2741; x_wconf 87' lang='lat' dir='ltr'><strong>quoque</strong></span> <span class='ocrx_word' id='word_1_216' title='bbox 862 2671 982 2726; x_wconf 89' lang='lat' dir='ltr'><strong>sine</strong></span> <span class='ocrx_word' id='word_1_217' title='bbox 1018 2670 1185 2724; x_wconf 90' lang='lat' dir='ltr'><strong>dubio</strong></span> <span class='ocrx_word' id='word_1_218' title='bbox 1219 2671 1333 2738; x_wconf 89' lang='lat' dir='ltr'><strong>pari</strong></span> <span class='ocrx_word' id='word_1_219' title='bbox 1379 2668 1593 2726; x_wconf 87' lang='lat' dir='ltr'><strong>ratione</strong></span> <span class='ocrx_word' id='word_1_220' title='bbox 1621 2670 1849 2724; x_wconf 89' lang='lat' dir='ltr'><strong>minime</strong></span> 
     </span>
    </p>
   </div>
   <div class='ocr_carea' id='block_1_29' title="bbox 219 2761 1850 2835">
    <p class='ocr_par' dir='ltr' id='par_1_29' title="bbox 219 2761 1850 2835">
     <span class='ocr_line' id='line_1_29' title="bbox 219 2761 1850 2835; baseline 0.002 -18"><span class='ocrx_word' id='word_1_221' title='bbox 219 2761 664 2835; x_wconf 65' lang='lat' dir='ltr'><strong>praetermissam</strong></span> <span class='ocrx_word' id='word_1_222' title='bbox 706 2763 982 2818; x_wconf 72' lang='lat' dir='ltr'><strong>mstimare</strong></span> <span class='ocrx_word' id='word_1_223' title='bbox 1018 2763 1280 2820; x_wconf 92' lang='lat' dir='ltr'><strong>debemus</strong></span> <span class='ocrx_word' id='word_1_224' title='bbox 1311 2781 1324 2817; x_wconf 89' lang='lat'>:</span> <span class='ocrx_word' id='word_1_225' title='bbox 1354 2763 1424 2819; x_wconf 90' lang='lat' dir='ltr'><strong>de</strong></span> <span class='ocrx_word' id='word_1_226' title='bbox 1470 2780 1574 2834; x_wconf 90' lang='lat' dir='ltr'><strong>qua</strong></span> <span class='ocrx_word' id='word_1_227' title='bbox 1611 2766 1850 2820; x_wconf 88' lang='lat' dir='ltr'><strong>sensisse</strong></span> 
     </span>
    </p>
   </div>
   <div class='ocr_carea' id='block_1_30' title="bbox 218 2855 1852 2929">
    <p class='ocr_par' dir='ltr' id='par_1_30' title="bbox 218 2855 1852 2929">
     <span class='ocr_line' id='line_1_30' title="bbox 218 2855 1852 2929; baseline 0 -19"><span class='ocrx_word' id='word_1_228' title='bbox 218 2857 454 2914; x_wconf 72' lang='lat' dir='ltr'><strong>videtur</strong></span> <span class='ocrx_word' id='word_1_229' title='bbox 481 2857 779 2929; x_wconf 72' lang='lat' dir='ltr'><strong>Apostolus</strong></span> <span class='ocrx_word' id='word_1_230' title='bbox 805 2868 1050 2924; x_wconf 87' lang='lat' dir='ltr'><strong>sanctus,</strong></span> <span class='ocrx_word' id='word_1_231' title='bbox 1085 2871 1208 2912; x_wconf 91' lang='lat' dir='ltr'><strong>cum</strong></span> <span class='ocrx_word' id='word_1_232' title='bbox 1232 2855 1656 2928; x_wconf 82' lang='lat' dir='ltr'><strong>alienigenarum</strong></span> <span class='ocrx_word' id='word_1_233' title='bbox 1690 2870 1852 2918; x_wconf 82' lang='lat' dir='ltr'><strong>voca-</strong></span> 
     </span>
    </p>
   </div>
   <div class='ocr_carea' id='block_1_31' title="bbox 220 2949 1848 3022">
    <p class='ocr_par' dir='ltr' id='par_1_31' title="bbox 220 2949 1848 3022">
     <span class='ocr_line' id='line_1_31' title="bbox 220 2949 1848 3022; baseline -0.003 -14"><span class='ocrx_word' id='word_1_234' title='bbox 220 2952 445 3008; x_wconf 80' lang='lat' dir='ltr'><strong>tionem</strong></span> <span class='ocrx_word' id='word_1_235' title='bbox 480 2952 719 3021; x_wconf 86' lang='lat' dir='ltr'><strong>gentium</strong></span> <span class='ocrx_word' id='word_1_236' title='bbox 756 2950 953 3022; x_wconf 89' lang='lat' dir='ltr'><strong>spiritu</strong></span> <span class='ocrx_word' id='word_1_237' title='bbox 993 2949 1316 3021; x_wconf 75' lang='lat' dir='ltr'><strong>pra2videret</strong></span> <span class='ocrx_word' id='word_1_238' title='bbox 1364 2964 1461 3020; x_wconf 89' lang='lat' dir='ltr'><strong>per</strong></span> <span class='ocrx_word' id='word_1_239' title='bbox 1498 2949 1848 3021; x_wconf 87' lang='lat' dir='ltr'><strong>Evangelium</strong></span> 
     </span>
    </p>
   </div>
   <div class='ocr_carea' id='block_1_32' title="bbox 220 3041 1852 3114">
    <p class='ocr_par' dir='ltr' id='par_1_32' title="bbox 220 3041 1852 3114">
     <span class='ocr_line' id='line_1_32' title="bbox 220 3041 1852 3114; baseline -0.002 -13"><span class='ocrx_word' id='word_1_240' title='bbox 220 3059 356 3101; x_wconf 84' lang='lat' dir='ltr'><strong>esse</strong></span> <span class='ocrx_word' id='word_1_241' title='bbox 405 3042 809 3108; x_wconf 86' lang='lat' dir='ltr'><strong>celebrandum,</strong></span> <span class='ocrx_word' id='word_1_242' title='bbox 849 3043 1037 3099; x_wconf 89' lang='lat' dir='ltr'><strong>dicens</strong></span> <span class='ocrx_word' id='word_1_243' title='bbox 1079 3043 1223 3114; x_wconf 88' lang='lat' dir='ltr'><strong>quod</strong></span> <span class='ocrx_word' id='word_1_244' title='bbox 1274 3041 1383 3098; x_wconf 91' lang='lat' dir='ltr'><strong>Lex</strong></span> <span class='ocrx_word' id='word_1_245' title='bbox 1426 3059 1534 3098; x_wconf 92' lang='lat' dir='ltr'><strong>non</strong></span> <span class='ocrx_word' id='word_1_246' title='bbox 1580 3044 1651 3098; x_wconf 91' lang='lat' dir='ltr'><strong>sit</strong></span> <span class='ocrx_word' id='word_1_247' title='bbox 1691 3042 1852 3112; x_wconf 89' lang='lat' dir='ltr'><strong>justis</strong></span> 
     </span>
    </p>
   </div>
   <div class='ocr_carea' id='block_1_33' title="bbox 223 3135 1851 3209">
    <p class='ocr_par' dir='ltr' id='par_1_33' title="bbox 223 3135 1851 3209">
     <span class='ocr_line' id='line_1_33' title="bbox 223 3135 1851 3209; baseline -0.001 -18"><span class='ocrx_word' id='word_1_248' title='bbox 223 3137 444 3209; x_wconf 80' lang='lat' dir='ltr'><strong>posita,</strong></span> <span class='ocrx_word' id='word_1_249' title='bbox 494 3136 586 3193; x_wconf 87' lang='lat' dir='ltr'><strong>sed</strong></span> <span class='ocrx_word' id='word_1_250' title='bbox 639 3137 854 3208; x_wconf 83' lang='lat' dir='ltr'><strong>injustis</strong></span> <span class='ocrx_word' id='word_1_251' title='bbox 883 3135 925 3209; x_wconf 91' lang='grc' dir='ltr'><strong>(Ι</strong></span> <span class='ocrx_word' id='word_1_252' title='bbox 973 3135 1110 3192; x_wconf 86' lang='lat' dir='ltr'><strong>Tim.</strong></span> <span class='ocrx_word' id='word_1_253' title='bbox 1159 3153 1194 3202; x_wconf 91' lang='grc' dir='ltr'>ι,</span> <span class='ocrx_word' id='word_1_254' title='bbox 1243 3135 1320 3208; x_wconf 83' lang='grc'>9).</span> <span class='ocrx_word' id='word_1_255' title='bbox 1380 3135 1666 3206; x_wconf 87' lang='lat' dir='ltr'><strong>Quomodo</strong></span> <span class='ocrx_word' id='word_1_256' title='bbox 1705 3136 1851 3191; x_wconf 90' lang='lat' dir='ltr'><strong>enim</strong></span> 
     </span>
    </p>
   </div>
   <div class='ocr_carea' id='block_1_34' title="bbox 1927 529 3531 605">
    <p class='ocr_par' dir='ltr' id='par_1_34' title="bbox 1927 529 3531 605">
     <span class='ocr_line' id='line_1_34' title="bbox 1927 529 3531 605; baseline 0.009 -24"><span class='ocrx_word' id='word_1_257' title='bbox 1927 529 2049 598; x_wconf 82' lang='lat' dir='ltr'><strong>quia</strong></span> <span class='ocrx_word' id='word_1_258' title='bbox 2079 529 2192 584; x_wconf 60' lang='lat' dir='ltr'><strong>haec</strong></span> <span class='ocrx_word' id='word_1_259' title='bbox 2230 530 2472 585; x_wconf 87' lang='lat' dir='ltr'><strong>moribus</strong></span> <span class='ocrx_word' id='word_1_260' title='bbox 2501 531 2640 588; x_wconf 88' lang='lat' dir='ltr'><strong>hanc</strong></span> <span class='ocrx_word' id='word_1_261' title='bbox 2685 537 3092 605; x_wconf 72' lang='lat' dir='ltr'><strong>prterogativam</strong></span> <span class='ocrx_word' id='word_1_262' title='bbox 3129 540 3328 595; x_wconf 83' lang='lat' dir='ltr'><strong>meruit</strong></span> <span class='ocrx_word' id='word_1_263' title='bbox 3354 540 3531 595; x_wconf 78' lang='lat' dir='ltr'><strong>adsci-</strong></span> 
     </span>
    </p>
   </div>
   <div class='ocr_carea' id='block_1_35' title="bbox 1929 620 3532 704">
    <p class='ocr_par' dir='ltr' id='par_1_35' title="bbox 1929 620 3532 704">
     <span class='ocr_line' id='line_1_35' title="bbox 1929 620 3532 704; baseline 0.009 -31"><span class='ocrx_word' id='word_1_264' title='bbox 1929 620 2142 675; x_wconf 60' lang='lat' dir='ltr'><strong>swndaa</strong></span> <span class='ocrx_word' id='word_1_265' title='bbox 2156 622 2438 677; x_wconf 87' lang='lat' dir='ltr'><strong>societatis</strong></span> <span class='ocrx_word' id='word_1_266' title='bbox 2455 639 2588 691; x_wconf 71' lang='lat' dir='ltr'><strong>sum,</strong></span> <span class='ocrx_word' id='word_1_267' title='bbox 2618 625 2761 681; x_wconf 88' lang='lat' dir='ltr'><strong>sicut</strong></span> <span class='ocrx_word' id='word_1_268' title='bbox 2787 625 3011 685; x_wconf 84' lang='lat' dir='ltr'><strong>historia</strong></span> <span class='ocrx_word' id='word_1_269' title='bbox 3037 630 3198 687; x_wconf 86' lang='lat' dir='ltr'><strong>docet</strong></span> <span class='ocrx_word' id='word_1_270' title='bbox 3225 649 3238 685; x_wconf 91' lang='lat'><strong>:</strong></span> <span class='ocrx_word' id='word_1_271' title='bbox 3271 647 3370 688; x_wconf 91' lang='lat' dir='ltr'><strong>nos</strong></span> <span class='ocrx_word' id='word_1_272' title='bbox 3396 647 3532 704; x_wconf 83' lang='lat' dir='ltr'><strong>quo-</strong></span> 
     </span>
    </p>
   </div>
   <div class='ocr_carea' id='block_1_36' title="bbox 1928 717 3534 786">
    <p class='ocr_par' dir='ltr' id='par_1_36' title="bbox 1928 717 3534 786">
     <span class='ocr_line' id='line_1_36' title="bbox 1928 717 3534 786; baseline 0.009 -19"><span class='ocrx_word' id='word_1_273' title='bbox 1928 728 2032 784; x_wconf 91' lang='lat' dir='ltr'><strong>que</strong></span> <span class='ocrx_word' id='word_1_274' title='bbox 2076 725 2299 786; x_wconf 83' lang='lat' dir='ltr'><strong>prOptcr</strong></span> <span class='ocrx_word' id='word_1_275' title='bbox 2349 732 2561 772; x_wconf 88' lang='lat' dir='ltr'><strong>morum</strong></span> <span class='ocrx_word' id='word_1_276' title='bbox 2609 717 2934 776; x_wconf 90' lang='lat' dir='ltr'><strong>electionem</strong></span> <span class='ocrx_word' id='word_1_277' title='bbox 2985 721 3038 777; x_wconf 90' lang='lat' dir='ltr'><strong>in</strong></span> <span class='ocrx_word' id='word_1_278' title='bbox 3088 723 3387 780; x_wconf 82' lang='lat' dir='ltr'><strong>Ecclesium</strong></span> <span class='ocrx_word' id='word_1_279' title='bbox 3428 723 3534 781; x_wconf 83' lang='lat' dir='ltr'><strong>Do-</strong></span> 
     </span>
    </p>
   </div>
   <div class='ocr_carea' id='block_1_37' title="bbox 1928 807 3144 884">
    <p class='ocr_par' dir='ltr' id='par_1_37' title="bbox 1928 807 3144 884">
     <span class='ocr_line' id='line_1_37' title="bbox 1928 807 3144 884; baseline 0.007 -23"><span class='ocrx_word' id='word_1_280' title='bbox 1928 807 2084 874; x_wconf 88' lang='lat' dir='ltr'><strong>mini,</strong></span> <span class='ocrx_word' id='word_1_281' title='bbox 2115 807 2323 862; x_wconf 87' lang='lat' dir='ltr'><strong>meritis</strong></span> <span class='ocrx_word' id='word_1_282' title='bbox 2350 807 2795 880; x_wconf 71' lang='lat' dir='ltr'><strong>suffragantibus,</strong></span> <span class='ocrx_word' id='word_1_283' title='bbox 2824 812 3144 884; x_wconf 86' lang='lat' dir='ltr'><strong>allegemur.</strong></span> 
     </span>
    </p>
   </div>
   <div class='ocr_carea' id='block_1_38' title="bbox 2003 899 3533 966">
    <p class='ocr_par' dir='ltr' id='par_1_38' title="bbox 2003 899 3533 966">
     <span class='ocr_line' id='line_1_38' title="bbox 2003 899 3533 966; baseline 0.008 -12"><span class='ocrx_word' id='word_1_284' title='bbox 2003 900 2094 954; x_wconf 78' lang='lat'><strong>3|.</strong></span> <span class='ocrx_word' id='word_1_285' title='bbox 2139 899 2350 955; x_wconf 87' lang='lat' dir='ltr'><strong>Etenim</strong></span> <span class='ocrx_word' id='word_1_286' title='bbox 2377 916 2498 956; x_wconf 91' lang='lat' dir='ltr'><strong>cum</strong></span> <span class='ocrx_word' id='word_1_287' title='bbox 2534 902 2810 959; x_wconf 81' lang='lat' dir='ltr'><strong>Israelitas</strong></span> <span class='ocrx_word' id='word_1_288' title='bbox 2840 904 2895 961; x_wconf 91' lang='lat' dir='ltr'><strong>in</strong></span> <span class='ocrx_word' id='word_1_289' title='bbox 2936 907 3129 964; x_wconf 89' lang='lat' dir='ltr'><strong>diebus</strong></span> <span class='ocrx_word' id='word_1_290' title='bbox 3155 907 3405 966; x_wconf 73' lang='lat' dir='ltr'><strong>iudicum</strong></span> <span class='ocrx_word' id='word_1_291' title='bbox 3436 925 3533 966; x_wconf 82' lang='lat' dir='ltr'><strong>su-</strong></span> 
     </span>
    </p>
   </div>
   <div class='ocr_carea' id='block_1_39' title="bbox 1930 991 3530 1070">
    <p class='ocr_par' dir='ltr' id='par_1_39' title="bbox 1930 991 3530 1070">
     <span class='ocr_line' id='line_1_39' title="bbox 1930 991 3530 1070; baseline 0.011 -26"><span class='ocrx_word' id='word_1_292' title='bbox 1930 991 2237 1064; x_wconf 89' lang='lat' dir='ltr'><strong>perioribus</strong></span> <span class='ocrx_word' id='word_1_293' title='bbox 2274 991 2446 1050; x_wconf 89' lang='lat' dir='ltr'><strong>fames</strong></span> <span class='ocrx_word' id='word_1_294' title='bbox 2485 997 2822 1064; x_wconf 88' lang='lat' dir='ltr'><strong>temporibus</strong></span> <span class='ocrx_word' id='word_1_295' title='bbox 2852 1012 3108 1070; x_wconf 84' lang='lat' dir='ltr'><strong>urgeret,</strong></span> <span class='ocrx_word' id='word_1_296' title='bbox 3148 1018 3175 1056; x_wconf 88' lang='lat' dir='ltr'><strong>a</strong></span> <span class='ocrx_word' id='word_1_297' title='bbox 3208 1003 3530 1060; x_wconf 85' lang='lat' dir='ltr'><strong>Bethlebem</strong></span> 
     </span>
    </p>
   </div>
   <div class='ocr_carea' id='block_1_40' title="bbox 1932 1083 3532 1158">
    <p class='ocr_par' dir='ltr' id='par_1_40' title="bbox 1932 1083 3532 1158">
     <span class='ocr_line' id='line_1_40' title="bbox 1932 1083 3532 1158; baseline 0.009 -20"><span class='ocrx_word' id='word_1_298' title='bbox 1932 1083 2151 1139; x_wconf 84' lang='lat' dir='ltr'><strong>civitate</strong></span> <span class='ocrx_word' id='word_1_299' title='bbox 2176 1084 2402 1153; x_wconf 69' lang='lat' dir='ltr'><strong>Judaete,</strong></span> <span class='ocrx_word' id='word_1_300' title='bbox 2437 1086 2490 1140; x_wconf 87' lang='lat' dir='ltr'><strong>in</strong></span> <span class='ocrx_word' id='word_1_301' title='bbox 2523 1103 2628 1158; x_wconf 91' lang='lat' dir='ltr'><strong>qua</strong></span> <span class='ocrx_word' id='word_1_302' title='bbox 2659 1101 2816 1146; x_wconf 88' lang='lat' dir='ltr'><strong>natus</strong></span> <span class='ocrx_word' id='word_1_303' title='bbox 2847 1100 2932 1148; x_wconf 88' lang='lat' dir='ltr'><strong>est</strong></span> <span class='ocrx_word' id='word_1_304' title='bbox 2953 1091 3238 1158; x_wconf 80' lang='lat' dir='ltr'><strong>Christus,</strong></span> <span class='ocrx_word' id='word_1_305' title='bbox 3267 1097 3401 1152; x_wconf 91' lang='lat' dir='ltr'><strong>abiit</strong></span> <span class='ocrx_word' id='word_1_306' title='bbox 3449 1098 3532 1154; x_wconf 93' lang='lat' dir='ltr'><strong>vir</strong></span> 
     </span>
    </p>
   </div>
   <div class='ocr_carea' id='block_1_41' title="bbox 1932 1178 3536 1257">
    <p class='ocr_par' dir='ltr' id='par_1_41' title="bbox 1932 1178 3536 1257">
     <span class='ocr_line' id='line_1_41' title="bbox 1932 1178 3536 1257; baseline 0.007 -23"><span class='ocrx_word' id='word_1_307' title='bbox 1932 1179 2115 1234; x_wconf 91' lang='lat' dir='ltr'><strong>colere</strong></span> <span class='ocrx_word' id='word_1_308' title='bbox 2147 1178 2201 1233; x_wconf 91' lang='lat' dir='ltr'><strong>in</strong></span> <span class='ocrx_word' id='word_1_309' title='bbox 2232 1195 2362 1250; x_wconf 85' lang='lat' dir='ltr'><strong>agro</strong></span> <span class='ocrx_word' id='word_1_310' title='bbox 2389 1179 2542 1236; x_wconf 83' lang='lat' dir='ltr'><strong>Moab</strong></span> <span class='ocrx_word' id='word_1_311' title='bbox 2566 1197 2690 1238; x_wconf 92' lang='lat' dir='ltr'><strong>cum</strong></span> <span class='ocrx_word' id='word_1_312' title='bbox 2724 1200 2895 1240; x_wconf 81' lang='lat' dir='ltr'><strong>uxore</strong></span> <span class='ocrx_word' id='word_1_313' title='bbox 2921 1197 2975 1241; x_wconf 91' lang='lat' dir='ltr'><strong>et</strong></span> <span class='ocrx_word' id='word_1_314' title='bbox 3005 1186 3218 1244; x_wconf 90' lang='lat' dir='ltr'><strong>duobus</strong></span> <span class='ocrx_word' id='word_1_315' title='bbox 3243 1189 3394 1257; x_wconf 91' lang='lat' dir='ltr'><strong>ﬁliis,</strong></span> <span class='ocrx_word' id='word_1_316' title='bbox 3424 1189 3536 1246; x_wconf 85' lang='lat' dir='ltr'><strong>Eli-</strong></span> 
     </span>
    </p>
   </div>
   <div class='ocr_carea' id='block_1_42' title="bbox 1933 1272 3535 1352">
    <p class='ocr_par' dir='ltr' id='par_1_42' title="bbox 1933 1272 3535 1352">
     <span class='ocr_line' id='line_1_42' title="bbox 1933 1272 3535 1352; baseline 0.007 -25"><span class='ocrx_word' id='word_1_317' title='bbox 1933 1272 2146 1328; x_wconf 86' lang='lat' dir='ltr'><strong>melecb</strong></span> <span class='ocrx_word' id='word_1_318' title='bbox 2181 1273 2296 1328; x_wconf 92' lang='lat' dir='ltr'><strong>viro</strong></span> <span class='ocrx_word' id='word_1_319' title='bbox 2329 1290 2549 1340; x_wconf 90' lang='lat' dir='ltr'><strong>nomen,</strong></span> <span class='ocrx_word' id='word_1_320' title='bbox 2585 1278 2798 1334; x_wconf 89' lang='lat' dir='ltr'><strong>mulieri</strong></span> <span class='ocrx_word' id='word_1_321' title='bbox 2828 1279 3041 1336; x_wconf 82' lang='lat' dir='ltr'><strong>Noemi.</strong></span> <span class='ocrx_word' id='word_1_322' title='bbox 3078 1280 3198 1336; x_wconf 84' lang='lat' dir='ltr'><strong>Filii</strong></span> <span class='ocrx_word' id='word_1_323' title='bbox 3231 1282 3348 1352; x_wconf 89' lang='lat' dir='ltr'><strong>ejus</strong></span> <span class='ocrx_word' id='word_1_324' title='bbox 3379 1298 3535 1339; x_wconf 88' lang='lat' dir='ltr'><strong>acce-</strong></span> 
     </span>
    </p>
   </div>
   <div class='ocr_carea' id='block_1_43' title="bbox 1937 1364 3539 1444">
    <p class='ocr_par' dir='ltr' id='par_1_43' title="bbox 1937 1364 3539 1444">
     <span class='ocr_line' id='line_1_43' title="bbox 1937 1364 3539 1444; baseline 0.006 -24"><span class='ocrx_word' id='word_1_325' title='bbox 1937 1374 2134 1434; x_wconf 88' lang='lat' dir='ltr'><strong>perunt</strong></span> <span class='ocrx_word' id='word_1_326' title='bbox 2164 1364 2265 1420; x_wconf 90' lang='lat' dir='ltr'><strong>sibi</strong></span> <span class='ocrx_word' id='word_1_327' title='bbox 2291 1383 2492 1423; x_wconf 81' lang='lat' dir='ltr'><strong>uxores</strong></span> <span class='ocrx_word' id='word_1_328' title='bbox 2519 1367 2872 1437; x_wconf 82' lang='lat' dir='ltr'><strong>Moabitidas,</strong></span> <span class='ocrx_word' id='word_1_329' title='bbox 2903 1388 3099 1427; x_wconf 86' lang='lat' dir='ltr'><strong>nomen</strong></span> <span class='ocrx_word' id='word_1_330' title='bbox 3135 1372 3224 1428; x_wconf 91' lang='lat' dir='ltr'><strong>uni</strong></span> <span class='ocrx_word' id='word_1_331' title='bbox 3251 1373 3456 1444; x_wconf 85' lang='lat' dir='ltr'><strong>Orpba,</strong></span> <span class='ocrx_word' id='word_1_332' title='bbox 3484 1382 3539 1430; x_wconf 88' lang='lat' dir='ltr'><strong>et</strong></span> 
     </span>
    </p>
   </div>
   <div class='ocr_carea' id='block_1_44' title="bbox 1938 1458 3537 1533">
    <p class='ocr_par' dir='ltr' id='par_1_44' title="bbox 1938 1458 3537 1533">
     <span class='ocr_line' id='line_1_44' title="bbox 1938 1458 3537 1533; baseline 0.008 -23"><span class='ocrx_word' id='word_1_333' title='bbox 1938 1472 2135 1512; x_wconf 87' lang='lat' dir='ltr'><strong>nomen</strong></span> <span class='ocrx_word' id='word_1_334' title='bbox 2166 1458 2420 1514; x_wconf 68' lang='lat' dir='ltr'><strong>secunda:</strong></span> <span class='ocrx_word' id='word_1_335' title='bbox 2454 1459 2597 1514; x_wconf 76' lang='lat' dir='ltr'><strong>Ruth</strong></span> <span class='ocrx_word' id='word_1_336' title='bbox 2637 1478 2651 1515; x_wconf 90' lang='lat'><strong>:</strong></span> <span class='ocrx_word' id='word_1_337' title='bbox 2685 1471 2738 1516; x_wconf 92' lang='lat' dir='ltr'><strong>et</strong></span> <span class='ocrx_word' id='word_1_338' title='bbox 2771 1461 3218 1518; x_wconf 86' lang='lat' dir='ltr'><strong>inbabitaverunt</strong></span> <span class='ocrx_word' id='word_1_339' title='bbox 3245 1465 3357 1520; x_wconf 90' lang='lat' dir='ltr'><strong>illic</strong></span> <span class='ocrx_word' id='word_1_340' title='bbox 3382 1465 3537 1533; x_wconf 82' lang='lat' dir='ltr'><strong>quasi</strong></span> 
     </span>
    </p>
   </div>
   <div class='ocr_carea' id='block_1_45' title="bbox 1938 1547 3534 1625">
    <p class='ocr_par' dir='ltr' id='par_1_45' title="bbox 1938 1547 3534 1625">
     <span class='ocr_line' id='line_1_45' title="bbox 1938 1547 3534 1625; baseline 0.008 -25"><span class='ocrx_word' id='word_1_341' title='bbox 1938 1547 2124 1602; x_wconf 86' lang='lat' dir='ltr'><strong>decem</strong></span> <span class='ocrx_word' id='word_1_342' title='bbox 2161 1548 2340 1616; x_wconf 89' lang='lat' dir='ltr'><strong>annis,</strong></span> <span class='ocrx_word' id='word_1_343' title='bbox 2375 1559 2430 1604; x_wconf 89' lang='lat' dir='ltr'><strong>et</strong></span> <span class='ocrx_word' id='word_1_344' title='bbox 2458 1551 2659 1606; x_wconf 90' lang='lat' dir='ltr'><strong>mortui</strong></span> <span class='ocrx_word' id='word_1_345' title='bbox 2691 1562 2834 1608; x_wconf 89' lang='lat' dir='ltr'><strong>sunt.</strong></span> <span class='ocrx_word' id='word_1_346' title='bbox 2873 1554 2979 1609; x_wconf 89' lang='lat' dir='ltr'><strong>Sed</strong></span> <span class='ocrx_word' id='word_1_347' title='bbox 3013 1555 3275 1610; x_wconf 87' lang='lat' dir='ltr'><strong>derelicta</strong></span> <span class='ocrx_word' id='word_1_348' title='bbox 3299 1557 3534 1625; x_wconf 90' lang='lat' dir='ltr'><strong>mulier,</strong></span> 
     </span>
    </p>
   </div>
   <div class='ocr_carea' id='block_1_46' title="bbox 1938 1637 3537 1721">
    <p class='ocr_par' dir='ltr' id='par_1_46' title="bbox 1938 1637 3537 1721">
     <span class='ocr_line' id='line_1_46' title="bbox 1938 1637 3537 1721; baseline 0.01 -30"><span class='ocrx_word' id='word_1_349' title='bbox 1938 1637 2148 1694; x_wconf 91' lang='lat' dir='ltr'><strong>duobus</strong></span> <span class='ocrx_word' id='word_1_350' title='bbox 2180 1639 2306 1694; x_wconf 91' lang='lat' dir='ltr'><strong>ﬁliis</strong></span> <span class='ocrx_word' id='word_1_351' title='bbox 2332 1649 2386 1696; x_wconf 92' lang='lat' dir='ltr'><strong>et</strong></span> <span class='ocrx_word' id='word_1_352' title='bbox 2414 1641 2529 1696; x_wconf 92' lang='lat' dir='ltr'><strong>viro</strong></span> <span class='ocrx_word' id='word_1_353' title='bbox 2561 1644 2782 1714; x_wconf 80' lang='lat' dir='ltr'><strong>pl‘Opl‘iO</strong></span> <span class='ocrx_word' id='word_1_354' title='bbox 2813 1643 3106 1713; x_wconf 86' lang='lat' dir='ltr'><strong>destituta,</strong></span> <span class='ocrx_word' id='word_1_355' title='bbox 3142 1649 3363 1719; x_wconf 85' lang='lat' dir='ltr'><strong>cognito</strong></span> <span class='ocrx_word' id='word_1_356' title='bbox 3391 1649 3537 1721; x_wconf 88' lang='lat' dir='ltr'><strong>quod</strong></span> 
     </span>
    </p>
   </div>
   <div class='ocr_carea' id='block_1_47' title="bbox 1943 1731 3541 1816">
    <p class='ocr_par' dir='ltr' id='par_1_47' title="bbox 1943 1731 3541 1816">
     <span class='ocr_line' id='line_1_47' title="bbox 1943 1731 3541 1816; baseline 0.009 -30"><span class='ocrx_word' id='word_1_357' title='bbox 1943 1731 2091 1787; x_wconf 86' lang='lat' dir='ltr'><strong>Deus</strong></span> <span class='ocrx_word' id='word_1_358' title='bbox 2119 1733 2367 1790; x_wconf 88' lang='lat' dir='ltr'><strong>visitaret</strong></span> <span class='ocrx_word' id='word_1_359' title='bbox 2394 1734 2591 1805; x_wconf 85' lang='lat' dir='ltr'><strong>Israel,</strong></span> <span class='ocrx_word' id='word_1_360' title='bbox 2620 1738 2832 1809; x_wconf 83' lang='lat' dir='ltr'><strong>regredi</strong></span> <span class='ocrx_word' id='word_1_361' title='bbox 2874 1740 3091 1796; x_wconf 92' lang='lat' dir='ltr'><strong>domum</strong></span> <span class='ocrx_word' id='word_1_362' title='bbox 3123 1758 3341 1813; x_wconf 87' lang='lat' dir='ltr'><strong>parans,</strong></span> <span class='ocrx_word' id='word_1_363' title='bbox 3373 1745 3541 1816; x_wconf 70' lang='lat' dir='ltr'><strong>erepit</strong></span> 
     </span>
    </p>
   </div>
   <div class='ocr_carea' id='block_1_48' title="bbox 1867 1826 3538 1916">
    <p class='ocr_par' dir='ltr' id='par_1_48' title="bbox 1867 1826 3538 1916">
     <span class='ocr_line' id='line_1_48' title="bbox 1867 1826 3538 1916; baseline 0.008 -38"><span class='ocrx_word' id='word_1_364' title='bbox 1867 1855 1916 1916; x_wconf 80' lang='grc' dir='ltr'><strong>Β</strong></span> <span class='ocrx_word' id='word_1_365' title='bbox 1941 1826 2170 1882; x_wconf 88' lang='lat' dir='ltr'><strong>suadere</strong></span> <span class='ocrx_word' id='word_1_366' title='bbox 2197 1837 2256 1882; x_wconf 91' lang='lat' dir='ltr'><strong>ut</strong></span> <span class='ocrx_word' id='word_1_367' title='bbox 2282 1829 2501 1885; x_wconf 90' lang='lat' dir='ltr'><strong>domum</strong></span> <span class='ocrx_word' id='word_1_368' title='bbox 2530 1833 2802 1902; x_wconf 76' lang='lat' dir='ltr'><strong>propriam</strong></span> <span class='ocrx_word' id='word_1_369' title='bbox 2831 1844 3145 1905; x_wconf 84' lang='lat' dir='ltr'><strong>repeterent</strong></span> <span class='ocrx_word' id='word_1_370' title='bbox 3169 1854 3368 1895; x_wconf 83' lang='lat' dir='ltr'><strong>uxores</strong></span> <span class='ocrx_word' id='word_1_371' title='bbox 3395 1840 3538 1895; x_wconf 71' lang='lat' dir='ltr'><strong>lilio.</strong></span> 
     </span>
    </p>
   </div>
   <div class='ocr_carea' id='block_1_49' title="bbox 1944 1923 3540 1991">
    <p class='ocr_par' dir='ltr' id='par_1_49' title="bbox 1944 1923 3540 1991">
     <span class='ocr_line' id='line_1_49' title="bbox 1944 1923 3540 1991; baseline 0.009 -15"><span class='ocrx_word' id='word_1_372' title='bbox 1944 1936 2062 1976; x_wconf 89' lang='lat' dir='ltr'><strong>rum</strong></span> <span class='ocrx_word' id='word_1_373' title='bbox 2096 1936 2338 1978; x_wconf 93' lang='lat' dir='ltr'><strong>suorum.</strong></span> <span class='ocrx_word' id='word_1_374' title='bbox 2367 1923 2482 1980; x_wconf 89' lang='lat' dir='ltr'><strong>Una</strong></span> <span class='ocrx_word' id='word_1_375' title='bbox 2511 1927 2787 1982; x_wconf 88' lang='lat' dir='ltr'><strong>concessit</strong></span> <span class='ocrx_word' id='word_1_376' title='bbox 2817 1945 2831 1982; x_wconf 87' lang='lat'><strong>:</strong></span> <span class='ocrx_word' id='word_1_377' title='bbox 2862 1929 3004 1984; x_wconf 83' lang='lat' dir='ltr'><strong>Rutb</strong></span> <span class='ocrx_word' id='word_1_378' title='bbox 3055 1946 3184 1986; x_wconf 90' lang='lat' dir='ltr'><strong>vero</strong></span> <span class='ocrx_word' id='word_1_379' title='bbox 3223 1947 3344 1988; x_wconf 90' lang='lat' dir='ltr'><strong>cum</strong></span> <span class='ocrx_word' id='word_1_380' title='bbox 3377 1949 3540 1991; x_wconf 89' lang='lat' dir='ltr'><strong>socru</strong></span> 
     </span>
    </p>
   </div>
   <div class='ocr_carea' id='block_1_50' title="bbox 1944 2016 3545 2096">
    <p class='ocr_par' dir='ltr' id='par_1_50' title="bbox 1944 2016 3545 2096">
     <span class='ocr_line' id='line_1_50' title="bbox 1944 2016 3545 2096; baseline 0.007 -27"><span class='ocrx_word' id='word_1_381' title='bbox 1944 2016 2164 2071; x_wconf 90' lang='lat' dir='ltr'><strong>mansit.</strong></span> <span class='ocrx_word' id='word_1_382' title='bbox 2194 2016 2293 2072; x_wconf 91' lang='lat' dir='ltr'><strong>Cui</strong></span> <span class='ocrx_word' id='word_1_383' title='bbox 2316 2033 2440 2073; x_wconf 93' lang='lat' dir='ltr'><strong>cum</strong></span> <span class='ocrx_word' id='word_1_384' title='bbox 2471 2019 2677 2076; x_wconf 89' lang='lat' dir='ltr'><strong>diceret</strong></span> <span class='ocrx_word' id='word_1_385' title='bbox 2706 2035 2895 2077; x_wconf 91' lang='lat' dir='ltr'><strong>socrus</strong></span> <span class='ocrx_word' id='word_1_386' title='bbox 2923 2039 2936 2076; x_wconf 87' lang='lat'><strong>:</strong></span> <span class='ocrx_word' id='word_1_387' title='bbox 2966 2021 3097 2078; x_wconf 79' lang='lat' dir='ltr'><strong>Ecce</strong></span> <span class='ocrx_word' id='word_1_388' title='bbox 3116 2028 3232 2094; x_wconf 87' lang='lat' dir='ltr'><strong>jam</strong></span> <span class='ocrx_word' id='word_1_389' title='bbox 3253 2041 3545 2096; x_wconf 79' lang='lat' dir='ltr'><strong>eonsponsa</strong></span> 
     </span>
    </p>
   </div>
   <div class='ocr_carea' id='block_1_51' title="bbox 1947 2107 3542 2183">
    <p class='ocr_par' dir='ltr' id='par_1_51' title="bbox 1947 2107 3542 2183">
     <span class='ocr_line' id='line_1_51' title="bbox 1947 2107 3542 2183; baseline 0.009 -24"><span class='ocrx_word' id='word_1_390' title='bbox 1947 2116 2039 2161; x_wconf 90' lang='lat' dir='ltr'><strong>tua</strong></span> <span class='ocrx_word' id='word_1_391' title='bbox 2063 2107 2132 2161; x_wconf 88' lang='lat' dir='ltr'><strong>ad</strong></span> <span class='ocrx_word' id='word_1_392' title='bbox 2161 2110 2408 2178; x_wconf 84' lang='lat' dir='ltr'><strong>populum</strong></span> <span class='ocrx_word' id='word_1_393' title='bbox 2447 2127 2596 2166; x_wconf 78' lang='lat' dir='ltr'><strong>suum</strong></span> <span class='ocrx_word' id='word_1_394' title='bbox 2626 2127 2857 2183; x_wconf 81' lang='lat' dir='ltr'><strong>regressa</strong></span> <span class='ocrx_word' id='word_1_395' title='bbox 2889 2124 2993 2179; x_wconf 89' lang='lat' dir='ltr'><strong>est,</strong></span> <span class='ocrx_word' id='word_1_396' title='bbox 3027 2125 3076 2170; x_wconf 90' lang='lat' dir='ltr'><strong>et</strong></span> <span class='ocrx_word' id='word_1_397' title='bbox 3121 2117 3190 2169; x_wconf 80' lang='lat' dir='ltr'><strong>ad</strong></span> <span class='ocrx_word' id='word_1_398' title='bbox 3220 2117 3342 2171; x_wconf 86' lang='lat' dir='ltr'><strong>deos</strong></span> <span class='ocrx_word' id='word_1_399' title='bbox 3369 2134 3490 2172; x_wconf 77' lang='lat' dir='ltr'><strong>suos</strong></span> <span class='ocrx_word' id='word_1_400' title='bbox 3522 2133 3542 2173; x_wconf 84' lang='lat'><strong>.&#39;</strong></span> 
     </span>
    </p>
   </div>
   <div class='ocr_carea' id='block_1_52' title="bbox 1946 2203 3537 2278">
    <p class='ocr_par' dir='ltr' id='par_1_52' title="bbox 1946 2203 3537 2278">
     <span class='ocr_line' id='line_1_52' title="bbox 1946 2203 3537 2278; baseline 0.006 -25"><span class='ocrx_word' id='word_1_401' title='bbox 1946 2207 1990 2253; x_wconf 89' lang='lat' dir='ltr'><strong>et</strong></span> <span class='ocrx_word' id='word_1_402' title='bbox 2019 2209 2073 2253; x_wconf 89' lang='lat' dir='ltr'><strong>tu</strong></span> <span class='ocrx_word' id='word_1_403' title='bbox 2101 2209 2349 2256; x_wconf 73' lang='lat' dir='ltr'><strong>revertere</strong></span> <span class='ocrx_word' id='word_1_404' title='bbox 2382 2203 2575 2272; x_wconf 87' lang='lat' dir='ltr'><strong>pariter</strong></span> <span class='ocrx_word' id='word_1_405' title='bbox 2610 2220 2728 2258; x_wconf 87' lang='lat' dir='ltr'><strong>cum</strong></span> <span class='ocrx_word' id='word_1_406' title='bbox 2768 2221 3053 2278; x_wconf 84' lang='lat' dir='ltr'><strong>consponsa</strong></span> <span class='ocrx_word' id='word_1_407' title='bbox 3098 2217 3184 2261; x_wconf 85' lang='lat' dir='ltr'><strong>tua</strong></span> <span class='ocrx_word' id='word_1_408' title='bbox 3205 2249 3221 2276; x_wconf 97' lang='lat'><strong>,</strong></span> <span class='ocrx_word' id='word_1_409' title='bbox 3265 2207 3537 2277; x_wconf 72' lang='lat' dir='ltr'><strong>respondit</strong></span> 
     </span>
    </p>
   </div>
   <div class='ocr_carea' id='block_1_53' title="bbox 1947 2291 3547 2370">
    <p class='ocr_par' dir='ltr' id='par_1_53' title="bbox 1947 2291 3547 2370">
     <span class='ocr_line' id='line_1_53' title="bbox 1947 2291 3547 2370; baseline 0.006 -24"><span class='ocrx_word' id='word_1_410' title='bbox 1947 2291 2087 2347; x_wconf 81' lang='lat' dir='ltr'><strong>Ruth</strong></span> <span class='ocrx_word' id='word_1_411' title='bbox 2122 2311 2140 2348; x_wconf 91' lang='lat'><em>:</em></span> <span class='ocrx_word' id='word_1_412' title='bbox 2174 2293 2298 2350; x_wconf 86' lang='lat' dir='ltr'><strong>Non</strong></span> <span class='ocrx_word' id='word_1_413' title='bbox 2322 2298 2585 2370; x_wconf 82' lang='lat' dir='ltr'><strong>contingat</strong></span> <span class='ocrx_word' id='word_1_414' title='bbox 2611 2299 2736 2352; x_wconf 83' lang='lat' dir='ltr'><strong>mihi</strong></span> <span class='ocrx_word' id='word_1_415' title='bbox 2759 2299 3012 2356; x_wconf 82' lang='lat' dir='ltr'><strong>dimittere</strong></span> <span class='ocrx_word' id='word_1_416' title='bbox 3043 2310 3091 2357; x_wconf 89' lang='lat' dir='ltr'><strong>te</strong></span> <span class='ocrx_word' id='word_1_417' title='bbox 3112 2342 3128 2370; x_wconf 93' lang='lat'><strong>,</strong></span> <span class='ocrx_word' id='word_1_418' title='bbox 3162 2312 3209 2356; x_wconf 87' lang='lat' dir='ltr'><strong>et</strong></span> <span class='ocrx_word' id='word_1_419' title='bbox 3235 2313 3256 2342; x_wconf 78' lang='grc' dir='ltr'><strong><em>ο</em></strong></span> <span class='ocrx_word' id='word_1_420' title='bbox 3281 2303 3450 2358; x_wconf 86' lang='lat' dir='ltr'><strong>redire</strong></span> <span class='ocrx_word' id='word_1_421' title='bbox 3476 2301 3547 2357; x_wconf 85' lang='lat' dir='ltr'><strong>ad</strong></span> 
     </span>
    </p>
   </div>
   <div class='ocr_carea' id='block_1_54' title="bbox 1948 2387 3548 2464">
    <p class='ocr_par' dir='ltr' id='par_1_54' title="bbox 1948 2387 3548 2464">
     <span class='ocr_line' id='line_1_54' title="bbox 1948 2387 3548 2464; baseline 0.007 -24"><span class='ocrx_word' id='word_1_422' title='bbox 1948 2387 2072 2441; x_wconf 83' lang='lat' dir='ltr'><strong>deos</strong></span> <span class='ocrx_word' id='word_1_423' title='bbox 2103 2404 2240 2443; x_wconf 84' lang='lat' dir='ltr'><strong>meos</strong></span> <span class='ocrx_word' id='word_1_424' title='bbox 2257 2406 2277 2456; x_wconf 88' lang='lat'><strong>;</strong></span> <span class='ocrx_word' id='word_1_425' title='bbox 2304 2390 2427 2458; x_wconf 84' lang='lat' dir='ltr'><strong>quia</strong></span> <span class='ocrx_word' id='word_1_426' title='bbox 2456 2407 2776 2464; x_wconf 82' lang='lat' dir='ltr'><strong>quorumque</strong></span> <span class='ocrx_word' id='word_1_427' title='bbox 2805 2403 2859 2447; x_wconf 89' lang='lat' dir='ltr'><strong>tu</strong></span> <span class='ocrx_word' id='word_1_428' title='bbox 2880 2394 3023 2460; x_wconf 82' lang='lat' dir='ltr'><strong>ieris,</strong></span> <span class='ocrx_word' id='word_1_429' title='bbox 3048 2395 3131 2448; x_wconf 89' lang='lat' dir='ltr'><strong>ibo</strong></span> <span class='ocrx_word' id='word_1_430' title='bbox 3153 2405 3349 2460; x_wconf 88' lang='lat' dir='ltr'><strong>tecum,</strong></span> <span class='ocrx_word' id='word_1_431' title='bbox 3378 2407 3425 2451; x_wconf 89' lang='lat' dir='ltr'><strong>et</strong></span> <span class='ocrx_word' id='word_1_432' title='bbox 3460 2397 3548 2451; x_wconf 90' lang='lat' dir='ltr'><strong>ubi</strong></span> 
     </span>
    </p>
   </div>
   <div class='ocr_carea' id='block_1_55' title="bbox 1949 2480 3547 2558">
    <p class='ocr_par' dir='ltr' id='par_1_55' title="bbox 1949 2480 3547 2558">
     <span class='ocr_line' id='line_1_55' title="bbox 1949 2480 3547 2558; baseline 0.007 -26"><span class='ocrx_word' id='word_1_433' title='bbox 1949 2487 2003 2533; x_wconf 86' lang='lat' dir='ltr'><strong>tu</strong></span> <span class='ocrx_word' id='word_1_434' title='bbox 2029 2480 2360 2547; x_wconf 80' lang='lat' dir='ltr'><strong>Itabitaceris,</strong></span> <span class='ocrx_word' id='word_1_435' title='bbox 2384 2481 2646 2538; x_wconf 84' lang='lat' dir='ltr'><strong>habitabo.</strong></span> <span class='ocrx_word' id='word_1_436' title='bbox 2677 2483 2914 2555; x_wconf 78' lang='lat' dir='ltr'><strong>Populus</strong></span> <span class='ocrx_word' id='word_1_437' title='bbox 2947 2497 3081 2552; x_wconf 83' lang='lat' dir='ltr'><strong>tuus,</strong></span> <span class='ocrx_word' id='word_1_438' title='bbox 3113 2489 3337 2558; x_wconf 76' lang='lat' dir='ltr'><strong>populus</strong></span> <span class='ocrx_word' id='word_1_439' title='bbox 3361 2505 3504 2542; x_wconf 83' lang='lat' dir='ltr'><strong>meus</strong></span> <span class='ocrx_word' id='word_1_440' title='bbox 3527 2503 3547 2544; x_wconf 82' lang='lat'><strong>.&#39;</strong></span> 
     </span>
    </p>
   </div>
   <div class='ocr_carea' id='block_1_56' title="bbox 1950 2569 3549 2648">
    <p class='ocr_par' dir='ltr' id='par_1_56' title="bbox 1950 2569 3549 2648">
     <span class='ocr_line' id='line_1_56' title="bbox 1950 2569 3549 2648; baseline 0.007 -24"><span class='ocrx_word' id='word_1_441' title='bbox 1950 2569 2092 2628; x_wconf 83' lang='lat' dir='ltr'><strong>Deus</strong></span> <span class='ocrx_word' id='word_1_442' title='bbox 2114 2585 2253 2642; x_wconf 83' lang='lat' dir='ltr'><strong>tuus,</strong></span> <span class='ocrx_word' id='word_1_443' title='bbox 2291 2574 2428 2630; x_wconf 84' lang='lat' dir='ltr'><strong>Deus</strong></span> <span class='ocrx_word' id='word_1_444' title='bbox 2456 2593 2619 2630; x_wconf 87' lang='lat' dir='ltr'><strong>meus.</strong></span> <span class='ocrx_word' id='word_1_445' title='bbox 2649 2574 2718 2631; x_wconf 83' lang='lat' dir='ltr'><strong>Et</strong></span> <span class='ocrx_word' id='word_1_446' title='bbox 2752 2577 2838 2631; x_wconf 83' lang='lat' dir='ltr'><strong>ubi</strong></span> <span class='ocrx_word' id='word_1_447' title='bbox 2858 2591 3062 2632; x_wconf 88' lang='lat' dir='ltr'><strong>mortua</strong></span> <span class='ocrx_word' id='word_1_448' title='bbox 3091 2579 3272 2648; x_wconf 73' lang='lat' dir='ltr'><strong>fueris,</strong></span> <span class='ocrx_word' id='word_1_449' title='bbox 3307 2581 3500 2634; x_wconf 86' lang='lat' dir='ltr'><strong>moriar</strong></span> <span class='ocrx_word' id='word_1_450' title='bbox 3529 2596 3549 2635; x_wconf 89' lang='lat'><strong><em>:</em></strong></span> 
     </span>
    </p>
   </div>
   <div class='ocr_carea' id='block_1_57' title="bbox 1949 2667 3552 2744">
    <p class='ocr_par' dir='ltr' id='par_1_57' title="bbox 1949 2667 3552 2744">
     <span class='ocr_line' id='line_1_57' title="bbox 1949 2667 3552 2744; baseline 0.005 -24"><span class='ocrx_word' id='word_1_451' title='bbox 1949 2677 1997 2720; x_wconf 86' lang='lat' dir='ltr'><strong>et</strong></span> <span class='ocrx_word' id='word_1_452' title='bbox 2029 2667 2115 2721; x_wconf 89' lang='lat' dir='ltr'><strong>ubi</strong></span> <span class='ocrx_word' id='word_1_453' title='bbox 2145 2668 2346 2736; x_wconf 78' lang='lat' dir='ltr'><strong>sepulta</strong></span> <span class='ocrx_word' id='word_1_454' title='bbox 2396 2669 2559 2737; x_wconf 81' lang='lat' dir='ltr'><strong>{ueris</strong></span> <span class='ocrx_word' id='word_1_455' title='bbox 2583 2711 2598 2736; x_wconf 93' lang='lat'><strong>,</strong></span> <span class='ocrx_word' id='word_1_456' title='bbox 2629 2670 2850 2740; x_wconf 78' lang='lat' dir='ltr'><strong>sepeliar</strong></span> <span class='ocrx_word' id='word_1_457' title='bbox 2881 2670 3069 2742; x_wconf 82' lang='lat' dir='ltr'><strong>(Ruth.</strong></span> <span class='ocrx_word' id='word_1_458' title='bbox 3103 2687 3152 2735; x_wconf 87' lang='grc' dir='ltr'>ι,</span> <span class='ocrx_word' id='word_1_459' title='bbox 3189 2670 3276 2735; x_wconf 82' lang='grc'><strong>15.</strong></span> <span class='ocrx_word' id='word_1_460' title='bbox 3313 2671 3418 2744; x_wconf 78' lang='grc'>17).</span> <span class='ocrx_word' id='word_1_461' title='bbox 3455 2673 3552 2728; x_wconf 85' lang='grc' dir='ltr'><strong>Αι-</strong></span> 
     </span>
    </p>
   </div>
   <div class='ocr_carea' id='block_1_58' title="bbox 1950 2758 3550 2835">
    <p class='ocr_par' dir='ltr' id='par_1_58' title="bbox 1950 2758 3550 2835">
     <span class='ocr_line' id='line_1_58' title="bbox 1950 2758 3550 2835; baseline 0.007 -23"><span class='ocrx_word' id='word_1_462' title='bbox 1950 2773 2056 2828; x_wconf 92' lang='lat' dir='ltr'><strong>que</strong></span> <span class='ocrx_word' id='word_1_463' title='bbox 2084 2759 2157 2813; x_wconf 90' lang='lat' dir='ltr'><strong>ita</strong></span> <span class='ocrx_word' id='word_1_464' title='bbox 2181 2758 2302 2814; x_wconf 78' lang='lat' dir='ltr'><strong>dua:</strong></span> <span class='ocrx_word' id='word_1_465' title='bbox 2335 2773 2699 2831; x_wconf 89' lang='lat' dir='ltr'><strong>pervenerunt</strong></span> <span class='ocrx_word' id='word_1_466' title='bbox 2722 2761 3066 2819; x_wconf 82' lang='lat' dir='ltr'><strong>Bethleltem.</strong></span> <span class='ocrx_word' id='word_1_467' title='bbox 3101 2763 3211 2820; x_wconf 89' lang='lat' dir='ltr'><strong>Hos</strong></span> <span class='ocrx_word' id='word_1_468' title='bbox 3233 2765 3396 2835; x_wconf 86' lang='lat' dir='ltr'><strong>igitur</strong></span> <span class='ocrx_word' id='word_1_469' title='bbox 3429 2780 3550 2823; x_wconf 88' lang='lat' dir='ltr'><strong>mo-</strong></span> 
     </span>
    </p>
   </div>
   <div class='ocr_carea' id='block_1_59' title="bbox 1953 2850 3550 2929">
    <p class='ocr_par' dir='ltr' id='par_1_59' title="bbox 1953 2850 3550 2929">
     <span class='ocr_line' id='line_1_59' title="bbox 1953 2850 3550 2929; baseline 0.007 -23"><span class='ocrx_word' id='word_1_470' title='bbox 1953 2866 2064 2917; x_wconf 84' lang='lat' dir='ltr'><strong>res,</strong></span> <span class='ocrx_word' id='word_1_471' title='bbox 2093 2861 2254 2921; x_wconf 85' lang='lat' dir='ltr'><strong>atque</strong></span> <span class='ocrx_word' id='word_1_472' title='bbox 2277 2850 2302 2889; x_wconf 67' lang='lat'><strong>&#39;1</strong></span> <span class='ocrx_word' id='word_1_473' title='bbox 2334 2853 2473 2908; x_wconf 89' lang='lat' dir='ltr'><strong>banc</strong></span> <span class='ocrx_word' id='word_1_474' title='bbox 2503 2855 2847 2912; x_wconf 89' lang='lat' dir='ltr'><strong>sanctitatem</strong></span> <span class='ocrx_word' id='word_1_475' title='bbox 2875 2872 3001 2929; x_wconf 88' lang='lat' dir='ltr'><strong>erga</strong></span> <span class='ocrx_word' id='word_1_476' title='bbox 3025 2873 3264 2926; x_wconf 90' lang='lat' dir='ltr'><strong>socrum,</strong></span> <span class='ocrx_word' id='word_1_477' title='bbox 3291 2859 3550 2928; x_wconf 88' lang='lat' dir='ltr'><strong>pietatem</strong></span> 
     </span>
    </p>
   </div>
   <div class='ocr_carea' id='block_1_60' title="bbox 1954 2943 3553 3026">
    <p class='ocr_par' dir='ltr' id='par_1_60' title="bbox 1954 2943 3553 3026">
     <span class='ocr_line' id='line_1_60' title="bbox 1954 2943 3553 3026; baseline 0.006 -26"><span class='ocrx_word' id='word_1_478' title='bbox 1954 2959 2080 3014; x_wconf 86' lang='lat' dir='ltr'><strong>erga</strong></span> <span class='ocrx_word' id='word_1_479' title='bbox 2110 2943 2450 3014; x_wconf 88' lang='lat' dir='ltr'><strong>defunctum,</strong></span> <span class='ocrx_word' id='word_1_480' title='bbox 2483 2946 2801 3018; x_wconf 89' lang='lat' dir='ltr'><strong>religionem</strong></span> <span class='ocrx_word' id='word_1_481' title='bbox 2833 2965 2961 3022; x_wconf 85' lang='lat' dir='ltr'><strong>erga</strong></span> <span class='ocrx_word' id='word_1_482' title='bbox 3004 2951 3173 3008; x_wconf 91' lang='lat' dir='ltr'><strong>Deum</strong></span> <span class='ocrx_word' id='word_1_483' title='bbox 3201 2967 3324 3008; x_wconf 92' lang='lat' dir='ltr'><strong>cum</strong></span> <span class='ocrx_word' id='word_1_484' title='bbox 3351 2969 3553 3026; x_wconf 75' lang='lat' dir='ltr'><strong>COgno-</strong></span> 
     </span>
    </p>
   </div>
   <div class='ocr_carea' id='block_1_61' title="bbox 1955 3038 3555 3118">
    <p class='ocr_par' dir='ltr' id='par_1_61' title="bbox 1955 3038 3555 3118">
     <span class='ocr_line' id='line_1_61' title="bbox 1955 3038 3555 3118; baseline 0.009 -27"><span class='ocrx_word' id='word_1_485' title='bbox 1955 3038 2122 3094; x_wconf 86' lang='lat' dir='ltr'><strong>visset</strong></span> <span class='ocrx_word' id='word_1_486' title='bbox 2151 3038 2294 3094; x_wconf 85' lang='lat' dir='ltr'><strong>Booz</strong></span> <span class='ocrx_word' id='word_1_487' title='bbox 2325 3055 2559 3112; x_wconf 85' lang='lat' dir='ltr'><strong>proavus</strong></span> <span class='ocrx_word' id='word_1_488' title='bbox 2591 3041 2757 3098; x_wconf 88' lang='lat' dir='ltr'><strong>David</strong></span> <span class='ocrx_word' id='word_1_489' title='bbox 2787 3042 2974 3113; x_wconf 82' lang='lat' dir='ltr'><strong>(Ruth.</strong></span> <span class='ocrx_word' id='word_1_490' title='bbox 3015 3060 3089 3112; x_wconf 85' lang='lat' dir='ltr'><strong>tv,</strong></span> <span class='ocrx_word' id='word_1_491' title='bbox 3124 3047 3250 3117; x_wconf 75' lang='grc'><strong>15),</strong></span> <span class='ocrx_word' id='word_1_492' title='bbox 3284 3045 3447 3118; x_wconf 81' lang='lat' dir='ltr'><strong>juxta</strong></span> <span class='ocrx_word' id='word_1_493' title='bbox 3475 3049 3555 3106; x_wconf 90' lang='lat' dir='ltr'><strong>le-</strong></span> 
     </span>
    </p>
   </div>
   <div class='ocr_carea' id='block_1_62' title="bbox 1955 3133 3552 3210">
    <p class='ocr_par' dir='ltr' id='par_1_62' title="bbox 1955 3133 3552 3210">
     <span class='ocr_line' id='line_1_62' title="bbox 1955 3133 3552 3210; baseline 0.006 -22"><span class='ocrx_word' id='word_1_494' title='bbox 1955 3148 2078 3204; x_wconf 82' lang='lat' dir='ltr'><strong>gem</strong></span> <span class='ocrx_word' id='word_1_495' title='bbox 2110 3133 2316 3205; x_wconf 85' lang='lat' dir='ltr'><strong>Moysi,</strong></span> <span class='ocrx_word' id='word_1_496' title='bbox 2351 3143 2410 3189; x_wconf 92' lang='lat' dir='ltr'><strong>ut</strong></span> <span class='ocrx_word' id='word_1_497' title='bbox 2454 3150 2640 3191; x_wconf 92' lang='lat' dir='ltr'><strong>semen</strong></span> <span class='ocrx_word' id='word_1_498' title='bbox 2671 3136 2910 3193; x_wconf 81' lang='lat' dir='ltr'><strong>defuncti</strong></span> <span class='ocrx_word' id='word_1_499' title='bbox 2953 3138 3184 3210; x_wconf 81' lang='lat' dir='ltr'><strong>proximi</strong></span> <span class='ocrx_word' id='word_1_500' title='bbox 3225 3141 3552 3210; x_wconf 90' lang='lat' dir='ltr'><strong>suscitaret,</strong></span> 
     </span>
    </p>
   </div>
   <div class='ocr_carea' id='block_1_63' title="bbox 223 3227 2664 3305">
    <p class='ocr_par' dir='ltr' id='par_1_63' title="bbox 223 3227 2664 3305">
     <span class='ocr_line' id='line_1_63' title="bbox 223 3227 2664 3305; baseline -0.002 -17"><span class='ocrx_word' id='word_1_501' title='bbox 223 3232 390 3288; x_wconf 75' lang='lat' dir='ltr'><strong>Ruth</strong></span> <span class='ocrx_word' id='word_1_502' title='bbox 419 3271 434 3295; x_wconf 95' lang='lat'><strong>,</strong></span> <span class='ocrx_word' id='word_1_503' title='bbox 463 3246 585 3286; x_wconf 91' lang='lat' dir='ltr'><strong>cum</strong></span> <span class='ocrx_word' id='word_1_504' title='bbox 615 3240 760 3286; x_wconf 90' lang='lat' dir='ltr'><strong>esset</strong></span> <span class='ocrx_word' id='word_1_505' title='bbox 786 3229 1089 3300; x_wconf 85' lang='lat' dir='ltr'><strong>alienigena</strong></span> <span class='ocrx_word' id='word_1_506' title='bbox 1112 3273 1126 3297; x_wconf 95' lang='lat'><strong>,</strong></span> <span class='ocrx_word' id='word_1_507' title='bbox 1157 3229 1346 3286; x_wconf 65' lang='lat' dir='ltr'><strong>Iudaeo</strong></span> <span class='ocrx_word' id='word_1_508' title='bbox 1377 3232 1606 3301; x_wconf 88' lang='lat' dir='ltr'><strong>nupsit?</strong></span> <span class='ocrx_word' id='word_1_509' title='bbox 1637 3229 1708 3284; x_wconf 87' lang='lat' dir='ltr'><strong>Et</strong></span> <span class='ocrx_word' id='word_1_510' title='bbox 1746 3245 1849 3300; x_wconf 89' lang='lat' dir='ltr'><strong>qua</strong></span> <span class='ocrx_word' id='word_1_511' title='bbox 1878 3242 1924 3305; x_wconf 70' lang='grc' dir='ltr'>ο</span> <span class='ocrx_word' id='word_1_512' title='bbox 1955 3242 2074 3282; x_wconf 90' lang='lat' dir='ltr'><strong>eam</strong></span> <span class='ocrx_word' id='word_1_513' title='bbox 2100 3227 2202 3282; x_wconf 90' lang='lat' dir='ltr'><strong>sibi</strong></span> <span class='ocrx_word' id='word_1_514' title='bbox 2233 3228 2396 3299; x_wconf 87' lang='lat' dir='ltr'><strong>elegit</strong></span> <span class='ocrx_word' id='word_1_515' title='bbox 2421 3245 2664 3286; x_wconf 89' lang='lat' dir='ltr'><strong>uxorem.</strong></span> 
     </span>
    </p>
   </div>
   <div class='ocr_carea' id='block_1_64' title="bbox 225 3321 1852 3394">
    <p class='ocr_par' dir='ltr' id='par_1_64' title="bbox 225 3321 1852 3394">
     <span class='ocr_line' id='line_1_64' title="bbox 225 3321 1852 3394; baseline -0.004 -12"><span class='ocrx_word' id='word_1_516' title='bbox 225 3324 459 3382; x_wconf 82' lang='lat' dir='ltr'><strong>ratione</strong></span> <span class='ocrx_word' id='word_1_517' title='bbox 500 3323 552 3376; x_wconf 92' lang='lat' dir='ltr'><strong>in</strong></span> <span class='ocrx_word' id='word_1_518' title='bbox 591 3321 792 3378; x_wconf 89' lang='lat' dir='ltr'><strong>Cbristi</strong></span> <span class='ocrx_word' id='word_1_519' title='bbox 821 3323 1176 3394; x_wconf 88' lang='lat' dir='ltr'><strong>generatione</strong></span> <span class='ocrx_word' id='word_1_520' title='bbox 1219 3323 1335 3394; x_wconf 90' lang='lat' dir='ltr'><strong>ejus</strong></span> <span class='ocrx_word' id='word_1_521' title='bbox 1376 3325 1583 3393; x_wconf 87' lang='lat' dir='ltr'><strong>putavit</strong></span> <span class='ocrx_word' id='word_1_522' title='bbox 1619 3337 1852 3393; x_wconf 88' lang='lat' dir='ltr'><strong>evange-</strong></span> 
     </span>
    </p>
   </div>
   <div class='ocr_carea' id='block_1_65' title="bbox 223 3417 1856 3490">
    <p class='ocr_par' dir='ltr' id='par_1_65' title="bbox 223 3417 1856 3490">
     <span class='ocr_line' id='line_1_65' title="bbox 223 3417 1856 3490; baseline -0.003 -13"><span class='ocrx_word' id='word_1_523' title='bbox 223 3420 363 3477; x_wconf 68' lang='lat' dir='ltr'><strong>lista</strong></span> <span class='ocrx_word' id='word_1_524' title='bbox 394 3418 608 3488; x_wconf 68' lang='lat' dir='ltr'><strong>copulae</strong></span> <span class='ocrx_word' id='word_1_525' title='bbox 635 3417 1214 3474; x_wconf 85' lang='lat' dir='ltr'><strong>commemorationem</strong></span> <span class='ocrx_word' id='word_1_526' title='bbox 1253 3431 1376 3472; x_wconf 91' lang='lat' dir='ltr'><strong>esse</strong></span> <span class='ocrx_word' id='word_1_527' title='bbox 1413 3417 1625 3490; x_wconf 75' lang='lat'><strong>1325</strong></span> <span class='ocrx_word' id='word_1_528' title='bbox 1653 3417 1856 3472; x_wconf 84' lang='lat' dir='ltr'><strong>facien-</strong></span> 
     </span>
    </p>
   </div>
   <div class='ocr_carea' id='block_1_66' title="bbox 226 3507 1857 3582">
    <p class='ocr_par' dir='ltr' id='par_1_66' title="bbox 226 3507 1857 3582">
     <span class='ocr_line' id='line_1_66' title="bbox 226 3507 1857 3582; baseline -0.002 -14"><span class='ocrx_word' id='word_1_529' title='bbox 226 3512 395 3578; x_wconf 81' lang='lat' dir='ltr'><strong>dam,</strong></span> <span class='ocrx_word' id='word_1_530' title='bbox 427 3526 549 3582; x_wconf 83' lang='lat' dir='ltr'><strong>quae</strong></span> <span class='ocrx_word' id='word_1_531' title='bbox 580 3510 738 3581; x_wconf 86' lang='lat' dir='ltr'><strong>Legis</strong></span> <span class='ocrx_word' id='word_1_532' title='bbox 773 3511 916 3566; x_wconf 90' lang='lat' dir='ltr'><strong>serie</strong></span> <span class='ocrx_word' id='word_1_533' title='bbox 946 3510 1269 3565; x_wconf 83' lang='lat' dir='ltr'><strong>vetabatur?</strong></span> <span class='ocrx_word' id='word_1_534' title='bbox 1300 3507 1328 3546; x_wconf 77' lang='grc' dir='ltr'>ι)</span> <span class='ocrx_word' id='word_1_535' title='bbox 1356 3507 1474 3564; x_wconf 84' lang='grc' dir='ltr'><strong>Νοη</strong></span> <span class='ocrx_word' id='word_1_536' title='bbox 1521 3523 1652 3580; x_wconf 87' lang='lat' dir='ltr'><strong>ergo</strong></span> <span class='ocrx_word' id='word_1_537' title='bbox 1681 3523 1746 3564; x_wconf 81' lang='lat' dir='ltr'><strong>ex</strong></span> <span class='ocrx_word' id='word_1_538' title='bbox 1780 3509 1857 3564; x_wconf 87' lang='lat' dir='ltr'><strong>le-</strong></span> 
     </span>
    </p>
   </div>
   <div class='ocr_carea' id='block_1_67' title="bbox 225 3605 1855 3682">
    <p class='ocr_par' dir='ltr' id='par_1_67' title="bbox 225 3605 1855 3682">
     <span class='ocr_line' id='line_1_67' title="bbox 225 3605 1855 3682; baseline -0.003 -18"><span class='ocrx_word' id='word_1_539' title='bbox 225 3610 436 3682; x_wconf 77' lang='lat' dir='ltr'><strong>gitima</strong></span> <span class='ocrx_word' id='word_1_540' title='bbox 469 3607 719 3663; x_wconf 85' lang='lat' dir='ltr'><strong>Salvator</strong></span> <span class='ocrx_word' id='word_1_541' title='bbox 745 3607 1098 3678; x_wconf 86' lang='lat' dir='ltr'><strong>generatione</strong></span> <span class='ocrx_word' id='word_1_542' title='bbox 1125 3606 1359 3662; x_wconf 88' lang='lat' dir='ltr'><strong>manavit</strong></span> <span class='ocrx_word' id='word_1_543' title='bbox 1393 3606 1573 3678; x_wconf 85' lang='lat' dir='ltr'><strong>(Deut.</strong></span> <span class='ocrx_word' id='word_1_544' title='bbox 1596 3605 1855 3677; x_wconf 79' lang='lat' dir='ltr'><strong>xxnt,5)?</strong></span> 
     </span>
    </p>
   </div>
   <div class='ocr_carea' id='block_1_68' title="bbox 235 3698 1855 3770">
    <p class='ocr_par' dir='ltr' id='par_1_68' title="bbox 235 3698 1855 3770">
     <span class='ocr_line' id='line_1_68' title="bbox 235 3698 1855 3770; baseline -0.001 -15"><span class='ocrx_word' id='word_1_545' title='bbox 235 3701 484 3757; x_wconf 72' lang='lat' dir='ltr'><strong>Videtur</strong></span> <span class='ocrx_word' id='word_1_546' title='bbox 510 3715 630 3756; x_wconf 91' lang='lat' dir='ltr'><strong>esse</strong></span> <span class='ocrx_word' id='word_1_547' title='bbox 670 3699 916 3755; x_wconf 82' lang='lat' dir='ltr'><strong>deforme</strong></span> <span class='ocrx_word' id='word_1_548' title='bbox 941 3741 958 3766; x_wconf 93' lang='lat'><strong>,</strong></span> <span class='ocrx_word' id='word_1_549' title='bbox 987 3699 1092 3754; x_wconf 91' lang='lat' dir='ltr'><strong>nisi</strong></span> <span class='ocrx_word' id='word_1_550' title='bbox 1131 3698 1198 3753; x_wconf 91' lang='lat' dir='ltr'><strong>ad</strong></span> <span class='ocrx_word' id='word_1_551' title='bbox 1227 3700 1596 3770; x_wconf 81' lang='lat' dir='ltr'><strong>ApOstolicam</strong></span> <span class='ocrx_word' id='word_1_552' title='bbox 1630 3708 1855 3754; x_wconf 89' lang='lat' dir='ltr'><strong>senten-</strong></span> 
     </span>
    </p>
   </div>
   <div class='ocr_carea' id='block_1_69' title="bbox 236 3793 1859 3866">
    <p class='ocr_par' dir='ltr' id='par_1_69' title="bbox 236 3793 1859 3866">
     <span class='ocr_line' id='line_1_69' title="bbox 236 3793 1859 3866; baseline -0.006 -11"><span class='ocrx_word' id='word_1_553' title='bbox 236 3797 380 3854; x_wconf 88' lang='lat' dir='ltr'><strong>tiam</strong></span> <span class='ocrx_word' id='word_1_554' title='bbox 415 3795 727 3859; x_wconf 89' lang='lat' dir='ltr'><strong>revertaris,</strong></span> <span class='ocrx_word' id='word_1_555' title='bbox 753 3795 872 3866; x_wconf 85' lang='lat' dir='ltr'><strong>quia</strong></span> <span class='ocrx_word' id='word_1_556' title='bbox 891 3794 975 3848; x_wconf 74' lang='lat' dir='ltr'><strong>lex</strong></span> <span class='ocrx_word' id='word_1_557' title='bbox 1003 3811 1106 3848; x_wconf 86' lang='lat' dir='ltr'><strong>non</strong></span> <span class='ocrx_word' id='word_1_558' title='bbox 1132 3803 1204 3848; x_wconf 72' lang='lat' dir='ltr'><strong>est</strong></span> <span class='ocrx_word' id='word_1_559' title='bbox 1225 3794 1383 3864; x_wconf 82' lang='lat' dir='ltr'><strong>justis</strong></span> <span class='ocrx_word' id='word_1_560' title='bbox 1412 3794 1580 3864; x_wconf 79' lang='lat' dir='ltr'><strong>posita</strong></span> <span class='ocrx_word' id='word_1_561' title='bbox 1607 3835 1621 3859; x_wconf 94' lang='lat'><strong>,</strong></span> <span class='ocrx_word' id='word_1_562' title='bbox 1655 3795 1742 3848; x_wconf 82' lang='lat' dir='ltr'><strong>sed</strong></span> <span class='ocrx_word' id='word_1_563' title='bbox 1776 3793 1859 3847; x_wconf 84' lang='lat' dir='ltr'><strong>in-</strong></span> 
     </span>
    </p>
   </div>
   <div class='ocr_carea' id='block_1_70' title="bbox 223 3885 1860 3967">
    <p class='ocr_par' dir='ltr' id='par_1_70' title="bbox 223 3885 1860 3967">
     <span class='ocr_line' id='line_1_70' title="bbox 223 3885 1860 3967; baseline -0.004 -22"><span class='ocrx_word' id='word_1_564' title='bbox 223 3890 432 3967; x_wconf 75' lang='lat' dir='ltr'><strong>justis.</strong></span> <span class='ocrx_word' id='word_1_565' title='bbox 463 3887 589 3944; x_wconf 73' lang='lat' dir='ltr'><strong>llzec</strong></span> <span class='ocrx_word' id='word_1_566' title='bbox 611 3889 757 3944; x_wconf 90' lang='lat' dir='ltr'><strong>enim</strong></span> <span class='ocrx_word' id='word_1_567' title='bbox 786 3903 906 3942; x_wconf 91' lang='lat' dir='ltr'><strong>cum</strong></span> <span class='ocrx_word' id='word_1_568' title='bbox 937 3887 1008 3942; x_wconf 89' lang='lat' dir='ltr'><strong>sit</strong></span> <span class='ocrx_word' id='word_1_569' title='bbox 1045 3885 1317 3957; x_wconf 88' lang='lat' dir='ltr'><strong>alinigena</strong></span> <span class='ocrx_word' id='word_1_570' title='bbox 1336 3895 1391 3942; x_wconf 93' lang='lat' dir='ltr'><strong>et</strong></span> <span class='ocrx_word' id='word_1_571' title='bbox 1418 3885 1664 3941; x_wconf 81' lang='lat' dir='ltr'><strong>Moabitis</strong></span> <span class='ocrx_word' id='word_1_572' title='bbox 1697 3885 1860 3956; x_wconf 71' lang='lat' dir='ltr'><strong>(pra:-</strong></span> 
     </span>
    </p>
   </div>
   <div class='ocr_carea' id='block_1_71' title="bbox 235 3979 1859 4054">
    <p class='ocr_par' dir='ltr' id='par_1_71' title="bbox 235 3979 1859 4054">
     <span class='ocr_line' id='line_1_71' title="bbox 235 3979 1859 4054; baseline -0.007 -10"><span class='ocrx_word' id='word_1_573' title='bbox 235 3986 444 4044; x_wconf 83' lang='lat' dir='ltr'><strong>sertim</strong></span> <span class='ocrx_word' id='word_1_574' title='bbox 475 3997 598 4038; x_wconf 90' lang='lat' dir='ltr'><strong>cum</strong></span> <span class='ocrx_word' id='word_1_575' title='bbox 639 3983 722 4038; x_wconf 86' lang='lat' dir='ltr'><strong>lex</strong></span> <span class='ocrx_word' id='word_1_576' title='bbox 751 3982 922 4054; x_wconf 81' lang='lat' dir='ltr'><strong>Moysi</strong></span> <span class='ocrx_word' id='word_1_577' title='bbox 966 3980 1276 4052; x_wconf 87' lang='lat' dir='ltr'><strong>prohiberet</strong></span> <span class='ocrx_word' id='word_1_578' title='bbox 1308 3979 1405 4036; x_wconf 85' lang='lat' dir='ltr'><strong>bas</strong></span> <span class='ocrx_word' id='word_1_579' title='bbox 1433 3979 1671 4050; x_wconf 89' lang='lat' dir='ltr'><strong>nuptias,</strong></span> <span class='ocrx_word' id='word_1_580' title='bbox 1717 3979 1859 4033; x_wconf 80' lang='lat' dir='ltr'><strong>Moa-</strong></span> 
     </span>
    </p>
   </div>
   <div class='ocr_carea' id='block_1_72' title="bbox 241 4072 1861 4148">
    <p class='ocr_par' dir='ltr' id='par_1_72' title="bbox 241 4072 1861 4148">
     <span class='ocr_line' id='line_1_72' title="bbox 241 4072 1861 4148; baseline -0.005 -12"><span class='ocrx_word' id='word_1_581' title='bbox 241 4079 507 4148; x_wconf 81' lang='lat' dir='ltr'><strong>bitasque</strong></span> <span class='ocrx_word' id='word_1_582' title='bbox 545 4074 863 4131; x_wconf 81' lang='lat' dir='ltr'><strong>excluderet</strong></span> <span class='ocrx_word' id='word_1_583' title='bbox 895 4073 963 4128; x_wconf 89' lang='lat' dir='ltr'><strong>ab</strong></span> <span class='ocrx_word' id='word_1_584' title='bbox 997 4073 1276 4138; x_wconf 88' lang='lat' dir='ltr'><strong>Ecclesia;</strong></span> <span class='ocrx_word' id='word_1_585' title='bbox 1305 4073 1384 4128; x_wconf 90' lang='lat' dir='ltr'><strong>sic</strong></span> <span class='ocrx_word' id='word_1_586' title='bbox 1420 4072 1568 4129; x_wconf 90' lang='lat' dir='ltr'><strong>enim</strong></span> <span class='ocrx_word' id='word_1_587' title='bbox 1598 4072 1861 4142; x_wconf 76' lang='lat' dir='ltr'><strong>scriptum</strong></span> 
     </span>
    </p>
   </div>
   <div class='ocr_carea' id='block_1_73' title="bbox 240 4165 1865 4244">
    <p class='ocr_par' dir='ltr' id='par_1_73' title="bbox 240 4165 1865 4244">
     <span class='ocr_line' id='line_1_73' title="bbox 240 4165 1865 4244; baseline -0.004 -18"><span class='ocrx_word' id='word_1_588' title='bbox 240 4182 333 4231; x_wconf 85' lang='lat' dir='ltr'><strong>est</strong></span> <span class='ocrx_word' id='word_1_589' title='bbox 353 4169 506 4244; x_wconf 85' lang='lat' dir='ltr'><strong>(Ibid</strong></span> <span class='ocrx_word' id='word_1_590' title='bbox 514 4167 553 4241; x_wconf 95' lang='lat'><strong>.)</strong></span> <span class='ocrx_word' id='word_1_591' title='bbox 572 4167 845 4223; x_wconf 77' lang='lat' dir='ltr'><strong>:Moabitw</strong></span> <span class='ocrx_word' id='word_1_592' title='bbox 855 4184 956 4222; x_wconf 90' lang='lat' dir='ltr'><strong>non</strong></span> <span class='ocrx_word' id='word_1_593' title='bbox 975 4166 1326 4222; x_wconf 86' lang='lat' dir='ltr'><strong>iutroibuntin</strong></span> <span class='ocrx_word' id='word_1_594' title='bbox 1344 4165 1632 4222; x_wconf 78' lang='lat' dir='ltr'><strong>Ecclesium</strong></span> <span class='ocrx_word' id='word_1_595' title='bbox 1653 4165 1865 4221; x_wconf 84' lang='lat' dir='ltr'><strong>Domini</strong></span> 
     </span>
    </p>
   </div>
   <div class='ocr_carea' id='block_1_74' title="bbox 245 4259 1865 4336">
    <p class='ocr_par' dir='ltr' id='par_1_74' title="bbox 245 4259 1865 4336">
     <span class='ocr_line' id='line_1_74' title="bbox 245 4259 1865 4336; baseline -0.004 -18"><span class='ocrx_word' id='word_1_596' title='bbox 245 4279 421 4336; x_wconf 68' lang='lat' dir='ltr'><strong>usque</strong></span> <span class='ocrx_word' id='word_1_597' title='bbox 442 4264 512 4316; x_wconf 85' lang='lat' dir='ltr'><strong>ad</strong></span> <span class='ocrx_word' id='word_1_598' title='bbox 537 4261 745 4316; x_wconf 86' lang='lat' dir='ltr'><strong>tertiam</strong></span> <span class='ocrx_word' id='word_1_599' title='bbox 767 4269 814 4316; x_wconf 89' lang='lat' dir='ltr'><strong>et</strong></span> <span class='ocrx_word' id='word_1_600' title='bbox 840 4269 1077 4331; x_wconf 87' lang='lat' dir='ltr'><strong>quartam</strong></span> <span class='ocrx_word' id='word_1_601' title='bbox 1107 4259 1483 4333; x_wconf 81' lang='lat' dir='ltr'><strong>generationem</strong></span> <span class='ocrx_word' id='word_1_602' title='bbox 1511 4299 1526 4325; x_wconf 92' lang='lat'><strong>,</strong></span> <span class='ocrx_word' id='word_1_603' title='bbox 1558 4267 1604 4313; x_wconf 87' lang='lat' dir='ltr'><strong>et</strong></span> <span class='ocrx_word' id='word_1_604' title='bbox 1635 4275 1792 4328; x_wconf 83' lang='lat' dir='ltr'><strong>usque</strong></span> <span class='ocrx_word' id='word_1_605' title='bbox 1811 4259 1865 4313; x_wconf 89' lang='lat' dir='ltr'><strong>in</strong></span> 
     </span>
    </p>
   </div>
   <div class='ocr_carea' id='block_1_75' title="bbox 247 4349 1868 4426">
    <p class='ocr_par' dir='ltr' id='par_1_75' title="bbox 247 4349 1868 4426">
     <span class='ocr_line' id='line_1_75' title="bbox 247 4349 1868 4426; baseline -0.006 -12"><span class='ocrx_word' id='word_1_606' title='bbox 247 4355 534 4425; x_wconf 65' lang='lat' dir='ltr'><strong>meatum)</strong></span> <span class='ocrx_word' id='word_1_607' title='bbox 560 4352 839 4426; x_wconf 88' lang='lat' dir='ltr'><strong>quomodo</strong></span> <span class='ocrx_word' id='word_1_608' title='bbox 869 4351 1095 4407; x_wconf 83' lang='lat' dir='ltr'><strong>intravit</strong></span> <span class='ocrx_word' id='word_1_609' title='bbox 1133 4350 1188 4406; x_wconf 90' lang='lat' dir='ltr'><strong>in</strong></span> <span class='ocrx_word' id='word_1_610' title='bbox 1225 4350 1524 4406; x_wconf 77' lang='lat' dir='ltr'><strong>Ecclesium</strong></span> <span class='ocrx_word' id='word_1_611' title='bbox 1551 4390 1568 4418; x_wconf 93' lang='lat'><strong>,</strong></span> <span class='ocrx_word' id='word_1_612' title='bbox 1601 4349 1704 4405; x_wconf 89' lang='lat' dir='ltr'><strong>nisi</strong></span> <span class='ocrx_word' id='word_1_613' title='bbox 1743 4350 1868 4422; x_wconf 86' lang='lat' dir='ltr'><strong>quia</strong></span> 
     </span>
    </p>
   </div>
   <div class='ocr_carea' id='block_1_76' title="bbox 249 4443 1870 4515">
    <p class='ocr_par' dir='ltr' id='par_1_76' title="bbox 249 4443 1870 4515">
     <span class='ocr_line' id='line_1_76' title="bbox 249 4443 1870 4515; baseline -0.007 -7"><span class='ocrx_word' id='word_1_614' title='bbox 249 4459 455 4508; x_wconf 81' lang='lat' dir='ltr'><strong>s:mcta</strong></span> <span class='ocrx_word' id='word_1_615' title='bbox 481 4459 536 4506; x_wconf 90' lang='lat' dir='ltr'><strong>et</strong></span> <span class='ocrx_word' id='word_1_616' title='bbox 563 4447 906 4504; x_wconf 88' lang='lat' dir='ltr'><strong>inunaculata</strong></span> <span class='ocrx_word' id='word_1_617' title='bbox 929 4445 1168 4502; x_wconf 86' lang='lat' dir='ltr'><strong>moribus</strong></span> <span class='ocrx_word' id='word_1_618' title='bbox 1196 4459 1358 4515; x_wconf 78' lang='lat' dir='ltr'><strong>supra</strong></span> <span class='ocrx_word' id='word_1_619' title='bbox 1386 4444 1560 4514; x_wconf 86' lang='lat' dir='ltr'><strong>legem</strong></span> <span class='ocrx_word' id='word_1_620' title='bbox 1582 4443 1720 4500; x_wconf 88' lang='lat' dir='ltr'><strong>facta</strong></span> <span class='ocrx_word' id='word_1_621' title='bbox 1745 4444 1870 4499; x_wconf 86' lang='lat' dir='ltr'><strong>est?</strong></span> 
     </span>
    </p>
   </div>
   <div class='ocr_carea' id='block_1_77' title="bbox 251 4538 1870 4613">
    <p class='ocr_par' dir='ltr' id='par_1_77' title="bbox 251 4538 1870 4613">
     <span class='ocr_line' id='line_1_77' title="bbox 251 4538 1870 4613; baseline -0.004 -12"><span class='ocrx_word' id='word_1_622' title='bbox 251 4546 318 4604; x_wconf 88' lang='lat' dir='ltr'><strong>Si</strong></span> <span class='ocrx_word' id='word_1_623' title='bbox 347 4545 500 4602; x_wconf 88' lang='lat' dir='ltr'><strong>enim</strong></span> <span class='ocrx_word' id='word_1_624' title='bbox 524 4542 636 4599; x_wconf 88' lang='lat' dir='ltr'><strong>Lex</strong></span> <span class='ocrx_word' id='word_1_625' title='bbox 661 4541 843 4613; x_wconf 91' lang='lat' dir='ltr'><strong>impiis</strong></span> <span class='ocrx_word' id='word_1_626' title='bbox 873 4547 927 4596; x_wconf 89' lang='lat' dir='ltr'><strong>et</strong></span> <span class='ocrx_word' id='word_1_627' title='bbox 953 4539 1334 4611; x_wconf 88' lang='lat' dir='ltr'><strong>peccatoribus</strong></span> <span class='ocrx_word' id='word_1_628' title='bbox 1359 4539 1530 4610; x_wconf 90' lang='lat' dir='ltr'><strong>posita</strong></span> <span class='ocrx_word' id='word_1_629' title='bbox 1559 4548 1662 4606; x_wconf 91' lang='lat' dir='ltr'><strong>est,</strong></span> <span class='ocrx_word' id='word_1_630' title='bbox 1687 4538 1870 4610; x_wconf 86' lang='lat' dir='ltr'><strong>utique</strong></span> 
     </span>
    </p>
   </div>
   <div class='ocr_carea' id='block_1_78' title="bbox 2031 3321 3558 3402">
    <p class='ocr_par' dir='ltr' id='par_1_78' title="bbox 2031 3321 3558 3402">
     <span class='ocr_line' id='line_1_78' title="bbox 2031 3321 3558 3402; baseline 0.008 -26"><span class='ocrx_word' id='word_1_631' title='bbox 2031 3321 2123 3376; x_wconf 70' lang='grc'>52.</span> <span class='ocrx_word' id='word_1_632' title='bbox 2167 3321 2357 3377; x_wconf 83' lang='lat' dir='ltr'><strong>Refert</strong></span> <span class='ocrx_word' id='word_1_633' title='bbox 2384 3331 2564 3378; x_wconf 91' lang='lat' dir='ltr'><strong>autem</strong></span> <span class='ocrx_word' id='word_1_634' title='bbox 2596 3325 2882 3382; x_wconf 79' lang='lat' dir='ltr'><strong>advertere</strong></span> <span class='ocrx_word' id='word_1_635' title='bbox 2910 3325 3051 3398; x_wconf 91' lang='lat' dir='ltr'><strong>quod</strong></span> <span class='ocrx_word' id='word_1_636' title='bbox 3080 3336 3136 3384; x_wconf 91' lang='lat' dir='ltr'><strong>et</strong></span> <span class='ocrx_word' id='word_1_637' title='bbox 3163 3329 3213 3382; x_wconf 92' lang='lat' dir='ltr'><strong>in</strong></span> <span class='ocrx_word' id='word_1_638' title='bbox 3237 3344 3369 3402; x_wconf 88' lang='lat' dir='ltr'><strong>agro</strong></span> <span class='ocrx_word' id='word_1_639' title='bbox 3395 3329 3558 3400; x_wconf 90' lang='lat' dir='ltr'><strong>pleno</strong></span> 
     </span>
    </p>
   </div>
   <div class='ocr_carea' id='block_1_79' title="bbox 1958 3415 3555 3496">
    <p class='ocr_par' dir='ltr' id='par_1_79' title="bbox 1958 3415 3555 3496">
     <span class='ocr_line' id='line_1_79' title="bbox 1958 3415 3555 3496; baseline 0.008 -28"><span class='ocrx_word' id='word_1_640' title='bbox 1958 3415 2150 3470; x_wconf 87' lang='lat' dir='ltr'><strong>messis</strong></span> <span class='ocrx_word' id='word_1_641' title='bbox 2181 3426 2416 3484; x_wconf 88' lang='lat' dir='ltr'><strong>reperta,</strong></span> <span class='ocrx_word' id='word_1_642' title='bbox 2444 3416 2773 3487; x_wconf 89' lang='lat' dir='ltr'><strong>manipulos,</strong></span> <span class='ocrx_word' id='word_1_643' title='bbox 2804 3420 2943 3475; x_wconf 91' lang='lat' dir='ltr'><strong>sicut</strong></span> <span class='ocrx_word' id='word_1_644' title='bbox 2966 3420 3230 3493; x_wconf 90' lang='lat' dir='ltr'><strong>scriptum</strong></span> <span class='ocrx_word' id='word_1_645' title='bbox 3254 3433 3335 3479; x_wconf 90' lang='lat' dir='ltr'><strong>est</strong></span> <span class='ocrx_word' id='word_1_646' title='bbox 3364 3421 3555 3496; x_wconf 84' lang='lat' dir='ltr'><strong>(Ruth.</strong></span> 
     </span>
    </p>
   </div>
   <div class='ocr_carea' id='block_1_80' title="bbox 1959 3513 3556 3587">
    <p class='ocr_par' dir='ltr' id='par_1_80' title="bbox 1959 3513 3556 3587">
     <span class='ocr_line' id='line_1_80' title="bbox 1959 3513 3556 3587; baseline 0.006 -19"><span class='ocrx_word' id='word_1_647' title='bbox 1959 3528 2024 3579; x_wconf 88' lang='lat' dir='ltr'><strong>tt,</strong></span> <span class='ocrx_word' id='word_1_648' title='bbox 2053 3513 2169 3586; x_wconf 80' lang='lat'><strong>17),</strong></span> <span class='ocrx_word' id='word_1_649' title='bbox 2199 3515 2486 3586; x_wconf 88' lang='lat' dir='ltr'><strong>colligens,</strong></span> <span class='ocrx_word' id='word_1_650' title='bbox 2519 3525 2573 3572; x_wconf 93' lang='lat' dir='ltr'><strong>et</strong></span> <span class='ocrx_word' id='word_1_651' title='bbox 2599 3517 2779 3573; x_wconf 90' lang='lat' dir='ltr'><strong>socrui</strong></span> <span class='ocrx_word' id='word_1_652' title='bbox 2803 3517 3011 3576; x_wconf 89' lang='lat' dir='ltr'><strong>fructus</strong></span> <span class='ocrx_word' id='word_1_653' title='bbox 3034 3535 3339 3587; x_wconf 88' lang='lat' dir='ltr'><strong>reservans,</strong></span> <span class='ocrx_word' id='word_1_654' title='bbox 3365 3531 3421 3580; x_wconf 91' lang='lat' dir='ltr'><strong>et</strong></span> <span class='ocrx_word' id='word_1_655' title='bbox 3447 3538 3556 3578; x_wconf 90' lang='lat' dir='ltr'><strong>non</strong></span> 
     </span>
    </p>
   </div>
   <div class='ocr_carea' id='block_1_81' title="bbox 1959 3606 3556 3684">
    <p class='ocr_par' dir='ltr' id='par_1_81' title="bbox 1959 3606 3556 3684">
     <span class='ocr_line' id='line_1_81' title="bbox 1959 3606 3556 3684; baseline 0.006 -24"><span class='ocrx_word' id='word_1_656' title='bbox 1959 3619 2082 3676; x_wconf 78' lang='lat' dir='ltr'><strong>poSt</strong></span> <span class='ocrx_word' id='word_1_657' title='bbox 2107 3606 2362 3676; x_wconf 87' lang='lat' dir='ltr'><strong>juvenem</strong></span> <span class='ocrx_word' id='word_1_658' title='bbox 2389 3608 2556 3675; x_wconf 90' lang='lat' dir='ltr'><strong>abiit,</strong></span> <span class='ocrx_word' id='word_1_659' title='bbox 2586 3608 2682 3666; x_wconf 90' lang='lat' dir='ltr'><strong>sed</strong></span> <span class='ocrx_word' id='word_1_660' title='bbox 2709 3611 2881 3666; x_wconf 89' lang='lat' dir='ltr'><strong>virum</strong></span> <span class='ocrx_word' id='word_1_661' title='bbox 2912 3612 3210 3684; x_wconf 87' lang='lat' dir='ltr'><strong>perfectum</strong></span> <span class='ocrx_word' id='word_1_662' title='bbox 3235 3623 3419 3670; x_wconf 90' lang='lat' dir='ltr'><strong>secuta</strong></span> <span class='ocrx_word' id='word_1_663' title='bbox 3449 3623 3556 3682; x_wconf 91' lang='lat' dir='ltr'><strong>est,</strong></span> 
     </span>
    </p>
   </div>
   <div class='ocr_carea' id='block_1_82' title="bbox 1967 3698 3560 3770">
    <p class='ocr_par' dir='ltr' id='par_1_82' title="bbox 1967 3698 3560 3770">
     <span class='ocr_line' id='line_1_82' title="bbox 1967 3698 3560 3770; baseline 0.005 -18"><span class='ocrx_word' id='word_1_664' title='bbox 1967 3698 2180 3770; x_wconf 75' lang='lat'><strong>1326</strong></span> <span class='ocrx_word' id='word_1_665' title='bbox 2209 3699 2352 3755; x_wconf 88' lang='lat' dir='ltr'><strong>unde</strong></span> <span class='ocrx_word' id='word_1_666' title='bbox 2375 3709 2431 3756; x_wconf 89' lang='lat' dir='ltr'><strong>et</strong></span> <span class='ocrx_word' id='word_1_667' title='bbox 2462 3701 2659 3756; x_wconf 90' lang='lat' dir='ltr'><strong>meruit</strong></span> <span class='ocrx_word' id='word_1_668' title='bbox 2701 3702 2889 3760; x_wconf 89' lang='lat' dir='ltr'><strong>audire</strong></span> <span class='ocrx_word' id='word_1_669' title='bbox 2924 3721 2936 3756; x_wconf 92' lang='lat'><strong>:</strong></span> <span class='ocrx_word' id='word_1_670' title='bbox 2970 3703 3102 3770; x_wconf 84' lang='lat' dir='ltr'><strong>Quia</strong></span> <span class='ocrx_word' id='word_1_671' title='bbox 3129 3706 3314 3759; x_wconf 81' lang='lat' dir='ltr'><strong>mulier</strong></span> <span class='ocrx_word' id='word_1_672' title='bbox 3356 3706 3560 3762; x_wconf 79' lang='lat' dir='ltr'><strong>virtutis</strong></span> 
     </span>
    </p>
   </div>
   <div class='ocr_carea' id='block_1_83' title="bbox 1961 3795 3559 3865">
    <p class='ocr_par' dir='ltr' id='par_1_83' title="bbox 1961 3795 3559 3865">
     <span class='ocr_line' id='line_1_83' title="bbox 1961 3795 3559 3865; baseline 0.004 -19"><span class='ocrx_word' id='word_1_673' title='bbox 1961 3809 2014 3847; x_wconf 80' lang='lat' dir='ltr'><strong>es</strong></span> <span class='ocrx_word' id='word_1_674' title='bbox 2046 3803 2135 3859; x_wconf 88' lang='lat' dir='ltr'><strong>tu;</strong></span> <span class='ocrx_word' id='word_1_675' title='bbox 2165 3795 2243 3849; x_wconf 80' lang='lat' dir='ltr'><strong>vel</strong></span> <span class='ocrx_word' id='word_1_676' title='bbox 2272 3796 2393 3864; x_wconf 86' lang='lat' dir='ltr'><strong>quia</strong></span> <span class='ocrx_word' id='word_1_677' title='bbox 2419 3795 2545 3850; x_wconf 85' lang='lat' dir='ltr'><strong>bene</strong></span> <span class='ocrx_word' id='word_1_678' title='bbox 2565 3795 2738 3865; x_wconf 77' lang='lat' dir='ltr'><strong>fecisti</strong></span> <span class='ocrx_word' id='word_1_679' title='bbox 2766 3797 3172 3851; x_wconf 76' lang='lat' dir='ltr'><strong>misericordiam</strong></span> <span class='ocrx_word' id='word_1_680' title='bbox 3214 3808 3356 3852; x_wconf 85' lang='lat' dir='ltr'><strong>tuam</strong></span> <span class='ocrx_word' id='word_1_681' title='bbox 3383 3800 3559 3854; x_wconf 83' lang='lat' dir='ltr'><strong>novis-</strong></span> 
     </span>
    </p>
   </div>
   <div class='ocr_carea' id='block_1_84' title="bbox 1961 3885 3564 3957">
    <p class='ocr_par' dir='ltr' id='par_1_84' title="bbox 1961 3885 3564 3957">
     <span class='ocr_line' id='line_1_84' title="bbox 1961 3885 3564 3957; baseline 0.004 -18"><span class='ocrx_word' id='word_1_682' title='bbox 1961 3885 2148 3939; x_wconf 86' lang='lat' dir='ltr'><strong>simam</strong></span> <span class='ocrx_word' id='word_1_683' title='bbox 2173 3926 2188 3951; x_wconf 96' lang='lat'><strong>,</strong></span> <span class='ocrx_word' id='word_1_684' title='bbox 2235 3887 2352 3956; x_wconf 86' lang='lat' dir='ltr'><strong>plus</strong></span> <span class='ocrx_word' id='word_1_685' title='bbox 2391 3902 2543 3956; x_wconf 83' lang='lat' dir='ltr'><strong>quam</strong></span> <span class='ocrx_word' id='word_1_686' title='bbox 2573 3887 2792 3957; x_wconf 86' lang='lat' dir='ltr'><strong>primam</strong></span> <span class='ocrx_word' id='word_1_687' title='bbox 2823 3885 3010 3955; x_wconf 81' lang='lat' dir='ltr'><strong>(Ruth.</strong></span> <span class='ocrx_word' id='word_1_688' title='bbox 3038 3903 3134 3954; x_wconf 89' lang='grc' dir='ltr'>ιιι,</span> <span class='ocrx_word' id='word_1_689' title='bbox 3170 3890 3284 3955; x_wconf 83' lang='grc'><strong>10).</strong></span> <span class='ocrx_word' id='word_1_690' title='bbox 3317 3888 3564 3946; x_wconf 85' lang='lat' dir='ltr'><strong>Novissi-</strong></span> 
     </span>
    </p>
   </div>
   <div class='ocr_carea' id='block_1_85' title="bbox 1965 3971 3562 4052">
    <p class='ocr_par' dir='ltr' id='par_1_85' title="bbox 1965 3971 3562 4052">
     <span class='ocr_line' id='line_1_85' title="bbox 1965 3971 3562 4052; baseline 0.004 -22"><span class='ocrx_word' id='word_1_691' title='bbox 1965 3991 2051 4030; x_wconf 87' lang='lat' dir='ltr'><strong>tna</strong></span> <span class='ocrx_word' id='word_1_692' title='bbox 2102 3977 2245 4032; x_wconf 90' lang='lat' dir='ltr'><strong>enim</strong></span> <span class='ocrx_word' id='word_1_693' title='bbox 2303 3977 2671 4034; x_wconf 86' lang='lat' dir='ltr'><strong>misericordia</strong></span> <span class='ocrx_word' id='word_1_694' title='bbox 2712 3977 2974 4034; x_wconf 76' lang='lat' dir='ltr'><strong>Ecclesia:</strong></span> <span class='ocrx_word' id='word_1_695' title='bbox 3001 3971 3342 4050; x_wconf 79' lang='lat' dir='ltr'><strong>congregata:</strong></span> <span class='ocrx_word' id='word_1_696' title='bbox 3367 3991 3391 4018; x_wconf 78' lang='grc' dir='ltr'>ο</span> <span class='ocrx_word' id='word_1_697' title='bbox 3424 3997 3562 4052; x_wconf 72' lang='lat' dir='ltr'><strong>prai-</strong></span> 
     </span>
    </p>
   </div>
   <div class='ocr_carea' id='block_1_86' title="bbox 1965 4072 3566 4148">
    <p class='ocr_par' dir='ltr' id='par_1_86' title="bbox 1965 4072 3566 4148">
     <span class='ocr_line' id='line_1_86' title="bbox 1965 4072 3566 4148; baseline 0.005 -22"><span class='ocrx_word' id='word_1_698' title='bbox 1965 4081 2073 4127; x_wconf 88' lang='lat' dir='ltr'><strong>stat</strong></span> <span class='ocrx_word' id='word_1_699' title='bbox 2111 4072 2297 4141; x_wconf 88' lang='lat' dir='ltr'><strong>priori.</strong></span> <span class='ocrx_word' id='word_1_700' title='bbox 2330 4072 2485 4140; x_wconf 84' lang='lat' dir='ltr'><strong>Quod</strong></span> <span class='ocrx_word' id='word_1_701' title='bbox 2520 4073 2740 4128; x_wconf 89' lang='lat' dir='ltr'><strong>brevius</strong></span> <span class='ocrx_word' id='word_1_702' title='bbox 2769 4073 2858 4129; x_wconf 86' lang='lat' dir='ltr'><strong>ltic</strong></span> <span class='ocrx_word' id='word_1_703' title='bbox 2889 4073 3120 4130; x_wconf 88' lang='lat' dir='ltr'><strong>dicimus</strong></span> <span class='ocrx_word' id='word_1_704' title='bbox 3141 4117 3156 4143; x_wconf 97' lang='lat'><strong>,</strong></span> <span class='ocrx_word' id='word_1_705' title='bbox 3190 4076 3316 4146; x_wconf 85' lang='lat' dir='ltr'><strong>quia</strong></span> <span class='ocrx_word' id='word_1_706' title='bbox 3350 4075 3566 4148; x_wconf 88' lang='lat' dir='ltr'><strong>plenius</strong></span> 
     </span>
    </p>
   </div>
   <div class='ocr_carea' id='block_1_87' title="bbox 1969 4163 3566 4238">
    <p class='ocr_par' dir='ltr' id='par_1_87' title="bbox 1969 4163 3566 4238">
     <span class='ocr_line' id='line_1_87' title="bbox 1969 4163 3566 4238; baseline 0.004 -18"><span class='ocrx_word' id='word_1_707' title='bbox 1969 4165 2022 4220; x_wconf 89' lang='lat' dir='ltr'><strong>itt</strong></span> <span class='ocrx_word' id='word_1_708' title='bbox 2054 4163 2207 4218; x_wconf 90' lang='lat' dir='ltr'><strong>libris</strong></span> <span class='ocrx_word' id='word_1_709' title='bbox 2235 4163 2564 4236; x_wconf 82' lang='lat' dir='ltr'><strong>digessimus</strong></span> <span class='ocrx_word' id='word_1_710' title='bbox 2596 4182 2730 4236; x_wconf 88' lang='lat' dir='ltr'><strong>quos</strong></span> <span class='ocrx_word' id='word_1_711' title='bbox 2763 4165 2830 4221; x_wconf 91' lang='lat' dir='ltr'><strong>de</strong></span> <span class='ocrx_word' id='word_1_712' title='bbox 2857 4164 2989 4222; x_wconf 85' lang='lat' dir='ltr'><strong>Fide</strong></span> <span class='ocrx_word' id='word_1_713' title='bbox 3016 4168 3206 4238; x_wconf 90' lang='lat' dir='ltr'><strong>scripsi</strong></span> <span class='ocrx_word' id='word_1_714' title='bbox 3235 4166 3385 4238; x_wconf 89' lang='lat' dir='ltr'><strong>(Lib.</strong></span> <span class='ocrx_word' id='word_1_715' title='bbox 3414 4184 3472 4225; x_wconf 88' lang='grc' dir='ltr'><strong>ιιι</strong></span> <span class='ocrx_word' id='word_1_716' title='bbox 3500 4167 3566 4226; x_wconf 87' lang='lat' dir='ltr'><strong>de</strong></span> 
     </span>
    </p>
   </div>
   <div class='ocr_carea' id='block_1_88' title="bbox 1970 4255 3566 4332">
    <p class='ocr_par' dir='ltr' id='par_1_88' title="bbox 1970 4255 3566 4332">
     <span class='ocr_line' id='line_1_88' title="bbox 1970 4255 3566 4332; baseline 0.006 -24"><span class='ocrx_word' id='word_1_717' title='bbox 1970 4255 2075 4326; x_wconf 80' lang='lat' dir='ltr'><strong>ﬁde</strong></span> <span class='ocrx_word' id='word_1_718' title='bbox 2102 4255 2171 4310; x_wconf 82' lang='lat' dir='ltr'><strong>ad</strong></span> <span class='ocrx_word' id='word_1_719' title='bbox 2209 4255 2472 4324; x_wconf 67' lang='lat' dir='ltr'><strong>Gratiam,</strong></span> <span class='ocrx_word' id='word_1_720' title='bbox 2514 4275 2560 4312; x_wconf 88' lang='lat' dir='ltr'><strong>c.</strong></span> <span class='ocrx_word' id='word_1_721' title='bbox 2594 4259 2675 4330; x_wconf 84' lang='lat'><strong>5).</strong></span> <span class='ocrx_word' id='word_1_722' title='bbox 2730 4260 3203 4332; x_wconf 86' lang='lat' dir='ltr'><strong>Appropinquavit</strong></span> <span class='ocrx_word' id='word_1_723' title='bbox 3242 4268 3425 4317; x_wconf 88' lang='lat' dir='ltr'><strong>autem</strong></span> <span class='ocrx_word' id='word_1_724' title='bbox 3473 4262 3566 4332; x_wconf 89' lang='lat' dir='ltr'><strong>qui</strong></span> 
     </span>
    </p>
   </div>
   <div class='ocr_carea' id='block_1_89' title="bbox 1973 4348 3568 4423">
    <p class='ocr_par' dir='ltr' id='par_1_89' title="bbox 1973 4348 3568 4423">
     <span class='ocr_line' id='line_1_89' title="bbox 1973 4348 3568 4423; baseline 0.004 -21"><span class='ocrx_word' id='word_1_725' title='bbox 1973 4348 2134 4418; x_wconf 90' lang='lat' dir='ltr'><strong>longe</strong></span> <span class='ocrx_word' id='word_1_726' title='bbox 2163 4361 2313 4415; x_wconf 90' lang='lat' dir='ltr'><strong>erat;</strong></span> <span class='ocrx_word' id='word_1_727' title='bbox 2349 4350 2472 4422; x_wconf 87' lang='lat' dir='ltr'><strong>quia</strong></span> <span class='ocrx_word' id='word_1_728' title='bbox 2498 4351 2772 4422; x_wconf 88' lang='lat' dir='ltr'><strong>elongavit</strong></span> <span class='ocrx_word' id='word_1_729' title='bbox 2792 4352 2884 4422; x_wconf 91' lang='lat' dir='ltr'><strong>qui</strong></span> <span class='ocrx_word' id='word_1_730' title='bbox 2910 4351 3189 4423; x_wconf 73' lang='lat' dir='ltr'><strong>prosimus</strong></span> <span class='ocrx_word' id='word_1_731' title='bbox 3215 4362 3352 4422; x_wconf 88' lang='lat' dir='ltr'><strong>erat,</strong></span> <span class='ocrx_word' id='word_1_732' title='bbox 3381 4363 3435 4410; x_wconf 89' lang='lat' dir='ltr'><strong>et</strong></span> <span class='ocrx_word' id='word_1_733' title='bbox 3456 4354 3568 4409; x_wconf 79' lang='lat' dir='ltr'><strong>cal-</strong></span> 
     </span>
    </p>
   </div>
   <div class='ocr_carea' id='block_1_90' title="bbox 1973 4446 3566 4520">
    <p class='ocr_par' dir='ltr' id='par_1_90' title="bbox 1973 4446 3566 4520">
     <span class='ocr_line' id='line_1_90' title="bbox 1973 4446 3566 4520; baseline 0.003 -19"><span class='ocrx_word' id='word_1_734' title='bbox 1973 4453 2315 4501; x_wconf 81' lang='lat' dir='ltr'><strong>ccamentum</strong></span> <span class='ocrx_word' id='word_1_735' title='bbox 2380 4446 2648 4516; x_wconf 85' lang='lat' dir='ltr'><strong>proximi,</strong></span> <span class='ocrx_word' id='word_1_736' title='bbox 2699 4447 2930 4504; x_wconf 90' lang='lat' dir='ltr'><strong>muliere</strong></span> <span class='ocrx_word' id='word_1_737' title='bbox 2993 4449 3283 4520; x_wconf 88' lang='lat' dir='ltr'><strong>acquisivit</strong></span> <span class='ocrx_word' id='word_1_738' title='bbox 3321 4459 3566 4520; x_wconf 80' lang='lat' dir='ltr'><strong>accepta.</strong></span> 
     </span>
    </p>
   </div>
   <div class='ocr_carea' id='block_1_91' title="bbox 1974 4539 3574 4612">
    <p class='ocr_par' dir='ltr' id='par_1_91' title="bbox 1974 4539 3574 4612">
     <span class='ocr_line' id='line_1_91' title="bbox 1974 4539 3574 4612; baseline 0.002 -17"><span class='ocrx_word' id='word_1_739' title='bbox 1974 4539 2088 4595; x_wconf 82' lang='lat' dir='ltr'><strong>Mos</strong></span> <span class='ocrx_word' id='word_1_740' title='bbox 2113 4541 2258 4596; x_wconf 90' lang='lat' dir='ltr'><strong>enim</strong></span> <span class='ocrx_word' id='word_1_741' title='bbox 2291 4549 2411 4595; x_wconf 89' lang='lat' dir='ltr'><strong>erat</strong></span> <span class='ocrx_word' id='word_1_742' title='bbox 2439 4550 2495 4594; x_wconf 91' lang='lat' dir='ltr'><strong>ut</strong></span> <span class='ocrx_word' id='word_1_743' title='bbox 2521 4541 2611 4611; x_wconf 91' lang='lat' dir='ltr'><strong>qui</strong></span> <span class='ocrx_word' id='word_1_744' title='bbox 2643 4541 2923 4612; x_wconf 89' lang='lat' dir='ltr'><strong>proximus</strong></span> <span class='ocrx_word' id='word_1_745' title='bbox 2951 4551 3099 4609; x_wconf 89' lang='lat' dir='ltr'><strong>erat,</strong></span> <span class='ocrx_word' id='word_1_746' title='bbox 3130 4542 3177 4597; x_wconf 91' lang='lat' dir='ltr'><strong>si</strong></span> <span class='ocrx_word' id='word_1_747' title='bbox 3222 4541 3390 4598; x_wconf 89' lang='lat' dir='ltr'><strong>nollet</strong></span> <span class='ocrx_word' id='word_1_748' title='bbox 3425 4543 3574 4598; x_wconf 90' lang='lat' dir='ltr'><strong>acci-</strong></span> 
     </span>
    </p>
   </div>
   <div class='ocr_carea' id='block_1_92' title="bbox 253 4630 3569 4708">
    <p class='ocr_par' dir='ltr' id='par_1_92' title="bbox 253 4630 3569 4708">
     <span class='ocr_line' id='line_1_92' title="bbox 253 4630 3569 4708; baseline -0.002 -12"><span class='ocrx_word' id='word_1_749' title='bbox 253 4639 439 4705; x_wconf 79' lang='lat' dir='ltr'><strong>Bntb,</strong></span> <span class='ocrx_word' id='word_1_750' title='bbox 467 4652 586 4708; x_wconf 84' lang='lat' dir='ltr'><strong>quae</strong></span> <span class='ocrx_word' id='word_1_751' title='bbox 608 4635 984 4692; x_wconf 87' lang='lat' dir='ltr'><strong>definitionem</strong></span> <span class='ocrx_word' id='word_1_752' title='bbox 1006 4633 1167 4705; x_wconf 86' lang='lat' dir='ltr'><strong>Legis</strong></span> <span class='ocrx_word' id='word_1_753' title='bbox 1188 4632 1448 4699; x_wconf 85' lang='lat' dir='ltr'><strong>excessit,</strong></span> <span class='ocrx_word' id='word_1_754' title='bbox 1481 4642 1536 4688; x_wconf 92' lang='lat' dir='ltr'><strong>et</strong></span> <span class='ocrx_word' id='word_1_755' title='bbox 1567 4634 1788 4688; x_wconf 89' lang='lat' dir='ltr'><strong>intravit</strong></span> <span class='ocrx_word' id='word_1_756' title='bbox 1816 4634 1868 4688; x_wconf 93' lang='lat' dir='ltr'><strong>in</strong></span> <span class='ocrx_word' id='word_1_757' title='bbox 1897 4637 1948 4698; x_wconf 89' lang='lat' dir='ltr'><strong>D</strong></span> <span class='ocrx_word' id='word_1_758' title='bbox 1977 4646 2103 4704; x_wconf 92' lang='lat' dir='ltr'><strong>pere</strong></span> <span class='ocrx_word' id='word_1_759' title='bbox 2125 4631 2176 4686; x_wconf 92' lang='lat' dir='ltr'><strong>in</strong></span> <span class='ocrx_word' id='word_1_760' title='bbox 2209 4630 2518 4702; x_wconf 89' lang='lat' dir='ltr'><strong>conjugittm</strong></span> <span class='ocrx_word' id='word_1_761' title='bbox 2548 4632 2908 4702; x_wconf 89' lang='lat' dir='ltr'><strong>propinquam</strong></span> <span class='ocrx_word' id='word_1_762' title='bbox 2931 4647 3108 4698; x_wconf 90' lang='lat' dir='ltr'><strong>suam,</strong></span> <span class='ocrx_word' id='word_1_763' title='bbox 3141 4633 3569 4691; x_wconf 87' lang='lat' dir='ltr'><strong>calceatnentum</strong></span> 
     </span>
    </p>
   </div>
   <div class='ocr_carea' id='block_1_93' title="bbox 255 4725 1874 4797">
    <p class='ocr_par' dir='ltr' id='par_1_93' title="bbox 255 4725 1874 4797">
     <span class='ocr_line' id='line_1_93' title="bbox 255 4725 1874 4797; baseline -0.006 -6"><span class='ocrx_word' id='word_1_764' title='bbox 255 4732 610 4797; x_wconf 82' lang='lat' dir='ltr'><strong>Ecclesiam,</strong></span> <span class='ocrx_word' id='word_1_765' title='bbox 639 4738 696 4787; x_wconf 92' lang='lat' dir='ltr'><strong>et</strong></span> <span class='ocrx_word' id='word_1_766' title='bbox 742 4728 883 4785; x_wconf 86' lang='lat' dir='ltr'><strong>facta</strong></span> <span class='ocrx_word' id='word_1_767' title='bbox 937 4736 1022 4783; x_wconf 90' lang='lat' dir='ltr'><strong>est</strong></span> <span class='ocrx_word' id='word_1_768' title='bbox 1068 4726 1351 4792; x_wconf 86' lang='lat' dir='ltr'><strong>lsraelitis,</strong></span> <span class='ocrx_word' id='word_1_769' title='bbox 1385 4735 1440 4782; x_wconf 89' lang='lat' dir='ltr'><strong>et</strong></span> <span class='ocrx_word' id='word_1_770' title='bbox 1489 4725 1689 4782; x_wconf 89' lang='lat' dir='ltr'><strong>meruit</strong></span> <span class='ocrx_word' id='word_1_771' title='bbox 1733 4726 1874 4782; x_wconf 88' lang='lat' dir='ltr'><strong>inter</strong></span> 
     </span>
    </p>
   </div>
   <div class='ocr_carea' id='block_1_94' title="bbox 254 4817 1876 4897">
    <p class='ocr_par' dir='ltr' id='par_1_94' title="bbox 254 4817 1876 4897">
     <span class='ocr_line' id='line_1_94' title="bbox 254 4817 1876 4897; baseline -0.004 -17"><span class='ocrx_word' id='word_1_772' title='bbox 254 4826 507 4897; x_wconf 76' lang='lat' dir='ltr'><strong>majores</strong></span> <span class='ocrx_word' id='word_1_773' title='bbox 536 4822 805 4880; x_wconf 89' lang='lat' dir='ltr'><strong>Dominici</strong></span> <span class='ocrx_word' id='word_1_774' title='bbox 829 4819 1046 4894; x_wconf 87' lang='lat' dir='ltr'><strong>generis</strong></span> <span class='ocrx_word' id='word_1_775' title='bbox 1073 4817 1406 4890; x_wconf 88' lang='lat' dir='ltr'><strong>computari,</strong></span> <span class='ocrx_word' id='word_1_776' title='bbox 1434 4826 1656 4888; x_wconf 89' lang='lat' dir='ltr'><strong>propter</strong></span> <span class='ocrx_word' id='word_1_777' title='bbox 1676 4832 1876 4889; x_wconf 89' lang='lat' dir='ltr'><strong>cogna-</strong></span> 
     </span>
    </p>
   </div>
   <div class='ocr_carea' id='block_1_95' title="bbox 256 4910 1878 4982">
    <p class='ocr_par' dir='ltr' id='par_1_95' title="bbox 256 4910 1878 4982">
     <span class='ocr_line' id='line_1_95' title="bbox 256 4910 1878 4982; baseline -0.006 -7"><span class='ocrx_word' id='word_1_778' title='bbox 256 4921 477 4975; x_wconf 84' lang='lat' dir='ltr'><strong>tionem</strong></span> <span class='ocrx_word' id='word_1_779' title='bbox 525 4917 724 4973; x_wconf 87' lang='lat' dir='ltr'><strong>tnentis</strong></span> <span class='ocrx_word' id='word_1_780' title='bbox 761 4915 936 4971; x_wconf 88' lang='lat' dir='ltr'><strong>electa</strong></span> <span class='ocrx_word' id='word_1_781' title='bbox 968 4929 1076 4968; x_wconf 91' lang='lat' dir='ltr'><strong>non</strong></span> <span class='ocrx_word' id='word_1_782' title='bbox 1106 4910 1354 4982; x_wconf 90' lang='lat' dir='ltr'><strong>corporis</strong></span> <span class='ocrx_word' id='word_1_783' title='bbox 1383 4952 1397 4978; x_wconf 92' lang='lat'><strong>,</strong></span> <span class='ocrx_word' id='word_1_784' title='bbox 1429 4925 1685 4980; x_wconf 88' lang='lat' dir='ltr'><strong>magnum</strong></span> <span class='ocrx_word' id='word_1_785' title='bbox 1722 4911 1878 4966; x_wconf 89' lang='lat' dir='ltr'><strong>nobis</strong></span> 
     </span>
    </p>
   </div>
   <div class='ocr_carea' id='block_1_96' title="bbox 255 5003 1876 5081">
    <p class='ocr_par' dir='ltr' id='par_1_96' title="bbox 255 5003 1876 5081">
     <span class='ocr_line' id='line_1_96' title="bbox 255 5003 1876 5081; baseline -0.006 -12"><span class='ocrx_word' id='word_1_786' title='bbox 255 5010 586 5081; x_wconf 80' lang='lat' dir='ltr'><strong>exemplum</strong></span> <span class='ocrx_word' id='word_1_787' title='bbox 615 5017 719 5077; x_wconf 89' lang='lat' dir='ltr'><strong>est,</strong></span> <span class='ocrx_word' id='word_1_788' title='bbox 748 5009 874 5078; x_wconf 87' lang='lat' dir='ltr'><strong>quia</strong></span> <span class='ocrx_word' id='word_1_789' title='bbox 898 5005 952 5062; x_wconf 90' lang='lat' dir='ltr'><strong>in</strong></span> <span class='ocrx_word' id='word_1_790' title='bbox 978 5005 1072 5060; x_wconf 89' lang='lat' dir='ltr'><strong>illa</strong></span> <span class='ocrx_word' id='word_1_791' title='bbox 1098 5014 1344 5060; x_wconf 89' lang='lat' dir='ltr'><strong>nostrum</strong></span> <span class='ocrx_word' id='word_1_792' title='bbox 1375 5003 1616 5059; x_wconf 91' lang='lat' dir='ltr'><strong>omnium</strong></span> <span class='ocrx_word' id='word_1_793' title='bbox 1641 5003 1732 5074; x_wconf 89' lang='lat' dir='ltr'><strong>qui</strong></span> <span class='ocrx_word' id='word_1_794' title='bbox 1760 5003 1876 5059; x_wconf 90' lang='lat' dir='ltr'><strong>col-</strong></span> 
     </span>
    </p>
   </div>
   <div class='ocr_carea' id='block_1_97' title="bbox 255 5094 1878 5174">
    <p class='ocr_par' dir='ltr' id='par_1_97' title="bbox 255 5094 1878 5174">
     <span class='ocr_line' id='line_1_97' title="bbox 255 5094 1878 5174; baseline -0.009 -10"><span class='ocrx_word' id='word_1_795' title='bbox 255 5105 397 5164; x_wconf 84' lang='lat' dir='ltr'><strong>lecti</strong></span> <span class='ocrx_word' id='word_1_796' title='bbox 435 5119 500 5160; x_wconf 88' lang='lat' dir='ltr'><strong>ex</strong></span> <span class='ocrx_word' id='word_1_797' title='bbox 539 5101 796 5174; x_wconf 88' lang='lat' dir='ltr'><strong>gentibus</strong></span> <span class='ocrx_word' id='word_1_798' title='bbox 835 5114 1067 5166; x_wconf 88' lang='lat' dir='ltr'><strong>sumus,</strong></span> <span class='ocrx_word' id='word_1_799' title='bbox 1100 5095 1439 5169; x_wconf 87' lang='lat' dir='ltr'><strong>ingrediendi</strong></span> <span class='ocrx_word' id='word_1_800' title='bbox 1483 5095 1537 5151; x_wconf 92' lang='lat' dir='ltr'><strong>in</strong></span> <span class='ocrx_word' id='word_1_801' title='bbox 1582 5094 1878 5152; x_wconf 83' lang='lat' dir='ltr'><strong>Ecclesiam</strong></span> 
     </span>
    </p>
   </div>
   <div class='ocr_carea' id='block_1_98' title="bbox 259 5283 1889 5358">
    <p class='ocr_par' dir='ltr' id='par_1_98' title="bbox 259 5283 1889 5358">
     <span class='ocr_line' id='line_1_98' title="bbox 259 5283 1889 5358; baseline -0.004 -11"><span class='ocrx_word' id='word_1_802' title='bbox 259 5298 272 5312; x_wconf 90' lang='lat'><strong><em>&#39;</em></strong></span> <span class='ocrx_word' id='word_1_803' title='bbox 342 5305 370 5333; x_wconf 74' lang='grc'><strong><em>⁸</em></strong></span> <span class='ocrx_word' id='word_1_804' title='bbox 413 5293 575 5348; x_wconf 81' lang='lat' dir='ltr'><strong>Rom.</strong></span> <span class='ocrx_word' id='word_1_805' title='bbox 622 5289 759 5346; x_wconf 87' lang='lat' dir='ltr'><strong>edit.</strong></span> <span class='ocrx_word' id='word_1_806' title='bbox 797 5286 937 5358; x_wconf 73' lang='lat' dir='ltr'><strong>sola,</strong></span> <span class='ocrx_word' id='word_1_807' title='bbox 977 5283 1068 5340; x_wconf 81' lang='lat' dir='ltr'><strong>Sic</strong></span> <span class='ocrx_word' id='word_1_808' title='bbox 1101 5285 1353 5358; x_wconf 76' lang='lat' dir='ltr'><strong>igitur....</strong></span> <span class='ocrx_word' id='word_1_809' title='bbox 1390 5284 1713 5358; x_wconf 59' lang='lat' dir='ltr'><strong>descriptam</strong></span> <span class='ocrx_word' id='word_1_810' title='bbox 1738 5300 1758 5339; x_wconf 91' lang='lat'><strong><em>:</em></strong></span> <span class='ocrx_word' id='word_1_811' title='bbox 1784 5284 1889 5352; x_wconf 85' lang='lat' dir='ltr'><strong>Qui</strong></span> 
     </span>
    </p>
   </div>
   <div class='ocr_carea' id='block_1_99' title="bbox 257 5355 1887 5440">
    <p class='ocr_par' dir='ltr' id='par_1_99' title="bbox 257 5355 1887 5440">
     <span class='ocr_line' id='line_1_99' title="bbox 257 5355 1887 5440; baseline -0.007 -17"><span class='ocrx_word' id='word_1_812' title='bbox 257 5368 373 5440; x_wconf 73' lang='lat' dir='ltr'><strong>fuit</strong></span> <span class='ocrx_word' id='word_1_813' title='bbox 409 5364 558 5440; x_wconf 69' lang='lat' dir='ltr'><strong>(lberi</strong></span> <span class='ocrx_word' id='word_1_814' title='bbox 578 5363 702 5440; x_wconf 63' lang='grc' dir='ltr'><strong>ἱςιιιὶ</strong></span> <span class='ocrx_word' id='word_1_815' title='bbox 720 5361 830 5440; x_wconf 80' lang='lat' dir='ltr'><strong>_luit</strong></span> <span class='ocrx_word' id='word_1_816' title='bbox 862 5357 1024 5423; x_wconf 74' lang='lat' dir='ltr'><strong>Booz,</strong></span> <span class='ocrx_word' id='word_1_817' title='bbox 1062 5355 1166 5412; x_wconf 76' lang='lat' dir='ltr'><strong>etc.</strong></span> <span class='ocrx_word' id='word_1_818' title='bbox 1199 5355 1306 5410; x_wconf 82' lang='lat' dir='ltr'><strong>Cur</strong></span> <span class='ocrx_word' id='word_1_819' title='bbox 1334 5357 1485 5412; x_wconf 88' lang='lat' dir='ltr'><strong>etiam</strong></span> <span class='ocrx_word' id='word_1_820' title='bbox 1509 5355 1650 5411; x_wconf 84' lang='lat' dir='ltr'><strong>Ruth</strong></span> <span class='ocrx_word' id='word_1_821' title='bbox 1671 5359 1887 5412; x_wconf 85' lang='lat' dir='ltr'><strong>mentio-</strong></span> 
     </span>
    </p>
   </div>
   <div class='ocr_carea' id='block_1_100' title="bbox 258 5431 880 5505">
    <p class='ocr_par' dir='ltr' id='par_1_100' title="bbox 258 5431 880 5505">
     <span class='ocr_line' id='line_1_100' title="bbox 258 5431 880 5505; baseline -0.01 -15"><span class='ocrx_word' id='word_1_822' title='bbox 258 5431 390 5494; x_wconf 64' lang='lat' dir='ltr'><strong>item</strong></span> <span class='ocrx_word' id='word_1_823' title='bbox 425 5435 548 5505; x_wconf 72' lang='lat' dir='ltr'><strong>fecit</strong></span> <span class='ocrx_word' id='word_1_824' title='bbox 574 5431 880 5505; x_wconf 62' lang='lat' dir='ltr'><strong>Matthatus.</strong></span> 
     </span>
    </p>
   </div>
   <div class='ocr_carea' id='block_1_101' title="bbox 339 5497 1888 5574">
    <p class='ocr_par' dir='ltr' id='par_1_101' title="bbox 339 5497 1888 5574">
     <span class='ocr_line' id='line_1_101' title="bbox 339 5497 1888 5574; baseline -0.007 -11"><span class='ocrx_word' id='word_1_825' title='bbox 339 5509 373 5550; x_wconf 70' lang='grc' dir='ltr'>ι)</span> <span class='ocrx_word' id='word_1_826' title='bbox 420 5497 570 5562; x_wconf 75' lang='grc' dir='ltr'>Ειιίι.</span> <span class='ocrx_word' id='word_1_827' title='bbox 607 5504 833 5561; x_wconf 80' lang='lat' dir='ltr'><strong>Amerb.</strong></span> <span class='ocrx_word' id='word_1_828' title='bbox 865 5509 1029 5574; x_wconf 89' lang='lat' dir='ltr'><strong>atque</strong></span> <span class='ocrx_word' id='word_1_829' title='bbox 1061 5498 1188 5574; x_wconf 85' lang='lat' dir='ltr'><strong>Era.</strong></span> <span class='ocrx_word' id='word_1_830' title='bbox 1209 5521 1236 5568; x_wconf 71' lang='grc' dir='ltr'><strong><em>τ</em></strong></span> <span class='ocrx_word' id='word_1_831' title='bbox 1262 5497 1387 5554; x_wconf 85' lang='grc' dir='ltr'><strong>Νοη</strong></span> <span class='ocrx_word' id='word_1_832' title='bbox 1416 5515 1534 5574; x_wconf 66' lang='lat' dir='ltr'><strong>ergo</strong></span> <span class='ocrx_word' id='word_1_833' title='bbox 1559 5499 1698 5571; x_wconf 81' lang='lat' dir='ltr'><strong>quod</strong></span> <span class='ocrx_word' id='word_1_834' title='bbox 1725 5515 1788 5554; x_wconf 78' lang='lat' dir='ltr'><strong>ea:</strong></span> <span class='ocrx_word' id='word_1_835' title='bbox 1814 5499 1888 5574; x_wconf 40' lang='lat' dir='ltr'><strong>te:</strong></span> 
     </span>
    </p>
   </div>
   <div class='ocr_carea' id='block_1_102' title="bbox 261 5568 1887 5658">
    <p class='ocr_par' dir='ltr' id='par_1_102' title="bbox 261 5568 1887 5658">
     <span class='ocr_line' id='line_1_102' title="bbox 261 5568 1887 5658; baseline -0.005 -26"><span class='ocrx_word' id='word_1_836' title='bbox 261 5582 486 5658; x_wconf 68' lang='lat' dir='ltr'><strong>girinta,</strong></span> <span class='ocrx_word' id='word_1_837' title='bbox 520 5575 792 5658; x_wconf 13' lang='grc' dir='ltr'><strong>φαεν-ϐίη.</strong></span> <span class='ocrx_word' id='word_1_838' title='bbox 813 5568 958 5658; x_wconf 46' lang='lat' dir='ltr'><strong>ﬁculni</strong></span> <span class='ocrx_word' id='word_1_839' title='bbox 978 5573 1178 5658; x_wconf 77' lang='lat' dir='ltr'><strong>paucis</strong></span> <span class='ocrx_word' id='word_1_840' title='bbox 1218 5585 1352 5658; x_wconf 73' lang='lat' dir='ltr'><strong>mss.</strong></span> <span class='ocrx_word' id='word_1_841' title='bbox 1373 5612 1388 5635; x_wconf 94' lang='lat'><strong>,</strong></span> <span class='ocrx_word' id='word_1_842' title='bbox 1423 5568 1546 5625; x_wconf 77' lang='lat' dir='ltr'><strong>Non</strong></span> <span class='ocrx_word' id='word_1_843' title='bbox 1572 5568 1718 5658; x_wconf 57' lang='lat' dir='ltr'><strong>ergo</strong></span> <span class='ocrx_word' id='word_1_844' title='bbox 1748 5568 1887 5658; x_wconf 70' lang='lat' dir='ltr'><strong>qupd</strong></span> 
     </span>
    </p>
   </div>
   <div class='ocr_carea' id='block_1_103' title="bbox 257 5640 1889 5714">
    <p class='ocr_par' dir='ltr' id='par_1_103' title="bbox 257 5640 1889 5714">
     <span class='ocr_line' id='line_1_103' title="bbox 257 5640 1889 5714; baseline -0.009 -4"><span class='ocrx_word' id='word_1_845' title='bbox 257 5640 378 5710; x_wconf 74' lang='grc' dir='ltr'>ἷιοιι</span> <span class='ocrx_word' id='word_1_846' title='bbox 434 5640 498 5705; x_wconf 60' lang='grc' dir='ltr'>ά</span> <span class='ocrx_word' id='word_1_847' title='bbox 523 5648 753 5714; x_wconf 86' lang='lat' dir='ltr'><strong>legitima</strong></span> <span class='ocrx_word' id='word_1_848' title='bbox 807 5643 1054 5701; x_wconf 81' lang='lat' dir='ltr'><strong>Saluator</strong></span> <span class='ocrx_word' id='word_1_849' title='bbox 1098 5643 1437 5714; x_wconf 70' lang='lat' dir='ltr'><strong>generatione</strong></span> <span class='ocrx_word' id='word_1_850' title='bbox 1477 5643 1702 5697; x_wconf 85' lang='lat' dir='ltr'><strong>manavit</strong></span> <span class='ocrx_word' id='word_1_851' title='bbox 1748 5640 1889 5696; x_wconf 85' lang='lat' dir='ltr'><strong>vide-</strong></span> 
     </span>
    </p>
   </div>
   <div class='ocr_carea' id='block_1_104' title="bbox 260 5666 1888 5789">
    <p class='ocr_par' dir='ltr' id='par_1_104' title="bbox 260 5666 1888 5789">
     <span class='ocr_line' id='line_1_104' title="bbox 260 5666 1888 5714; baseline -0.009 -4"><span class='ocrx_word' id='word_1_852' title='bbox 260 5670 378 5710; x_wconf 74' lang='grc' dir='ltr'><strong>ηωι</strong></span> <span class='ocrx_word' id='word_1_853' title='bbox 434 5667 498 5705; x_wconf 73' lang='lat' dir='ltr'><strong>ex</strong></span> <span class='ocrx_word' id='word_1_854' title='bbox 523 5666 570 5703; x_wconf 79' lang='grc' dir='ltr'>ιε</span> <span class='ocrx_word' id='word_1_855' title='bbox 607 5666 753 5700; x_wconf 78' lang='lat' dir='ltr'><strong>ruma</strong></span> <span class='ocrx_word' id='word_1_856' title='bbox 807 5666 1054 5701; x_wconf 72' lang='lat' dir='ltr'><strong>oawawr</strong></span> <span class='ocrx_word' id='word_1_857' title='bbox 1098 5666 1430 5714; x_wconf 76' lang='lat' dir='ltr'><strong>generatwue</strong></span> <span class='ocrx_word' id='word_1_858' title='bbox 1477 5666 1702 5697; x_wconf 84' lang='lat' dir='ltr'><strong>mutuum</strong></span> <span class='ocrx_word' id='word_1_859' title='bbox 1748 5666 1888 5696; x_wconf 81' lang='grc' dir='ltr'>υιιιε-</span> 
     </span>
     <span class='ocr_line' id='line_1_105' title="bbox 260 5666 1888 5789; baseline -0.009 -9"><span class='ocrx_word' id='word_1_860' title='bbox 260 5735 387 5789; x_wconf 76' lang='lat' dir='ltr'><strong>utr,</strong></span> <span class='ocrx_word' id='word_1_861' title='bbox 423 5731 535 5778; x_wconf 87' lang='lat' dir='ltr'><strong>etc.</strong></span> <span class='ocrx_word' id='word_1_862' title='bbox 571 5666 730 5775; x_wconf 55' lang='lat' dir='ltr'><strong>guno</strong></span> <span class='ocrx_word' id='word_1_863' title='bbox 755 5731 948 5772; x_wconf 88' lang='lat' dir='ltr'><strong>sensu.</strong></span> <span class='ocrx_word' id='word_1_864' title='bbox 981 5713 1134 5789; x_wconf 70' lang='lat' dir='ltr'><strong>Edit.</strong></span> <span class='ocrx_word' id='word_1_865' title='bbox 1161 5713 1348 5778; x_wconf 77' lang='lat' dir='ltr'><strong>Rom.,</strong></span> <span class='ocrx_word' id='word_1_866' title='bbox 1386 5711 1508 5768; x_wconf 83' lang='lat' dir='ltr'><strong>Non</strong></span> <span class='ocrx_word' id='word_1_867' title='bbox 1539 5729 1660 5789; x_wconf 73' lang='lat' dir='ltr'><strong>ergo</strong></span> <span class='ocrx_word' id='word_1_868' title='bbox 1693 5729 1757 5767; x_wconf 83' lang='lat' dir='ltr'><strong>ea:</strong></span> <span class='ocrx_word' id='word_1_869' title='bbox 1787 5730 1888 5767; x_wconf 88' lang='lat' dir='ltr'><strong>non</strong></span> 
     </span>
    </p>
   </div>
   <div class='ocr_carea' id='block_1_105' title="bbox 257 5785 1886 5869">
    <p class='ocr_par' dir='ltr' id='par_1_105' title="bbox 257 5785 1886 5869">
     <span class='ocr_line' id='line_1_106' title="bbox 257 5785 1886 5869; baseline -0.009 -18"><span class='ocrx_word' id='word_1_870' title='bbox 257 5785 516 5869; x_wconf 61' lang='lat' dir='ltr'><strong>legitima</strong></span> <span class='ocrx_word' id='word_1_871' title='bbox 533 5785 1497 5869; x_wconf 39' lang='lat' dir='ltr'><strong>_$atva_torem.‘genet&#39;atione&#39;manasse</strong></span> <span class='ocrx_word' id='word_1_872' title='bbox 1520 5785 1744 5869; x_wconf 60' lang='lat' dir='ltr'><strong>videtur,</strong></span> <span class='ocrx_word' id='word_1_873' title='bbox 1776 5792 1886 5869; x_wconf 82' lang='lat' dir='ltr'><strong>etc.</strong></span> 
     </span>
    </p>
   </div>
   <div class='ocr_carea' id='block_1_106' title="bbox 257 5854 1887 5932">
    <p class='ocr_par' dir='ltr' id='par_1_106' title="bbox 257 5854 1887 5932">
     <span class='ocr_line' id='line_1_107' title="bbox 257 5854 1887 5932; baseline -0.01 -4"><span class='ocrx_word' id='word_1_874' title='bbox 257 5854 402 5928; x_wconf 73' lang='grc' dir='ltr'>Νὸιι</span> <span class='ocrx_word' id='word_1_875' title='bbox 441 5863 673 5932; x_wconf 80' lang='lat' dir='ltr'><strong>melius,</strong></span> <span class='ocrx_word' id='word_1_876' title='bbox 704 5861 837 5917; x_wconf 88' lang='lat' dir='ltr'><strong>licet</strong></span> <span class='ocrx_word' id='word_1_877' title='bbox 875 5854 953 5914; x_wconf 76' lang='lat' dir='ltr'><strong>illi</strong></span> <span class='ocrx_word' id='word_1_878' title='bbox 983 5872 1124 5915; x_wconf 87' lang='lat' dir='ltr'><strong>unus</strong></span> <span class='ocrx_word' id='word_1_879' title='bbox 1154 5871 1186 5914; x_wconf 89' lang='lat' dir='ltr'><strong>e</strong></span> <span class='ocrx_word' id='word_1_880' title='bbox 1211 5854 1334 5913; x_wconf 77' lang='lat' dir='ltr'><strong>Vat.</strong></span> <span class='ocrx_word' id='word_1_881' title='bbox 1370 5855 1494 5913; x_wconf 88' lang='lat' dir='ltr'><strong>cod.</strong></span> <span class='ocrx_word' id='word_1_882' title='bbox 1538 5856 1887 5927; x_wconf 86' lang='lat' dir='ltr'><strong>astipuletur,</strong></span> 
     </span>
    </p>
   </div>
   <div class='ocr_carea' id='block_1_107' title="bbox 1975 4722 3576 4799">
    <p class='ocr_par' dir='ltr' id='par_1_107' title="bbox 1975 4722 3576 4799">
     <span class='ocr_line' id='line_1_108' title="bbox 1975 4722 3576 4799; baseline 0.001 -17"><span class='ocrx_word' id='word_1_883' title='bbox 1975 4742 2133 4782; x_wconf 90' lang='lat' dir='ltr'><strong>suum</strong></span> <span class='ocrx_word' id='word_1_884' title='bbox 2157 4725 2417 4791; x_wconf 89' lang='lat' dir='ltr'><strong>solveret,</strong></span> <span class='ocrx_word' id='word_1_885' title='bbox 2443 4733 2498 4780; x_wconf 91' lang='lat' dir='ltr'><strong>et</strong></span> <span class='ocrx_word' id='word_1_886' title='bbox 2528 4723 2648 4779; x_wconf 86' lang='lat' dir='ltr'><strong>aliis</strong></span> <span class='ocrx_word' id='word_1_887' title='bbox 2676 4724 2898 4781; x_wconf 85' lang='lat' dir='ltr'><strong>cederet</strong></span> <span class='ocrx_word' id='word_1_888' title='bbox 2929 4723 3118 4797; x_wconf 86' lang='lat' dir='ltr'><strong>(Ruth.</strong></span> <span class='ocrx_word' id='word_1_889' title='bbox 3149 4741 3225 4792; x_wconf 85' lang='lat' dir='ltr'><strong>tv,</strong></span> <span class='ocrx_word' id='word_1_890' title='bbox 3259 4722 3314 4796; x_wconf 89' lang='lat'><strong>7)</strong></span> <span class='ocrx_word' id='word_1_891' title='bbox 3351 4725 3442 4782; x_wconf 88' lang='lat' dir='ltr'><strong>:in</strong></span> <span class='ocrx_word' id='word_1_892' title='bbox 3466 4742 3576 4799; x_wconf 91' lang='lat' dir='ltr'><strong>quo</strong></span> 
     </span>
    </p>
   </div>
   <div class='ocr_carea' id='block_1_108' title="bbox 1979 4815 3576 4890">
    <p class='ocr_par' dir='ltr' id='par_1_108' title="bbox 1979 4815 3576 4890">
     <span class='ocr_line' id='line_1_109' title="bbox 1979 4815 3576 4890; baseline 0.003 -18"><span class='ocrx_word' id='word_1_893' title='bbox 1979 4832 2089 4873; x_wconf 90' lang='lat' dir='ltr'><strong>non</strong></span> <span class='ocrx_word' id='word_1_894' title='bbox 2122 4816 2396 4872; x_wconf 90' lang='lat' dir='ltr'><strong>mediocre</strong></span> <span class='ocrx_word' id='word_1_895' title='bbox 2425 4815 2784 4887; x_wconf 75' lang='lat' dir='ltr'><strong>mysterium,</strong></span> <span class='ocrx_word' id='word_1_896' title='bbox 2821 4831 2889 4872; x_wconf 92' lang='lat' dir='ltr'><strong>eo</strong></span> <span class='ocrx_word' id='word_1_897' title='bbox 2932 4815 3077 4887; x_wconf 93' lang='lat' dir='ltr'><strong>quod</strong></span> <span class='ocrx_word' id='word_1_898' title='bbox 3112 4817 3158 4872; x_wconf 90' lang='lat' dir='ltr'><strong>is</strong></span> <span class='ocrx_word' id='word_1_899' title='bbox 3187 4817 3278 4888; x_wconf 91' lang='lat' dir='ltr'><strong>qui</strong></span> <span class='ocrx_word' id='word_1_900' title='bbox 3317 4817 3576 4890; x_wconf 84' lang='lat' dir='ltr'><strong>alienige-</strong></span> 
     </span>
    </p>
   </div>
   <div class='ocr_carea' id='block_1_109' title="bbox 1981 4906 3578 4980">
    <p class='ocr_par' dir='ltr' id='par_1_109' title="bbox 1981 4906 3578 4980">
     <span class='ocr_line' id='line_1_110' title="bbox 1981 4906 3578 4980; baseline 0.001 -15"><span class='ocrx_word' id='word_1_901' title='bbox 1981 4925 2106 4965; x_wconf 86' lang='lat' dir='ltr'><strong>nam</strong></span> <span class='ocrx_word' id='word_1_902' title='bbox 2136 4909 2190 4964; x_wconf 88' lang='lat' dir='ltr'><strong>in</strong></span> <span class='ocrx_word' id='word_1_903' title='bbox 2223 4918 2350 4980; x_wconf 88' lang='lat' dir='ltr'><strong>typo</strong></span> <span class='ocrx_word' id='word_1_904' title='bbox 2390 4907 2654 4979; x_wconf 88' lang='lat' dir='ltr'><strong>sumpsit,</strong></span> <span class='ocrx_word' id='word_1_905' title='bbox 2701 4906 3108 4980; x_wconf 86' lang='lat' dir='ltr'><strong>evangelizandi</strong></span> <span class='ocrx_word' id='word_1_906' title='bbox 3149 4908 3360 4978; x_wconf 88' lang='lat' dir='ltr'><strong>accepit</strong></span> <span class='ocrx_word' id='word_1_907' title='bbox 3408 4908 3578 4966; x_wconf 82' lang='lat' dir='ltr'><strong>facul-</strong></span> 
     </span>
    </p>
   </div>
   <div class='ocr_carea' id='block_1_110' title="bbox 1983 5011 2171 5057">
    <p class='ocr_par' dir='ltr' id='par_1_110' title="bbox 1983 5011 2171 5057">
     <span class='ocr_line' id='line_1_111' title="bbox 1983 5011 2171 5057; baseline -0.011 0"><span class='ocrx_word' id='word_1_908' title='bbox 1983 5011 2147 5057; x_wconf 88' lang='lat' dir='ltr'><strong>tatem</strong></span> <span class='ocrx_word' id='word_1_909' title='bbox 2157 5039 2171 5055; x_wconf 84' lang='lat'><strong>.</strong></span> 
     </span>
    </p>
   </div>
   <div class='ocr_carea' id='block_1_111' title="bbox 2056 5093 3579 5168">
    <p class='ocr_par' dir='ltr' id='par_1_111' title="bbox 2056 5093 3579 5168">
     <span class='ocr_line' id='line_1_112' title="bbox 2056 5093 3579 5168; baseline 0.001 -16"><span class='ocrx_word' id='word_1_910' title='bbox 2056 5096 2146 5152; x_wconf 78' lang='lat'><strong>35.</strong></span> <span class='ocrx_word' id='word_1_911' title='bbox 2195 5096 2436 5167; x_wconf 91' lang='lat' dir='ltr'><strong>Denique</strong></span> <span class='ocrx_word' id='word_1_912' title='bbox 2484 5096 2538 5151; x_wconf 94' lang='lat' dir='ltr'><strong>in</strong></span> <span class='ocrx_word' id='word_1_913' title='bbox 2590 5102 2718 5168; x_wconf 85' lang='lat' dir='ltr'><strong>typo</strong></span> <span class='ocrx_word' id='word_1_914' title='bbox 2763 5093 2865 5152; x_wconf 86' lang='lat' dir='ltr'><strong>bas</strong></span> <span class='ocrx_word' id='word_1_915' title='bbox 2904 5095 3074 5153; x_wconf 82' lang='lat' dir='ltr'><strong>fuisse</strong></span> <span class='ocrx_word' id='word_1_916' title='bbox 3102 5093 3323 5168; x_wconf 84' lang='lat' dir='ltr'><strong>nuptias</strong></span> <span class='ocrx_word' id='word_1_917' title='bbox 3349 5102 3579 5154; x_wconf 88' lang='lat' dir='ltr'><strong>testatur</strong></span> 
     </span>
    </p>
   </div>
   <div class='ocr_carea' id='block_1_112' title="bbox 1994 5283 3584 5356">
    <p class='ocr_par' dir='ltr' id='par_1_112' title="bbox 1994 5283 3584 5356">
     <span class='ocr_line' id='line_1_113' title="bbox 1994 5283 3584 5356; baseline 0.004 -17"><span class='ocrx_word' id='word_1_918' title='bbox 1994 5283 2097 5340; x_wconf 89' lang='lat' dir='ltr'><strong>nisi</strong></span> <span class='ocrx_word' id='word_1_919' title='bbox 2122 5283 2266 5355; x_wconf 89' lang='lat' dir='ltr'><strong>quod</strong></span> <span class='ocrx_word' id='word_1_920' title='bbox 2294 5292 2443 5348; x_wconf 89' lang='lat' dir='ltr'><strong>ante,</strong></span> <span class='ocrx_word' id='word_1_921' title='bbox 2479 5284 2736 5356; x_wconf 85' lang='lat' dir='ltr'><strong>legitima,</strong></span> <span class='ocrx_word' id='word_1_922' title='bbox 2769 5287 2940 5354; x_wconf 87' lang='lat' dir='ltr'><strong>deest,</strong></span> <span class='ocrx_word' id='word_1_923' title='bbox 2971 5303 3095 5342; x_wconf 88' lang='lat' dir='ltr'><strong>non.</strong></span> <span class='ocrx_word' id='word_1_924' title='bbox 3127 5286 3394 5343; x_wconf 89' lang='lat' dir='ltr'><strong>Germana</strong></span> <span class='ocrx_word' id='word_1_925' title='bbox 3423 5288 3584 5345; x_wconf 89' lang='lat' dir='ltr'><strong>lectio</strong></span> 
     </span>
    </p>
   </div>
   <div class='ocr_carea' id='block_1_113' title="bbox 1994 5355 3582 5426">
    <p class='ocr_par' dir='ltr' id='par_1_113' title="bbox 1994 5355 3582 5426">
     <span class='ocr_line' id='line_1_114' title="bbox 1994 5355 3582 5426; baseline 0.002 -15"><span class='ocrx_word' id='word_1_926' title='bbox 1994 5364 2100 5415; x_wconf 88' lang='lat' dir='ltr'><strong>est.</strong></span> <span class='ocrx_word' id='word_1_927' title='bbox 2129 5371 2290 5424; x_wconf 88' lang='lat' dir='ltr'><strong>quam</strong></span> <span class='ocrx_word' id='word_1_928' title='bbox 2321 5370 2389 5411; x_wconf 90' lang='lat' dir='ltr'><strong>ex</strong></span> <span class='ocrx_word' id='word_1_929' title='bbox 2421 5355 2554 5410; x_wconf 85' lang='lat' dir='ltr'><strong>mss.</strong></span> <span class='ocrx_word' id='word_1_930' title='bbox 2586 5355 2773 5412; x_wconf 92' lang='lat' dir='ltr'><strong>decem</strong></span> <span class='ocrx_word' id='word_1_931' title='bbox 2802 5358 3023 5426; x_wconf 68' lang='lat' dir='ltr'><strong>optima:</strong></span> <span class='ocrx_word' id='word_1_932' title='bbox 3051 5365 3194 5413; x_wconf 67' lang='lat' dir='ltr'><strong>notte</strong></span> <span class='ocrx_word' id='word_1_933' title='bbox 3221 5359 3582 5414; x_wconf 81' lang='lat' dir='ltr'><strong>restituimus.</strong></span> 
     </span>
    </p>
   </div>
   <div class='ocr_carea' id='block_1_114' title="bbox 2071 5427 3590 5496">
    <p class='ocr_par' dir='ltr' id='par_1_114' title="bbox 2071 5427 3590 5496">
     <span class='ocr_line' id='line_1_115' title="bbox 2071 5427 3590 5496; baseline 0.004 -15"><span class='ocrx_word' id='word_1_934' title='bbox 2071 5429 2094 5458; x_wconf 88' lang='lat'><strong><em>°</em></strong></span> <span class='ocrx_word' id='word_1_935' title='bbox 2137 5427 2266 5481; x_wconf 86' lang='lat' dir='ltr'><strong>Mss.</strong></span> <span class='ocrx_word' id='word_1_936' title='bbox 2294 5441 2402 5481; x_wconf 90' lang='lat' dir='ltr'><strong>non</strong></span> <span class='ocrx_word' id='word_1_937' title='bbox 2428 5428 2581 5496; x_wconf 71' lang='lat' dir='ltr'><strong>pauci</strong></span> <span class='ocrx_word' id='word_1_938' title='bbox 2601 5467 2616 5492; x_wconf 93' lang='lat'><strong>,</strong></span> <span class='ocrx_word' id='word_1_939' title='bbox 2647 5429 2816 5482; x_wconf 82' lang='lat' dir='ltr'><strong>redire</strong></span> <span class='ocrx_word' id='word_1_940' title='bbox 2836 5428 2906 5482; x_wconf 84' lang='lat' dir='ltr'><strong>ad</strong></span> <span class='ocrx_word' id='word_1_941' title='bbox 2933 5428 3096 5483; x_wconf 89' lang='lat' dir='ltr'><strong>Deum</strong></span> <span class='ocrx_word' id='word_1_942' title='bbox 3137 5445 3324 5483; x_wconf 87' lang='lat' dir='ltr'><strong>meum.</strong></span> <span class='ocrx_word' id='word_1_943' title='bbox 3357 5428 3461 5484; x_wconf 85' lang='lat' dir='ltr'><strong>Alii</strong></span> <span class='ocrx_word' id='word_1_944' title='bbox 3485 5471 3503 5496; x_wconf 94' lang='lat'><strong>,</strong></span> <span class='ocrx_word' id='word_1_945' title='bbox 3533 5439 3590 5487; x_wconf 88' lang='lat' dir='ltr'><strong>et</strong></span> 
     </span>
    </p>
   </div>
   <div class='ocr_carea' id='block_1_115' title="bbox 1993 5495 3588 5556">
    <p class='ocr_par' dir='ltr' id='par_1_115' title="bbox 1993 5495 3588 5556">
     <span class='ocr_line' id='line_1_116' title="bbox 1993 5495 3588 5556; baseline 0.001 -2"><span class='ocrx_word' id='word_1_946' title='bbox 1993 5496 2125 5554; x_wconf 86' lang='lat' dir='ltr'><strong>edit.</strong></span> <span class='ocrx_word' id='word_1_947' title='bbox 2161 5496 2330 5552; x_wconf 81' lang='lat' dir='ltr'><strong>redire</strong></span> <span class='ocrx_word' id='word_1_948' title='bbox 2355 5497 2424 5552; x_wconf 83' lang='lat' dir='ltr'><strong>ad</strong></span> <span class='ocrx_word' id='word_1_949' title='bbox 2455 5495 2592 5552; x_wconf 76' lang='lat' dir='ltr'><strong>Deos</strong></span> <span class='ocrx_word' id='word_1_950' title='bbox 2624 5514 2765 5552; x_wconf 83' lang='lat' dir='ltr'><strong>meos</strong></span> <span class='ocrx_word' id='word_1_951' title='bbox 2785 5539 2800 5553; x_wconf 93' lang='lat'><strong>.</strong></span> <span class='ocrx_word' id='word_1_952' title='bbox 2839 5498 2946 5554; x_wconf 89' lang='lat' dir='ltr'><strong>Sed</strong></span> <span class='ocrx_word' id='word_1_953' title='bbox 2989 5499 3049 5554; x_wconf 79' lang='lat' dir='ltr'><strong>in</strong></span> <span class='ocrx_word' id='word_1_954' title='bbox 3084 5501 3257 5554; x_wconf 88' lang='lat' dir='ltr'><strong>sacris</strong></span> <span class='ocrx_word' id='word_1_955' title='bbox 3297 5501 3420 5554; x_wconf 82' lang='lat' dir='ltr'><strong>cod.</strong></span> <span class='ocrx_word' id='word_1_956' title='bbox 3453 5495 3588 5556; x_wconf 85' lang='lat' dir='ltr'><strong>uett-</strong></span> 
     </span>
    </p>
   </div>
   <div class='ocr_carea' id='block_1_116' title="bbox 1996 5569 3588 5634">
    <p class='ocr_par' dir='ltr' id='par_1_116' title="bbox 1996 5569 3588 5634">
     <span class='ocr_line' id='line_1_117' title="bbox 1996 5569 3588 5634; baseline 0.001 -10"><span class='ocrx_word' id='word_1_957' title='bbox 1996 5579 2137 5624; x_wconf 89' lang='lat' dir='ltr'><strong>trum</strong></span> <span class='ocrx_word' id='word_1_958' title='bbox 2169 5569 2451 5634; x_wconf 89' lang='lat' dir='ltr'><strong>invenias;</strong></span> <span class='ocrx_word' id='word_1_959' title='bbox 2485 5576 2543 5624; x_wconf 89' lang='lat' dir='ltr'><strong>ut</strong></span> <span class='ocrx_word' id='word_1_960' title='bbox 2577 5569 2873 5625; x_wconf 89' lang='lat' dir='ltr'><strong>verisimile</strong></span> <span class='ocrx_word' id='word_1_961' title='bbox 2913 5571 2984 5626; x_wconf 89' lang='lat' dir='ltr'><strong>sit</strong></span> <span class='ocrx_word' id='word_1_962' title='bbox 3013 5586 3216 5625; x_wconf 88' lang='lat' dir='ltr'><strong>meram</strong></span> <span class='ocrx_word' id='word_1_963' title='bbox 3240 5586 3362 5627; x_wconf 87' lang='lat' dir='ltr'><strong>esse</strong></span> <span class='ocrx_word' id='word_1_964' title='bbox 3388 5572 3588 5628; x_wconf 89' lang='lat' dir='ltr'><strong>verbo-</strong></span> 
     </span>
    </p>
   </div>
   <div class='ocr_carea' id='block_1_117' title="bbox 1995 5638 3595 5715">
    <p class='ocr_par' dir='ltr' id='par_1_117' title="bbox 1995 5638 3595 5715">
     <span class='ocr_line' id='line_1_118' title="bbox 1995 5638 3595 5715; baseline 0.004 -20"><span class='ocrx_word' id='word_1_965' title='bbox 1995 5655 2119 5715; x_wconf 80' lang='lat' dir='ltr'><strong>rum</strong></span> <span class='ocrx_word' id='word_1_966' title='bbox 2140 5638 2334 5715; x_wconf 77' lang='lat' dir='ltr'><strong>Noemi</strong></span> <span class='ocrx_word' id='word_1_967' title='bbox 2350 5639 2736 5710; x_wconf 90' lang='lat' dir='ltr'><strong>repetitionem</strong></span> <span class='ocrx_word' id='word_1_968' title='bbox 2763 5640 3045 5715; x_wconf 14' lang='lat' dir='ltr'><strong>abgaliquo</strong></span> <span class='ocrx_word' id='word_1_969' title='bbox 3074 5641 3300 5698; x_wconf 89' lang='lat' dir='ltr'><strong>librario</strong></span> <span class='ocrx_word' id='word_1_970' title='bbox 3320 5644 3595 5715; x_wconf 87' lang='lat' dir='ltr'><strong>scriptore</strong></span> 
     </span>
    </p>
   </div>
   <div class='ocr_carea' id='block_1_118' title="bbox 1998 5710 3065 5769">
    <p class='ocr_par' dir='ltr' id='par_1_118' title="bbox 1998 5710 3065 5769">
     <span class='ocr_line' id='line_1_119' title="bbox 1998 5710 3065 5769; baseline 0.003 -3"><span class='ocrx_word' id='word_1_971' title='bbox 1998 5711 2052 5766; x_wconf 93' lang='lat' dir='ltr'><strong>in</strong></span> <span class='ocrx_word' id='word_1_972' title='bbox 2086 5710 2503 5768; x_wconf 81' lang='lat' dir='ltr'><strong>Ambrosianum</strong></span> <span class='ocrx_word' id='word_1_973' title='bbox 2529 5720 2735 5768; x_wconf 89' lang='lat' dir='ltr'><strong>textum</strong></span> <span class='ocrx_word' id='word_1_974' title='bbox 2769 5710 3065 5769; x_wconf 76' lang='lat' dir='ltr'><strong>inductam.</strong></span> 
     </span>
    </p>
   </div>
   <div class='ocr_carea' id='block_1_119' title="bbox 2072 5781 3382 5859">
    <p class='ocr_par' dir='ltr' id='par_1_119' title="bbox 2072 5781 3382 5859">
     <span class='ocr_line' id='line_1_120' title="bbox 2072 5781 3382 5859; baseline 0.004 -24"><span class='ocrx_word' id='word_1_975' title='bbox 2072 5781 2097 5818; x_wconf 68' lang='grc' dir='ltr'>τι</span> <span class='ocrx_word' id='word_1_976' title='bbox 2141 5783 2297 5859; x_wconf 72' lang='lat' dir='ltr'><strong>llum.</strong></span> <span class='ocrx_word' id='word_1_977' title='bbox 2331 5783 2485 5850; x_wconf 88' lang='lat' dir='ltr'><strong>edit.,</strong></span> <span class='ocrx_word' id='word_1_978' title='bbox 2519 5786 2652 5859; x_wconf 75' lang='lat' dir='ltr'><strong>Itane</strong></span> <span class='ocrx_word' id='word_1_979' title='bbox 2681 5784 2985 5859; x_wconf 78' lang='lat' dir='ltr'><strong>cltnritatem</strong></span> <span class='ocrx_word' id='word_1_980' title='bbox 3005 5801 3126 5859; x_wconf 81' lang='lat' dir='ltr'><strong>erga</strong></span> <span class='ocrx_word' id='word_1_981' title='bbox 3157 5802 3382 5859; x_wconf 66' lang='lat' dir='ltr'><strong>socrum.</strong></span> 
     </span>
    </p>
   </div>
   <div class='ocr_carea' id='block_1_120' title="bbox 2074 5853 3603 5930">
    <p class='ocr_par' dir='ltr' id='par_1_120' title="bbox 2074 5853 3603 5930">
     <span class='ocr_line' id='line_1_121' title="bbox 2074 5853 3603 5930; baseline 0.006 -20"><span class='ocrx_word' id='word_1_982' title='bbox 2074 5863 2095 5891; x_wconf 76' lang='grc' dir='ltr'><strong><em>ο</em></strong></span> <span class='ocrx_word' id='word_1_983' title='bbox 2139 5853 2216 5912; x_wconf 89' lang='lat' dir='ltr'><strong>lta</strong></span> <span class='ocrx_word' id='word_1_984' title='bbox 2239 5870 2371 5914; x_wconf 89' lang='lat' dir='ltr'><strong>mss.</strong></span> <span class='ocrx_word' id='word_1_985' title='bbox 2401 5870 2498 5914; x_wconf 87' lang='lat' dir='ltr'><strong>sex</strong></span> <span class='ocrx_word' id='word_1_986' title='bbox 2526 5855 2917 5926; x_wconf 85' lang='lat' dir='ltr'><strong>probatissimi,</strong></span> <span class='ocrx_word' id='word_1_987' title='bbox 2944 5853 3119 5930; x_wconf 76' lang='lat' dir='ltr'><strong>neque</strong></span> <span class='ocrx_word' id='word_1_988' title='bbox 3141 5857 3208 5916; x_wconf 89' lang='lat' dir='ltr'><strong>ab</strong></span> <span class='ocrx_word' id='word_1_989' title='bbox 3230 5857 3316 5916; x_wconf 82' lang='lat' dir='ltr'><strong>bis</strong></span> <span class='ocrx_word' id='word_1_990' title='bbox 3339 5858 3603 5920; x_wconf 81' lang='lat' dir='ltr'><strong>recedunt</strong></span> 
     </span>
    </p>
   </div>
  </div>
