3960 6384
462 314 484 374 1
497 316 601 374 603

1182 36 1233 46 ’⁵-
1284 26 1313 47 ἰ
1332 34 1937 59 ἠῇς-Τμξπ-
1978 44 2229 64 ¹ἀ.1¹”““·-ι-ι-δ-

1826 308 2073 369 SANCTI
2112 308 2437 369 AMBROSII

3632 293 3763 369 ient

455 429 766 488 benedictio
805 429 1085 487 seniorum
1128 426 1424 484 dicentium
1456 440 1472 480 :
1501 421 1600 480 Det
1646 421 1899 478 Dominus
1937 438 2055 476 mu-
2085 436 2140 496 Α
2234 423 2325 480 36.
2366 420 2552 501 Neque
2582 429 2760 483 tamen
2787 420 2970 481 abnuo
2994 434 3121 481 cum
3147 419 3386 483 Thamar
3411 431 3468 478 et
3489 421 3638 479 Ruth
3665 424 3763 479 de-

455 522 634 579 lierem
675 537 793 593 quia
831 523 990 577 intrat
1022 522 1075 575 in
1107 519 1319 574 domum
1364 528 1508 573 tuam
1529 558 1544 584 ,
1580 516 1711 572 sicut
1750 513 1987 579 Rachel,
2019 521 2067 567 et

457 615 593 670 sicut
626 613 809 681 Liam,
848 629 964 686 quce
1002 612 1391 681 wdi/icaoeruut
1424 608 1635 664 domum
1669 605 1874 673 Israel,
1914 614 1962 660 et
1987 605 2070 677 [a-

462 723 577 762 cere
606 700 841 762 virtut‘em
871 706 926 761 in
952 703 1191 774 Ephrata
1213 720 1233 760 :
1262 713 1310 759 et
1331 703 1397 759 sit
1428 717 1616 757 nomen
1645 701 1700 756 in
1723 695 2023 754 Bethlehem
2051 712 2069 753 :

466 810 516 854 et
544 800 636 868 ﬁat
664 796 846 854 domus
875 808 964 853 tua
1006 799 1137 853 sicut
1177 798 1359 855 domus
1405 795 1645 862 Phares,
1685 810 1835 866 quem
1874 791 2072 866 peperit

468 893 702 949 Thamar
720 893 900 949 Judte.
926 892 1007 948 De
1034 893 1225 949 semine
1258 901 1345 947 tuo
1370 891 1456 947 det
1479 891 1568 945 tibi
1599 887 1853 944 Dominus
1883 903 1947 941 ea:
1977 885 2074 939 hac

454 989 650 1060 puella.
689 987 759 1043 Et
787 989 986 1059 accepit
1012 987 1153 1042 Boos
1192 985 1363 1051 Rulli,
1397 994 1444 1038 et
1490 984 1644 1055 facta
1685 992 1761 1037 est
1800 980 1855 1036 in
1889 979 2075 1034 matri-

459 1082 690 1136 monium
744 1077 964 1152 (Ibid.,
1021 1079 1246 1151 11-15),
1297 1086 1354 1134 et
1408 1076 1623 1148 peperit
1667 1073 1818 1131 Obed
1866 1078 2074 1142 patrem

461 1172 640 1240 Jesse,
669 1188 831 1228 avum
878 1170 1070 1227 David.
1113 1172 1284 1227 Recte
1324 1170 1489 1241 igitur
1524 1179 1744 1225 sanctus
1784 1165 2070 1220 Matthacus

466 1280 564 1337 per
587 1265 941 1337 Evangelium
963 1276 1155 1336 gentes
1175 1263 1246 1318 ad
1295 1262 1595 1318 Ecclesiam
1625 1270 1939 1324 vocaturos,
1974 1272 2078 1312 au-

468 1370 679 1413 ctorem
711 1359 889 1433 ipsum
931 1365 959 1393 ιι
999 1356 1287 1411 Dominum
1332 1352 1555 1427 gentilis
1599 1350 2076 1424 congregationis,

471 1449 907 1520 alienigenarum
937 1448 1347 1520 generationem
1383 1445 1681 1502 secundum
1715 1457 1936 1498 carnem
1986 1456 2079 1495 as-

464 1540 767 1615 sumpsisse
807 1542 1175 1607 memoravit;
1218 1548 1279 1596 ut
1315 1539 1427 1611 jam
1463 1551 1589 1594 tunc
1627 1545 1776 1593 esset
1820 1534 2078 1590 iudicium

469 1634 615 1705 quod
645 1633 737 1689 illa
762 1638 1046 1704 generatio
1070 1632 1260 1688 ederet
1280 1631 1522 1703 gentium
1548 1640 1885 1693 vocatorem,
1910 1640 2072 1698 quem

466 1742 837 1798 sequeremur
863 1741 1058 1782 omnes
1084 1742 1149 1782 ex
1178 1723 1501 1796 alienigenis
1531 1719 1873 1795 congregati,
1913 1717 2080 1774 relin-

2172 516 2371 584 fendo,
2400 523 2717 590 peccatores
2768 531 2985 589 quoque
3040 516 3179 573 inter
3216 516 3453 586 majores
3500 516 3764 573 Dominici

2171 610 2391 683 generis
2441 620 2787 684 computatos
2842 627 2857 664 :
2905 624 3137 680 quorum
3190 608 3766 669 commemorationem

2172 712 2392 761 sanctus
2417 704 2593 761 Lucas
2617 703 2892 761 declinare
2921 702 3260 771 desiderans,
3286 701 3451 759 alium
3479 700 3768 773 quemdam

2174 799 2579 861 successionum
2602 797 2849 854 ordinem
2882 799 3054 855 tenuit
3088 818 3102 855 :
3136 810 3313 866 neque
3342 796 3564 863 Achab,
3598 809 3771 867 neque

2174 891 2489 950 Jechoniam
2515 932 2531 960 ,
2560 905 2735 962 neque
2760 899 3037 961 postremo
3068 889 3211 951 Uria:
3236 903 3460 949 uxorem
3488 887 3776 945 nominati»

2176 986 2276 1044 dos
2314 985 2558 1055 putavit;
2617 994 2676 1041 ut
2728 983 3128 1041 immaculatam
3158 980 3514 1045 sacerdotalis
3558 981 3776 1053 generis

2176 1079 2377 1139 seriem
2424 1078 2744 1137 declararet.
2800 1075 2912 1134 Sed
2960 1072 3071 1133 utd
3105 1075 3183 1131 illi
3222 1074 3437 1131 consilii
3492 1075 3581 1131 sui
3636 1073 3778 1130 ratio

2175 1170 2426 1233 Subsistit
2461 1188 2477 1226 ς
2507 1168 2582 1226 ita
2609 1168 2774 1228 etiam
2800 1168 2976 1227 sancti
3009 1165 3249 1225 Matthaai
3292 1165 3586 1225 consilium
3630 1179 3661 1219 a
3691 1180 3779 1219 ra-

2180 1265 2343 1327 tionis
2364 1264 2574 1336 justitia
2616 1277 2726 1321 non
2752 1262 3035 1321 abhorret.
3062 1261 3198 1321 Nam
3222 1276 3346 1319 cum
3374 1257 3781 1332 evangelizaret

2179 1359 2470 1417 Dominum
2498 1356 2797 1415 secundum
2823 1370 3044 1413 carnem
3094 1369 3218 1415 esse
3262 1362 3585 1426 generatqu
3616 1393 3633 1420 ,
3685 1350 3780 1423 qui

2181 1453 2421 1511 omnium
2453 1458 2673 1524 peccata
2700 1450 3036 1520 susciperet,
3065 1448 3365 1518 subjectum
3389 1446 3629 1518 injuriis,
3652 1445 3783 1500 sub-

2185 1547 2359 1605 ditum
2394 1545 2665 1616 passioui;
2699 1558 2767 1601 ne
2813 1542 2975 1613 hujus
3011 1540 3229 1614 quidem
3258 1538 3469 1610 putavit
3497 1548 3782 1595 exsortem

2181 1638 2533 1701 assereudum
2560 1650 2681 1693 esse
2727 1635 2946 1707 pietatis
2971 1675 2986 1702 ,
3019 1641 3078 1691 ut
3106 1633 3391 1693 maculata:
3427 1646 3649 1701 quoque
3672 1630 3785 1686 ori-

2180 1733 2325 1807 ginis
2348 1747 2456 1787 non
2484 1738 2764 1789 recusaret
2792 1727 3047 1797 iniuriam
3083 1743 3097 1781 :
3130 1726 3294 1783 simul
3325 1742 3393 1781 ne
3425 1724 3661 1796 puderet
3683 1724 3786 1780 Ecr

468 1830 701 1894 (ιιιθιιιθε
731 1832 990 1892 Ραιετηθ,
1018 1831 1074 1913 ei
1100 1819 1346 1874 dicentes
1370 1817 1440 1913 fi
1475 1815 1568 1913 {illi
1604 1830 1706 1870 "05
1731 1813 1799 1870 ad
1825 1812 1921 1913 Ρθί
1950 1810 2070 1867 cu“
2106 1827 2154 1913 β
2179 1825 2402 1889 clesiam
2441 1824 2512 1882 de
2559 1821 2940 1896 peccatoribus
2979 1819 3335 1891 congregari,
3364 1832 3490 1873 cum
3522 1815 3788 1872 Dominus

471 1923 587 1969 tum
650 1921 911 1979 vocaret,
956 1911 1109 1967 verbi
1157 1910 1329 1981 gratia
1369 1907 1540 1963 Paulo
1565 1948 1581 1973 ,
1621 1916 1716 1965 aut
1755 1905 2081 1974 cuicumque

468 2007 730 2076 episcopo
762 2022 776 2058 :
810 2003 1044 2076 Populus
1068 2013 1210 2068 tuus,
1238 2000 1466 2073 populus
1486 2015 1630 2054 meus
1662 2015 1681 2052 :
1703 2008 1750 2053 et
1772 1996 1915 2052 Deus
1941 2006 2083 2063 tuus,

472 2098 615 2155 Deus
660 2115 801 2154 meus
829 2097 1019 2171 (Ruth.
1049 2113 1096 2165 ι,
1144 2095 1261 2168 l6).
1294 2094 1440 2167 Ergo
1480 2093 1670 2161 Ruth,
1702 2095 1843 2147 sicut
1887 2089 1981 2146 Lia
2026 2095 2083 2145 et

469 2190 682 2248 Rachel
701 2232 715 2256 ,
749 2191 918 2246 oblita
947 2190 1204 2261 populum
1233 2201 1417 2254 suum,
1450 2194 1506 2241 et
1530 2185 1751 2240 domum
1779 2183 1948 2259 patris
1970 2182 2081 2249 sui,

472 2287 697 2343 solvens
722 2285 997 2358 vinculum
1025 2284 1208 2357 Legis,
1234 2282 1481 2353 ingressa
1503 2287 1588 2335 est
1614 2279 1670 2334 itt
1701 2277 2022 2334 Ecclesiam.

541 2382 634 2439 54.
677 2381 851 2438 Solvit
880 2392 1069 2435 autem
1110 2379 1541 2437 calceamentum
1566 2416 1581 2441 ,
1628 2373 1719 2447 qui
1765 2386 1873 2427 non
1924 2384 2083 2431 accc-

477 2476 556 2547 pit
582 2472 903 2529 Ecclesiam.
935 2471 1006 2527 Et
1028 2470 1205 2543 Moysi
1229 2469 1428 2531 dicitur
1457 2484 1471 2520 :
1499 2465 1655 2524 Solve
1679 2465 2086 2523 calceamentum

470 2566 662 2640 pedum
702 2577 910 2619 tuorum
940 2561 1139 2637 (Exod.
1174 2577 1233 2617 tu
1256 2601 1272 2628 ,
1321 2558 1414 2632 5);
1450 2573 1521 2615 ne
1546 2559 1665 2629 ipse
1691 2570 1926 2628 sponsus
1978 2555 2081 2619 Ec-

473 2662 658 2717 clesiae
698 2657 1038 2716 crederetur.
1083 2654 1248 2711 Solus
1275 2654 1368 2709 ille
1402 2667 1512 2708 non
1557 2651 1755 2717 solvit,
1797 2649 1890 2721 qui
1922 2663 2083 2705 verus

470 2766 556 2813 est
585 2767 846 2824 sponsus.
891 2750 961 2811 Et
1002 2749 1127 2806 ideo
1150 2747 1287 2805 dicit
1325 2746 1566 2803 Joannes
1594 2761 1609 2800 :
1638 2744 1804 2819 Cujus
1844 2760 1945 2798 nou
1973 2759 2088 2796 sunt

471 2851 673 2918 dignus
698 2847 839 2902 solue
856 2862 919 2909 re:
937 2844 1215 2918 corrigiam
1238 2841 1566 2897 calceamenti
1591 2840 1725 2906 eius.
1752 2838 1896 2910 Ergo
1921 2846 1977 2892 et
2003 2835 2091 2892 hic

472 2950 638 3014 typus
658 2949 766 3007 est,
794 2947 851 2994 et
876 2936 1172 2993 aediﬁcavit
1195 2935 1419 2990 domum
1439 2931 1632 2989 Israel.

546 3035 638 3091 55.
681 3032 855 3100 Quam
906 3045 1039 3085 vero
1091 3028 1554 3085 commemoratio
1618 3025 1738 3097 ejus
1794 3022 2092 3081 Dominicte

471 3128 739 3201 prosapiae
767 3123 934 3179 fuerit
960 3124 1250 3178 inserenda
1272 3162 1288 3189 ,
1316 3120 1562 3176 declarat
1589 3117 1835 3191 mysterii
1865 3117 2077 3173 altioris

2188 1920 2256 1987 de
2283 1916 2657 1990 peccatoribus
2688 1923 3023 1971 nasceretur.
3052 1912 3335 1971 Postremo
3367 1919 3428 1967 ut
3455 1909 3787 1966 beneficium

2186 2009 2578 2082 redemptionis
2609 2007 2771 2065 etiam
2815 2022 2844 2063 a
2885 2006 3000 2062 suis
3030 2004 3328 2077 majoribus
3365 2002 3686 2068 inchoaret;
3722 2018 3790 2059 ne

2186 2105 2311 2177 quis
2362 2110 2578 2176 putaret
2615 2099 2840 2172 originis
2889 2101 3159 2156 maculam
3206 2097 3599 2170 impedimento
3630 2110 3792 2167 posse

2188 2212 2311 2259 esse
2344 2197 2532 2257 virtuti
2558 2213 2571 2250 :
2605 2210 2709 2252 nec
2737 2208 2797 2255 se
2833 2195 3076 2256 insolens
3093 2192 3163 2251 de
3188 2194 3271 2250 sui
3298 2208 3359 2250 se
3382 2192 3607 2264 generis
3636 2190 3794 2247 nobi-

2187 2291 2340 2348 litate
2365 2289 2629 2363 jactaret,
2673 2302 2815 2345 neve
2846 2296 3132 2359 parentum
3160 2286 3395 2347 crimina
3419 2283 3791 2345 verecundior

2186 2383 2577 2447 erubesceret,
2608 2381 2696 2449 cui
2724 2380 3117 2441 obumbrandas
3142 2382 3371 2454 originis
3415 2380 3646 2439 facultas
3696 2379 3795 2439 dav-

2187 2485 2339 2532 retur
2364 2473 2500 2535 ﬂore
2530 2472 2767 2531 virtutis.

2258 2568 2351 2627 57.
2392 2569 2477 2625 An
2511 2582 2644 2622 vero
2690 2577 2916 2625 sanctus
2954 2567 3123 2631 David
3147 2610 3163 2634 ,
3206 2566 3333 2625 licet
3372 2567 3543 2627 multa
3586 2565 3714 2638 ejus
3743 2566 3794 2625 in

2188 2662 2507 2736 mysterium
2540 2661 2860 2737 ﬁgurentur,
2891 2678 2997 2723 non
3028 2678 3095 2723 eo.
3128 2663 3443 2736 praecelsior
3462 2704 3478 2729 ,
3508 2662 3657 2734 quod
3698 2662 3796 2719 ho-

2191 2757 2391 2813 minem
2413 2769 2473 2813 se
2495 2770 2617 2812 esse
2633 2756 2910 2827 cognovit,
2927 2763 2985 2813 et
2999 2757 3350 2815 commissum
3377 2771 3546 2826 super
3567 2756 3794 2827 abrepta

2190 2847 2334 2907 Uria:
2365 2864 2534 2907 uxore
2579 2858 2861 2920 peccatum
2907 2849 3241 2922 paenitentiae
3282 2850 3490 2920 putavit
3535 2848 3794 2922 lacrymis

2189 2942 2518 3003 abluendum
2543 2984 2556 3009 ,
2604 2942 2899 3001 ostendens
2940 2944 3101 3005 nobis
3131 2945 3401 3005 neminem
3445 2942 3642 3003 virtuti
3673 2961 3795 3013 pro-

2192 3038 2325 3108 prim
2353 3035 2556 3095 debere
2593 3036 2908 3094 conlidere?
2945 3037 3216 3097 Habemus
3240 3038 3385 3095 enim
3414 3037 3795 3097 adversarium

2192 3146 2468 3204 magnum,
2497 3130 2589 3202 qui
2618 3131 2760 3193 vinci
2791 3146 2819 3185 a
2851 3131 3008 3195 nobis
3030 3132 3149 3195 sine
3176 3133 3272 3189 Dei
3308 3133 3495 3190 favore
3519 3148 3633 3191 non
3664 3146 3792 3203 pose

474 3222 795 3295 capressio,
845 3233 955 3291 qua
997 3215 1382 3289 prophetatum
1413 3221 1498 3268 θδι
1530 3228 1597 3269 ει
1638 3227 1841 3284 Bene":
1876 3211 1997 3281 eius
2026 3212 2078 3265 ίη
2107 3224 2152 3289 C
2192 3224 2282 3280 sit.
2314 3223 2383 3280 Et
2411 3225 2731 3296 plerumque
2759 3225 2813 3280 in
2845 3225 3145 3291 illustribus
3166 3235 3222 3289 et
3250 3226 3424 3285 beatis
3451 3225 3587 3283 viris
3608 3226 3797 3298 gravia

476 3318 720 3390 Ephrata
748 3312 1033 3372 Christum
1078 3325 1202 3366 esse
1224 3306 1595 3380 generandum
1620 3348 1635 3374 ,
1664 3321 1790 3361 cum
1832 3304 2036 3361 dicitur
2075 3320 2090 3390 ς

468 3386 571 3475 D:t
592 3411 684 3466 tibi
708 3410 1080 3464 Dominus.....
1105 3404 1277 3474 facere
1306 3402 1556 3456 virtutem
1581 3401 1634 3454 in
1656 3398 1913 3472 Ephrata,
1947 3409 1995 3453 et
2019 3386 2091 3454 si‘

472 3521 659 3560 nomen
686 3502 741 3557 in
770 3499 1074 3555 Bethlehent
1123 3493 1319 3569 (Ruth.
1349 3509 1405 3549 tv
1425 3534 1441 3559 ,
1478 3493 1538 3548 li
1560 3494 1600 3564 ).
1633 3493 1766 3559 Qua:
1812 3502 1897 3548 est
1935 3493 2084 3548 enim

475 3599 669 3663 virtus,
703 3594 808 3650 nisi
836 3607 964 3664 quae
995 3606 1093 3663 per
1118 3587 1395 3645 Christum
1419 3587 1665 3658 gentium
1697 3586 1928 3657 p0pulos
1953 3600 2085 3641 con-

470 3688 747 3763 gregavit?
775 3685 932 3757 Quod
964 3694 1150 3740 autem
1183 3696 1381 3738 nomen
1407 3720 1421 3746 ,
1447 3680 1551 3735 nisi
1580 3678 1712 3733 illud
1743 3678 1887 3749 quod
1917 3678 2084 3736 Beth-

474 3784 652 3842 lehem
684 3781 859 3855 patria
886 3776 1110 3835 Domini
1136 3774 1432 3832 secundum
1453 3788 1673 3831 carnem
1700 3772 1975 3829 nascentis
1996 3782 2081 3830 est

476 3878 657 3939 facta?
706 3876 864 3935 Unde
904 3891 1002 3947 per
1037 3872 1361 3945 prOphetam
1410 3869 1611 3925 dictum
1667 3875 1753 3926 est
1796 3886 1809 3923 :
1853 3866 1924 3922 Et
1967 3879 2021 3923 tu
2047 3867 2075 3908 ι)

477 3974 774 4031 Bethlehem
794 3968 1018 4035 ludicre,
1045 3984 1148 4022 non
1167 3983 1218 4027 es
1241 3964 1457 4021 minima
1471 3963 1603 4017 inter
1617 3963 1877 4034 principes
1896 3961 2077 4029 Iuda;

474 4084 538 4123 ex
576 4076 623 4121 te
666 4065 805 4120 enim
849 4063 980 4118 exiet
1006 4059 1249 4131 princeps
1297 4057 1385 4127 qui
1412 4054 1621 4129 1327
1647 4064 1789 4127 regat
1829 4054 2077 4125 populant

473 4174 641 4214 meum
667 4153 835 4210 Israel
867 4153 1054 4223 (Mica.
1082 4166 1135 4218 v,
1157 4148 1245 4221 Ξ).
1266 4148 1528 4205 Videmus
1552 4148 1715 4219 igitur
1736 4147 2022 4204 mulierum
2050 4158 2072 4186 ο

471 4244 984 4307 commemorationi
1010 4242 1295 4298 historiam
1318 4281 1332 4307 ,
1364 4255 1544 4297 mores
1561 4282 1575 4308 ,
1598 4242 1917 4313 mysterium
1943 4257 2075 4298 con-

474 4358 683 4398 ventre.

477 4507 611 4564 edit.
644 4503 751 4561 nisi
781 4500 926 4574 quod
954 4512 1057 4574 pro
1080 4541 1096 4568 ,
1128 4497 1378 4574 dicimus,
1404 4495 1596 4574 legunt
1616 4536 1631 4561 ,
1670 4494 2036 4574 comprehendi
2052 4538 2068 4562 ,

479 4595 589 4636 non
620 4591 780 4633 secus
801 4568 871 4630 ac
900 4568 1057 4628 multi
1083 4585 1150 4627 ex
1188 4583 1321 4627 mss.
1352 4568 1600 4623 Aliorum
1628 4581 1759 4625 vero
1786 4568 2069 4634 nonnulli,

480 4658 690 4723 ρηειιαι
710 4647 873 4720 priori
904 4660 922 4699 :
948 4644 1003 4723 in
1028 4658 1261 4723 quohuou
1295 4640 1550 4723 mediocre
1576 4640 1877 4723 mysterium
1908 4656 1926 4694 :
1954 4639 2074 4706 qui-

478 4713 626 4783 dam,
659 4713 868 4791 pr'testat
895 4713 1078 4791 priori.
1111 4713 1176 4768 Et
1206 4729 1308 4766 non
1332 4713 1588 4791 mediocre
1616 4715 1939 4791 mysterium,
1963 4719 2072 4791 etc.

476 4783 710 4861 Quidam
741 4783 1227 4861 etiametnittunt,
1267 4800 1389 4861 non.
1421 4783 1492 4861 ᾼι
1521 4795 1671 4861 certe
1708 4784 1823 4838 lucc
1862 4783 2028 4861 verba
2060 4800 2073 4837 :

476 4855 536 4919 in
552 4880 654 4934 ique
676 4877 779 4916 non
802 4859 1055 4934 mediocre
1080 4857 1403 4934 mysterium,
1428 4855 1636 4934 incuria
1659 4855 2077 4934 amanuensium

481 4924 578 4997 vel
605 4936 722 4993 loco
743 4940 914 4997 mota,
941 4929 1029 4985 vel
1054 4924 1404 4999 superaddita
1430 4924 1709 4993 videntur,
1728 4941 1858 4987 cum
1883 4924 2078 4984 eadem

483 5006 643 5077 paulo
664 5012 789 5075 post
817 5009 1149 5072 repetantur.

556 5105 584 5134 δ
624 5094 753 5165 Era.
797 5100 854 5149 et
892 5106 1010 5167 seq.
1042 5089 1174 5146 edit.
1201 5128 1217 5157 ,
1251 5087 1532 5147 Dominum
1556 5088 1824 5161 gentilitiaz
1864 5105 2080 5162 congre-

480 5167 722 5240 gationis.

553 5257 582 5297 δ
624 5258 783 5312 Rom.
825 5251 991 5320 edit.,
1020 5251 1319 5307 Bethleltem
1350 5250 1587 5320 Ephrata
1619 5269 1720 5308 non
1763 5269 1817 5308 es
1858 5252 2075 5307 minima

474 5330 536 5387 in
570 5328 798 5387 millibus
842 5318 987 5394 Iuda
1014 5340 1033 5379 :
1058 5325 1322 5378 sinitnirum
1358 5318 1428 5377 ea
1460 5323 1608 5381 LXX
1632 5367 1647 5389 ,
1696 5318 1840 5394 apud
1893 5340 2030 5394 quos
2053 5367 2069 5392 ,

478 5407 569 5459 nati.
595 5404 660 5458 σὺ
686 5398 905 5475 apeiria
928 5391 1065 5475 eine;
1096 5394 1314 5473 ἐφραθὰ
1332 5434 1347 5475 ρ
1367 5395 1647 5475 ’ὀλιγοστὸς
1668 5392 1718 5452 εἴ
1736 5391 1840 5453 λινοῦ
1862 5393 1994 5475 εἶναι
2020 5399 2071 5452 ἄν

479 5475 712 5547 χιλιάσιν
730 5464 919 5547 deridet.
940 5464 1265 5547 tanien
1293 5464 1814 5547 vides'ttegatiouem
1842 5466 2035 5524 «inesse
2053 5508 2068 5535 ,

518 5536 639 5600 nam
673 5558 773 5597 nec
804 5538 910 5594 ulla
938 5538 1103 5609 biblia
1131 5538 1363 5593 aliorum
1381 5536 1708 5609 idiomatum
1742 5549 2064 5609 agnoscunt.

526 5624 598 5671 et.
628 5624 814 5682 autem
844 5609 976 5682 edit.
996 5650 1012 5682 ρ
1045 5608 1343 5682 Betltlelteat
1365 5606 1614 5682 δαίμ...
1641 5606 2069 5682 ἱπιᾳίρτίησὲρεξ

474 5684 638 5741 lado.
660 5682 776 5755 Qui
792 5679 1013 5755 lectioni
1033 5681 1398 5755 anfragan‘utr
1422 5679 1615 5750 scripti
1641 5679 1767 5755 eod.
1792 5679 1894 5736 nisi
1923 5681 2069 5755 quod

475 5758 665 5823 optimi
694 5749 1259 5823 habent,_1iotltlelteit
1283 5750 1521 5823 lam;
1542 5749 1613 5808 iet
1644 5752 1744 5823 alii
1778 5749 2025 5807 nonnulli
2050 5794 2065 5818 ,

476 5821 798 5907 nequaquam
1066 5838 1119 5876 es
1162 5837 1178 5886 ;
1219 5835 1331 5895 quo
1370 5821 1533 5878 modo
1582 5821 1745 5879 etiam
1797 5823 2071 5895 reperitur

2197 3331 2415 3389 peccata
2445 3319 2611 3378 luisse
2637 3319 2909 3390 reperies;
2949 3328 3008 3379 ut
3034 3320 3188 3391 quasi
3218 3319 3470 3377 homines
3503 3321 3798 3377 tentationi

2195 3412 2436 3481 patuisse
2461 3426 2757 3482 cognoscas
2778 3453 2794 3479 ,
2826 3427 2896 3469 ne
2920 3412 3212 3475 virtutibus
3237 3413 3472 3483 egregiis
3502 3413 3800 3484 plusquam

2192 3501 2442 3560 homines
2468 3503 2837 3563 crederentur.
2886 3504 2944 3562 Si
2971 3504 3117 3561 enim
3163 3505 3332 3563 David
3361 3506 3492 3576 quia
3525 3520 3801 3576 prrsum-

2191 3596 2377 3666 ptione
2419 3597 2633 3655 virtutis
2670 3598 2848 3659 elatus
2888 3598 3100 3662 dixerat
3127 3615 3143 3657 :
3172 3599 3236 3657 Si
3274 3599 3477 3657 reddidi
3502 3600 3802 3657 retribuen.

2188 3689 2323 3742 tibus
2351 3688 2478 3743 milii
2515 3689 2653 3744 mala
2696 3688 2870 3762 (Psal.
2907 3706 3008 3755 vu,
3044 3691 3099 3764 5)
3134 3708 3149 3745 :
3183 3700 3237 3748 et
3266 3691 3393 3747 alibi
3423 3710 3435 3745 :
3470 3690 3588 3764 Ege
3619 3702 3799 3749 autem

2188 3779 2299 3835 dixi
2340 3783 2395 3834 in
2446 3797 2559 3839 mea
2601 3781 2921 3838 abundantia
2945 3825 2961 3852 ,
3004 3799 3110 3839 non
3148 3784 3385 3841 movebar
3428 3785 3485 3840 iu
3533 3795 3801 3847 ceteran

2190 3871 2363 3945 (Psal.
2394 3888 2518 3928 χχιχ
2539 3914 2555 3939 ,
2588 3870 2678 3946 7);
2709 3874 2892 3931 statim
2923 3875 3226 3935 insolentiae
3253 3876 3414 3948 hujus
3446 3892 3668 3947 patiam
3696 3894 3800 3937 stt-

2185 3967 2353 4024 biisse
2379 3984 2438 4024 se
2469 3972 2825 4039 memoravit,
2854 3970 3041 4033 dicens
3076 3990 3090 4028 :
3132 3971 3374 4028 Auertisti
3413 3973 3608 4043 [aciem
3649 3982 3803 4029 tuam

2180 4076 2211 4114 a
2237 4077 2347 4129 me,
2396 4070 2443 4116 et
2490 4064 2657 4136 factus
2684 4080 2801 4121 sum
2839 4066 3173 4123 conturbatus
3202 4065 3369 4137 (Ibid.
3398 4108 3415 4134 ,
3443 4066 3503 4138 8)
3548 4084 3563 4123 :
3593 4068 3645 4124 si
3679 4070 3806 4140 ipse

2181 4152 2445 4212 Dominici
2467 4158 2684 4228 generis
2704 4166 2894 4215 auctor
2917 4159 3220 4219 insolentiae
3245 4161 3460 4233 excepit
3479 4159 3802 4228 offensam;

2178 4258 2380 4316 quanto
2410 4249 2578 4321 magis
2596 4265 2696 4317 nos
2717 4253 2897 4311 caeteri
2930 4260 3268 4323 peccatores,
3288 4254 3487 4325 quibus
3506 4255 3663 4313 nulla
3684 4255 3809 4313 suf-

2177 4337 2418 4411 fragatur
2446 4343 2802 4417 praerogativa
2841 4346 3160 4407 meritorum
3183 4386 3198 4414 ,
3235 4347 3547 4405 insolentia:
3576 4364 3802 4421 scopu-

2180 4501 2324 4571 apud
2351 4502 2539 4559 Matth.
2575 4520 2647 4574 Il,
2681 4505 2736 4562 6.

2258 4604 2280 4631 ε
2324 4594 2483 4675 Rom.
2514 4597 2672 4664 edit.,
2707 4603 3242 4675 commemorationem
3272 4604 3526 4675 historice,
3553 4611 3812 4669 moribus

2101 4689 2154 4751 ι)
2182 4668 2489 4751 mysterium
2515 4671 2804 4751 eonvenire.
2845 4669 2968 4726 Vet.
2990 4687 3119 4751 cum
3162 4677 3349 4745 paucis
3387 4668 3522 4733 mss.
3557 4668 3811 4736 eamme?

2180 4739 2457 4793 merationi
2514 4739 2819 4805 historiam,
2869 4744 3132 4810 utet-ibus,
3162 4739 3288 4802 'etc.
3335 4748 3441 4805 Alii
3483 4766 3618 4808 vero
3662 4754 3808 4811 cod.

2182 4823 2378 4893 magno
2404 4827 2633 4871 numero
2661 4822 2719 4869 et
2746 4816 3093 4882 auctoritate,
3124 4828 3184 4874 ut
3211 4818 3265 4877 iu
3295 4828 3469 4877 textu.

2253 4896 2558 4988 dnlta'etdit.
2590 4920 2826 4988 ac
2859 4922 3052 4988 omnes
3080 4910 3253 4988 tribus
3275 4913 3552 4988 exceptis,
3583 4919 3691 4988 qui
3724 4920 3813 4977 le-

2184 4981 2317 5041 gunt
2349 4990 2362 5026 :
2394 4970 2497 5028 Ille
2545 4976 2752 5051 consilii
2790 4979 3108 5051 suifratione
3136 4970 3381 5045 substitit.
3410 4970 3815 5051 (1011ίηῖνῦέῶ

2184 5047 3003 5128 mss._quatuordecitn_optitnm
3030 5063 3173 5128 nuta:
3200 5055 3252 5128 in
3285 5056 3392 5110 line
3420 5047 3524 5112 luci
3554 5047 3780 5118 habent

2183 5131 2218 5169 a
2240 5104 2458 5171 rationis
2475 5118 2687 5200 justitia
2710 5104 2955 5200 «dirimet
2970 5138 2990 5187 ;
3033 5104 3384 5200 ut.i_7:dii.”éi

2182 5201 2314 5271 mss.
2340 5228 2355 5253 ,
2381 5204 2413 5241 a
2440 5193 2640 5245 ratione
2663 5193 2919 5271 justitiw,
2952 5204 3059 5248 etc.
3106 5197 3348 5271 Denique
3380 5200 3472 5255 ubi
3502 5193 3648 5257 edit.
3684 5247 3703 5271 ,
3740 5207 3813 5260 de

2178 5255 2320 5311 Zara
2359 5274 2469 5313 esse
2499 5255 2874 5343 .gener-alum}
3004 5255 3328 5343 memoratis
3358 5255 3809 5343 quatuortie'ciin

2179 5343 2312 5384 mss.
2348 5345 2464 5414 non.
2497 5330 3073 5414 invenias,_de_Zara,
3107 5341 3253 5414 quod
3284 5330 3498 5414 vidi-stur
3542 5330 3813 5409 absurda

2177 5402 2608 5489 superadditunm,
2625 5420 2754 5489 cum
2778 5402 3100 5489 Attibrnsius
3119 5402 3236 5483 ipse
3262 5428 3376 5473 non
3397 5412 3464 5471 de
3493 5402 3681 5486 lam”

2177 5462 2259 5558 de
2275 5471 2483 5528 Phares
2507 5462 2784 5558 gltristutu
2816 5462 3169 5558 descendere
3214 5462 3645 5558 'sﬁﬁﬁtj'nﬁ'ﬁ
3659 5462 3766 5547 ’ὦ

2173 5629 2235 5704 ξς
2274 5618 2428 5704 tribu
2446 5624 2503 5704 et
2527 5618 2737 5704 set‘nine
2764 5619 2936 5701 Zarat.
2959 5633 3277 5704 generatum
3329 5618 3488 5697 esse,
3535 5631 3655 5688 hoc

2173 5684 2328 5769 riude
2355 5685 2870 5769 interpretamur__ac
2890 5691 2939 5749 si
2959 5684 3232 5769 scriptum
3259 5684 3409 5769 esset
3437 5684 3549 5756 sex
3578 5684 3808 5769 eadem

2175 5756 2316 5811 tribu
2342 5768 2395 5812 et
2421 5756 2662 5828 setitiiie,
2696 5763 2894 5834 quibus
2920 5756 3096 5823 editus
3146 5767 3243 5827 fuit
3279 5756 3414 5827 Z'ira
3442 5814 3452 5834 ,
3488 5756 3807 5837 omtsiéﬁ

2171 5842 2294 5883 esse
2327 5844 2701 5902 propagatum.
3732 5836 3735 5837 ⁷
3780 5836 3789 5842 “
