3960 6344
190 275 303 352 ius

1087 254 1454 338 excosmo
1495 277 1756 340 EVANG.
1796 277 1943 334 ssc.
1988 275 2144 336 LUC.
2189 278 2318 334 LIB.
2362 271 2451 334 ut.

3282 275 3424 334 ιω)

188 408 274 462 inin
299 403 459 458 timere
487 396 747 453 debemus
768 438 784 464 ,
835 396 888 452 in
923 411 1030 468 quo
1060 397 1401 469 naufragium
1442 396 1513 452 sit
1541 397 1710 465 hono-
1739 401 1787 458 Α
1819 394 1978 458 tinet,
2015 393 2155 464 quod
2196 392 2332 449 dixit
2370 415 2382 449 :
2418 391 2552 447 Ecce
2576 390 2870 448 audivimus
2901 407 3013 446 eam
3047 393 3100 446 in
3135 391 3368 462 Epicrate
3402 411 3418 448 :

185 510 304 557 rum;
333 487 607 562 praesertim
644 504 766 544 cum
799 496 982 544 tantus
1015 488 1096 544 vir
1132 488 1290 544 nobis
1335 498 1390 544 et
1418 487 1717 560 magisterii

191 595 342 642 auctor
367 583 428 638 sit
459 591 511 637 et
550 582 816 653 exempli,
850 581 940 654 qui
971 580 1125 651 quasi
1156 581 1485 652 palinodiam
1530 597 1720 653 quani-

185 682 280 736 dam
318 676 373 730 ad
409 673 866 746 repr0pitiandum
913 674 1195 729 Dominum
1227 673 1280 728 in
1331 673 1721 744 posterioribus

188 768 433 827 cauendum
455 766 681 837 putavit,
711 766 897 821 dicens
919 783 932 819 :
951 765 1196 831 Domine,
1223 781 1324 820 non
1345 776 1417 821 est
1444 768 1722 823 exaltatum

183 881 253 918 cor
273 877 432 922 meum,
459 876 616 930 neque
634 859 686 914 in
719 860 879 913 altum
903 860 1023 914 elati
1047 869 1168 914 sunt
1210 861 1346 915 oculi
1388 862 1486 915 mei
1527 860 1720 930 (Psul.

182 971 316 1017 cxxx,
346 954 393 1022 l)
423 970 434 1004 :
465 962 518 1008 et
546 952 809 1007 Dominus
837 969 870 1006 a
900 953 1094 1008 dextris
1126 954 1276 1018 meis,
1312 970 1375 1009 ne
1401 970 1726 1009 comntoveur

180 1047 320 1119 (Ptol.
347 1061 408 1100 xv
432 1087 446 1111 ,
489 1045 586 1113 8);
619 1045 777 1101 scivit
804 1045 948 1101 enim
981 1046 1200 1116 quando
1232 1062 1292 1103 se
1321 1048 1427 1104 sibi
1453 1049 1722 1116 credidit,

180 1154 275 1193 esse
292 1153 344 1193 se
363 1138 587 1207 lapsum.
623 1135 867 1208 Denique
915 1136 1048 1191 nihil
1081 1137 1229 1192 aliud
1271 1153 1391 1196 esse
1423 1139 1476 1193 in
1505 1138 1728 1196 homine

177 1230 460 1300 designavit,
493 1227 597 1283 nisi
646 1230 769 1299 quia
805 1229 1019 1302 1328
1053 1229 1226 1285 Deum
1257 1231 1426 1284 novit.
1460 1230 1552 1286 Sic
1583 1232 1727 1286 enim

180 1322 311 1394 habes
340 1337 351 1374 :
383 1320 514 1388 Quid
553 1329 634 1374 est
659 1320 834 1381 homo,
858 1322 998 1390 quod
1037 1321 1305 1375 innotuisti
1334 1322 1382 1375 ei
1419 1338 1437 1375 :
1459 1331 1550 1375 aut
1588 1322 1730 1392 ﬁlius

173 1414 393 1480 hominis,
437 1414 562 1483 quia
609 1423 878 1482 contputas
925 1430 1046 1466 eum
1075 1412 1251 1484 (Psal.
1283 1428 1484 1482 CXLIII,
1533 1414 1632 1483 5)?
1673 1413 1729 1472 Si

172 1523 276 1579 ergo
295 1505 445 1561 David
475 1506 823 1561 insolentiam
852 1506 1101 1574 damnat,
1137 1505 1500 1561 humilitatem
1533 1505 1728 1575 induit,

169 1601 357 1658 rectein
385 1599 614 1656 historia
657 1599 852 1657 ux0ris
895 1600 1036 1658 Uria:
1065 1602 1443 1672 magisterium
1473 1601 1617 1658 istud
1647 1603 1731 1657 ai-

169 1692 390 1748 icctanda:
420 1693 748 1748 humilitatis
771 1693 1119 1750 adsciscitur.

1820 488 2106 542 invenimus
2137 504 2249 541 eam
2277 489 2328 541 in
2365 487 2560 556 campis
2592 487 2736 541 silva:
2768 486 2942 556 (Psat.
2976 502 3170 552 cxxxr,
3208 487 3296 558 (i).
3328 487 3422 542 Al-

1825 588 1996 635 terum
2020 581 2328 651 specialiter
2351 590 2374 616 τι
2399 580 2465 635 ad
2493 580 2755 634 Dominici
2779 581 3029 650 corporis
3045 583 3421 652 sponsionem,

1823 673 1965 743 quod
1991 673 2214 728 oraculo
2237 673 2684 728 manifestissimo
2712 672 3011 740 revelatur,
3037 688 3160 729 cum
3186 675 3422 732 dicitur:

1824 763 1910 820 Ea:
1941 767 2119 837 fructu
2141 767 2330 822 ventris
2361 767 2436 821 tui
2460 784 2655 839 ponam
2684 784 2839 837 super
2858 768 3032 822 sedem
3060 781 3201 824 tuam
3226 768 3423 841 (Ibid.,

1828 857 1943 931 11).
1976 859 2097 915 Noli
2130 871 2309 914 tamen
2341 869 2491 914 tanto
2525 859 2803 930 negligens
2831 875 2954 916 esse
2985 862 3287 930 promisso;
3317 877 3424 918 non

1827 953 1970 1007 enim
1999 950 2024 988 ι)
2052 955 2168 1007 sine
2200 953 2519 1008 deﬁnitione
2546 952 2729 1006 datum
2753 962 2857 1006 est.
2892 952 2998 1008 Sed
3024 954 3067 1008 si
3098 953 3428 1010 custodieris

1829 1051 2242 1112 testamentum,
2274 1051 2330 1100 et
2363 1043 2668 1098 testimonia
2695 1045 3001 1106 servaveris
3028 1045 3268 1111 Domini,
3309 1061 3432 1117 quae

1830 1136 1883 1192 in
1918 1136 2213 1208 Evangelio
2242 1151 2302 1192 se
2339 1137 2628 1206 pollicetur
2661 1151 2785 1192 esse
2813 1137 3119 1205 dicturum,
3152 1140 3248 1194 tibi
3291 1156 3430 1210 quo-

1830 1244 1938 1300 que
1956 1230 2111 1298 cupia
2143 1228 2290 1284 sedis
2324 1227 2528 1301 patebit
2550 1239 2791 1284 aeternae.
2826 1229 2954 1286 llaec
2975 1229 3044 1286 de
3074 1247 3240 1286 uxore
3264 1231 3428 1289 Uriaz.

1905 1322 1996 1376 40.
2039 1321 2115 1376 De
2148 1321 2336 1377 Achab
2365 1333 2544 1377 autem
2578 1322 2709 1378 satis
2747 1323 2942 1390 claret,
2976 1324 3062 1378 cui
3110 1340 3248 1380 uxor
3274 1324 3434 1380 Jeza-

1831 1414 1918 1470 bel
1951 1414 2057 1486 (Ill
2086 1414 2217 1488 Reg.
2255 1432 2366 1484 xvt,
2400 1416 2496 1486 51)
2530 1433 2543 1470 :
2585 1426 2639 1472 et
2671 1406 2740 1473 de
2769 1417 3030 1474 Jrchonia
3063 1418 3132 1473 de
3167 1435 3274 1491 quo
3303 1421 3436 1476 satis

1833 1509 2065 1565 idoneus
2089 1518 2279 1565 auctor
2301 1519 2386 1568 est
2417 1510 2737 1578 Hieremias,
2765 1513 2984 1566 maximi
3017 1527 3165 1569 reum
3196 1527 3318 1568 esse
3340 1513 3436 1568 de-

1835 1601 1951 1657 licti
1980 1619 1994 1656 :
2024 1601 2109 1657 cui
2133 1603 2293 1656 etiam
2327 1601 2473 1676 quod
2503 1601 2691 1658 habuit
2718 1618 2940 1669 nomen,
2970 1602 3190 1675 eripuit.
3223 1603 3289 1658 Et
3312 1603 3436 1660 ideo

1836 1696 1927 1770 qui
1976 1695 2222 1751 Joacbim
2280 1698 2334 1750 in
2376 1696 2688 1767 Regnorum
2729 1697 2885 1752 libris
2939 1698 3138 1754 dicitur
3169 1697 3272 1770 (IV
3303 1699 3436 1770 Reg.

223 1788 298 1844 58.
325 1788 383 1842 lit
404 1797 588 1842 tamen
613 1787 656 1841 si
681 1802 748 1841 ex
775 1802 836 1843 ea
871 1798 1031 1841 natus
1057 1795 1142 1842 est
1171 1785 1263 1842 ille
1292 1786 1548 1857 pacificus
1580 1785 1735 1842 Salo-
1765 1802 1814 1864 Β
1840 1804 1994 1854 xxxv,
2028 1787 2112 1860 1),
2141 1787 2435 1843 Jechonias
2462 1788 2530 1844 ab
2561 1788 2830 1844 Hieremia
2864 1799 2950 1844 est
2979 1789 3286 1846 nominatus
3309 1832 3325 1856 ,
3359 1791 3442 1846 di-

168 1894 287 1946 nion,
303 1879 580 1936 videamus
595 1895 664 1934 ne
677 1879 1145 1950 fortemysterium
1161 1881 1252 1946 sit,
1271 1879 1414 1949 quod
1433 1879 1648 1935 sublato
1671 1892 1736 1933 e0

167 1973 220 2028 de
235 1974 412 2040 medio,
437 1974 533 2044 qui
558 1983 684 2028 ante
707 1973 961 2044 conjugio
987 1988 1088 2028 suo
1116 1973 1333 2042 plebem
1359 1974 1599 2044 gentium
1619 1974 1738 2028 vin-

165 2066 371 2133 dicabat,
397 2067 486 2122 alii
524 2067 771 2123 Ecclesia
806 2067 922 2122 viro
954 2069 1223 2138 nupserit,
1257 2083 1386 2134 vero
1411 2068 1602 2124 David.
1636 2068 1736 2128 Da-

165 2161 234 2214 vid
255 2161 381 2216 enim
412 2172 644 2217 vocatus
694 2169 780 2216 est
822 2159 1111 2228 Christus,
1159 2161 1213 2216 in
1264 2163 1504 2231 parentis
1535 2175 1735 2217 nomen

160 2255 386 2322 adscitus,
414 2256 575 2326 juxta
603 2257 749 2326 quod
777 2255 1039 2326 scriptum
1068 2265 1152 2310 est
1178 2272 1191 2309 :
1217 2251 1400 2309 Inveni
1424 2253 1598 2310 David
1624 2271 1736 2310 ser-

162 2363 258 2400 vum
282 2364 435 2404 meum
463 2347 650 2421 (Psal.
683 2364 920 2404 Lxxxvtn
939 2390 955 2415 ,
983 2346 1112 2418 21);
1142 2350 1227 2403 cui
1254 2351 1440 2420 nupsit
1467 2348 1734 2417 Ecclesia,

159 2453 258 2506 quae
287 2438 438 2494 Verbi
463 2439 704 2504 semine,
738 2448 791 2494 et
823 2438 1025 2508 Spiritu
1056 2439 1154 2494 Dei
1180 2440 1360 2509 plena,
1379 2438 1583 2496 Christi
1612 2456 1737 2498 cor-

159 2545 244 2599 pus
263 2529 470 2599 eﬂudit,
509 2531 780 2603 p0pulum
814 2533 1025 2588 scilicet
1057 2530 1448 2588 Christianum.
1484 2533 1582 2587 Est
1607 2548 1739 2605 ergo

155 2624 358 2692 mulier,
398 2640 523 2696 qua:
569 2623 791 2679 vivente
822 2624 940 2678 viro
978 2623 1196 2695 alligata
1228 2635 1310 2679 est
1345 2624 1451 2696 legi
1485 2642 1500 2678 ς
1529 2636 1586 2680 et
1615 2624 1740 2680 ideo

157 2725 375 2772 mortuus
399 2725 487 2772 est
518 2716 606 2772 vir
634 2717 788 2786 ejus;
819 2724 876 2771 ut
904 2732 1013 2772 non
1040 2726 1188 2772 esset
1216 2717 1485 2782 adultera,
1518 2719 1562 2772 si
1593 2727 1740 2774 esset

153 2822 256 2862 cum
285 2808 386 2863 alio
415 2811 562 2863 viro.
589 2807 908 2878 Mysterium
934 2808 1101 2880 igitur
1131 2809 1186 2864 in
1219 2808 1386 2878 ﬁgura
1405 2849 1420 2874 ,
1455 2819 1738 2879 peccatum

156 2901 199 2953 in
234 2899 448 2958 historia
495 2902 706 2973 :culpa
749 2917 848 2974 per
892 2901 1204 2971 hominem,
1255 2912 1597 2959 sacramenta
1645 2919 1743 2974 per

149 2995 369 3050 verbum.
405 2998 483 3052 De
524 3011 635 3068 qua
666 2995 892 3050 historia
920 2995 1182 3066 quoniam
1209 2995 1335 3049 alibi
1365 2995 1578 3066 plenius
1598 2994 1741 3049 dixi-

153 3102 273 3151 mus,
297 3088 381 3143 hic
406 3085 902 3144 transcurrendnm
926 3087 1163 3142 videtur.
1195 3085 1498 3156 Meritoque
1519 3096 1742 3142 sanctus

1844 1893 2002 1944 cente
2030 1896 2118 1948 eo,
2146 1880 2390 1953 Abjectus
2417 1889 2489 1934 est
2515 1879 2794 1934 Jechonias
2818 1891 2871 1935 ut
2898 1897 3005 1947 vas,
3035 1892 3056 1919 ο
3085 1897 3190 1944 non
3219 1894 3291 1938 est
3319 1899 3441 1938 usus

1845 1977 1898 2028 in
1930 1974 2023 2041 eo;
2045 1985 2256 2047 prapter
2280 1974 2417 2048 quod
2449 1973 2664 2052 1329
2684 1977 2951 2046 projectus
2975 1982 3052 2030 est
3072 1975 3185 2044 ipse
3204 2016 3220 2046 ,
3247 1972 3272 2011 ἀ
3294 1986 3339 2030 et
3362 1992 3444 2030 se-

1843 2084 1963 2122 men
1999 2069 2131 2139 ejus.
2167 2066 2373 2136 Terra,
2395 2077 2564 2134 terra,
2597 2067 2722 2121 audi
2754 2071 2955 2122 verbum
2993 2067 3236 2136 Domini,
3281 2069 3447 2130 scribe

1843 2163 2013 2216 virum
2039 2162 2197 2216 istum
2240 2161 2572 2226 abdicatum;
2603 2161 2723 2232 quia
2755 2177 2856 2216 non
2883 2171 3124 2234 exsurget
3151 2178 3214 2218 ex
3257 2163 3448 2218 semine

1843 2257 1955 2326 ejus
1981 2257 2162 2311 sedens
2191 2256 2242 2310 in
2273 2254 2458 2309 throno
2488 2253 2658 2308 David
2677 2295 2693 2322 ,
2737 2255 2977 2326 princeps
3017 2254 3192 2314 adhuc
3220 2255 3274 2309 in
3303 2253 3448 2313 Iuda

1844 2350 2066 2422 (Jerem.
2107 2365 2255 2416 χιιι,
2285 2345 2503 2418 28-50).
2557 2348 2635 2404 Eo
2662 2347 2807 2403 enim
2859 2359 3120 2420 regnante
3145 2391 3160 2418 ,
3206 2348 3446 2404 Judzeam

1845 2443 2126 2516 Babylonii
2159 2449 2532 2506 vastaverunt,
2563 2456 2739 2512 neque
2768 2451 2955 2511 postea
2980 2456 3234 2513 umquam
3264 2440 3333 2496 de
3360 2455 3448 2496 se-

1847 2535 1996 2591 mine
2026 2536 2144 2606 ejus
2174 2550 2400 2604 regnum
2433 2533 2718 2604 quisquam
2752 2535 2803 2588 in
2849 2532 3038 2588 Judtca
3084 2538 3258 2603 putuit
3307 2533 3450 2587 obti-

1847 2643 1999 2684 nere.
2037 2629 2228 2682 Postea
2262 2626 2406 2682 enim
2452 2625 2684 2696 populus
2711 2624 2779 2678 de
2809 2623 3121 2693 captivitate
3147 2623 3407 2680 dimissus
3433 2667 3448 2692 ,

1847 2721 1949 2775 sub
1970 2719 2348 2776 sacerdotibus
2369 2727 2423 2773 et
2447 2716 2736 2773 tetrarchis
2765 2715 2886 2771 fuit.
2913 2715 3069 2774 Unde
3091 2717 3253 2772 etiam
3281 2731 3454 2788 usque

1849 2812 1915 2866 ad
1943 2811 2144 2866 Christi
2175 2809 2582 2880 generationem
2613 2821 2866 2866 mansere
2898 2809 3208 2876 tetrarchas,
3245 2823 3313 2864 ne
3346 2808 3450 2879 ipsi

1848 2902 2104 2974 quidem,
2134 2909 2394 2973 quantum
2424 2899 2652 2954 historia
2683 2899 2870 2965 ducet,
2902 2901 3099 2972 regalis
3123 2899 3447 2972 dignitatem

1850 2996 2067 3067 generis
2097 3001 2465 3050 reservantes.

1922 3090 2011 3143 Μ.
2048 3087 2244 3143 Fertur
2264 3087 2408 3142 enim
2435 3085 2503 3142 ab
2536 3084 2641 3152 his,
2669 3085 2762 3156 qui
2791 3085 2909 3140 sive
2935 3089 3322 3156 argumentati,
3343 3089 3456 3146 sive

151 3180 295 3236 David
326 3181 392 3236 de
423 3181 532 3236 hac
567 3181 795 3234 historia
839 3180 1125 3251 mysticum
1169 3179 1435 3249 psalmum
1470 3177 1741 3248 quinqua-
1771 3189 1816 3252 ε
1853 3179 2180 3250 simpliciter
2221 3179 2515 3245 ducentes,
2563 3179 2677 3234 sive
2701 3193 2834 3234 vere
2877 3187 3188 3235 astruentes
3214 3180 3458 3237 tradide-

150 3275 387 3341 gesimum
413 3277 646 3347 scripsit
670 3285 892 3345 pt‘OpleI‘
922 3273 1198 3328 Bersabee
1226 3273 1472 3342 nuptias,
1502 3271 1691 3328 dicens
1719 3289 1734 3325 :

150 3362 202 3418 In
231 3369 516 3438 plurimum
562 3366 679 3420 lava
706 3383 784 3420 me
823 3365 886 3420 ab
930 3365 1190 3439 injustitia
1223 3381 1335 3419 mea
1360 3406 1375 3432 ,
1416 3375 1463 3419 et
1497 3381 1530 3417 a
1555 3364 1742 3418 delicto

150 3474 245 3513 nico
270 3465 461 3516 munda
490 3477 580 3515 me
607 3458 786 3530 (Psat.
814 3475 866 3521 ι,
900 3457 982 3529 4).
1012 3456 1071 3512 Si
1101 3457 1437 3527 iniquitatem
1461 3470 1614 3509 suam
1648 3456 1743 3510 Dei

145 3551 331 3608 amicus
362 3554 624 3626 agnoscit
646 3593 660 3618 ,
693 3563 749 3606 et
776 3550 982 3606 meritis
1030 3552 1143 3604 suis
1176 3549 1394 3604 obstare
1433 3548 1691 3604 delictum
1727 3566 1740 3601 :

147 3646 186 3698 si
225 3645 456 3718 denique
503 3649 625 3703 Deo
681 3661 740 3701 se
791 3659 1044 3716 peccasse
1089 3643 1412 3708 conlitetur;
1444 3657 1541 3697 cur
1590 3651 1642 3696 tu
1676 3641 1745 3698 de

145 3739 475 3798 conl’eSsione
524 3739 778 3796 criminis
806 3739 1100 3794 erubescas
1126 3777 1141 3803 ,
1170 3752 1293 3792 cum
1324 3735 1570 3791 criminis
1597 3750 1745 3791 com-

148 3843 394 3900 mentum,
430 3851 545 3891 non
576 3832 856 3889 confessio
881 3832 952 3886 sit
976 3831 1209 3902 pudori?

204 3927 288 3983 39.
334 3929 485 4001 Ergo
509 3944 640 3984 cum
667 3926 833 3981 David
864 3923 1138 3979 Bersabee
1166 3921 1446 3980 historiam
1479 3936 1585 3976 non
1608 3935 1748 3990 prae-

146 4024 429 4078 termiserit
459 4025 519 4080 in
550 4023 668 4078 suis
700 4019 966 4086 Psalmis;
1000 4030 1058 4073 ut
1089 4019 1141 4072 in
1177 4033 1238 4102 ea
1266 4016 1351 4071 vel
1384 4014 1706 4086 mysterium
1732 4053 1747 4079 ,

147 4115 216 4168 vel
239 4124 420 4171 actum
453 4114 723 4188 perlecta:
753 4111 1089 4183 paenitentiae
1113 4125 1212 4165 nos
1236 4108 1481 4171 doceret,
1509 4106 1636 4177 jure
1667 4104 1750 4158 vi-

144 4207 321 4263 demus
357 4210 534 4264 etiam
571 4208 626 4263 in
657 4204 1105 4277 generationibus
1135 4201 1436 4257 Dominicis
1468 4215 1576 4255 non
1610 4213 1752 4270 prte-

147 4303 478 4369 termissam;
509 4301 645 4372 quia
690 4305 747 4354 et
788 4299 904 4369 ipse
954 4296 1128 4351 David
1167 4295 1256 4366 qui
1287 4309 1410 4349 eam
1453 4291 1665 4361 accepit
1695 4289 1750 4344 in

145 4407 353 4450 uxorem
381 4395 529 4460 sibi,
558 4390 936 4464 generationis
970 4387 1268 4443 Dominicae
1298 4383 1600 4439 secundum
1634 4397 1755 4436 car-

142 4502 255 4542 nem
282 4503 610 4560 przncessor
631 4485 912 4540 asseritur.
935 4483 1102 4553 Cujus
1125 4480 1382 4552 Speciale,
1407 4489 1466 4533 ut
1488 4479 1750 4542 diximus,

1849 3284 1976 3327 runt
2004 3273 2183 3339 nobis,
2211 3271 2338 3344 quia
2369 3272 2593 3327 Idumaei
2633 3272 2874 3326 latrones
2909 3271 3234 3327 Ascalonem
3267 3271 3458 3330 urbem

1847 3370 2156 3425 Palrestinaa
2184 3368 2441 3439 ingressi,
2478 3367 2546 3423 de
2579 3367 2704 3422 lano
2745 3364 3015 3437 Apollinis
3047 3365 3190 3435 quod
3221 3366 3456 3422 vicinum
3535 3371 3546 3382 ‘

1849 3461 2022 3516 nutris
2040 3458 2538 3528 erat,Antipatrum
2562 3457 2788 3513 Ilerodis
2815 3455 3099 3527 cujusdam
3129 3466 3151 3492 ε
3172 3457 3461 3513 ilieroduli

1849 3556 2027 3610 ﬁlium
2060 3555 2205 3609 inter
2253 3554 2391 3609 alios
2418 3552 2697 3607 abduxere
2737 3551 3012 3621 captivum
3034 3591 3050 3615 ,
3079 3565 3243 3623 quem
3301 3562 3458 3621 pater

1851 3647 2129 3703 redimere
2177 3655 2402 3717 prepter
2449 3652 2830 3716 paupertatem
2883 3641 3150 3712 nequivit.
3207 3643 3255 3696 Is
3297 3641 3464 3713 igitur

1855 3738 2100 3794 imbutus
2127 3736 2431 3808 disciplinis
2462 3746 2518 3789 ct
2545 3735 2820 3806 mysteriis
2845 3732 3182 3799 Judteornm,
3214 3733 3476 3805 Hyrcano.

1853 3831 2056 3886 Judaere
2089 3829 2200 3902 regi
2226 3828 2464 3883 amicitia
2489 3827 2799 3896 copulatur,
2829 3839 2987 3894 quem
3011 3839 3108 3893 pro
3128 3837 3186 3877 se
3205 3825 3271 3878 ad
3295 3825 3460 3890 Pom-

1857 3925 2037 3994 peium
2072 3924 2354 3995 Hyrcanus
2375 3921 2611 3993 legatum
2635 3919 2838 3974 direxit
2863 3936 2875 3971 :
2932 3929 2986 3975 et
3015 3922 3141 3989 quia
3169 3919 3457 3990 legationis

1858 4017 2035 4073 fructu
2061 4015 2263 4086 potitus
2295 4023 2402 4079 est,
2438 4029 2535 4084 per
2555 4027 2676 4084 eam
2705 4013 2935 4083 gratiam
2967 4023 3172 4092 partem
3205 4015 3357 4084 regni
3384 4015 3463 4068 al-

1821 4110 2100 4188 ‘iectavit.
2138 4107 2332 4164 Occiso
2363 4117 2544 4162 autem
2599 4105 2890 4175 Antipatro
2924 4117 3148 4178 propter
3188 4106 3465 4163 felicitatis

1860 4201 2146 4266 invidiam,
2173 4200 2317 4255 illius
2343 4199 2461 4271 ejus
2485 4197 2730 4255 Herodes
2751 4206 2939 4268 postea
2962 4198 3064 4254 sub
3087 4201 3328 4268 Antonio
3379 4217 3466 4258 εει

1864 4293 2282 4350 natusconsulto
2308 4290 2516 4348 Iudaeis
2545 4305 2776 4363 regnare
2825 4302 3133 4363 praeceptus
3159 4305 3263 4350 est.
3295 4294 3468 4366 Cujus

1862 4388 2107 4444 Herodes
2153 4387 2295 4442 ﬁlius
2339 4394 2395 4442 et
2435 4384 2526 4441 alii
2576 4383 2892 4440 tetrarchm.
2944 4383 2964 4421 ί
3017 4384 3172 4452 Quod
3225 4387 3346 4442 ideo
3397 4405 3465 4443 ex

1861 4479 2174 4537 Graecorum
2195 4479 2436 4534 historiis
2469 4477 2776 4548 putavimus
2797 4477 3256 4547 transferendum,
3284 4488 3342 4534 ut
3363 4481 3470 4535 ela-

141 4588 422 4649 meritum;
461 4591 528 4636 ut
557 4579 818 4637 Ecclesia:
850 4579 902 4632 in
940 4577 1044 4631 hoc
1073 4575 1334 4647 mysterio
1359 4573 1572 4627 videret
1592 4586 1752 4627 exor—
1779 4575 1830 4634 Ι)
1858 4580 1980 4627 reat
2006 4571 2274 4627 Herodem
2309 4569 2457 4623 nullo
2502 4566 2716 4622 afﬁnem
2743 4567 2928 4638 generi
2979 4566 3295 4623 Judaeorum
3323 4610 3339 4635 ,
3373 4587 3463 4628 rc-

141 4678 264 4740 tum,
293 4684 348 4730 et
379 4675 665 4744 acciperet
687 4671 968 4726 oraculum
1000 4669 1144 4739 quod
1167 4684 1232 4723 ex
1260 4683 1361 4722 suo
1383 4665 1635 4720 Christus
1660 4680 1751 4736 ge-

140 4779 260 4822 nere
303 4776 666 4823 nasceretur.
699 4763 948 4820 Alterum
991 4764 1137 4818 enim
1183 4761 1250 4816 ad
1282 4759 1582 4816 Ecclesium
1632 4775 1757 4830 per-

205 4942 233 4972 ⁸
269 4935 492 4990 Omnes
515 4932 677 4998 edit.,
706 4930 775 4986 ad
795 4929 1056 4984 Dominici
1081 4927 1313 4999 corporis
1342 4925 1754 4998 susceptionem;

142 5017 329 5075 omnes
359 5021 510 5063 mss.
523 5045 560 5070 ,.
571 5045 585 5060 .
597 5045 635 5060 ..
667 5003 999 5075 sponsionem
1006 5043 1014 5075 τ

207 5073 236 5115 δ
271 5076 448 5134 Rom.
507 5077 642 5132 edit.
663 5070 837 5142 {sine
865 5072 1179 5128 conditione.
1211 5070 1351 5126 Aliae
1381 5083 1446 5126 ac
1464 5083 1606 5142 mss.
1631 5083 1755 5142 gom-

139 5162 253 5214 nes,
286 5149 408 5202 sine
441 5140 772 5218 deﬁnitione.
805 5144 912 5201 Sed
942 5143 1034 5199 hic
1064 5142 1346 5214 utriusque
1373 5141 1567 5197 eadem
1591 5140 1755 5210 plane

139 5217 476 5288 signiﬁcatio
507 5217 589 5273 est
602 5259 615 5271 .

209 5299 232 5329 ⁸
274 5288 450 5346 Rom.
479 5289 619 5345 edit.
643 5303 768 5342 cum
791 5285 1004 5341 duobus
1025 5292 1119 5339 aut
1145 5285 1318 5341 tribus
1339 5283 1566 5338 omnino
1593 5296 1724 5335 mss.
1740 5321 1755 5346 ,

141 5363 297 5434 cujus
315 5378 427 5418 non
473 5371 554 5434 es_t
579 5376 702 5434 usus
727 5360 783 5413 in
811 5375 903 5434 eo,
938 5371 1076 5434 unus
1104 5368 1196 5434 aut
1221 5358 1362 5420 alter
1382 5396 1398 5421 ,
1429 5355 1515 5416 cui
1551 5370 1652 5434 non
1682 5361 1758 5407 est

142 5427 339 5485 nituit:
391 5449 480 5485 eo.
515 5430 686 5484 Paulo
716 5437 841 5492 post
865 5429 1029 5483 Corb.
1071 5427 1252 5490 solus,
1289 5437 1335 5480 et
1369 5442 1543 5481 semen
1582 5427 1696 5492 eius
1726 5440 1758 5476 a

139 5511 300 5581 terra}.
323 5503 529 5581 ’Λεία-ξ,
559 5513 660 5558 etc.
695 5495 852 5565 Ful.,
877 5509 927 5581 et
949 5515 1117 5552 semen
1155 5500 1267 5581 ejus
1290 5499 1341 5551 in
1374 5508 1533 5553 terra.
1572 5495 1757 5576 Terra,

139 5573 284 5638 mrds',
315 5583 432 5627 etc.
457 5571 754 5641 Posuemo
784 5572 958 5639 major
982 5586 1046 5624 ac
1075 5571 1252 5641 p0tior
1280 5586 1406 5640 pars
1429 5585 1588 5641 μηδ..
1614 5571 1759 5637 prin-

142 5659 278 5716 ceps.
315 5637 523 5699 Adhsic
563 5659 621 5698 eo
673 5644 810 5698 enim
838 5637 1122 5715 regnante;
1153 5637 1302 5706 tres',
1336 5642 1389 5695 in
1413 5637 1603 5695 Judara
1641 5653 1760 5710 reg-

142 5723 323 5782 nauta,
347 5727 470 5772 etc.

211 5782 242 5822 ⁸
261 5783 519 5856 Quidam
552 5803 708 5855 mss.,
738 5795 783 5840 ct
815 5802 983 5841 semen
1010 5785 1121 5856 ejus
1149 5801 1181 5839 a
1211 5791 1363 5839 terra.
1414 5781 1568 5849 Audi,
1614 5790 1718 5836 etc.

1863 4681 2031 4736 gnum
2054 4662 2356 4718 adulterina
2381 4659 2573 4716 fraude
2601 4657 2889 4731 quaesisse.
2939 4659 3184 4730 Denique
3213 4663 3466 4720 conscius

1867 4754 2224 4827 ignobilitatis
2248 4766 2384 4821 sum,
2441 4766 2510 4805 ne
2533 4765 2638 4822 qua
2669 4752 2907 4821 posteris
2953 4751 3066 4807 suis
3095 4752 3178 4808 vel
3225 4753 3292 4809 de
3324 4772 3467 4826 prte-

1945 4933 1969 4960 ε
2001 4920 2302 4987 Hieroduii,
2335 4918 2440 4974 hoc
2468 4927 2572 4985 est,
2602 4919 2746 4995 servi
2772 4932 2872 4995 seu
2891 4919 3134 4979 ministri
3182 4924 3463 4995 cujusdam

1866 4993 2001 5048 aedis
2028 5008 2236 5058 sacrae,
2281 5000 2408 5062 puta
2459 4990 2723 5059 custodis,
2751 4999 2812 5046 ut
2859 4990 3289 5062 interpretantur
3339 5003 3464 5057 cod.

1865 5065 2028 5122 Colb.
2058 5079 2220 5128 unus,
2251 5060 2307 5118 et
2327 5060 2448 5118 Fui.
2923 5109 2926 5114 .

1946 5135 1965 5173 ί
2001 5135 2126 5190 ΙΙωο
2146 5135 2333 5189 iisdem
2355 5149 2493 5206 pene
2524 5132 2705 5188 verbis
2727 5132 2981 5206 leguntur
3001 5137 3140 5205 apud
3169 5138 3463 5200 Eusebium

1873 5207 1973 5262 lib.
2003 5222 2020 5261 ι
2050 5207 2175 5260 hist.
2214 5207 2417 5280 cap._7,
2451 5204 2606 5280 iSque
2635 5204 3074 5280 eauex'Al'ricano
3099 5208 3470 5280 desutnpsisse

1870 5293 1933 5333 se
1963 5287 2191 5332 tesmtur
2218 5293 2231 5330 :
2263 5276 2358 5331 sed
2401 5276 2645 5330 narratio
2675 5276 2765 5330 illa
2798 5286 2854 5330 ut
2894 5292 3120 5347 prorsus
3151 5276 3390 5337 tabidosa
3413 5295 3471 5341 et

1869 5348 2248 5404 commentitia
2281 5347 2526 5416 rejicitur
2544 5363 2564 5419 ;
2596 5361 2772 5417 neque
2797 5349 3024 5405 omnino
3046 5351 3304 5419 probatur
3334 5355 3469 5411 Am-

1872 5420 2082 5496 brosio.
2111 5420 2382 5496 Cajterum
2415 5433 2512 5473 cur
2540 5418 2626 5472 hic
2652 5425 2803 5496 tanto
2831 5420 3011 5496 studio
3050 5423 3118 5476 de
3153 5421 3351 5478 Christi
3379 5443 3472 5496 ge-

1873 5491 2475 5563 Iiealogia_(lisiiutetur
2500 5504 2655 5563 ,Anon
2696 5489 2801 5563 alia
2851 5491 3066 5563 videtur
3113 5508 3236 5548 csse
3261 5489 3424 5558 causa
3451 5538 3467 5563 ,

1869 5578 2033 5640 quam
2050 5572 2107 5615 ut
2122 5560 2624 5640 Judaeietgentiles,
2639 5559 2731 5629 qui
2753 5574 2873 5640 eum
2896 5560 3117 5640 Juliano
3138 5559 3468 5640 apudCyril.

1873 5631 1970 5689 lib.
2003 5649 2097 5688 vin
2122 5641 2177 5687 et
2233 5631 2356 5687 aliis
2383 5631 2519 5686 locis
2565 5631 3016 5701 evangelistarum
3070 5631 3472 5698 dissensionem

1871 5704 2192 5761 Christianis
2215 5718 2508 5774 numquam
2542 5718 2647 5757 non
2667 5703 3014 5771 objiciebant,
3036 5708 3467 5776 revincerenlur.
