  <div class='ocr_page' id='page_1' title='image "/cluster/home/n/w/nwhite01/storage/ocr_20150623/15/uva.x000826533/219.png"; bbox 0 0 3960 6398; ppageno 0'>
   <div class='ocr_carea' id='block_1_1' title="bbox 491 335 1535 400">
    <p class='ocr_par' dir='ltr' id='par_1_1' title="bbox 491 335 1535 400">
     <span class='ocr_line' id='line_1_1' title="bbox 491 335 1535 400; baseline -0.004 0"><span class='ocrx_word' id='word_1_1' title='bbox 491 340 627 400; x_wconf 74' lang='grc'><strong>1607</strong></span> <span class='ocrx_word' id='word_1_2' title='bbox 1477 336 1487 362; x_wconf 83' lang='grc'>’</span> <span class='ocrx_word' id='word_1_3' title='bbox 1526 335 1535 357; x_wconf 75' lang='grc'>²</span> 
     </span>
    </p>
   </div>
   <div class='ocr_carea' id='block_1_2' title="bbox 1833 333 2436 393">
    <p class='ocr_par' dir='ltr' id='par_1_2' title="bbox 1833 333 2436 393">
     <span class='ocr_line' id='line_1_2' title="bbox 1833 333 2436 393; baseline -0.003 0"><span class='ocrx_word' id='word_1_4' title='bbox 1833 334 2080 393; x_wconf 74' lang='lat' dir='ltr'><strong>SANC&#39;I&#39;I</strong></span> <span class='ocrx_word' id='word_1_5' title='bbox 2115 333 2436 393; x_wconf 77' lang='lat' dir='ltr'><strong>AMBROSII</strong></span> 
     </span>
    </p>
   </div>
   <div class='ocr_carea' id='block_1_3' title="bbox 3658 347 3790 404">
    <p class='ocr_par' dir='ltr' id='par_1_3' title="bbox 3658 347 3790 404">
     <span class='ocr_line' id='line_1_3' title="bbox 3658 347 3790 404; baseline 0.015 -2"><span class='ocrx_word' id='word_1_6' title='bbox 3658 347 3790 404; x_wconf 72' lang='lat'><strong>1608</strong></span> 
     </span>
    </p>
   </div>
   <div class='ocr_carea' id='block_1_4' title="bbox 484 457 3792 537">
    <p class='ocr_par' dir='ltr' id='par_1_4' title="bbox 484 457 3792 537">
     <span class='ocr_line' id='line_1_4' title="bbox 484 457 3792 537; baseline 0.002 -23"><span class='ocrx_word' id='word_1_7' title='bbox 484 461 690 530; x_wconf 87' lang='lat' dir='ltr'><strong>scripto</strong></span> <span class='ocrx_word' id='word_1_8' title='bbox 720 459 892 517; x_wconf 84' lang='lat' dir='ltr'><strong>veleri</strong></span> <span class='ocrx_word' id='word_1_9' title='bbox 937 460 1166 531; x_wconf 69' lang='lat' dir='ltr'><strong>quaestio</strong></span> <span class='ocrx_word' id='word_1_10' title='bbox 1197 466 1533 525; x_wconf 77' lang='lat' dir='ltr'><strong>moveretur,</strong></span> <span class='ocrx_word' id='word_1_11' title='bbox 1560 457 1862 529; x_wconf 75' lang='lat' dir='ltr'><strong>scripturas</strong></span> <span class='ocrx_word' id='word_1_12' title='bbox 1893 475 2082 515; x_wconf 89' lang='lat' dir='ltr'><strong>corum</strong></span> <span class='ocrx_word' id='word_1_13' title='bbox 2113 470 2167 531; x_wconf 75' lang='grc' dir='ltr'>Α</span> <span class='ocrx_word' id='word_1_14' title='bbox 2191 472 2284 526; x_wconf 82' lang='lat' dir='ltr'><strong>ego</strong></span> <span class='ocrx_word' id='word_1_15' title='bbox 2313 473 2426 510; x_wconf 86' lang='lat' dir='ltr'><strong>sum</strong></span> <span class='ocrx_word' id='word_1_16' title='bbox 2452 473 2545 512; x_wconf 71' lang='lat' dir='ltr'><strong>rex</strong></span> <span class='ocrx_word' id='word_1_17' title='bbox 2585 457 2768 528; x_wconf 84' lang='lat' dir='ltr'><strong>(Joan.</strong></span> <span class='ocrx_word' id='word_1_18' title='bbox 2800 475 2953 530; x_wconf 82' lang='lat' dir='ltr'><strong>xvtu,</strong></span> <span class='ocrx_word' id='word_1_19' title='bbox 2985 461 3099 534; x_wconf 76' lang='grc'>57).</span> <span class='ocrx_word' id='word_1_20' title='bbox 3129 463 3398 535; x_wconf 77' lang='lat' dir='ltr'><strong>Numquid</strong></span> <span class='ocrx_word' id='word_1_21' title='bbox 3422 479 3554 537; x_wconf 91' lang='lat' dir='ltr'><strong>ergo</strong></span> <span class='ocrx_word' id='word_1_22' title='bbox 3597 474 3650 521; x_wconf 90' lang='lat' dir='ltr'><strong>ot</strong></span> <span class='ocrx_word' id='word_1_23' title='bbox 3678 466 3792 535; x_wconf 88' lang='lat' dir='ltr'><strong>ipse</strong></span> 
     </span>
    </p>
   </div>
   <div class='ocr_carea' id='block_1_5' title="bbox 485 550 2088 620">
    <p class='ocr_par' dir='ltr' id='par_1_5' title="bbox 485 550 2088 620">
     <span class='ocr_line' id='line_1_5' title="bbox 485 550 2088 620; baseline 0 -14"><span class='ocrx_word' id='word_1_24' title='bbox 485 552 748 619; x_wconf 89' lang='lat' dir='ltr'><strong>incendit,</strong></span> <span class='ocrx_word' id='word_1_25' title='bbox 777 551 1076 608; x_wconf 85' lang='lat' dir='ltr'><strong>cxstimans</strong></span> <span class='ocrx_word' id='word_1_26' title='bbox 1104 550 1246 620; x_wconf 88' lang='lat' dir='ltr'><strong>quod</strong></span> <span class='ocrx_word' id='word_1_27' title='bbox 1291 551 1338 606; x_wconf 89' lang='lat' dir='ltr'><strong>si</strong></span> <span class='ocrx_word' id='word_1_28' title='bbox 1396 550 1596 606; x_wconf 87' lang='lat' dir='ltr'><strong>indicia</strong></span> <span class='ocrx_word' id='word_1_29' title='bbox 1628 551 1696 606; x_wconf 91' lang='lat' dir='ltr'><strong>de</strong></span> <span class='ocrx_word' id='word_1_30' title='bbox 1724 550 1942 620; x_wconf 86' lang='lat' dir='ltr'><strong>publico</strong></span> <span class='ocrx_word' id='word_1_31' title='bbox 1967 566 2088 606; x_wconf 88' lang='lat' dir='ltr'><strong>sus-</strong></span> 
     </span>
    </p>
   </div>
   <div class='ocr_carea' id='block_1_6' title="bbox 483 642 2087 714">
    <p class='ocr_par' dir='ltr' id='par_1_6' title="bbox 483 642 2087 714">
     <span class='ocr_line' id='line_1_6' title="bbox 483 642 2087 714; baseline -0.001 -16"><span class='ocrx_word' id='word_1_32' title='bbox 483 643 724 710; x_wconf 72' lang='lat' dir='ltr'><strong>tulisset,</strong></span> <span class='ocrx_word' id='word_1_33' title='bbox 766 643 930 699; x_wconf 90' lang='lat' dir='ltr'><strong>nullis</strong></span> <span class='ocrx_word' id='word_1_34' title='bbox 950 642 1070 699; x_wconf 92' lang='lat' dir='ltr'><strong>aliis</strong></span> <span class='ocrx_word' id='word_1_35' title='bbox 1104 643 1431 698; x_wconf 72' lang='lat' dir='ltr'><strong>testimoniis</strong></span> <span class='ocrx_word' id='word_1_36' title='bbox 1459 644 1670 699; x_wconf 82' lang='lat' dir='ltr'><strong>clarere</strong></span> <span class='ocrx_word' id='word_1_37' title='bbox 1699 651 1923 714; x_wconf 87' lang='lat' dir='ltr'><strong>posset,</strong></span> <span class='ocrx_word' id='word_1_38' title='bbox 1958 644 2087 712; x_wconf 90' lang='lat' dir='ltr'><strong>quin</strong></span> 
     </span>
    </p>
   </div>
   <div class='ocr_carea' id='block_1_7' title="bbox 483 736 2089 809">
    <p class='ocr_par' dir='ltr' id='par_1_7' title="bbox 483 736 2089 809">
     <span class='ocr_line' id='line_1_7' title="bbox 483 736 2089 809; baseline -0.001 -16"><span class='ocrx_word' id='word_1_39' title='bbox 483 736 552 793; x_wconf 92' lang='lat' dir='ltr'><strong>de</strong></span> <span class='ocrx_word' id='word_1_40' title='bbox 587 739 1020 807; x_wconf 76' lang='lat' dir='ltr'><strong>patriarcharum</strong></span> <span class='ocrx_word' id='word_1_41' title='bbox 1049 737 1134 793; x_wconf 89' lang='lat' dir='ltr'><strong>vel</strong></span> <span class='ocrx_word' id='word_1_42' title='bbox 1179 737 1576 809; x_wconf 80' lang='lat' dir='ltr'><strong>proselytorum</strong></span> <span class='ocrx_word' id='word_1_43' title='bbox 1604 748 1847 793; x_wconf 82' lang='lat' dir='ltr'><strong>veterum</strong></span> <span class='ocrx_word' id='word_1_44' title='bbox 1886 749 2089 806; x_wconf 82' lang='lat' dir='ltr'><strong>genere</strong></span> 
     </span>
    </p>
   </div>
   <div class='ocr_carea' id='block_1_8' title="bbox 482 829 2089 902">
    <p class='ocr_par' dir='ltr' id='par_1_8' title="bbox 482 829 2089 902">
     <span class='ocr_line' id='line_1_8' title="bbox 482 829 2089 902; baseline 0 -18"><span class='ocrx_word' id='word_1_45' title='bbox 482 829 825 886; x_wconf 86' lang='lat' dir='ltr'><strong>demanaret.</strong></span> <span class='ocrx_word' id='word_1_46' title='bbox 860 829 968 885; x_wconf 85' lang='lat' dir='ltr'><strong>Sed</strong></span> <span class='ocrx_word' id='word_1_47' title='bbox 998 840 1057 885; x_wconf 92' lang='lat' dir='ltr'><strong>ut</strong></span> <span class='ocrx_word' id='word_1_48' title='bbox 1087 829 1347 902; x_wconf 85' lang='lat' dir='ltr'><strong>pleraque</strong></span> <span class='ocrx_word' id='word_1_49' title='bbox 1362 845 1512 885; x_wconf 82' lang='lat' dir='ltr'><strong>curae</strong></span> <span class='ocrx_word' id='word_1_50' title='bbox 1545 831 1794 885; x_wconf 75' lang='lat' dir='ltr'><strong>humana:</strong></span> <span class='ocrx_word' id='word_1_51' title='bbox 1822 840 1972 896; x_wconf 90' lang='lat' dir='ltr'><strong>sunt,</strong></span> <span class='ocrx_word' id='word_1_52' title='bbox 1997 843 2089 884; x_wconf 84' lang='lat' dir='ltr'><strong>co-</strong></span> 
     </span>
    </p>
   </div>
   <div class='ocr_carea' id='block_1_9' title="bbox 479 922 2084 996">
    <p class='ocr_par' dir='ltr' id='par_1_9' title="bbox 479 922 2084 996">
     <span class='ocr_line' id='line_1_9' title="bbox 479 922 2084 996; baseline 0 -20"><span class='ocrx_word' id='word_1_53' title='bbox 479 923 706 994; x_wconf 89' lang='lat' dir='ltr'><strong>guitioni</strong></span> <span class='ocrx_word' id='word_1_54' title='bbox 750 923 855 978; x_wconf 89' lang='lat' dir='ltr'><strong>ltoc</strong></span> <span class='ocrx_word' id='word_1_55' title='bbox 895 932 950 979; x_wconf 88' lang='lat' dir='ltr'><strong>et</strong></span> <span class='ocrx_word' id='word_1_56' title='bbox 998 922 1238 995; x_wconf 81' lang='lat' dir='ltr'><strong>indagini</strong></span> <span class='ocrx_word' id='word_1_57' title='bbox 1281 923 1525 980; x_wconf 84' lang='lat' dir='ltr'><strong>veritatis</strong></span> <span class='ocrx_word' id='word_1_58' title='bbox 1575 923 1930 996; x_wconf 64' lang='lat' dir='ltr'><strong>pracjudicare</strong></span> <span class='ocrx_word' id='word_1_59' title='bbox 1975 938 2084 977; x_wconf 87' lang='lat' dir='ltr'><strong>non</strong></span> 
     </span>
    </p>
   </div>
   <div class='ocr_carea' id='block_1_10' title="bbox 485 1017 683 1086">
    <p class='ocr_par' dir='ltr' id='par_1_10' title="bbox 485 1017 683 1086">
     <span class='ocr_line' id='line_1_10' title="bbox 485 1017 683 1086; baseline -0.005 -15"><span class='ocrx_word' id='word_1_60' title='bbox 485 1017 683 1086; x_wconf 83' lang='lat' dir='ltr'><strong>potuit.</strong></span> 
     </span>
    </p>
   </div>
   <div class='ocr_carea' id='block_1_11' title="bbox 551 1107 2080 1182">
    <p class='ocr_par' dir='ltr' id='par_1_11' title="bbox 551 1107 2080 1182">
     <span class='ocr_line' id='line_1_11' title="bbox 551 1107 2080 1182; baseline -0.002 -16"><span class='ocrx_word' id='word_1_61' title='bbox 551 1109 640 1166; x_wconf 71' lang='grc'><strong>4-2.</strong></span> <span class='ocrx_word' id='word_1_62' title='bbox 669 1108 747 1167; x_wconf 83' lang='lat' dir='ltr'><strong>Ne</strong></span> <span class='ocrx_word' id='word_1_63' title='bbox 780 1110 938 1167; x_wconf 88' lang='lat' dir='ltr'><strong>nobis</strong></span> <span class='ocrx_word' id='word_1_64' title='bbox 965 1119 1145 1168; x_wconf 87' lang='lat' dir='ltr'><strong>tamen</strong></span> <span class='ocrx_word' id='word_1_65' title='bbox 1169 1111 1337 1182; x_wconf 89' lang='lat' dir='ltr'><strong>possit</strong></span> <span class='ocrx_word' id='word_1_66' title='bbox 1365 1109 1720 1182; x_wconf 64' lang='lat' dir='ltr'><strong>pratjudicare</strong></span> <span class='ocrx_word' id='word_1_67' title='bbox 1764 1107 2042 1165; x_wconf 82' lang='lat' dir='ltr'><strong>videamus</strong></span> <span class='ocrx_word' id='word_1_68' title='bbox 2064 1148 2080 1174; x_wconf 91' lang='lat'><strong>,</strong></span> 
     </span>
    </p>
   </div>
   <div class='ocr_carea' id='block_1_12' title="bbox 480 1203 2087 1279">
    <p class='ocr_par' dir='ltr' id='par_1_12' title="bbox 480 1203 2087 1279">
     <span class='ocr_line' id='line_1_12' title="bbox 480 1203 2087 1279; baseline 0 -22"><span class='ocrx_word' id='word_1_69' title='bbox 480 1205 570 1276; x_wconf 88' lang='lat' dir='ltr'><strong>qui</strong></span> <span class='ocrx_word' id='word_1_70' title='bbox 602 1206 714 1262; x_wconf 89' lang='lat' dir='ltr'><strong>veri</strong></span> <span class='ocrx_word' id='word_1_71' title='bbox 747 1205 1056 1279; x_wconf 80' lang='lat' dir='ltr'><strong>regalisque</strong></span> <span class='ocrx_word' id='word_1_72' title='bbox 1084 1206 1304 1278; x_wconf 75' lang='lat' dir='ltr'><strong>generis</strong></span> <span class='ocrx_word' id='word_1_73' title='bbox 1335 1204 1568 1260; x_wconf 83' lang='lat' dir='ltr'><strong>dicimus</strong></span> <span class='ocrx_word' id='word_1_74' title='bbox 1589 1203 1889 1269; x_wconf 86' lang='lat' dir='ltr'><strong>Christum,</strong></span> <span class='ocrx_word' id='word_1_75' title='bbox 1914 1212 1965 1257; x_wconf 91' lang='lat' dir='ltr'><strong>et</strong></span> <span class='ocrx_word' id='word_1_76' title='bbox 1992 1217 2087 1272; x_wconf 89' lang='lat' dir='ltr'><strong>per</strong></span> 
     </span>
    </p>
   </div>
   <div class='ocr_carea' id='block_1_13' title="bbox 481 1295 2084 1369">
    <p class='ocr_par' dir='ltr' id='par_1_13' title="bbox 481 1295 2084 1369">
     <span class='ocr_line' id='line_1_13' title="bbox 481 1295 2084 1369; baseline -0.002 -16"><span class='ocrx_word' id='word_1_77' title='bbox 481 1313 645 1354; x_wconf 87' lang='lat' dir='ltr'><strong>veros</strong></span> <span class='ocrx_word' id='word_1_78' title='bbox 675 1307 730 1354; x_wconf 92' lang='lat' dir='ltr'><strong>et</strong></span> <span class='ocrx_word' id='word_1_79' title='bbox 760 1299 973 1355; x_wconf 87' lang='lat' dir='ltr'><strong>nobiles</strong></span> <span class='ocrx_word' id='word_1_80' title='bbox 1001 1314 1158 1368; x_wconf 79' lang='lat' dir='ltr'><strong>reges</strong></span> <span class='ocrx_word' id='word_1_81' title='bbox 1178 1308 1356 1354; x_wconf 91' lang='lat' dir='ltr'><strong>actum</strong></span> <span class='ocrx_word' id='word_1_82' title='bbox 1390 1297 1602 1355; x_wconf 89' lang='lat' dir='ltr'><strong>Domini</strong></span> <span class='ocrx_word' id='word_1_83' title='bbox 1630 1313 1823 1369; x_wconf 88' lang='lat' dir='ltr'><strong>genus.</strong></span> <span class='ocrx_word' id='word_1_84' title='bbox 1858 1295 1964 1353; x_wconf 87' lang='lat' dir='ltr'><strong>Sed</strong></span> <span class='ocrx_word' id='word_1_85' title='bbox 1995 1295 2084 1350; x_wconf 82' lang='lat' dir='ltr'><strong>tibi</strong></span> 
     </span>
    </p>
   </div>
   <div class='ocr_carea' id='block_1_14' title="bbox 481 1391 2082 1464">
    <p class='ocr_par' dir='ltr' id='par_1_14' title="bbox 481 1391 2082 1464">
     <span class='ocr_line' id='line_1_14' title="bbox 481 1391 2082 1464; baseline -0.002 -17"><span class='ocrx_word' id='word_1_86' title='bbox 481 1392 792 1449; x_wconf 87' lang='lat' dir='ltr'><strong>adulterina</strong></span> <span class='ocrx_word' id='word_1_87' title='bbox 815 1407 1040 1464; x_wconf 86' lang='lat' dir='ltr'><strong>regnum</strong></span> <span class='ocrx_word' id='word_1_88' title='bbox 1067 1391 1341 1448; x_wconf 70' lang='lat' dir='ltr'><strong>affectavit</strong></span> <span class='ocrx_word' id='word_1_89' title='bbox 1371 1406 1609 1463; x_wconf 86' lang='lat' dir='ltr'><strong>prOpago</strong></span> <span class='ocrx_word' id='word_1_90' title='bbox 1635 1433 1649 1456; x_wconf 94' lang='lat'><strong>,</strong></span> <span class='ocrx_word' id='word_1_91' title='bbox 1679 1391 2082 1447; x_wconf 79' lang='lat' dir='ltr'><strong>successionem</strong></span> 
     </span>
    </p>
   </div>
   <div class='ocr_carea' id='block_1_15' title="bbox 481 1481 2083 1554">
    <p class='ocr_par' dir='ltr' id='par_1_15' title="bbox 481 1481 2083 1554">
     <span class='ocr_line' id='line_1_15' title="bbox 481 1481 2083 1554; baseline -0.003 -14"><span class='ocrx_word' id='word_1_92' title='bbox 481 1484 783 1540; x_wconf 87' lang='lat' dir='ltr'><strong>nobilitatis</strong></span> <span class='ocrx_word' id='word_1_93' title='bbox 811 1500 946 1551; x_wconf 72' lang='lat' dir='ltr'><strong>suae,</strong></span> <span class='ocrx_word' id='word_1_94' title='bbox 981 1500 1090 1542; x_wconf 89' lang='lat' dir='ltr'><strong>non</strong></span> <span class='ocrx_word' id='word_1_95' title='bbox 1122 1484 1399 1554; x_wconf 73' lang='lat' dir='ltr'><strong>potentim,</strong></span> <span class='ocrx_word' id='word_1_96' title='bbox 1425 1483 1520 1539; x_wconf 90' lang='lat' dir='ltr'><strong>sed</strong></span> <span class='ocrx_word' id='word_1_97' title='bbox 1547 1482 1918 1554; x_wconf 79' lang='lat' dir='ltr'><strong>generationis</strong></span> <span class='ocrx_word' id='word_1_98' title='bbox 1946 1481 2083 1536; x_wconf 90' lang='lat' dir='ltr'><strong>ordo</strong></span> 
     </span>
    </p>
   </div>
   <div class='ocr_carea' id='block_1_16' title="bbox 485 1573 2082 1648">
    <p class='ocr_par' dir='ltr' id='par_1_16' title="bbox 485 1573 2082 1648">
     <span class='ocr_line' id='line_1_16' title="bbox 485 1573 2082 1648; baseline -0.004 -14"><span class='ocrx_word' id='word_1_99' title='bbox 485 1578 738 1634; x_wconf 84' lang='lat' dir='ltr'><strong>servavit.</strong></span> <span class='ocrx_word' id='word_1_100' title='bbox 783 1574 987 1632; x_wconf 84' lang='lat' dir='ltr'><strong>Tamen</strong></span> <span class='ocrx_word' id='word_1_101' title='bbox 1034 1577 1209 1648; x_wconf 91' lang='lat' dir='ltr'><strong>ipsum</strong></span> <span class='ocrx_word' id='word_1_102' title='bbox 1251 1591 1435 1647; x_wconf 86' lang='lat' dir='ltr'><strong>regem</strong></span> <span class='ocrx_word' id='word_1_103' title='bbox 1468 1575 1769 1630; x_wconf 90' lang='lat' dir='ltr'><strong>secundum</strong></span> <span class='ocrx_word' id='word_1_104' title='bbox 1815 1573 2082 1629; x_wconf 89' lang='lat' dir='ltr'><strong>honorem</strong></span> 
     </span>
    </p>
   </div>
   <div class='ocr_carea' id='block_1_17' title="bbox 476 1667 2084 1741">
    <p class='ocr_par' dir='ltr' id='par_1_17' title="bbox 476 1667 2084 1741">
     <span class='ocr_line' id='line_1_17' title="bbox 476 1667 2084 1741; baseline -0.002 -14"><span class='ocrx_word' id='word_1_105' title='bbox 476 1669 667 1727; x_wconf 80' lang='lat' dir='ltr'><strong>saeculi</strong></span> <span class='ocrx_word' id='word_1_106' title='bbox 698 1685 803 1726; x_wconf 92' lang='lat' dir='ltr'><strong>non</strong></span> <span class='ocrx_word' id='word_1_107' title='bbox 832 1669 1145 1741; x_wconf 88' lang='lat' dir='ltr'><strong>accepimus</strong></span> <span class='ocrx_word' id='word_1_108' title='bbox 1186 1669 1485 1724; x_wconf 77' lang='lat' dir='ltr'><strong>Christum.</strong></span> <span class='ocrx_word' id='word_1_109' title='bbox 1518 1667 1807 1738; x_wconf 84' lang='lat' dir='ltr'><strong>Quomodo</strong></span> <span class='ocrx_word' id='word_1_110' title='bbox 1839 1683 1970 1740; x_wconf 88' lang='lat' dir='ltr'><strong>ergo</strong></span> <span class='ocrx_word' id='word_1_111' title='bbox 2000 1667 2084 1723; x_wconf 76' lang='lat' dir='ltr'><strong>Ea:</strong></span> 
     </span>
    </p>
   </div>
   <div class='ocr_carea' id='block_1_18' title="bbox 475 1759 2078 1834">
    <p class='ocr_par' dir='ltr' id='par_1_18' title="bbox 475 1759 2078 1834">
     <span class='ocr_line' id='line_1_18' title="bbox 475 1759 2078 1834; baseline -0.001 -19"><span class='ocrx_word' id='word_1_112' title='bbox 475 1766 654 1833; x_wconf 81' lang='lat' dir='ltr'><strong>fructu</strong></span> <span class='ocrx_word' id='word_1_113' title='bbox 697 1764 887 1818; x_wconf 79' lang='lat' dir='ltr'><strong>ventris</strong></span> <span class='ocrx_word' id='word_1_114' title='bbox 933 1763 1008 1817; x_wconf 86' lang='lat' dir='ltr'><strong>tui</strong></span> <span class='ocrx_word' id='word_1_115' title='bbox 1056 1779 1246 1832; x_wconf 88' lang='lat' dir='ltr'><strong>ponam</strong></span> <span class='ocrx_word' id='word_1_116' title='bbox 1283 1779 1443 1833; x_wconf 82' lang='lat' dir='ltr'><strong>super</strong></span> <span class='ocrx_word' id='word_1_117' title='bbox 1481 1762 1655 1817; x_wconf 88' lang='lat' dir='ltr'><strong>sedem</strong></span> <span class='ocrx_word' id='word_1_118' title='bbox 1697 1771 1838 1816; x_wconf 88' lang='lat' dir='ltr'><strong>tuam</strong></span> <span class='ocrx_word' id='word_1_119' title='bbox 1882 1759 2078 1834; x_wconf 86' lang='lat' dir='ltr'><strong>(Psal.</strong></span> 
     </span>
    </p>
   </div>
   <div class='ocr_carea' id='block_1_19' title="bbox 2192 551 3793 629">
    <p class='ocr_par' dir='ltr' id='par_1_19' title="bbox 2192 551 3793 629">
     <span class='ocr_line' id='line_1_19' title="bbox 2192 551 3793 629; baseline 0.007 -27"><span class='ocrx_word' id='word_1_120' title='bbox 2192 551 2452 604; x_wconf 91' lang='lat' dir='ltr'><strong>mentitus</strong></span> <span class='ocrx_word' id='word_1_121' title='bbox 2483 560 2590 615; x_wconf 75' lang='lat' dir='ltr'><strong>est,</strong></span> <span class='ocrx_word' id='word_1_122' title='bbox 2621 552 2741 622; x_wconf 84' lang='lat' dir='ltr'><strong>quia</strong></span> <span class='ocrx_word' id='word_1_123' title='bbox 2766 567 2996 624; x_wconf 87' lang='lat' dir='ltr'><strong>regnare</strong></span> <span class='ocrx_word' id='word_1_124' title='bbox 3019 570 3079 611; x_wconf 91' lang='lat' dir='ltr'><strong>se</strong></span> <span class='ocrx_word' id='word_1_125' title='bbox 3106 556 3267 621; x_wconf 83' lang='lat' dir='ltr'><strong>dixit,</strong></span> <span class='ocrx_word' id='word_1_126' title='bbox 3299 557 3389 627; x_wconf 86' lang='lat' dir='ltr'><strong>qui</strong></span> <span class='ocrx_word' id='word_1_127' title='bbox 3416 573 3523 612; x_wconf 88' lang='lat' dir='ltr'><strong>non</strong></span> <span class='ocrx_word' id='word_1_128' title='bbox 3551 559 3793 629; x_wconf 83' lang='lat' dir='ltr'><strong>regnavit</strong></span> 
     </span>
    </p>
   </div>
   <div class='ocr_carea' id='block_1_20' title="bbox 2189 638 3792 722">
    <p class='ocr_par' dir='ltr' id='par_1_20' title="bbox 2189 638 3792 722">
     <span class='ocr_line' id='line_1_20' title="bbox 2189 638 3792 722; baseline 0.009 -29"><span class='ocrx_word' id='word_1_129' title='bbox 2189 638 2244 695; x_wconf 92' lang='lat' dir='ltr'><strong>in</strong></span> <span class='ocrx_word' id='word_1_130' title='bbox 2280 643 2478 698; x_wconf 88' lang='lat' dir='ltr'><strong>terris?</strong></span> <span class='ocrx_word' id='word_1_131' title='bbox 2503 643 2790 711; x_wconf 88' lang='lat' dir='ltr'><strong>Quomodo</strong></span> <span class='ocrx_word' id='word_1_132' title='bbox 2813 645 3095 718; x_wconf 88' lang='lat' dir='ltr'><strong>Scriptura</strong></span> <span class='ocrx_word' id='word_1_133' title='bbox 3129 650 3380 719; x_wconf 88' lang='lat' dir='ltr'><strong>solvitur,</strong></span> <span class='ocrx_word' id='word_1_134' title='bbox 3406 666 3528 722; x_wconf 77' lang='lat' dir='ltr'><strong>qua:</strong></span> <span class='ocrx_word' id='word_1_135' title='bbox 3563 667 3792 722; x_wconf 85' lang='lat' dir='ltr'><strong>regnare</strong></span> 
     </span>
    </p>
   </div>
   <div class='ocr_carea' id='block_1_21' title="bbox 2189 734 3260 807">
    <p class='ocr_par' dir='ltr' id='par_1_21' title="bbox 2189 734 3260 807">
     <span class='ocr_line' id='line_1_21' title="bbox 2189 734 3260 807; baseline 0.008 -20"><span class='ocrx_word' id='word_1_136' title='bbox 2189 747 2312 788; x_wconf 91' lang='lat' dir='ltr'><strong>eum</strong></span> <span class='ocrx_word' id='word_1_137' title='bbox 2345 734 2500 800; x_wconf 89' lang='lat' dir='ltr'><strong>dicit,</strong></span> <span class='ocrx_word' id='word_1_138' title='bbox 2535 747 2586 792; x_wconf 91' lang='lat' dir='ltr'><strong>et</strong></span> <span class='ocrx_word' id='word_1_139' title='bbox 2619 751 2853 807; x_wconf 86' lang='lat' dir='ltr'><strong>regnare</strong></span> <span class='ocrx_word' id='word_1_140' title='bbox 2880 754 2986 796; x_wconf 91' lang='lat' dir='ltr'><strong>non</strong></span> <span class='ocrx_word' id='word_1_141' title='bbox 3015 741 3260 797; x_wconf 80' lang='lat' dir='ltr'><strong>astruit?</strong></span> 
     </span>
    </p>
   </div>
   <div class='ocr_carea' id='block_1_22' title="bbox 2259 829 3788 904">
    <p class='ocr_par' dir='ltr' id='par_1_22' title="bbox 2259 829 3788 904">
     <span class='ocr_line' id='line_1_22' title="bbox 2259 829 3788 904; baseline 0.01 -21"><span class='ocrx_word' id='word_1_142' title='bbox 2259 829 2350 884; x_wconf 73' lang='grc'><strong>44.</strong></span> <span class='ocrx_word' id='word_1_143' title='bbox 2385 829 2441 885; x_wconf 92' lang='lat' dir='ltr'><strong>In</strong></span> <span class='ocrx_word' id='word_1_144' title='bbox 2468 831 2759 904; x_wconf 89' lang='lat' dir='ltr'><strong>abruptum</strong></span> <span class='ocrx_word' id='word_1_145' title='bbox 2785 833 3168 904; x_wconf 88' lang='lat' dir='ltr'><strong>disputationis</strong></span> <span class='ocrx_word' id='word_1_146' title='bbox 3198 839 3479 903; x_wconf 89' lang='lat' dir='ltr'><strong>venimus,</strong></span> <span class='ocrx_word' id='word_1_147' title='bbox 3515 838 3788 898; x_wconf 63' lang='lat' dir='ltr'><strong>haeremus</strong></span> 
     </span>
    </p>
   </div>
   <div class='ocr_carea' id='block_1_23' title="bbox 2190 920 3785 1002">
    <p class='ocr_par' dir='ltr' id='par_1_23' title="bbox 2190 920 3785 1002">
     <span class='ocr_line' id='line_1_23' title="bbox 2190 920 3785 1002; baseline 0.008 -28"><span class='ocrx_word' id='word_1_148' title='bbox 2190 920 2241 974; x_wconf 92' lang='lat' dir='ltr'><strong>in</strong></span> <span class='ocrx_word' id='word_1_149' title='bbox 2284 921 2422 976; x_wconf 82' lang='lat' dir='ltr'><strong>vado</strong></span> <span class='ocrx_word' id='word_1_150' title='bbox 2443 962 2460 989; x_wconf 92' lang='lat'><strong>,</strong></span> <span class='ocrx_word' id='word_1_151' title='bbox 2492 932 2548 978; x_wconf 91' lang='lat' dir='ltr'><strong>et</strong></span> <span class='ocrx_word' id='word_1_152' title='bbox 2573 924 2804 994; x_wconf 83' lang='lat' dir='ltr'><strong>quodam</strong></span> <span class='ocrx_word' id='word_1_153' title='bbox 2833 928 3078 984; x_wconf 83' lang='lat' dir='ltr'><strong>veritatis</strong></span> <span class='ocrx_word' id='word_1_154' title='bbox 3129 930 3408 1002; x_wconf 81' lang='lat' dir='ltr'><strong>naufragio</strong></span> <span class='ocrx_word' id='word_1_155' title='bbox 3439 931 3785 989; x_wconf 84' lang='lat' dir='ltr'><strong>lluctuamus.</strong></span> 
     </span>
    </p>
   </div>
   <div class='ocr_carea' id='block_1_24' title="bbox 2187 1013 3792 1098">
    <p class='ocr_par' dir='ltr' id='par_1_24' title="bbox 2187 1013 3792 1098">
     <span class='ocr_line' id='line_1_24' title="bbox 2187 1013 3792 1098; baseline 0.008 -31"><span class='ocrx_word' id='word_1_156' title='bbox 2187 1013 2507 1070; x_wconf 82' lang='lat' dir='ltr'><strong>Excitemus</strong></span> <span class='ocrx_word' id='word_1_157' title='bbox 2537 1015 2702 1086; x_wconf 86' lang='lat' dir='ltr'><strong>igitur</strong></span> <span class='ocrx_word' id='word_1_158' title='bbox 2731 1018 3032 1086; x_wconf 71' lang='lat' dir='ltr'><strong>Christum,</strong></span> <span class='ocrx_word' id='word_1_159' title='bbox 3053 1022 3229 1092; x_wconf 88' lang='lat' dir='ltr'><strong>ipsum</strong></span> <span class='ocrx_word' id='word_1_160' title='bbox 3253 1022 3682 1095; x_wconf 87' lang='lat' dir='ltr'><strong>interrogemus,</strong></span> <span class='ocrx_word' id='word_1_161' title='bbox 3709 1025 3792 1098; x_wconf 86' lang='lat' dir='ltr'><strong>ip-</strong></span> 
     </span>
    </p>
   </div>
   <div class='ocr_carea' id='block_1_25' title="bbox 2187 1108 3794 1186">
    <p class='ocr_par' dir='ltr' id='par_1_25' title="bbox 2187 1108 3794 1186">
     <span class='ocr_line' id='line_1_25' title="bbox 2187 1108 3794 1186; baseline 0.009 -25"><span class='ocrx_word' id='word_1_162' title='bbox 2187 1119 2247 1162; x_wconf 90' lang='lat' dir='ltr'><strong>se</strong></span> <span class='ocrx_word' id='word_1_163' title='bbox 2295 1108 2646 1178; x_wconf 89' lang='lat' dir='ltr'><strong>respondeat.</strong></span> <span class='ocrx_word' id='word_1_164' title='bbox 2684 1109 3088 1183; x_wconf 75' lang='lat' dir='ltr'><strong>lnterrogemus</strong></span> <span class='ocrx_word' id='word_1_165' title='bbox 3110 1114 3446 1186; x_wconf 88' lang='lat' dir='ltr'><strong>Scripturas.</strong></span> <span class='ocrx_word' id='word_1_166' title='bbox 3478 1116 3794 1175; x_wconf 85' lang='lat' dir='ltr'><strong>Invenimus</strong></span> 
     </span>
    </p>
   </div>
   <div class='ocr_carea' id='block_1_26' title="bbox 2190 1201 3792 1280">
    <p class='ocr_par' dir='ltr' id='par_1_26' title="bbox 2190 1201 3792 1280">
     <span class='ocr_line' id='line_1_26' title="bbox 2190 1201 3792 1280; baseline 0.009 -28"><span class='ocrx_word' id='word_1_167' title='bbox 2190 1201 2315 1268; x_wconf 87' lang='lat' dir='ltr'><strong>quia</strong></span> <span class='ocrx_word' id='word_1_168' title='bbox 2335 1217 2559 1272; x_wconf 77' lang='lat' dir='ltr'><strong>regnum</strong></span> <span class='ocrx_word' id='word_1_169' title='bbox 2587 1202 2797 1259; x_wconf 87' lang='lat' dir='ltr'><strong>Domini</strong></span> <span class='ocrx_word' id='word_1_170' title='bbox 2827 1221 2935 1260; x_wconf 90' lang='lat' dir='ltr'><strong>non</strong></span> <span class='ocrx_word' id='word_1_171' title='bbox 2959 1219 3041 1261; x_wconf 88' lang='lat' dir='ltr'><strong>est</strong></span> <span class='ocrx_word' id='word_1_172' title='bbox 3069 1208 3135 1263; x_wconf 92' lang='lat' dir='ltr'><strong>de</strong></span> <span class='ocrx_word' id='word_1_173' title='bbox 3150 1206 3250 1264; x_wconf 91' lang='lat' dir='ltr'><strong>hoc</strong></span> <span class='ocrx_word' id='word_1_174' title='bbox 3263 1209 3488 1275; x_wconf 85' lang='lat' dir='ltr'><strong>mundo;</strong></span> <span class='ocrx_word' id='word_1_175' title='bbox 3511 1213 3626 1280; x_wconf 83' lang='lat' dir='ltr'><strong>ipse</strong></span> <span class='ocrx_word' id='word_1_176' title='bbox 3643 1211 3792 1266; x_wconf 88' lang='lat' dir='ltr'><strong>cnint</strong></span> 
     </span>
    </p>
   </div>
   <div class='ocr_carea' id='block_1_27' title="bbox 2186 1292 3791 1374">
    <p class='ocr_par' dir='ltr' id='par_1_27' title="bbox 2186 1292 3791 1374">
     <span class='ocr_line' id='line_1_27' title="bbox 2186 1292 3791 1374; baseline 0.005 -26"><span class='ocrx_word' id='word_1_177' title='bbox 2186 1292 2350 1348; x_wconf 82' lang='lat' dir='ltr'><strong>dixit:</strong></span> <span class='ocrx_word' id='word_1_178' title='bbox 2379 1293 2612 1366; x_wconf 81' lang='lat' dir='ltr'><strong>Regnum</strong></span> <span class='ocrx_word' id='word_1_179' title='bbox 2639 1313 2802 1351; x_wconf 87' lang='lat' dir='ltr'><strong>meum</strong></span> <span class='ocrx_word' id='word_1_180' title='bbox 2826 1313 2928 1352; x_wconf 86' lang='lat' dir='ltr'><strong>non</strong></span> <span class='ocrx_word' id='word_1_181' title='bbox 2951 1308 3024 1353; x_wconf 88' lang='lat' dir='ltr'><strong>est</strong></span> <span class='ocrx_word' id='word_1_182' title='bbox 3046 1299 3109 1354; x_wconf 84' lang='lat' dir='ltr'><strong>de</strong></span> <span class='ocrx_word' id='word_1_183' title='bbox 3131 1303 3227 1355; x_wconf 88' lang='lat' dir='ltr'><strong>hoc</strong></span> <span class='ocrx_word' id='word_1_184' title='bbox 3249 1300 3654 1373; x_wconf 82' lang='lat' dir='ltr'><strong>mundo(1bid.,</strong></span> <span class='ocrx_word' id='word_1_185' title='bbox 3673 1303 3791 1374; x_wconf 73' lang='lat'><strong>36}.</strong></span> 
     </span>
    </p>
   </div>
   <div class='ocr_carea' id='block_1_28' title="bbox 2185 1385 3797 1464">
    <p class='ocr_par' dir='ltr' id='par_1_28' title="bbox 2185 1385 3797 1464">
     <span class='ocr_line' id='line_1_28' title="bbox 2185 1385 3797 1464; baseline 0.006 -25"><span class='ocrx_word' id='word_1_186' title='bbox 2185 1385 2284 1454; x_wconf 85' lang='lat' dir='ltr'><strong>Qui</strong></span> <span class='ocrx_word' id='word_1_187' title='bbox 2314 1387 2446 1444; x_wconf 90' lang='lat' dir='ltr'><strong>dicit</strong></span> <span class='ocrx_word' id='word_1_188' title='bbox 2474 1403 2581 1444; x_wconf 88' lang='lat' dir='ltr'><strong>non</strong></span> <span class='ocrx_word' id='word_1_189' title='bbox 2613 1403 2734 1446; x_wconf 89' lang='lat' dir='ltr'><strong>csse</strong></span> <span class='ocrx_word' id='word_1_190' title='bbox 2764 1390 2832 1446; x_wconf 93' lang='lat' dir='ltr'><strong>de</strong></span> <span class='ocrx_word' id='word_1_191' title='bbox 2867 1394 2967 1447; x_wconf 92' lang='lat' dir='ltr'><strong>hoc</strong></span> <span class='ocrx_word' id='word_1_192' title='bbox 2997 1393 3208 1448; x_wconf 84' lang='lat' dir='ltr'><strong>mundo‘</strong></span> <span class='ocrx_word' id='word_1_193' title='bbox 3231 1409 3456 1464; x_wconf 85' lang='lat' dir='ltr'><strong>regnum</strong></span> <span class='ocrx_word' id='word_1_194' title='bbox 3489 1409 3668 1462; x_wconf 90' lang='lat' dir='ltr'><strong>suum,</strong></span> <span class='ocrx_word' id='word_1_195' title='bbox 3705 1410 3797 1450; x_wconf 86' lang='lat' dir='ltr'><strong>os-</strong></span> 
     </span>
    </p>
   </div>
   <div class='ocr_carea' id='block_1_29' title="bbox 2189 1477 3791 1557">
    <p class='ocr_par' dir='ltr' id='par_1_29' title="bbox 2189 1477 3791 1557">
     <span class='ocr_line' id='line_1_29' title="bbox 2189 1477 3791 1557; baseline 0.006 -25"><span class='ocrx_word' id='word_1_196' title='bbox 2189 1477 2360 1533; x_wconf 85' lang='lat' dir='ltr'><strong>tendit</strong></span> <span class='ocrx_word' id='word_1_197' title='bbox 2389 1495 2510 1535; x_wconf 89' lang='lat' dir='ltr'><strong>esse</strong></span> <span class='ocrx_word' id='word_1_198' title='bbox 2533 1495 2696 1551; x_wconf 88' lang='lat' dir='ltr'><strong>supra</strong></span> <span class='ocrx_word' id='word_1_199' title='bbox 2730 1483 3012 1538; x_wconf 88' lang='lat' dir='ltr'><strong>mundum.</strong></span> <span class='ocrx_word' id='word_1_200' title='bbox 3062 1483 3136 1538; x_wconf 81' lang='lat' dir='ltr'><strong>lto</strong></span> <span class='ocrx_word' id='word_1_201' title='bbox 3171 1491 3226 1539; x_wconf 83' lang='lat' dir='ltr'><strong>et</strong></span> <span class='ocrx_word' id='word_1_202' title='bbox 3247 1494 3363 1539; x_wconf 89' lang='lat' dir='ltr'><strong>erat</strong></span> <span class='ocrx_word' id='word_1_203' title='bbox 3393 1501 3620 1557; x_wconf 85' lang='lat' dir='ltr'><strong>regnum</strong></span> <span class='ocrx_word' id='word_1_204' title='bbox 3645 1485 3791 1555; x_wconf 87' lang='lat' dir='ltr'><strong>ejus,</strong></span> 
     </span>
    </p>
   </div>
   <div class='ocr_carea' id='block_1_30' title="bbox 2185 1575 3795 1648">
    <p class='ocr_par' dir='ltr' id='par_1_30' title="bbox 2185 1575 3795 1648">
     <span class='ocr_line' id='line_1_30' title="bbox 2185 1575 3795 1648; baseline 0.002 -21"><span class='ocrx_word' id='word_1_205' title='bbox 2185 1579 2373 1627; x_wconf 88' lang='lat' dir='ltr'><strong>etnon</strong></span> <span class='ocrx_word' id='word_1_206' title='bbox 2413 1581 2568 1627; x_wconf 85' lang='lat' dir='ltr'><strong>erat:</strong></span> <span class='ocrx_word' id='word_1_207' title='bbox 2601 1588 2707 1628; x_wconf 90' lang='lat' dir='ltr'><strong>non</strong></span> <span class='ocrx_word' id='word_1_208' title='bbox 2753 1583 2872 1630; x_wconf 81' lang='lat' dir='ltr'><strong>erat</strong></span> <span class='ocrx_word' id='word_1_209' title='bbox 2914 1575 2965 1630; x_wconf 87' lang='lat' dir='ltr'><strong>in</strong></span> <span class='ocrx_word' id='word_1_210' title='bbox 2997 1576 3221 1645; x_wconf 59' lang='lat' dir='ltr'><strong>saeculo,</strong></span> <span class='ocrx_word' id='word_1_211' title='bbox 3267 1586 3383 1632; x_wconf 80' lang='lat' dir='ltr'><strong>erat</strong></span> <span class='ocrx_word' id='word_1_212' title='bbox 3411 1592 3576 1648; x_wconf 88' lang='lat' dir='ltr'><strong>supra</strong></span> <span class='ocrx_word' id='word_1_213' title='bbox 3604 1592 3795 1634; x_wconf 62' lang='lat' dir='ltr'><strong>sarcu-</strong></span> 
     </span>
    </p>
   </div>
   <div class='ocr_carea' id='block_1_31' title="bbox 2186 1665 3794 1744">
    <p class='ocr_par' dir='ltr' id='par_1_31' title="bbox 2186 1665 3794 1744">
     <span class='ocr_line' id='line_1_31' title="bbox 2186 1665 3794 1744; baseline 0.004 -24"><span class='ocrx_word' id='word_1_214' title='bbox 2186 1665 2317 1720; x_wconf 91' lang='lat' dir='ltr'><strong>lum.</strong></span> <span class='ocrx_word' id='word_1_215' title='bbox 2354 1665 2485 1721; x_wconf 88' lang='lat' dir='ltr'><strong>Erat</strong></span> <span class='ocrx_word' id='word_1_216' title='bbox 2511 1682 2640 1737; x_wconf 90' lang='lat' dir='ltr'><strong>ergo</strong></span> <span class='ocrx_word' id='word_1_217' title='bbox 2660 1683 2883 1739; x_wconf 87' lang='lat' dir='ltr'><strong>regnum</strong></span> <span class='ocrx_word' id='word_1_218' title='bbox 2907 1669 3054 1724; x_wconf 87' lang='lat' dir='ltr'><strong>aliud</strong></span> <span class='ocrx_word' id='word_1_219' title='bbox 3087 1670 3200 1725; x_wconf 88' lang='lat' dir='ltr'><strong>veri</strong></span> <span class='ocrx_word' id='word_1_220' title='bbox 3235 1669 3434 1744; x_wconf 78' lang='lat' dir='ltr'><strong>David,</strong></span> <span class='ocrx_word' id='word_1_221' title='bbox 3465 1669 3611 1742; x_wconf 92' lang='lat' dir='ltr'><strong>quod</strong></span> <span class='ocrx_word' id='word_1_222' title='bbox 3641 1671 3794 1728; x_wconf 88' lang='lat' dir='ltr'><strong>solus</strong></span> 
     </span>
    </p>
   </div>
   <div class='ocr_carea' id='block_1_32' title="bbox 2185 1758 3793 1836">
    <p class='ocr_par' dir='ltr' id='par_1_32' title="bbox 2185 1758 3793 1836">
     <span class='ocr_line' id='line_1_32' title="bbox 2185 1758 3793 1836; baseline 0.004 -22"><span class='ocrx_word' id='word_1_223' title='bbox 2185 1758 2432 1815; x_wconf 86' lang='lat' dir='ltr'><strong>Christus</strong></span> <span class='ocrx_word' id='word_1_224' title='bbox 2461 1762 2700 1832; x_wconf 89' lang='lat' dir='ltr'><strong>accepit:</strong></span> <span class='ocrx_word' id='word_1_225' title='bbox 2735 1771 2791 1818; x_wconf 92' lang='lat' dir='ltr'><strong>ct</strong></span> <span class='ocrx_word' id='word_1_226' title='bbox 2815 1773 2932 1818; x_wconf 90' lang='lat' dir='ltr'><strong>erat</strong></span> <span class='ocrx_word' id='word_1_227' title='bbox 2953 1778 3139 1820; x_wconf 88' lang='lat' dir='ltr'><strong>semen</strong></span> <span class='ocrx_word' id='word_1_228' title='bbox 3171 1763 3314 1820; x_wconf 86' lang='lat' dir='ltr'><strong>aliud</strong></span> <span class='ocrx_word' id='word_1_229' title='bbox 3344 1763 3538 1830; x_wconf 88' lang='lat' dir='ltr'><strong>David,</strong></span> <span class='ocrx_word' id='word_1_230' title='bbox 3565 1765 3714 1836; x_wconf 91' lang='lat' dir='ltr'><strong>quod</strong></span> <span class='ocrx_word' id='word_1_231' title='bbox 3741 1766 3793 1821; x_wconf 90' lang='lat' dir='ltr'><strong>itt</strong></span> 
     </span>
    </p>
   </div>
   <div class='ocr_carea' id='block_1_33' title="bbox 477 1851 3793 1949">
    <p class='ocr_par' dir='ltr' id='par_1_33' title="bbox 477 1851 3793 1949">
     <span class='ocr_line' id='line_1_33' title="bbox 477 1851 3793 1949; baseline -0.001 -38"><span class='ocrx_word' id='word_1_232' title='bbox 477 1869 657 1924; x_wconf 75' lang='lat' dir='ltr'><strong>cxxxt,</strong></span> <span class='ocrx_word' id='word_1_233' title='bbox 681 1855 799 1925; x_wconf 78' lang='lat' dir='ltr'><strong>ll)?</strong></span> <span class='ocrx_word' id='word_1_234' title='bbox 815 1855 1098 1925; x_wconf 87' lang='lat' dir='ltr'><strong>Quomodo</strong></span> <span class='ocrx_word' id='word_1_235' title='bbox 1116 1864 1168 1911; x_wconf 91' lang='lat' dir='ltr'><strong>et</strong></span> <span class='ocrx_word' id='word_1_236' title='bbox 1185 1856 1410 1926; x_wconf 77' lang='lat' dir='ltr'><strong>angelus</strong></span> <span class='ocrx_word' id='word_1_237' title='bbox 1430 1855 1496 1910; x_wconf 91' lang='lat' dir='ltr'><strong>de</strong></span> <span class='ocrx_word' id='word_1_238' title='bbox 1513 1871 1577 1911; x_wconf 91' lang='lat' dir='ltr'><strong>eo</strong></span> <span class='ocrx_word' id='word_1_239' title='bbox 1597 1853 1909 1924; x_wconf 87' lang='lat' dir='ltr'><strong>dicit,quod</strong></span> <span class='ocrx_word' id='word_1_240' title='bbox 1924 1851 2084 1908; x_wconf 83' lang='lat' dir='ltr'><strong>Dabit</strong></span> <span class='ocrx_word' id='word_1_241' title='bbox 2110 1887 2158 1949; x_wconf 75' lang='grc' dir='ltr'><strong>Β</strong></span> <span class='ocrx_word' id='word_1_242' title='bbox 2187 1857 2448 1905; x_wconf 76' lang='lat' dir='ltr'><strong>:eternum</strong></span> <span class='ocrx_word' id='word_1_243' title='bbox 2479 1861 2682 1918; x_wconf 86' lang='lat' dir='ltr'><strong>manet,</strong></span> <span class='ocrx_word' id='word_1_244' title='bbox 2704 1852 2773 1906; x_wconf 92' lang='lat' dir='ltr'><strong>de</strong></span> <span class='ocrx_word' id='word_1_245' title='bbox 2797 1868 2906 1923; x_wconf 89' lang='lat' dir='ltr'><strong>quo</strong></span> <span class='ocrx_word' id='word_1_246' title='bbox 2929 1853 3079 1909; x_wconf 89' lang='lat' dir='ltr'><strong>solus</strong></span> <span class='ocrx_word' id='word_1_247' title='bbox 3103 1867 3395 1925; x_wconf 87' lang='lat' dir='ltr'><strong>generatus</strong></span> <span class='ocrx_word' id='word_1_248' title='bbox 3415 1851 3793 1922; x_wconf 74' lang='lat' dir='ltr'><strong>cstCln-istus,</strong></span> 
     </span>
    </p>
   </div>
   <div class='ocr_carea' id='block_1_34' title="bbox 477 1947 2078 2021">
    <p class='ocr_par' dir='ltr' id='par_1_34' title="bbox 477 1947 2078 2021">
     <span class='ocr_line' id='line_1_34' title="bbox 477 1947 2078 2021; baseline 0.001 -21"><span class='ocrx_word' id='word_1_249' title='bbox 477 1947 558 2003; x_wconf 89' lang='lat' dir='ltr'><strong>illi</strong></span> <span class='ocrx_word' id='word_1_250' title='bbox 580 1947 842 2004; x_wconf 81' lang='lat' dir='ltr'><strong>Dominus</strong></span> <span class='ocrx_word' id='word_1_251' title='bbox 866 1947 1011 2004; x_wconf 87' lang='lat' dir='ltr'><strong>Deus</strong></span> <span class='ocrx_word' id='word_1_252' title='bbox 1035 1949 1207 2004; x_wconf 88' lang='lat' dir='ltr'><strong>sedem</strong></span> <span class='ocrx_word' id='word_1_253' title='bbox 1241 1947 1409 2004; x_wconf 86' lang='lat' dir='ltr'><strong>David</strong></span> <span class='ocrx_word' id='word_1_254' title='bbox 1437 1949 1600 2021; x_wconf 81' lang='lat' dir='ltr'><strong>patris</strong></span> <span class='ocrx_word' id='word_1_255' title='bbox 1629 1949 1712 2003; x_wconf 89' lang='lat' dir='ltr'><strong>sui</strong></span> <span class='ocrx_word' id='word_1_256' title='bbox 1735 1990 1752 2015; x_wconf 91' lang='lat'><strong>,</strong></span> <span class='ocrx_word' id='word_1_257' title='bbox 1778 1957 1825 2002; x_wconf 88' lang='lat' dir='ltr'><strong>et</strong></span> <span class='ocrx_word' id='word_1_258' title='bbox 1846 1947 2078 2019; x_wconf 85' lang='lat' dir='ltr'><strong>regnabit</strong></span> 
     </span>
    </p>
   </div>
   <div class='ocr_carea' id='block_1_35' title="bbox 473 2040 2076 2115">
    <p class='ocr_par' dir='ltr' id='par_1_35' title="bbox 473 2040 2076 2115">
     <span class='ocr_line' id='line_1_35' title="bbox 473 2040 2076 2115; baseline 0.003 -21"><span class='ocrx_word' id='word_1_259' title='bbox 473 2040 527 2096; x_wconf 89' lang='lat' dir='ltr'><strong>in</strong></span> <span class='ocrx_word' id='word_1_260' title='bbox 557 2041 713 2097; x_wconf 81' lang='lat' dir='ltr'><strong>domo</strong></span> <span class='ocrx_word' id='word_1_261' title='bbox 737 2041 902 2097; x_wconf 82' lang='lat' dir='ltr'><strong>Jacob</strong></span> <span class='ocrx_word' id='word_1_262' title='bbox 960 2043 1114 2115; x_wconf 86' lang='lat' dir='ltr'><strong>(Luc.</strong></span> <span class='ocrx_word' id='word_1_263' title='bbox 1148 2058 1186 2110; x_wconf 83' lang='grc' dir='ltr'>ι,</span> <span class='ocrx_word' id='word_1_264' title='bbox 1220 2044 1342 2114; x_wconf 69' lang='lat'><strong>52)?</strong></span> <span class='ocrx_word' id='word_1_265' title='bbox 1369 2043 1655 2112; x_wconf 88' lang='lat' dir='ltr'><strong>Quomodo</strong></span> <span class='ocrx_word' id='word_1_266' title='bbox 1682 2059 1916 2114; x_wconf 85' lang='lat' dir='ltr'><strong>regnare</strong></span> <span class='ocrx_word' id='word_1_267' title='bbox 1948 2058 2076 2114; x_wconf 88' lang='lat' dir='ltr'><strong>pro-</strong></span> 
     </span>
    </p>
   </div>
   <div class='ocr_carea' id='block_1_36' title="bbox 479 2133 2079 2207">
    <p class='ocr_par' dir='ltr' id='par_1_36' title="bbox 479 2133 2079 2207">
     <span class='ocr_line' id='line_1_36' title="bbox 479 2133 2079 2207; baseline 0.002 -19"><span class='ocrx_word' id='word_1_268' title='bbox 479 2133 714 2190; x_wconf 88' lang='lat' dir='ltr'><strong>mittitur</strong></span> <span class='ocrx_word' id='word_1_269' title='bbox 739 2177 754 2202; x_wconf 93' lang='lat'><strong>,</strong></span> <span class='ocrx_word' id='word_1_270' title='bbox 786 2150 889 2191; x_wconf 88' lang='lat' dir='ltr'><strong>nec</strong></span> <span class='ocrx_word' id='word_1_271' title='bbox 924 2135 1274 2192; x_wconf 85' lang='lat' dir='ltr'><strong>Ostenditur?</strong></span> <span class='ocrx_word' id='word_1_272' title='bbox 1308 2139 1414 2192; x_wconf 88' lang='lat' dir='ltr'><strong>Aut</strong></span> <span class='ocrx_word' id='word_1_273' title='bbox 1444 2136 1718 2207; x_wconf 90' lang='lat' dir='ltr'><strong>quomodo</strong></span> <span class='ocrx_word' id='word_1_274' title='bbox 1762 2151 1826 2192; x_wconf 79' lang='lat' dir='ltr'><strong>ex</strong></span> <span class='ocrx_word' id='word_1_275' title='bbox 1870 2136 2079 2191; x_wconf 89' lang='lat' dir='ltr'><strong>semine</strong></span> 
     </span>
    </p>
   </div>
   <div class='ocr_carea' id='block_1_37' title="bbox 475 2228 2078 2302">
    <p class='ocr_par' dir='ltr' id='par_1_37' title="bbox 475 2228 2078 2302">
     <span class='ocr_line' id='line_1_37' title="bbox 475 2228 2078 2302; baseline 0 -17"><span class='ocrx_word' id='word_1_276' title='bbox 475 2228 758 2286; x_wconf 73' lang='lat' dir='ltr'><strong>Jechoniae</strong></span> <span class='ocrx_word' id='word_1_277' title='bbox 781 2231 963 2286; x_wconf 92' lang='lat' dir='ltr'><strong>nullus</strong></span> <span class='ocrx_word' id='word_1_278' title='bbox 987 2237 1310 2302; x_wconf 81' lang='lat' dir='ltr'><strong>regnaturus</strong></span> <span class='ocrx_word' id='word_1_279' title='bbox 1338 2231 1541 2287; x_wconf 90' lang='lat' dir='ltr'><strong>dicitur</strong></span> <span class='ocrx_word' id='word_1_280' title='bbox 1586 2247 1684 2301; x_wconf 89' lang='lat' dir='ltr'><strong>per</strong></span> <span class='ocrx_word' id='word_1_281' title='bbox 1711 2231 2030 2302; x_wconf 88' lang='lat' dir='ltr'><strong>prophetam</strong></span> <span class='ocrx_word' id='word_1_282' title='bbox 2055 2231 2078 2285; x_wconf 90' lang='lat'><strong>?</strong></span> 
     </span>
    </p>
   </div>
   <div class='ocr_carea' id='block_1_38' title="bbox 472 2309 2075 2396">
    <p class='ocr_par' dir='ltr' id='par_1_38' title="bbox 472 2309 2075 2396">
     <span class='ocr_line' id='line_1_38' title="bbox 472 2309 2075 2396; baseline -0.001 -17"><span class='ocrx_word' id='word_1_283' title='bbox 472 2319 530 2379; x_wconf 90' lang='lat' dir='ltr'><strong>Si</strong></span> <span class='ocrx_word' id='word_1_284' title='bbox 558 2322 704 2378; x_wconf 85' lang='lat' dir='ltr'><strong>enim</strong></span> <span class='ocrx_word' id='word_1_285' title='bbox 754 2321 1004 2379; x_wconf 85' lang='lat' dir='ltr'><strong>Christus</strong></span> <span class='ocrx_word' id='word_1_286' title='bbox 1028 2324 1300 2396; x_wconf 84' lang='lat' dir='ltr'><strong>regnavit,</strong></span> <span class='ocrx_word' id='word_1_287' title='bbox 1331 2339 1397 2379; x_wconf 78' lang='lat' dir='ltr'><strong>ex</strong></span> <span class='ocrx_word' id='word_1_288' title='bbox 1424 2309 1636 2379; x_wconf 86' lang='lat' dir='ltr'><strong>semine</strong></span> <span class='ocrx_word' id='word_1_289' title='bbox 1665 2332 1848 2380; x_wconf 89' lang='lat' dir='ltr'><strong>autem</strong></span> <span class='ocrx_word' id='word_1_290' title='bbox 1878 2322 2075 2379; x_wconf 81' lang='lat' dir='ltr'><strong>Jecho-</strong></span> 
     </span>
    </p>
   </div>
   <div class='ocr_carea' id='block_1_39' title="bbox 475 2415 2078 2489">
    <p class='ocr_par' dir='ltr' id='par_1_39' title="bbox 475 2415 2078 2489">
     <span class='ocr_line' id='line_1_39' title="bbox 475 2415 2078 2489; baseline -0.001 -18"><span class='ocrx_word' id='word_1_291' title='bbox 475 2415 579 2472; x_wconf 66' lang='grc' dir='ltr'><strong>ιιὶςε</strong></span> <span class='ocrx_word' id='word_1_292' title='bbox 608 2416 862 2474; x_wconf 89' lang='lat' dir='ltr'><strong>Christus</strong></span> <span class='ocrx_word' id='word_1_293' title='bbox 909 2427 1027 2486; x_wconf 89' lang='lat' dir='ltr'><strong>est,</strong></span> <span class='ocrx_word' id='word_1_294' title='bbox 1074 2417 1336 2489; x_wconf 90' lang='lat' dir='ltr'><strong>pr0pheta</strong></span> <span class='ocrx_word' id='word_1_295' title='bbox 1365 2419 1625 2474; x_wconf 90' lang='lat' dir='ltr'><strong>mentitus</strong></span> <span class='ocrx_word' id='word_1_296' title='bbox 1670 2429 1795 2485; x_wconf 89' lang='lat' dir='ltr'><strong>est,</strong></span> <span class='ocrx_word' id='word_1_297' title='bbox 1855 2416 2078 2472; x_wconf 89' lang='lat' dir='ltr'><strong>mentita</strong></span> 
     </span>
    </p>
   </div>
   <div class='ocr_carea' id='block_1_40' title="bbox 467 2507 2072 2567">
    <p class='ocr_par' dir='ltr' id='par_1_40' title="bbox 467 2507 2072 2567">
     <span class='ocr_line' id='line_1_40' title="bbox 467 2507 2072 2567; baseline 0 -3"><span class='ocrx_word' id='word_1_298' title='bbox 467 2518 594 2565; x_wconf 88' lang='lat' dir='ltr'><strong>sunt</strong></span> <span class='ocrx_word' id='word_1_299' title='bbox 620 2519 675 2565; x_wconf 92' lang='lat' dir='ltr'><strong>et</strong></span> <span class='ocrx_word' id='word_1_300' title='bbox 718 2509 958 2565; x_wconf 90' lang='lat' dir='ltr'><strong>oracula.</strong></span> <span class='ocrx_word' id='word_1_301' title='bbox 992 2509 1101 2567; x_wconf 88' lang='lat' dir='ltr'><strong>Sed</strong></span> <span class='ocrx_word' id='word_1_302' title='bbox 1131 2510 1245 2566; x_wconf 93' lang='lat' dir='ltr'><strong>illic</strong></span> <span class='ocrx_word' id='word_1_303' title='bbox 1277 2510 1487 2567; x_wconf 80' lang='lat' dir='ltr'><strong>futuros</strong></span> <span class='ocrx_word' id='word_1_304' title='bbox 1516 2526 1585 2566; x_wconf 85' lang='lat' dir='ltr'><strong>ex</strong></span> <span class='ocrx_word' id='word_1_305' title='bbox 1635 2509 1846 2566; x_wconf 91' lang='lat' dir='ltr'><strong>semine</strong></span> <span class='ocrx_word' id='word_1_306' title='bbox 1873 2507 2072 2565; x_wconf 80' lang='lat' dir='ltr'><strong>Jecho-</strong></span> 
     </span>
    </p>
   </div>
   <div class='ocr_carea' id='block_1_41' title="bbox 475 2602 2078 2676">
    <p class='ocr_par' dir='ltr' id='par_1_41' title="bbox 475 2602 2078 2676">
     <span class='ocr_line' id='line_1_41' title="bbox 475 2602 2078 2676; baseline -0.002 -16"><span class='ocrx_word' id='word_1_307' title='bbox 475 2603 580 2660; x_wconf 75' lang='lat' dir='ltr'><strong>nia:</strong></span> <span class='ocrx_word' id='word_1_308' title='bbox 623 2613 872 2675; x_wconf 87' lang='lat' dir='ltr'><strong>posteros</strong></span> <span class='ocrx_word' id='word_1_309' title='bbox 921 2619 1030 2660; x_wconf 89' lang='lat' dir='ltr'><strong>non</strong></span> <span class='ocrx_word' id='word_1_310' title='bbox 1062 2615 1323 2676; x_wconf 86' lang='lat' dir='ltr'><strong>negatur;</strong></span> <span class='ocrx_word' id='word_1_311' title='bbox 1356 2613 1411 2659; x_wconf 91' lang='lat' dir='ltr'><strong>ct</strong></span> <span class='ocrx_word' id='word_1_312' title='bbox 1437 2603 1563 2660; x_wconf 89' lang='lat' dir='ltr'><strong>ideo</strong></span> <span class='ocrx_word' id='word_1_313' title='bbox 1601 2603 1670 2660; x_wconf 89' lang='lat' dir='ltr'><strong>de</strong></span> <span class='ocrx_word' id='word_1_314' title='bbox 1723 2603 1930 2659; x_wconf 88' lang='lat' dir='ltr'><strong>semine</strong></span> <span class='ocrx_word' id='word_1_315' title='bbox 1959 2602 2078 2673; x_wconf 79' lang='lat' dir='ltr'><strong>ejus</strong></span> 
     </span>
    </p>
   </div>
   <div class='ocr_carea' id='block_1_42' title="bbox 473 2696 2076 2768">
    <p class='ocr_par' dir='ltr' id='par_1_42' title="bbox 473 2696 2076 2768">
     <span class='ocr_line' id='line_1_42' title="bbox 473 2696 2076 2768; baseline -0.004 -13"><span class='ocrx_word' id='word_1_316' title='bbox 473 2707 560 2755; x_wconf 91' lang='lat' dir='ltr'><strong>est</strong></span> <span class='ocrx_word' id='word_1_317' title='bbox 585 2697 875 2754; x_wconf 85' lang='lat' dir='ltr'><strong>Christus:</strong></span> <span class='ocrx_word' id='word_1_318' title='bbox 909 2707 966 2754; x_wconf 93' lang='lat' dir='ltr'><strong>et</strong></span> <span class='ocrx_word' id='word_1_319' title='bbox 992 2696 1137 2766; x_wconf 87' lang='lat' dir='ltr'><strong>quod</strong></span> <span class='ocrx_word' id='word_1_320' title='bbox 1167 2696 1411 2768; x_wconf 88' lang='lat' dir='ltr'><strong>regnavit</strong></span> <span class='ocrx_word' id='word_1_321' title='bbox 1439 2696 1713 2763; x_wconf 88' lang='lat' dir='ltr'><strong>Christus,</strong></span> <span class='ocrx_word' id='word_1_322' title='bbox 1747 2710 1855 2751; x_wconf 91' lang='lat' dir='ltr'><strong>non</strong></span> <span class='ocrx_word' id='word_1_323' title='bbox 1887 2704 2076 2749; x_wconf 90' lang='lat' dir='ltr'><strong>contra</strong></span> 
     </span>
    </p>
   </div>
   <div class='ocr_carea' id='block_1_43' title="bbox 470 2787 2070 2864">
    <p class='ocr_par' dir='ltr' id='par_1_43' title="bbox 470 2787 2070 2864">
     <span class='ocr_line' id='line_1_43' title="bbox 470 2787 2070 2864; baseline -0.004 -16"><span class='ocrx_word' id='word_1_324' title='bbox 470 2792 812 2864; x_wconf 82' lang='lat' dir='ltr'><strong>prOphetiam</strong></span> <span class='ocrx_word' id='word_1_325' title='bbox 841 2800 1073 2856; x_wconf 86' lang='lat' dir='ltr'><strong>est;non</strong></span> <span class='ocrx_word' id='word_1_326' title='bbox 1100 2790 1246 2847; x_wconf 89' lang='lat' dir='ltr'><strong>enim</strong></span> <span class='ocrx_word' id='word_1_327' title='bbox 1275 2790 1526 2846; x_wconf 63' lang='lat' dir='ltr'><strong>saeculari</strong></span> <span class='ocrx_word' id='word_1_328' title='bbox 1559 2790 1767 2845; x_wconf 89' lang='lat' dir='ltr'><strong>honore</strong></span> <span class='ocrx_word' id='word_1_329' title='bbox 1795 2787 2070 2860; x_wconf 86' lang='lat' dir='ltr'><strong>regnavit,</strong></span> 
     </span>
    </p>
   </div>
   <div class='ocr_carea' id='block_1_44' title="bbox 473 2880 2076 2955">
    <p class='ocr_par' dir='ltr' id='par_1_44' title="bbox 473 2880 2076 2955">
     <span class='ocr_line' id='line_1_44' title="bbox 473 2880 2076 2955; baseline -0.005 -13"><span class='ocrx_word' id='word_1_330' title='bbox 473 2885 644 2943; x_wconf 86' lang='lat' dir='ltr'><strong>ttecin</strong></span> <span class='ocrx_word' id='word_1_331' title='bbox 666 2885 944 2942; x_wconf 82' lang='lat' dir='ltr'><strong>Jechoniae</strong></span> <span class='ocrx_word' id='word_1_332' title='bbox 955 2885 1178 2941; x_wconf 85' lang='lat' dir='ltr'><strong>sedibus</strong></span> <span class='ocrx_word' id='word_1_333' title='bbox 1191 2883 1352 2950; x_wconf 89' lang='lat' dir='ltr'><strong>sedit,</strong></span> <span class='ocrx_word' id='word_1_334' title='bbox 1369 2883 1464 2940; x_wconf 89' lang='lat' dir='ltr'><strong>sed</strong></span> <span class='ocrx_word' id='word_1_335' title='bbox 1480 2883 1727 2955; x_wconf 87' lang='lat' dir='ltr'><strong>regnavit</strong></span> <span class='ocrx_word' id='word_1_336' title='bbox 1747 2881 1801 2937; x_wconf 89' lang='lat' dir='ltr'><strong>in</strong></span> <span class='ocrx_word' id='word_1_337' title='bbox 1817 2880 1948 2936; x_wconf 90' lang='lat' dir='ltr'><strong>sede</strong></span> <span class='ocrx_word' id='word_1_338' title='bbox 1972 2881 2076 2935; x_wconf 82' lang='lat' dir='ltr'><strong>Da-</strong></span> 
     </span>
    </p>
   </div>
   <div class='ocr_carea' id='block_1_45' title="bbox 475 2971 2076 3052">
    <p class='ocr_par' dir='ltr' id='par_1_45' title="bbox 475 2971 2076 3052">
     <span class='ocr_line' id='line_1_45' title="bbox 475 2971 2076 3052; baseline -0.003 -17"><span class='ocrx_word' id='word_1_339' title='bbox 475 2979 586 3036; x_wconf 88' lang='lat' dir='ltr'><strong>vid.</strong></span> <span class='ocrx_word' id='word_1_340' title='bbox 614 2979 826 3052; x_wconf 79' lang='lat'><strong>1330</strong></span> <span class='ocrx_word' id='word_1_341' title='bbox 841 2979 1136 3034; x_wconf 61' lang='lat' dir='ltr'><strong>45.Verum</strong></span> <span class='ocrx_word' id='word_1_342' title='bbox 1154 2994 1276 3034; x_wconf 90' lang='lat' dir='ltr'><strong>cum</strong></span> <span class='ocrx_word' id='word_1_343' title='bbox 1292 2979 1409 3050; x_wconf 87' lang='lat' dir='ltr'><strong>ipse</strong></span> <span class='ocrx_word' id='word_1_344' title='bbox 1427 2971 1719 3034; x_wconf 77' lang='lat' dir='ltr'><strong>Jechotiias</strong></span> <span class='ocrx_word' id='word_1_345' title='bbox 1739 2973 2076 3049; x_wconf 61' lang='lat' dir='ltr'><strong>Davidjsede-</strong></span> 
     </span>
    </p>
   </div>
   <div class='ocr_carea' id='block_1_46' title="bbox 470 3056 2070 3143">
    <p class='ocr_par' dir='ltr' id='par_1_46' title="bbox 470 3056 2070 3143">
     <span class='ocr_line' id='line_1_46' title="bbox 470 3056 2070 3143; baseline -0.005 -14"><span class='ocrx_word' id='word_1_346' title='bbox 470 3074 541 3129; x_wconf 89' lang='lat' dir='ltr'><strong>rit</strong></span> <span class='ocrx_word' id='word_1_347' title='bbox 569 3074 778 3139; x_wconf 84' lang='lat' dir='ltr'><strong>sedem,</strong></span> <span class='ocrx_word' id='word_1_348' title='bbox 813 3056 1264 3143; x_wconf 89' lang='lat' dir='ltr'><strong>quemadmodum</strong></span> <span class='ocrx_word' id='word_1_349' title='bbox 1293 3071 1529 3127; x_wconf 88' lang='lat' dir='ltr'><strong>solvitur</strong></span> <span class='ocrx_word' id='word_1_350' title='bbox 1558 3069 1702 3142; x_wconf 90' lang='lat' dir='ltr'><strong>quod</strong></span> <span class='ocrx_word' id='word_1_351' title='bbox 1737 3069 1939 3126; x_wconf 89' lang='lat' dir='ltr'><strong>dictum</strong></span> <span class='ocrx_word' id='word_1_352' title='bbox 1966 3074 2070 3134; x_wconf 90' lang='lat' dir='ltr'><strong>est,</strong></span> 
     </span>
    </p>
   </div>
   <div class='ocr_carea' id='block_1_47' title="bbox 472 3161 2069 3239">
    <p class='ocr_par' dir='ltr' id='par_1_47' title="bbox 472 3161 2069 3239">
     <span class='ocr_line' id='line_1_47' title="bbox 472 3161 2069 3239; baseline -0.006 -17"><span class='ocrx_word' id='word_1_353' title='bbox 472 3167 596 3239; x_wconf 84' lang='lat' dir='ltr'><strong>quia</strong></span> <span class='ocrx_word' id='word_1_354' title='bbox 639 3166 810 3222; x_wconf 89' lang='lat' dir='ltr'><strong>David</strong></span> <span class='ocrx_word' id='word_1_355' title='bbox 843 3165 1027 3222; x_wconf 89' lang='lat' dir='ltr'><strong>sedem</strong></span> <span class='ocrx_word' id='word_1_356' title='bbox 1055 3164 1334 3221; x_wconf 74' lang='lat' dir='ltr'><strong>Jcchonite</strong></span> <span class='ocrx_word' id='word_1_357' title='bbox 1383 3165 1587 3236; x_wconf 89' lang='lat' dir='ltr'><strong>posteri</strong></span> <span class='ocrx_word' id='word_1_358' title='bbox 1624 3179 1733 3219; x_wconf 91' lang='lat' dir='ltr'><strong>non</strong></span> <span class='ocrx_word' id='word_1_359' title='bbox 1763 3161 2028 3218; x_wconf 87' lang='lat' dir='ltr'><strong>sedebunt</strong></span> <span class='ocrx_word' id='word_1_360' title='bbox 2054 3203 2069 3229; x_wconf 90' lang='lat'><strong>,</strong></span> 
     </span>
    </p>
   </div>
   <div class='ocr_carea' id='block_1_48' title="bbox 467 3253 2144 3343">
    <p class='ocr_par' dir='ltr' id='par_1_48' title="bbox 467 3253 2144 3343">
     <span class='ocr_line' id='line_1_48' title="bbox 467 3253 2144 3343; baseline -0.005 -27"><span class='ocrx_word' id='word_1_361' title='bbox 467 3275 592 3316; x_wconf 90' lang='lat' dir='ltr'><strong>cum</strong></span> <span class='ocrx_word' id='word_1_362' title='bbox 634 3259 828 3316; x_wconf 85' lang='lat' dir='ltr'><strong>eadem</strong></span> <span class='ocrx_word' id='word_1_363' title='bbox 859 3258 1022 3314; x_wconf 90' lang='lat' dir='ltr'><strong>sedes</strong></span> <span class='ocrx_word' id='word_1_364' title='bbox 1053 3258 1221 3312; x_wconf 79' lang='lat' dir='ltr'><strong>fuisse</strong></span> <span class='ocrx_word' id='word_1_365' title='bbox 1246 3255 1496 3312; x_wconf 89' lang='lat' dir='ltr'><strong>videatur</strong></span> <span class='ocrx_word' id='word_1_366' title='bbox 1525 3253 1856 3311; x_wconf 88' lang='lat' dir='ltr'><strong>amborum?</strong></span> <span class='ocrx_word' id='word_1_367' title='bbox 1886 3253 2072 3323; x_wconf 88' lang='lat' dir='ltr'><strong>Itaque</strong></span> <span class='ocrx_word' id='word_1_368' title='bbox 2100 3281 2144 3343; x_wconf 64' lang='grc' dir='ltr'><strong>Ο</strong></span> 
     </span>
    </p>
   </div>
   <div class='ocr_carea' id='block_1_49' title="bbox 372 3349 2067 3432">
    <p class='ocr_par' dir='ltr' id='par_1_49' title="bbox 372 3349 2067 3432">
     <span class='ocr_line' id='line_1_49' title="bbox 372 3349 2067 3432; baseline -0.005 -22"><span class='ocrx_word' id='word_1_369' title='bbox 372 3415 391 3432; x_wconf 50' lang='grc' dir='ltr'><strong>ο</strong></span> <span class='ocrx_word' id='word_1_370' title='bbox 469 3362 527 3410; x_wconf 90' lang='lat' dir='ltr'><strong>et</strong></span> <span class='ocrx_word' id='word_1_371' title='bbox 559 3369 660 3410; x_wconf 90' lang='lat' dir='ltr'><strong>nos</strong></span> <span class='ocrx_word' id='word_1_372' title='bbox 681 3352 869 3410; x_wconf 90' lang='lat' dir='ltr'><strong>sedem</strong></span> <span class='ocrx_word' id='word_1_373' title='bbox 904 3349 1070 3406; x_wconf 88' lang='lat' dir='ltr'><strong>David</strong></span> <span class='ocrx_word' id='word_1_374' title='bbox 1125 3349 1293 3406; x_wconf 81' lang='lat' dir='ltr'><strong>fuisse</strong></span> <span class='ocrx_word' id='word_1_375' title='bbox 1339 3364 1538 3420; x_wconf 88' lang='lat' dir='ltr'><strong>negare</strong></span> <span class='ocrx_word' id='word_1_376' title='bbox 1584 3363 1690 3404; x_wconf 89' lang='lat' dir='ltr'><strong>non</strong></span> <span class='ocrx_word' id='word_1_377' title='bbox 1745 3362 2067 3418; x_wconf 85' lang='lat' dir='ltr'><strong>possumus;</strong></span> 
     </span>
    </p>
   </div>
   <div class='ocr_carea' id='block_1_50' title="bbox 470 3440 2070 3514">
    <p class='ocr_par' dir='ltr' id='par_1_50' title="bbox 470 3440 2070 3514">
     <span class='ocr_line' id='line_1_50' title="bbox 470 3440 2070 3514; baseline -0.004 -14"><span class='ocrx_word' id='word_1_378' title='bbox 470 3459 577 3500; x_wconf 89' lang='lat' dir='ltr'><strong>non</strong></span> <span class='ocrx_word' id='word_1_379' title='bbox 603 3445 849 3500; x_wconf 87' lang='lat' dir='ltr'><strong>eamdem</strong></span> <span class='ocrx_word' id='word_1_380' title='bbox 865 3453 1046 3500; x_wconf 89' lang='lat' dir='ltr'><strong>tamen</strong></span> <span class='ocrx_word' id='word_1_381' title='bbox 1065 3443 1208 3514; x_wconf 88' lang='lat' dir='ltr'><strong>regis</strong></span> <span class='ocrx_word' id='word_1_382' title='bbox 1231 3441 1396 3498; x_wconf 90' lang='lat' dir='ltr'><strong>David</strong></span> <span class='ocrx_word' id='word_1_383' title='bbox 1415 3441 1600 3498; x_wconf 86' lang='lat' dir='ltr'><strong>sedem</strong></span> <span class='ocrx_word' id='word_1_384' title='bbox 1618 3440 1891 3508; x_wconf 88' lang='lat' dir='ltr'><strong>Christus,</strong></span> <span class='ocrx_word' id='word_1_385' title='bbox 1910 3455 2070 3512; x_wconf 89' lang='lat' dir='ltr'><strong>quam</strong></span> 
     </span>
    </p>
   </div>
   <div class='ocr_carea' id='block_1_51' title="bbox 466 3534 2072 3608">
    <p class='ocr_par' dir='ltr' id='par_1_51' title="bbox 466 3534 2072 3608">
     <span class='ocr_line' id='line_1_51' title="bbox 466 3534 2072 3608; baseline -0.003 -13"><span class='ocrx_word' id='word_1_386' title='bbox 466 3536 761 3595; x_wconf 81' lang='lat' dir='ltr'><strong>Jechonias</strong></span> <span class='ocrx_word' id='word_1_387' title='bbox 789 3537 926 3592; x_wconf 90' lang='lat' dir='ltr'><strong>sedit</strong></span> <span class='ocrx_word' id='word_1_388' title='bbox 947 3553 962 3603; x_wconf 89' lang='lat'><strong>;</strong></span> <span class='ocrx_word' id='word_1_389' title='bbox 983 3537 1166 3607; x_wconf 71' lang='lat' dir='ltr'><strong>immo</strong></span> <span class='ocrx_word' id='word_1_390' title='bbox 1190 3551 1290 3592; x_wconf 88' lang='lat' dir='ltr'><strong>nec</strong></span> <span class='ocrx_word' id='word_1_391' title='bbox 1315 3538 1602 3608; x_wconf 89' lang='lat' dir='ltr'><strong>quisquam</strong></span> <span class='ocrx_word' id='word_1_392' title='bbox 1633 3534 1774 3590; x_wconf 90' lang='lat' dir='ltr'><strong>alius</strong></span> <span class='ocrx_word' id='word_1_393' title='bbox 1801 3551 1872 3590; x_wconf 83' lang='lat' dir='ltr'><strong>ex</strong></span> <span class='ocrx_word' id='word_1_394' title='bbox 1904 3549 2072 3605; x_wconf 86' lang='lat' dir='ltr'><strong>gene-</strong></span> 
     </span>
    </p>
   </div>
   <div class='ocr_carea' id='block_1_52' title="bbox 467 3629 2066 3703">
    <p class='ocr_par' dir='ltr' id='par_1_52' title="bbox 467 3629 2066 3703">
     <span class='ocr_line' id='line_1_52' title="bbox 467 3629 2066 3703; baseline -0.004 -11"><span class='ocrx_word' id='word_1_395' title='bbox 467 3649 530 3692; x_wconf 82' lang='lat' dir='ltr'><strong>re</strong></span> <span class='ocrx_word' id='word_1_396' title='bbox 555 3632 724 3688; x_wconf 85' lang='lat' dir='ltr'><strong>David</strong></span> <span class='ocrx_word' id='word_1_397' title='bbox 748 3632 932 3689; x_wconf 87' lang='lat' dir='ltr'><strong>sedem</strong></span> <span class='ocrx_word' id='word_1_398' title='bbox 966 3632 1085 3703; x_wconf 85' lang='lat' dir='ltr'><strong>ejus</strong></span> <span class='ocrx_word' id='word_1_399' title='bbox 1112 3631 1288 3703; x_wconf 90' lang='lat' dir='ltr'><strong>potuit</strong></span> <span class='ocrx_word' id='word_1_400' title='bbox 1324 3633 1520 3687; x_wconf 90' lang='lat' dir='ltr'><strong>sedere</strong></span> <span class='ocrx_word' id='word_1_401' title='bbox 1546 3672 1562 3698; x_wconf 95' lang='lat'><strong>,</strong></span> <span class='ocrx_word' id='word_1_402' title='bbox 1587 3646 1747 3701; x_wconf 88' lang='lat' dir='ltr'><strong>quam</strong></span> <span class='ocrx_word' id='word_1_403' title='bbox 1778 3629 2027 3687; x_wconf 88' lang='lat' dir='ltr'><strong>Christus</strong></span> <span class='ocrx_word' id='word_1_404' title='bbox 2052 3645 2066 3696; x_wconf 89' lang='lat'><strong>;</strong></span> 
     </span>
    </p>
   </div>
   <div class='ocr_carea' id='block_1_53' title="bbox 467 3722 2067 3800">
    <p class='ocr_par' dir='ltr' id='par_1_53' title="bbox 467 3722 2067 3800">
     <span class='ocr_line' id='line_1_53' title="bbox 467 3722 2067 3800; baseline -0.005 -16"><span class='ocrx_word' id='word_1_405' title='bbox 467 3731 596 3800; x_wconf 86' lang='lat' dir='ltr'><strong>quia</strong></span> <span class='ocrx_word' id='word_1_406' title='bbox 628 3741 728 3784; x_wconf 87' lang='lat' dir='ltr'><strong>nec</strong></span> <span class='ocrx_word' id='word_1_407' title='bbox 756 3727 812 3782; x_wconf 91' lang='lat' dir='ltr'><strong>in</strong></span> <span class='ocrx_word' id='word_1_408' title='bbox 860 3726 971 3782; x_wconf 92' lang='lat' dir='ltr'><strong>alio</strong></span> <span class='ocrx_word' id='word_1_409' title='bbox 1017 3739 1203 3782; x_wconf 90' lang='lat' dir='ltr'><strong>semen</strong></span> <span class='ocrx_word' id='word_1_410' title='bbox 1226 3724 1346 3795; x_wconf 89' lang='lat' dir='ltr'><strong>ejus</strong></span> <span class='ocrx_word' id='word_1_411' title='bbox 1396 3733 1661 3780; x_wconf 69' lang='lat' dir='ltr'><strong>internum</strong></span> <span class='ocrx_word' id='word_1_412' title='bbox 1691 3733 1813 3788; x_wconf 90' lang='lat' dir='ltr'><strong>est,</strong></span> <span class='ocrx_word' id='word_1_413' title='bbox 1872 3722 1968 3778; x_wconf 88' lang='lat' dir='ltr'><strong>sed</strong></span> <span class='ocrx_word' id='word_1_414' title='bbox 2015 3724 2067 3777; x_wconf 91' lang='lat' dir='ltr'><strong>in</strong></span> 
     </span>
    </p>
   </div>
   <div class='ocr_carea' id='block_1_54' title="bbox 465 3815 2070 3889">
    <p class='ocr_par' dir='ltr' id='par_1_54' title="bbox 465 3815 2070 3889">
     <span class='ocr_line' id='line_1_54' title="bbox 465 3815 2070 3889; baseline -0.006 -11"><span class='ocrx_word' id='word_1_415' title='bbox 465 3819 718 3886; x_wconf 83' lang='lat' dir='ltr'><strong>Christo,</strong></span> <span class='ocrx_word' id='word_1_416' title='bbox 765 3818 906 3875; x_wconf 86' lang='lat' dir='ltr'><strong>sicut</strong></span> <span class='ocrx_word' id='word_1_417' title='bbox 936 3817 1080 3875; x_wconf 90' lang='lat' dir='ltr'><strong>Deus</strong></span> <span class='ocrx_word' id='word_1_418' title='bbox 1125 3818 1240 3888; x_wconf 89' lang='lat' dir='ltr'><strong>ipse</strong></span> <span class='ocrx_word' id='word_1_419' title='bbox 1260 3815 1711 3887; x_wconf 84' lang='lat' dir='ltr'><strong>juravitdicens:</strong></span> <span class='ocrx_word' id='word_1_420' title='bbox 1772 3816 1943 3872; x_wconf 82' lang='lat' dir='ltr'><strong>Semel</strong></span> <span class='ocrx_word' id='word_1_421' title='bbox 1974 3818 2070 3889; x_wconf 88' lang='lat' dir='ltr'><strong>ju-</strong></span> 
     </span>
    </p>
   </div>
   <div class='ocr_carea' id='block_1_55' title="bbox 461 3908 2066 3980">
    <p class='ocr_par' dir='ltr' id='par_1_55' title="bbox 461 3908 2066 3980">
     <span class='ocr_line' id='line_1_55' title="bbox 461 3908 2066 3980; baseline -0.004 -13"><span class='ocrx_word' id='word_1_422' title='bbox 461 3915 573 3970; x_wconf 83' lang='lat' dir='ltr'><strong>ravi</strong></span> <span class='ocrx_word' id='word_1_423' title='bbox 603 3921 630 3951; x_wconf 76' lang='grc'>⁸</span> <span class='ocrx_word' id='word_1_424' title='bbox 655 3914 710 3968; x_wconf 87' lang='lat' dir='ltr'><strong>in</strong></span> <span class='ocrx_word' id='word_1_425' title='bbox 737 3922 914 3970; x_wconf 82' lang='lat' dir='ltr'><strong>sancto</strong></span> <span class='ocrx_word' id='word_1_426' title='bbox 940 3927 1073 3980; x_wconf 86' lang='lat' dir='ltr'><strong>meo,</strong></span> <span class='ocrx_word' id='word_1_427' title='bbox 1105 3911 1149 3966; x_wconf 89' lang='lat' dir='ltr'><strong>si</strong></span> <span class='ocrx_word' id='word_1_428' title='bbox 1175 3908 1348 3966; x_wconf 84' lang='lat' dir='ltr'><strong>David</strong></span> <span class='ocrx_word' id='word_1_429' title='bbox 1377 3909 1594 3964; x_wconf 88' lang='lat' dir='ltr'><strong>mentiar</strong></span> <span class='ocrx_word' id='word_1_430' title='bbox 1613 3951 1629 3978; x_wconf 86' lang='lat'><strong>,</strong></span> <span class='ocrx_word' id='word_1_431' title='bbox 1653 3925 1828 3964; x_wconf 85' lang='lat' dir='ltr'><strong>semen</strong></span> <span class='ocrx_word' id='word_1_432' title='bbox 1858 3909 1970 3978; x_wconf 81' lang='lat' dir='ltr'><strong>ejus</strong></span> <span class='ocrx_word' id='word_1_433' title='bbox 2012 3908 2066 3962; x_wconf 88' lang='lat' dir='ltr'><strong>in</strong></span> 
     </span>
    </p>
   </div>
   <div class='ocr_carea' id='block_1_56' title="bbox 465 4003 2067 4074">
    <p class='ocr_par' dir='ltr' id='par_1_56' title="bbox 465 4003 2067 4074">
     <span class='ocr_line' id='line_1_56' title="bbox 465 4003 2067 4074; baseline -0.005 -11"><span class='ocrx_word' id='word_1_434' title='bbox 465 4018 712 4063; x_wconf 77' lang='lat' dir='ltr'><strong>wternum</strong></span> <span class='ocrx_word' id='word_1_435' title='bbox 753 4005 994 4071; x_wconf 84' lang='lat' dir='ltr'><strong>manebit,</strong></span> <span class='ocrx_word' id='word_1_436' title='bbox 1027 4014 1074 4060; x_wconf 90' lang='lat' dir='ltr'><strong>et</strong></span> <span class='ocrx_word' id='word_1_437' title='bbox 1101 4003 1246 4058; x_wconf 86' lang='lat' dir='ltr'><strong>sedes</strong></span> <span class='ocrx_word' id='word_1_438' title='bbox 1282 4004 1392 4074; x_wconf 84' lang='lat' dir='ltr'><strong>ejus</strong></span> <span class='ocrx_word' id='word_1_439' title='bbox 1422 4003 1555 4059; x_wconf 81' lang='lat' dir='ltr'><strong>sicut</strong></span> <span class='ocrx_word' id='word_1_440' title='bbox 1584 4004 1662 4058; x_wconf 83' lang='lat' dir='ltr'><strong>sol</strong></span> <span class='ocrx_word' id='word_1_441' title='bbox 1689 4003 1744 4056; x_wconf 89' lang='lat' dir='ltr'><strong>in</strong></span> <span class='ocrx_word' id='word_1_442' title='bbox 1793 4010 2067 4073; x_wconf 81' lang='lat' dir='ltr'><strong>conspectu</strong></span> 
     </span>
    </p>
   </div>
   <div class='ocr_carea' id='block_1_57' title="bbox 463 4093 2066 4171">
    <p class='ocr_par' dir='ltr' id='par_1_57' title="bbox 463 4093 2066 4171">
     <span class='ocr_line' id='line_1_57' title="bbox 463 4093 2066 4171; baseline -0.005 -15"><span class='ocrx_word' id='word_1_443' title='bbox 463 4117 575 4156; x_wconf 87' lang='lat' dir='ltr'><strong>meo</strong></span> <span class='ocrx_word' id='word_1_444' title='bbox 605 4099 780 4171; x_wconf 87' lang='lat' dir='ltr'><strong>(Psal.</strong></span> <span class='ocrx_word' id='word_1_445' title='bbox 813 4113 1081 4164; x_wconf 76' lang='lat' dir='ltr'><strong>usxvttt,</strong></span> <span class='ocrx_word' id='word_1_446' title='bbox 1107 4096 1276 4153; x_wconf 76' lang='lat'><strong>36-38</strong></span> <span class='ocrx_word' id='word_1_447' title='bbox 1298 4095 1340 4168; x_wconf 93' lang='lat'><strong>).</strong></span> <span class='ocrx_word' id='word_1_448' title='bbox 1379 4095 1553 4164; x_wconf 89' lang='lat' dir='ltr'><strong>Quem</strong></span> <span class='ocrx_word' id='word_1_449' title='bbox 1587 4097 1750 4168; x_wconf 88' lang='lat' dir='ltr'><strong>igitur</strong></span> <span class='ocrx_word' id='word_1_450' title='bbox 1778 4094 1909 4151; x_wconf 90' lang='lat' dir='ltr'><strong>dicit</strong></span> <span class='ocrx_word' id='word_1_451' title='bbox 1933 4093 2066 4149; x_wconf 89' lang='lat' dir='ltr'><strong>hic?</strong></span> 
     </span>
    </p>
   </div>
   <div class='ocr_carea' id='block_1_58' title="bbox 462 4189 2062 4260">
    <p class='ocr_par' dir='ltr' id='par_1_58' title="bbox 462 4189 2062 4260">
     <span class='ocr_line' id='line_1_58' title="bbox 462 4189 2062 4260; baseline -0.003 -12"><span class='ocrx_word' id='word_1_452' title='bbox 462 4190 579 4248; x_wconf 78' lang='lat' dir='ltr'><strong>Non</strong></span> <span class='ocrx_word' id='word_1_453' title='bbox 607 4191 954 4247; x_wconf 84' lang='lat' dir='ltr'><strong>Salomonem</strong></span> <span class='ocrx_word' id='word_1_454' title='bbox 983 4190 1189 4260; x_wconf 88' lang='lat' dir='ltr'><strong>utique,</strong></span> <span class='ocrx_word' id='word_1_455' title='bbox 1221 4204 1330 4244; x_wconf 89' lang='lat' dir='ltr'><strong>non</strong></span> <span class='ocrx_word' id='word_1_456' title='bbox 1362 4189 1606 4245; x_wconf 80' lang='lat' dir='ltr'><strong>Roboam</strong></span> <span class='ocrx_word' id='word_1_457' title='bbox 1627 4233 1641 4256; x_wconf 92' lang='lat'><strong>,</strong></span> <span class='ocrx_word' id='word_1_458' title='bbox 1677 4206 1782 4246; x_wconf 87' lang='lat' dir='ltr'><strong>non</strong></span> <span class='ocrx_word' id='word_1_459' title='bbox 1811 4189 2024 4245; x_wconf 85' lang='lat' dir='ltr'><strong>Nathan</strong></span> <span class='ocrx_word' id='word_1_460' title='bbox 2048 4231 2062 4256; x_wconf 93' lang='lat'><strong>,</strong></span> 
     </span>
    </p>
   </div>
   <div class='ocr_carea' id='block_1_59' title="bbox 463 4269 2064 4354">
    <p class='ocr_par' dir='ltr' id='par_1_59' title="bbox 463 4269 2064 4354">
     <span class='ocr_line' id='line_1_59' title="bbox 463 4269 2064 4354; baseline -0.003 -12"><span class='ocrx_word' id='word_1_461' title='bbox 463 4286 560 4344; x_wconf 87' lang='lat' dir='ltr'><strong>sed</strong></span> <span class='ocrx_word' id='word_1_462' title='bbox 591 4285 742 4342; x_wconf 90' lang='lat' dir='ltr'><strong>illum</strong></span> <span class='ocrx_word' id='word_1_463' title='bbox 764 4284 835 4341; x_wconf 90' lang='lat' dir='ltr'><strong>de</strong></span> <span class='ocrx_word' id='word_1_464' title='bbox 863 4300 972 4354; x_wconf 89' lang='lat' dir='ltr'><strong>quo</strong></span> <span class='ocrx_word' id='word_1_465' title='bbox 997 4283 1117 4339; x_wconf 91' lang='lat' dir='ltr'><strong>solo</strong></span> <span class='ocrx_word' id='word_1_466' title='bbox 1148 4290 1326 4352; x_wconf 87' lang='lat' dir='ltr'><strong>potest</strong></span> <span class='ocrx_word' id='word_1_467' title='bbox 1354 4281 1576 4338; x_wconf 86' lang='lat' dir='ltr'><strong>dicere:</strong></span> <span class='ocrx_word' id='word_1_468' title='bbox 1613 4282 1814 4338; x_wconf 86' lang='lat' dir='ltr'><strong>Ponant</strong></span> <span class='ocrx_word' id='word_1_469' title='bbox 1842 4285 1896 4338; x_wconf 88' lang='lat' dir='ltr'><strong>in</strong></span> <span class='ocrx_word' id='word_1_470' title='bbox 1932 4269 2064 4337; x_wconf 81' lang='lat' dir='ltr'><strong>mari</strong></span> 
     </span>
    </p>
   </div>
   <div class='ocr_carea' id='block_1_60' title="bbox 462 4376 2063 4452">
    <p class='ocr_par' dir='ltr' id='par_1_60' title="bbox 462 4376 2063 4452">
     <span class='ocr_line' id='line_1_60' title="bbox 462 4376 2063 4452; baseline -0.002 -16"><span class='ocrx_word' id='word_1_471' title='bbox 462 4397 670 4436; x_wconf 89' lang='lat' dir='ltr'><strong>manum</strong></span> <span class='ocrx_word' id='word_1_472' title='bbox 695 4382 828 4452; x_wconf 86' lang='lat' dir='ltr'><strong>ejus,</strong></span> <span class='ocrx_word' id='word_1_473' title='bbox 851 4389 898 4434; x_wconf 92' lang='lat' dir='ltr'><strong>et</strong></span> <span class='ocrx_word' id='word_1_474' title='bbox 925 4377 978 4432; x_wconf 88' lang='lat' dir='ltr'><strong>in</strong></span> <span class='ocrx_word' id='word_1_475' title='bbox 1011 4376 1307 4447; x_wconf 83' lang='lat' dir='ltr'><strong>ﬂuminibus</strong></span> <span class='ocrx_word' id='word_1_476' title='bbox 1329 4376 1593 4430; x_wconf 79' lang='lat' dir='ltr'><strong>dexteram</strong></span> <span class='ocrx_word' id='word_1_477' title='bbox 1613 4379 1748 4448; x_wconf 87' lang='lat' dir='ltr'><strong>ejus.</strong></span> <span class='ocrx_word' id='word_1_478' title='bbox 1770 4376 1896 4448; x_wconf 87' lang='lat' dir='ltr'><strong>Ipse</strong></span> <span class='ocrx_word' id='word_1_479' title='bbox 1918 4378 2063 4433; x_wconf 85' lang='lat' dir='ltr'><strong>invo-</strong></span> 
     </span>
    </p>
   </div>
   <div class='ocr_carea' id='block_1_61' title="bbox 459 4467 2063 4544">
    <p class='ocr_par' dir='ltr' id='par_1_61' title="bbox 459 4467 2063 4544">
     <span class='ocr_line' id='line_1_61' title="bbox 459 4467 2063 4544; baseline -0.003 -14"><span class='ocrx_word' id='word_1_480' title='bbox 459 4473 596 4530; x_wconf 88' lang='lat' dir='ltr'><strong>cabit</strong></span> <span class='ocrx_word' id='word_1_481' title='bbox 619 4489 717 4540; x_wconf 86' lang='lat' dir='ltr'><strong>me,</strong></span> <span class='ocrx_word' id='word_1_482' title='bbox 740 4471 900 4527; x_wconf 90' lang='lat' dir='ltr'><strong>Pater</strong></span> <span class='ocrx_word' id='word_1_483' title='bbox 926 4487 1066 4526; x_wconf 88' lang='lat' dir='ltr'><strong>meus</strong></span> <span class='ocrx_word' id='word_1_484' title='bbox 1089 4487 1143 4525; x_wconf 88' lang='lat' dir='ltr'><strong>es</strong></span> <span class='ocrx_word' id='word_1_485' title='bbox 1164 4479 1217 4524; x_wconf 88' lang='lat' dir='ltr'><strong>tu</strong></span> <span class='ocrx_word' id='word_1_486' title='bbox 1236 4467 1427 4540; x_wconf 88' lang='lat' dir='ltr'><strong>(lbid.,</strong></span> <span class='ocrx_word' id='word_1_487' title='bbox 1450 4470 1522 4524; x_wconf 72' lang='lat'><strong>26</strong></span> <span class='ocrx_word' id='word_1_488' title='bbox 1538 4480 1586 4525; x_wconf 90' lang='lat' dir='ltr'><strong>et</strong></span> <span class='ocrx_word' id='word_1_489' title='bbox 1614 4469 1707 4542; x_wconf 70' lang='lat'><strong>27)</strong></span> <span class='ocrx_word' id='word_1_490' title='bbox 1733 4488 1752 4537; x_wconf 88' lang='lat'><strong>;</strong></span> <span class='ocrx_word' id='word_1_491' title='bbox 1782 4480 1838 4544; x_wconf 84' lang='lat' dir='ltr'><strong>et</strong></span> <span class='ocrx_word' id='word_1_492' title='bbox 1858 4470 2063 4526; x_wconf 81' lang='lat' dir='ltr'><strong>Ponant</strong></span> 
     </span>
    </p>
   </div>
   <div class='ocr_carea' id='block_1_62' title="bbox 461 4564 2060 4637">
    <p class='ocr_par' dir='ltr' id='par_1_62' title="bbox 461 4564 2060 4637">
     <span class='ocr_line' id='line_1_62' title="bbox 461 4564 2060 4637; baseline -0.004 -12"><span class='ocrx_word' id='word_1_493' title='bbox 461 4569 516 4625; x_wconf 86' lang='lat' dir='ltr'><strong>in</strong></span> <span class='ocrx_word' id='word_1_494' title='bbox 559 4568 805 4624; x_wconf 67' lang='lat' dir='ltr'><strong>saxulum</strong></span> <span class='ocrx_word' id='word_1_495' title='bbox 831 4565 1007 4620; x_wconf 69' lang='lat' dir='ltr'><strong>saeculi</strong></span> <span class='ocrx_word' id='word_1_496' title='bbox 1047 4579 1217 4620; x_wconf 84' lang='lat' dir='ltr'><strong>semen</strong></span> <span class='ocrx_word' id='word_1_497' title='bbox 1240 4564 1385 4636; x_wconf 85' lang='lat' dir='ltr'><strong>ejus,</strong></span> <span class='ocrx_word' id='word_1_498' title='bbox 1440 4574 1488 4619; x_wconf 84' lang='lat' dir='ltr'><strong>et</strong></span> <span class='ocrx_word' id='word_1_499' title='bbox 1518 4564 1761 4618; x_wconf 82' lang='lat' dir='ltr'><strong>thronum</strong></span> <span class='ocrx_word' id='word_1_500' title='bbox 1788 4567 1899 4637; x_wconf 88' lang='lat' dir='ltr'><strong>ejus</strong></span> <span class='ocrx_word' id='word_1_501' title='bbox 1927 4565 2060 4619; x_wconf 83' lang='lat' dir='ltr'><strong>sicut</strong></span> 
     </span>
    </p>
   </div>
   <div class='ocr_carea' id='block_1_63' title="bbox 2186 1942 3794 2018">
    <p class='ocr_par' dir='ltr' id='par_1_63' title="bbox 2186 1942 3794 2018">
     <span class='ocr_line' id='line_1_63' title="bbox 2186 1942 3794 2018; baseline 0.007 -25"><span class='ocrx_word' id='word_1_502' title='bbox 2186 1942 2276 2011; x_wconf 91' lang='lat' dir='ltr'><strong>qui</strong></span> <span class='ocrx_word' id='word_1_503' title='bbox 2307 1942 2454 1998; x_wconf 89' lang='lat' dir='ltr'><strong>solus</strong></span> <span class='ocrx_word' id='word_1_504' title='bbox 2487 1958 2646 1998; x_wconf 87' lang='lat' dir='ltr'><strong>verus</strong></span> <span class='ocrx_word' id='word_1_505' title='bbox 2675 1943 2814 2000; x_wconf 83' lang='lat' dir='ltr'><strong>[ilius</strong></span> <span class='ocrx_word' id='word_1_506' title='bbox 2841 1944 3010 2001; x_wconf 84' lang='lat' dir='ltr'><strong>David</strong></span> <span class='ocrx_word' id='word_1_507' title='bbox 3039 1988 3052 2013; x_wconf 95' lang='lat'><strong>,</strong></span> <span class='ocrx_word' id='word_1_508' title='bbox 3080 1946 3234 2018; x_wconf 83' lang='lat' dir='ltr'><strong>cujus</strong></span> <span class='ocrx_word' id='word_1_509' title='bbox 3265 1947 3427 2003; x_wconf 84' lang='lat' dir='ltr'><strong>etiam</strong></span> <span class='ocrx_word' id='word_1_510' title='bbox 3479 1947 3632 2004; x_wconf 86' lang='lat' dir='ltr'><strong>solus</strong></span> <span class='ocrx_word' id='word_1_511' title='bbox 3683 1964 3794 2004; x_wconf 85' lang='lat' dir='ltr'><strong>no-</strong></span> 
     </span>
    </p>
   </div>
   <div class='ocr_carea' id='block_1_64' title="bbox 2186 2037 3797 2111">
    <p class='ocr_par' dir='ltr' id='par_1_64' title="bbox 2186 2037 3797 2111">
     <span class='ocr_line' id='line_1_64' title="bbox 2186 2037 3797 2111; baseline 0.004 -22"><span class='ocrx_word' id='word_1_512' title='bbox 2186 2051 2311 2092; x_wconf 90' lang='lat' dir='ltr'><strong>men</strong></span> <span class='ocrx_word' id='word_1_513' title='bbox 2351 2037 2601 2108; x_wconf 83' lang='lat' dir='ltr'><strong>accepit,</strong></span> <span class='ocrx_word' id='word_1_514' title='bbox 2650 2037 2802 2109; x_wconf 81' lang='lat' dir='ltr'><strong>juxta</strong></span> <span class='ocrx_word' id='word_1_515' title='bbox 2825 2040 2968 2109; x_wconf 92' lang='lat' dir='ltr'><strong>quod</strong></span> <span class='ocrx_word' id='word_1_516' title='bbox 2998 2041 3254 2111; x_wconf 89' lang='lat' dir='ltr'><strong>scriptum</strong></span> <span class='ocrx_word' id='word_1_517' title='bbox 3285 2051 3368 2097; x_wconf 89' lang='lat' dir='ltr'><strong>est</strong></span> <span class='ocrx_word' id='word_1_518' title='bbox 3389 2057 3410 2096; x_wconf 89' lang='lat'><strong><em>:</em></strong></span> <span class='ocrx_word' id='word_1_519' title='bbox 3440 2039 3622 2096; x_wconf 75' lang='lat' dir='ltr'><strong>Inveni</strong></span> <span class='ocrx_word' id='word_1_520' title='bbox 3674 2039 3797 2096; x_wconf 86' lang='lat' dir='ltr'><strong>Da-</strong></span> 
     </span>
    </p>
   </div>
   <div class='ocr_carea' id='block_1_65' title="bbox 2186 2128 3794 2205">
    <p class='ocr_par' dir='ltr' id='par_1_65' title="bbox 2186 2128 3794 2205">
     <span class='ocr_line' id='line_1_65' title="bbox 2186 2128 3794 2205; baseline 0.002 -19"><span class='ocrx_word' id='word_1_521' title='bbox 2186 2128 2270 2186; x_wconf 83' lang='lat' dir='ltr'><strong>vid</strong></span> <span class='ocrx_word' id='word_1_522' title='bbox 2296 2145 2498 2184; x_wconf 82' lang='lat' dir='ltr'><strong>servum</strong></span> <span class='ocrx_word' id='word_1_523' title='bbox 2527 2146 2714 2198; x_wconf 88' lang='lat' dir='ltr'><strong>meum,</strong></span> <span class='ocrx_word' id='word_1_524' title='bbox 2737 2131 2791 2185; x_wconf 88' lang='lat' dir='ltr'><strong>in</strong></span> <span class='ocrx_word' id='word_1_525' title='bbox 2823 2132 2935 2187; x_wconf 91' lang='lat' dir='ltr'><strong>oleo</strong></span> <span class='ocrx_word' id='word_1_526' title='bbox 2951 2144 3130 2188; x_wconf 86' lang='lat' dir='ltr'><strong>sancto</strong></span> <span class='ocrx_word' id='word_1_527' title='bbox 3157 2150 3267 2189; x_wconf 87' lang='lat' dir='ltr'><strong>meo</strong></span> <span class='ocrx_word' id='word_1_528' title='bbox 3295 2135 3423 2189; x_wconf 72' lang='lat' dir='ltr'><strong>anxi</strong></span> <span class='ocrx_word' id='word_1_529' title='bbox 3449 2135 3605 2205; x_wconf 86' lang='lat' dir='ltr'><strong>eum(</strong></span> <span class='ocrx_word' id='word_1_530' title='bbox 3634 2133 3794 2190; x_wconf 83' lang='lat' dir='ltr'><strong>Psal.</strong></span> 
     </span>
    </p>
   </div>
   <div class='ocr_carea' id='block_1_66' title="bbox 2185 2221 3790 2299">
    <p class='ocr_par' dir='ltr' id='par_1_66' title="bbox 2185 2221 3790 2299">
     <span class='ocr_line' id='line_1_66' title="bbox 2185 2221 3790 2299; baseline 0.006 -24"><span class='ocrx_word' id='word_1_531' title='bbox 2185 2237 2444 2289; x_wconf 76' lang='lat' dir='ltr'><strong>Lxxxvm,</strong></span> <span class='ocrx_word' id='word_1_532' title='bbox 2478 2221 2594 2294; x_wconf 71' lang='grc'>21).</span> <span class='ocrx_word' id='word_1_533' title='bbox 2622 2223 2777 2290; x_wconf 86' lang='lat' dir='ltr'><strong>Quod</strong></span> <span class='ocrx_word' id='word_1_534' title='bbox 2827 2226 3016 2297; x_wconf 88' lang='lat' dir='ltr'><strong>utique</strong></span> <span class='ocrx_word' id='word_1_535' title='bbox 3047 2242 3155 2282; x_wconf 90' lang='lat' dir='ltr'><strong>non</strong></span> <span class='ocrx_word' id='word_1_536' title='bbox 3179 2227 3248 2282; x_wconf 90' lang='lat' dir='ltr'><strong>de</strong></span> <span class='ocrx_word' id='word_1_537' title='bbox 3277 2227 3542 2299; x_wconf 86' lang='lat' dir='ltr'><strong>propheta</strong></span> <span class='ocrx_word' id='word_1_538' title='bbox 3577 2227 3790 2294; x_wconf 87' lang='lat' dir='ltr'><strong>David,</strong></span> 
     </span>
    </p>
   </div>
   <div class='ocr_carea' id='block_1_67' title="bbox 2183 2314 3795 2394">
    <p class='ocr_par' dir='ltr' id='par_1_67' title="bbox 2183 2314 3795 2394">
     <span class='ocr_line' id='line_1_67' title="bbox 2183 2314 3795 2394; baseline 0.007 -26"><span class='ocrx_word' id='word_1_539' title='bbox 2183 2314 2279 2369; x_wconf 87' lang='lat' dir='ltr'><strong>sed</strong></span> <span class='ocrx_word' id='word_1_540' title='bbox 2325 2315 2394 2370; x_wconf 91' lang='lat' dir='ltr'><strong>de</strong></span> <span class='ocrx_word' id='word_1_541' title='bbox 2428 2314 2655 2370; x_wconf 91' lang='lat' dir='ltr'><strong>Domino</strong></span> <span class='ocrx_word' id='word_1_542' title='bbox 2699 2316 2804 2372; x_wconf 91' lang='lat' dir='ltr'><strong>dici</strong></span> <span class='ocrx_word' id='word_1_543' title='bbox 2838 2319 3123 2389; x_wconf 84' lang='lat' dir='ltr'><strong>praemissa</strong></span> <span class='ocrx_word' id='word_1_544' title='bbox 3157 2321 3474 2388; x_wconf 87' lang='lat' dir='ltr'><strong>declarant;</strong></span> <span class='ocrx_word' id='word_1_545' title='bbox 3523 2325 3795 2394; x_wconf 87' lang='lat' dir='ltr'><strong>scriptum</strong></span> 
     </span>
    </p>
   </div>
   <div class='ocr_carea' id='block_1_68' title="bbox 2183 2404 3794 2483">
    <p class='ocr_par' dir='ltr' id='par_1_68' title="bbox 2183 2404 3794 2483">
     <span class='ocr_line' id='line_1_68' title="bbox 2183 2404 3794 2483; baseline 0.006 -23"><span class='ocrx_word' id='word_1_546' title='bbox 2183 2415 2267 2460; x_wconf 89' lang='lat' dir='ltr'><strong>est</strong></span> <span class='ocrx_word' id='word_1_547' title='bbox 2294 2405 2438 2459; x_wconf 81' lang='lat' dir='ltr'><strong>enini</strong></span> <span class='ocrx_word' id='word_1_548' title='bbox 2467 2422 2480 2458; x_wconf 89' lang='lat'><strong>:</strong></span> <span class='ocrx_word' id='word_1_549' title='bbox 2514 2404 2683 2461; x_wconf 87' lang='lat' dir='ltr'><strong>Posui</strong></span> <span class='ocrx_word' id='word_1_550' title='bbox 2706 2407 3030 2478; x_wconf 87' lang='lat' dir='ltr'><strong>adjutoriunt</strong></span> <span class='ocrx_word' id='word_1_551' title='bbox 3057 2427 3215 2481; x_wconf 87' lang='lat' dir='ltr'><strong>super</strong></span> <span class='ocrx_word' id='word_1_552' title='bbox 3238 2422 3496 2483; x_wconf 78' lang='lat' dir='ltr'><strong>potentem</strong></span> <span class='ocrx_word' id='word_1_553' title='bbox 3515 2454 3530 2481; x_wconf 97' lang='lat'><strong>,</strong></span> <span class='ocrx_word' id='word_1_554' title='bbox 3559 2423 3610 2468; x_wconf 87' lang='lat' dir='ltr'><strong>et</strong></span> <span class='ocrx_word' id='word_1_555' title='bbox 3639 2415 3794 2469; x_wconf 72' lang='lat' dir='ltr'><strong>exal-</strong></span> 
     </span>
    </p>
   </div>
   <div class='ocr_carea' id='block_1_69' title="bbox 2183 2498 3794 2575">
    <p class='ocr_par' dir='ltr' id='par_1_69' title="bbox 2183 2498 3794 2575">
     <span class='ocr_line' id='line_1_69' title="bbox 2183 2498 3794 2575; baseline 0.007 -25"><span class='ocrx_word' id='word_1_556' title='bbox 2183 2498 2285 2550; x_wconf 84' lang='lat' dir='ltr'><strong>tavi</strong></span> <span class='ocrx_word' id='word_1_557' title='bbox 2336 2498 2556 2553; x_wconf 87' lang='lat' dir='ltr'><strong>electum</strong></span> <span class='ocrx_word' id='word_1_558' title='bbox 2604 2500 2668 2554; x_wconf 83' lang='lat' dir='ltr'><strong>de</strong></span> <span class='ocrx_word' id='word_1_559' title='bbox 2692 2502 2883 2574; x_wconf 86' lang='lat' dir='ltr'><strong>papula</strong></span> <span class='ocrx_word' id='word_1_560' title='bbox 2917 2520 3026 2559; x_wconf 90' lang='lat' dir='ltr'><strong>meo</strong></span> <span class='ocrx_word' id='word_1_561' title='bbox 3059 2502 3250 2575; x_wconf 91' lang='lat' dir='ltr'><strong>(lbid.,</strong></span> <span class='ocrx_word' id='word_1_562' title='bbox 3277 2503 3397 2574; x_wconf 78' lang='grc'><strong>20).</strong></span> <span class='ocrx_word' id='word_1_563' title='bbox 3429 2505 3592 2562; x_wconf 90' lang='lat' dir='ltr'><strong>Solus</strong></span> <span class='ocrx_word' id='word_1_564' title='bbox 3639 2508 3794 2563; x_wconf 85' lang='lat' dir='ltr'><strong>enim</strong></span> 
     </span>
    </p>
   </div>
   <div class='ocr_carea' id='block_1_70' title="bbox 2185 2595 3795 2663">
    <p class='ocr_par' dir='ltr' id='par_1_70' title="bbox 2185 2595 3795 2663">
     <span class='ocr_line' id='line_1_70' title="bbox 2185 2595 3795 2663; baseline 0.008 -18"><span class='ocrx_word' id='word_1_565' title='bbox 2185 2601 2402 2663; x_wconf 84' lang='lat' dir='ltr'><strong>potens,</strong></span> <span class='ocrx_word' id='word_1_566' title='bbox 2436 2595 2589 2651; x_wconf 88' lang='lat' dir='ltr'><strong>solus</strong></span> <span class='ocrx_word' id='word_1_567' title='bbox 2615 2597 2830 2653; x_wconf 86' lang='lat' dir='ltr'><strong>electus</strong></span> <span class='ocrx_word' id='word_1_568' title='bbox 2856 2608 2940 2654; x_wconf 90' lang='lat' dir='ltr'><strong>est</strong></span> <span class='ocrx_word' id='word_1_569' title='bbox 2969 2597 3240 2654; x_wconf 81' lang='lat' dir='ltr'><strong>Christus.</strong></span> <span class='ocrx_word' id='word_1_570' title='bbox 3270 2597 3597 2657; x_wconf 87' lang='lat' dir='ltr'><strong>Sanctorum</strong></span> <span class='ocrx_word' id='word_1_571' title='bbox 3637 2603 3795 2659; x_wconf 81' lang='lat' dir='ltr'><strong>enim</strong></span> 
     </span>
    </p>
   </div>
   <div class='ocr_carea' id='block_1_71' title="bbox 2182 2683 3796 2760">
    <p class='ocr_par' dir='ltr' id='par_1_71' title="bbox 2182 2683 3796 2760">
     <span class='ocr_line' id='line_1_71' title="bbox 2182 2683 3796 2760; baseline 0.009 -23"><span class='ocrx_word' id='word_1_572' title='bbox 2182 2683 2359 2754; x_wconf 90' lang='lat' dir='ltr'><strong>majus</strong></span> <span class='ocrx_word' id='word_1_573' title='bbox 2384 2685 2437 2740; x_wconf 92' lang='lat' dir='ltr'><strong>in</strong></span> <span class='ocrx_word' id='word_1_574' title='bbox 2462 2684 2763 2759; x_wconf 81' lang='lat' dir='ltr'><strong>ﬁde,quam</strong></span> <span class='ocrx_word' id='word_1_575' title='bbox 2786 2689 2840 2744; x_wconf 91' lang='lat' dir='ltr'><strong>in</strong></span> <span class='ocrx_word' id='word_1_576' title='bbox 2855 2691 3209 2760; x_wconf 87' lang='lat' dir='ltr'><strong>generatione</strong></span> <span class='ocrx_word' id='word_1_577' title='bbox 3232 2707 3420 2748; x_wconf 87' lang='lat' dir='ltr'><strong>semen</strong></span> <span class='ocrx_word' id='word_1_578' title='bbox 3438 2702 3544 2750; x_wconf 87' lang='lat' dir='ltr'><strong>est.</strong></span> <span class='ocrx_word' id='word_1_579' title='bbox 3565 2693 3637 2750; x_wconf 83' lang='lat' dir='ltr'><strong>Et</strong></span> <span class='ocrx_word' id='word_1_580' title='bbox 3665 2695 3796 2752; x_wconf 83' lang='lat' dir='ltr'><strong>ideo</strong></span> 
     </span>
    </p>
   </div>
   <div class='ocr_carea' id='block_1_72' title="bbox 2181 2775 3794 2858">
    <p class='ocr_par' dir='ltr' id='par_1_72' title="bbox 2181 2775 3794 2858">
     <span class='ocr_line' id='line_1_72' title="bbox 2181 2775 3794 2858; baseline 0.007 -26"><span class='ocrx_word' id='word_1_581' title='bbox 2181 2775 2520 2849; x_wconf 83' lang='lat' dir='ltr'><strong>Apostolus:</strong></span> <span class='ocrx_word' id='word_1_582' title='bbox 2557 2783 2618 2840; x_wconf 90' lang='lat' dir='ltr'><strong>Si</strong></span> <span class='ocrx_word' id='word_1_583' title='bbox 2668 2783 2805 2838; x_wconf 88' lang='lat' dir='ltr'><strong>enim</strong></span> <span class='ocrx_word' id='word_1_584' title='bbox 2840 2784 2930 2856; x_wconf 87' lang='lat' dir='ltr'><strong>qui</strong></span> <span class='ocrx_word' id='word_1_585' title='bbox 2975 2802 3038 2840; x_wconf 77' lang='lat' dir='ltr'><strong>ea:</strong></span> <span class='ocrx_word' id='word_1_586' title='bbox 3079 2786 3182 2856; x_wconf 84' lang='lat' dir='ltr'><strong>ﬁde</strong></span> <span class='ocrx_word' id='word_1_587' title='bbox 3230 2796 3391 2855; x_wconf 86' lang='lat' dir='ltr'><strong>sunt,</strong></span> <span class='ocrx_word' id='word_1_588' title='bbox 3449 2787 3503 2842; x_wconf 85' lang='lat' dir='ltr'><strong>hi</strong></span> <span class='ocrx_word' id='word_1_589' title='bbox 3528 2788 3632 2858; x_wconf 80' lang='lat' dir='ltr'><strong>ﬁlii</strong></span> <span class='ocrx_word' id='word_1_590' title='bbox 3672 2801 3794 2846; x_wconf 87' lang='lat' dir='ltr'><strong>sunt</strong></span> 
     </span>
    </p>
   </div>
   <div class='ocr_carea' id='block_1_73' title="bbox 2183 2873 2880 2951">
    <p class='ocr_par' dir='ltr' id='par_1_73' title="bbox 2183 2873 2880 2951">
     <span class='ocr_line' id='line_1_73' title="bbox 2183 2873 2880 2951; baseline 0.009 -26"><span class='ocrx_word' id='word_1_591' title='bbox 2183 2873 2426 2930; x_wconf 82' lang='lat' dir='ltr'><strong>Abrahte.</strong></span> <span class='ocrx_word' id='word_1_592' title='bbox 2461 2875 2661 2948; x_wconf 84' lang='lat' dir='ltr'><strong>(Galat.</strong></span> <span class='ocrx_word' id='word_1_593' title='bbox 2696 2894 2775 2946; x_wconf 85' lang='lat' dir='ltr'><strong>Ill,</strong></span> <span class='ocrx_word' id='word_1_594' title='bbox 2801 2879 2880 2951; x_wconf 87' lang='lat'><strong>7).</strong></span> 
     </span>
    </p>
   </div>
   <div class='ocr_carea' id='block_1_74' title="bbox 2253 2965 3792 3047">
    <p class='ocr_par' dir='ltr' id='par_1_74' title="bbox 2253 2965 3792 3047">
     <span class='ocr_line' id='line_1_74' title="bbox 2253 2965 3792 3047; baseline 0.008 -26"><span class='ocrx_word' id='word_1_595' title='bbox 2253 2965 2346 3023; x_wconf 70' lang='lat'><strong>45.</strong></span> <span class='ocrx_word' id='word_1_596' title='bbox 2377 2969 2511 3024; x_wconf 86' lang='lat' dir='ltr'><strong>illud</strong></span> <span class='ocrx_word' id='word_1_597' title='bbox 2543 2985 2759 3043; x_wconf 90' lang='lat' dir='ltr'><strong>quoque</strong></span> <span class='ocrx_word' id='word_1_598' title='bbox 2782 2987 2889 3028; x_wconf 89' lang='lat' dir='ltr'><strong>non</strong></span> <span class='ocrx_word' id='word_1_599' title='bbox 2923 2975 3446 3044; x_wconf 69' lang='lat' dir='ltr'><strong>praetermittendum</strong></span> <span class='ocrx_word' id='word_1_600' title='bbox 3491 2987 3750 3047; x_wconf 80' lang='lat' dir='ltr'><strong>putamus</strong></span> <span class='ocrx_word' id='word_1_601' title='bbox 3778 3021 3792 3044; x_wconf 90' lang='lat'><strong>,</strong></span> 
     </span>
    </p>
   </div>
   <div class='ocr_carea' id='block_1_75' title="bbox 2180 3060 3796 3140">
    <p class='ocr_par' dir='ltr' id='par_1_75' title="bbox 2180 3060 3796 3140">
     <span class='ocr_line' id='line_1_75' title="bbox 2180 3060 3796 3140; baseline 0.011 -26"><span class='ocrx_word' id='word_1_602' title='bbox 2180 3060 2325 3131; x_wconf 89' lang='lat' dir='ltr'><strong>quod</strong></span> <span class='ocrx_word' id='word_1_603' title='bbox 2359 3079 2387 3115; x_wconf 74' lang='grc' dir='ltr'>ει</span> <span class='ocrx_word' id='word_1_604' title='bbox 2424 3063 2592 3119; x_wconf 89' lang='lat' dir='ltr'><strong>David</strong></span> <span class='ocrx_word' id='word_1_605' title='bbox 2625 3066 2957 3136; x_wconf 90' lang='lat' dir='ltr'><strong>temporibus</strong></span> <span class='ocrx_word' id='word_1_606' title='bbox 2986 3083 3159 3138; x_wconf 88' lang='lat' dir='ltr'><strong>usque</strong></span> <span class='ocrx_word' id='word_1_607' title='bbox 3187 3067 3257 3125; x_wconf 87' lang='lat' dir='ltr'><strong>ad</strong></span> <span class='ocrx_word' id='word_1_608' title='bbox 3283 3069 3605 3128; x_wconf 79' lang='lat' dir='ltr'><strong>Jechoniam</strong></span> <span class='ocrx_word' id='word_1_609' title='bbox 3634 3115 3652 3140; x_wconf 88' lang='lat'><strong>,</strong></span> <span class='ocrx_word' id='word_1_610' title='bbox 3685 3075 3796 3130; x_wconf 89' lang='lat' dir='ltr'><strong>hoc</strong></span> 
     </span>
    </p>
   </div>
   <div class='ocr_carea' id='block_1_76' title="bbox 2179 3159 3795 3239">
    <p class='ocr_par' dir='ltr' id='par_1_76' title="bbox 2179 3159 3795 3239">
     <span class='ocr_line' id='line_1_76' title="bbox 2179 3159 3795 3239; baseline 0.007 -29"><span class='ocrx_word' id='word_1_611' title='bbox 2179 3164 2287 3222; x_wconf 89' lang='lat' dir='ltr'><strong>est,</strong></span> <span class='ocrx_word' id='word_1_612' title='bbox 2319 3172 2489 3228; x_wconf 90' lang='lat' dir='ltr'><strong>usque</strong></span> <span class='ocrx_word' id='word_1_613' title='bbox 2526 3159 2592 3214; x_wconf 91' lang='lat' dir='ltr'><strong>ad</strong></span> <span class='ocrx_word' id='word_1_614' title='bbox 2623 3160 2992 3231; x_wconf 89' lang='lat' dir='ltr'><strong>captivitatem</strong></span> <span class='ocrx_word' id='word_1_615' title='bbox 3021 3203 3036 3229; x_wconf 90' lang='lat'><strong>,</strong></span> <span class='ocrx_word' id='word_1_616' title='bbox 3065 3178 3189 3219; x_wconf 90' lang='lat' dir='ltr'><strong>cum</strong></span> <span class='ocrx_word' id='word_1_617' title='bbox 3219 3164 3413 3221; x_wconf 89' lang='lat' dir='ltr'><strong>decem</strong></span> <span class='ocrx_word' id='word_1_618' title='bbox 3462 3177 3520 3222; x_wconf 92' lang='lat' dir='ltr'><strong>et</strong></span> <span class='ocrx_word' id='word_1_619' title='bbox 3567 3176 3795 3239; x_wconf 85' lang='lat' dir='ltr'><strong>septem</strong></span> 
     </span>
    </p>
   </div>
   <div class='ocr_carea' id='block_1_77' title="bbox 2178 3247 3797 3332">
    <p class='ocr_par' dir='ltr' id='par_1_77' title="bbox 2178 3247 3797 3332">
     <span class='ocr_line' id='line_1_77' title="bbox 2178 3247 3797 3332; baseline 0.011 -30"><span class='ocrx_word' id='word_1_620' title='bbox 2178 3247 2382 3304; x_wconf 84' lang='lat' dir='ltr'><strong>fuerint</strong></span> <span class='ocrx_word' id='word_1_621' title='bbox 2431 3267 2597 3322; x_wconf 77' lang='lat' dir='ltr'><strong>reges</strong></span> <span class='ocrx_word' id='word_1_622' title='bbox 2644 3252 2870 3321; x_wconf 71' lang='lat' dir='ltr'><strong>Judmae,</strong></span> <span class='ocrx_word' id='word_1_623' title='bbox 2926 3259 3339 3327; x_wconf 89' lang='lat' dir='ltr'><strong>quatttordecim</strong></span> <span class='ocrx_word' id='word_1_624' title='bbox 3391 3264 3797 3332; x_wconf 87' lang='lat' dir='ltr'><strong>generationes</strong></span> 
     </span>
    </p>
   </div>
   <div class='ocr_carea' id='block_1_78' title="bbox 2178 3345 3795 3419">
    <p class='ocr_par' dir='ltr' id='par_1_78' title="bbox 2178 3345 3795 3419">
     <span class='ocr_line' id='line_1_78' title="bbox 2178 3345 3795 3419; baseline 0.009 -22"><span class='ocrx_word' id='word_1_625' title='bbox 2178 3351 2398 3399; x_wconf 88' lang='lat' dir='ltr'><strong>sanctus</strong></span> <span class='ocrx_word' id='word_1_626' title='bbox 2448 3345 2736 3402; x_wconf 81' lang='lat' dir='ltr'><strong>Matthacus</strong></span> <span class='ocrx_word' id='word_1_627' title='bbox 2788 3350 3066 3419; x_wconf 88' lang='lat' dir='ltr'><strong>posuerit:</strong></span> <span class='ocrx_word' id='word_1_628' title='bbox 3097 3361 3154 3406; x_wconf 86' lang='lat' dir='ltr'><strong>et</strong></span> <span class='ocrx_word' id='word_1_629' title='bbox 3184 3368 3375 3410; x_wconf 90' lang='lat' dir='ltr'><strong>rursus</strong></span> <span class='ocrx_word' id='word_1_630' title='bbox 3402 3355 3472 3410; x_wconf 87' lang='lat' dir='ltr'><strong>ab</strong></span> <span class='ocrx_word' id='word_1_631' title='bbox 3521 3354 3795 3412; x_wconf 78' lang='lat' dir='ltr'><strong>Jechonia</strong></span> 
     </span>
    </p>
   </div>
   <div class='ocr_carea' id='block_1_79' title="bbox 2177 3438 3800 3520">
    <p class='ocr_par' dir='ltr' id='par_1_79' title="bbox 2177 3438 3800 3520">
     <span class='ocr_line' id='line_1_79' title="bbox 2177 3438 3800 3520; baseline 0.01 -28"><span class='ocrx_word' id='word_1_632' title='bbox 2177 3453 2352 3509; x_wconf 90' lang='lat' dir='ltr'><strong>usque</strong></span> <span class='ocrx_word' id='word_1_633' title='bbox 2365 3438 2430 3494; x_wconf 86' lang='lat' dir='ltr'><strong>ad</strong></span> <span class='ocrx_word' id='word_1_634' title='bbox 2443 3438 2646 3511; x_wconf 83' lang='lat' dir='ltr'><strong>Joseph</strong></span> <span class='ocrx_word' id='word_1_635' title='bbox 2659 3439 2687 3479; x_wconf 69' lang='grc' dir='ltr'>ι)</span> <span class='ocrx_word' id='word_1_636' title='bbox 2700 3457 2822 3498; x_wconf 89' lang='lat' dir='ltr'><strong>cum</strong></span> <span class='ocrx_word' id='word_1_637' title='bbox 2836 3443 3033 3500; x_wconf 89' lang='lat' dir='ltr'><strong>viritim</strong></span> <span class='ocrx_word' id='word_1_638' title='bbox 3046 3445 3645 3520; x_wconf 75' lang='lat' dir='ltr'><strong>1331generatioues</strong></span> <span class='ocrx_word' id='word_1_639' title='bbox 3659 3450 3800 3507; x_wconf 90' lang='lat' dir='ltr'><strong>duo-</strong></span> 
     </span>
    </p>
   </div>
   <div class='ocr_carea' id='block_1_80' title="bbox 2179 3533 3799 3616">
    <p class='ocr_par' dir='ltr' id='par_1_80' title="bbox 2179 3533 3799 3616">
     <span class='ocr_line' id='line_1_80' title="bbox 2179 3533 3799 3616; baseline 0.007 -28"><span class='ocrx_word' id='word_1_640' title='bbox 2179 3533 2355 3589; x_wconf 90' lang='lat' dir='ltr'><strong>decim</strong></span> <span class='ocrx_word' id='word_1_641' title='bbox 2409 3547 2832 3607; x_wconf 89' lang='lat' dir='ltr'><strong>computentur,</strong></span> <span class='ocrx_word' id='word_1_642' title='bbox 2865 3549 3052 3611; x_wconf 83' lang='lat' dir='ltr'><strong>pOstea</strong></span> <span class='ocrx_word' id='word_1_643' title='bbox 3097 3543 3508 3611; x_wconf 86' lang='lat' dir='ltr'><strong>quatuordecim</strong></span> <span class='ocrx_word' id='word_1_644' title='bbox 3551 3559 3799 3616; x_wconf 80' lang='lat' dir='ltr'><strong>genera-</strong></span> 
     </span>
    </p>
   </div>
   <div class='ocr_carea' id='block_1_81' title="bbox 2175 3626 3798 3699">
    <p class='ocr_par' dir='ltr' id='par_1_81' title="bbox 2175 3626 3798 3699">
     <span class='ocr_line' id='line_1_81' title="bbox 2175 3626 3798 3699; baseline 0.009 -17"><span class='ocrx_word' id='word_1_645' title='bbox 2175 3626 2350 3682; x_wconf 89' lang='lat' dir='ltr'><strong>tiones</strong></span> <span class='ocrx_word' id='word_1_646' title='bbox 2374 3627 2676 3699; x_wconf 85' lang='lat' dir='ltr'><strong>descriptas</strong></span> <span class='ocrx_word' id='word_1_647' title='bbox 2704 3645 2826 3686; x_wconf 91' lang='lat' dir='ltr'><strong>esse</strong></span> <span class='ocrx_word' id='word_1_648' title='bbox 2855 3633 3261 3690; x_wconf 87' lang='lat' dir='ltr'><strong>memoraverit.</strong></span> <span class='ocrx_word' id='word_1_649' title='bbox 3290 3637 3380 3691; x_wconf 87' lang='lat' dir='ltr'><strong>Sic</strong></span> <span class='ocrx_word' id='word_1_650' title='bbox 3393 3637 3540 3691; x_wconf 90' lang='lat' dir='ltr'><strong>enim</strong></span> <span class='ocrx_word' id='word_1_651' title='bbox 3573 3637 3758 3695; x_wconf 87' lang='lat' dir='ltr'><strong>habes</strong></span> <span class='ocrx_word' id='word_1_652' title='bbox 3779 3656 3798 3695; x_wconf 86' lang='lat'><strong>:</strong></span> 
     </span>
    </p>
   </div>
   <div class='ocr_carea' id='block_1_82' title="bbox 2177 3719 3792 3802">
    <p class='ocr_par' dir='ltr' id='par_1_82' title="bbox 2177 3719 3792 3802">
     <span class='ocr_line' id='line_1_82' title="bbox 2177 3719 3792 3802; baseline 0.009 -28"><span class='ocrx_word' id='word_1_653' title='bbox 2177 3719 2366 3774; x_wconf 83' lang='lat' dir='ltr'><strong>Omnes</strong></span> <span class='ocrx_word' id='word_1_654' title='bbox 2393 3723 2766 3792; x_wconf 84' lang='lat' dir='ltr'><strong>generationes,</strong></span> <span class='ocrx_word' id='word_1_655' title='bbox 2789 3724 2851 3778; x_wconf 87' lang='lat' dir='ltr'><strong>ab</strong></span> <span class='ocrx_word' id='word_1_656' title='bbox 2880 3725 3141 3781; x_wconf 82' lang='lat' dir='ltr'><strong>Abraham</strong></span> <span class='ocrx_word' id='word_1_657' title='bbox 3159 3745 3320 3799; x_wconf 88' lang='lat' dir='ltr'><strong>usque</strong></span> <span class='ocrx_word' id='word_1_658' title='bbox 3341 3729 3412 3783; x_wconf 89' lang='lat' dir='ltr'><strong>ad</strong></span> <span class='ocrx_word' id='word_1_659' title='bbox 3431 3728 3602 3785; x_wconf 77' lang='lat' dir='ltr'><strong>David</strong></span> <span class='ocrx_word' id='word_1_660' title='bbox 3627 3749 3792 3802; x_wconf 82' lang='lat' dir='ltr'><strong>gene-</strong></span> 
     </span>
    </p>
   </div>
   <div class='ocr_carea' id='block_1_83' title="bbox 2172 3813 3802 3898">
    <p class='ocr_par' dir='ltr' id='par_1_83' title="bbox 2172 3813 3802 3898">
     <span class='ocr_line' id='line_1_83' title="bbox 2172 3813 3802 3898; baseline 0.01 -32"><span class='ocrx_word' id='word_1_661' title='bbox 2172 3813 2396 3868; x_wconf 85' lang='lat' dir='ltr'><strong>rationes</strong></span> <span class='ocrx_word' id='word_1_662' title='bbox 2415 3815 2801 3885; x_wconf 82' lang='lat' dir='ltr'><strong>quutuordecim</strong></span> <span class='ocrx_word' id='word_1_663' title='bbox 2820 3833 2838 3872; x_wconf 92' lang='lat'><em>:</em></span> <span class='ocrx_word' id='word_1_664' title='bbox 2856 3827 2902 3873; x_wconf 90' lang='lat' dir='ltr'><strong>et</strong></span> <span class='ocrx_word' id='word_1_665' title='bbox 2919 3837 2950 3873; x_wconf 89' lang='lat' dir='ltr'><strong>a</strong></span> <span class='ocrx_word' id='word_1_666' title='bbox 2971 3818 3140 3874; x_wconf 83' lang='lat' dir='ltr'><strong>David</strong></span> <span class='ocrx_word' id='word_1_667' title='bbox 3157 3838 3314 3893; x_wconf 83' lang='lat' dir='ltr'><strong>usque</strong></span> <span class='ocrx_word' id='word_1_668' title='bbox 3331 3823 3401 3876; x_wconf 86' lang='lat' dir='ltr'><strong>ad</strong></span> <span class='ocrx_word' id='word_1_669' title='bbox 3437 3827 3802 3898; x_wconf 85' lang='lat' dir='ltr'><strong>transmigra-</strong></span> 
     </span>
    </p>
   </div>
   <div class='ocr_carea' id='block_1_84' title="bbox 2169 3907 3800 3985">
    <p class='ocr_par' dir='ltr' id='par_1_84' title="bbox 2169 3907 3800 3985">
     <span class='ocr_line' id='line_1_84' title="bbox 2169 3907 3800 3985; baseline 0.008 -24"><span class='ocrx_word' id='word_1_670' title='bbox 2169 3908 2355 3962; x_wconf 86' lang='lat' dir='ltr'><strong>tionem</strong></span> <span class='ocrx_word' id='word_1_671' title='bbox 2368 3907 2668 3979; x_wconf 84' lang='lat' dir='ltr'><strong>Babylonis,</strong></span> <span class='ocrx_word' id='word_1_672' title='bbox 2683 3912 3037 3980; x_wconf 82' lang='lat' dir='ltr'><strong>generationes</strong></span> <span class='ocrx_word' id='word_1_673' title='bbox 3049 3915 3441 3985; x_wconf 84' lang='lat' dir='ltr'><strong>quatuordecim</strong></span> <span class='ocrx_word' id='word_1_674' title='bbox 3461 3933 3480 3972; x_wconf 92' lang='lat'><strong><em>:</em></strong></span> <span class='ocrx_word' id='word_1_675' title='bbox 3494 3927 3542 3972; x_wconf 86' lang='lat' dir='ltr'><strong>et</strong></span> <span class='ocrx_word' id='word_1_676' title='bbox 3557 3936 3589 3971; x_wconf 89' lang='lat' dir='ltr'><strong>a</strong></span> <span class='ocrx_word' id='word_1_677' title='bbox 3603 3929 3800 3974; x_wconf 80' lang='lat' dir='ltr'><strong>trans-</strong></span> 
     </span>
    </p>
   </div>
   <div class='ocr_carea' id='block_1_85' title="bbox 2173 4000 3803 4083">
    <p class='ocr_par' dir='ltr' id='par_1_85' title="bbox 2173 4000 3803 4083">
     <span class='ocr_line' id='line_1_85' title="bbox 2173 4000 3803 4083; baseline 0.009 -30"><span class='ocrx_word' id='word_1_678' title='bbox 2173 4003 2481 4072; x_wconf 87' lang='lat' dir='ltr'><strong>migratione</strong></span> <span class='ocrx_word' id='word_1_679' title='bbox 2520 4000 2803 4074; x_wconf 84' lang='lat' dir='ltr'><strong>Babylonis</strong></span> <span class='ocrx_word' id='word_1_680' title='bbox 2833 4023 2993 4076; x_wconf 86' lang='lat' dir='ltr'><strong>usque</strong></span> <span class='ocrx_word' id='word_1_681' title='bbox 3019 4007 3088 4062; x_wconf 89' lang='lat' dir='ltr'><strong>ad</strong></span> <span class='ocrx_word' id='word_1_682' title='bbox 3118 4007 3382 4062; x_wconf 84' lang='lat' dir='ltr'><strong>Christum</strong></span> <span class='ocrx_word' id='word_1_683' title='bbox 3414 4013 3803 4083; x_wconf 82' lang='lat' dir='ltr'><strong>generationes</strong></span> 
     </span>
    </p>
   </div>
   <div class='ocr_carea' id='block_1_86' title="bbox 2169 4095 3801 4172">
    <p class='ocr_par' dir='ltr' id='par_1_86' title="bbox 2169 4095 3801 4172">
     <span class='ocr_line' id='line_1_86' title="bbox 2169 4095 3801 4172; baseline 0.009 -24"><span class='ocrx_word' id='word_1_684' title='bbox 2169 4095 2555 4165; x_wconf 79' lang='lat' dir='ltr'><strong>quatuordecim</strong></span> <span class='ocrx_word' id='word_1_685' title='bbox 2586 4096 2801 4168; x_wconf 79' lang='lat' dir='ltr'><strong>(Matth.</strong></span> <span class='ocrx_word' id='word_1_686' title='bbox 2824 4114 2864 4165; x_wconf 91' lang='grc' dir='ltr'>ι,</span> <span class='ocrx_word' id='word_1_687' title='bbox 2917 4099 3033 4170; x_wconf 85' lang='grc'><strong>17).</strong></span> <span class='ocrx_word' id='word_1_688' title='bbox 3066 4099 3132 4155; x_wconf 86' lang='grc' dir='ltr'>Ει</span> <span class='ocrx_word' id='word_1_689' title='bbox 3163 4103 3400 4172; x_wconf 89' lang='lat' dir='ltr'><strong>primum</strong></span> <span class='ocrx_word' id='word_1_690' title='bbox 3431 4114 3658 4172; x_wconf 87' lang='lat' dir='ltr'><strong>oportet</strong></span> <span class='ocrx_word' id='word_1_691' title='bbox 3693 4121 3801 4161; x_wconf 89' lang='lat' dir='ltr'><strong>cu-</strong></span> 
     </span>
    </p>
   </div>
   <div class='ocr_carea' id='block_1_87' title="bbox 2169 4192 3803 4270">
    <p class='ocr_par' dir='ltr' id='par_1_87' title="bbox 2169 4192 3803 4270">
     <span class='ocr_line' id='line_1_87' title="bbox 2169 4192 3803 4270; baseline 0.009 -26"><span class='ocrx_word' id='word_1_692' title='bbox 2169 4205 2453 4262; x_wconf 88' lang='lat' dir='ltr'><strong>gnoscere,</strong></span> <span class='ocrx_word' id='word_1_693' title='bbox 2487 4192 2634 4262; x_wconf 88' lang='lat' dir='ltr'><strong>quod</strong></span> <span class='ocrx_word' id='word_1_694' title='bbox 2664 4203 2790 4250; x_wconf 87' lang='lat' dir='ltr'><strong>ante</strong></span> <span class='ocrx_word' id='word_1_695' title='bbox 2813 4194 2924 4264; x_wconf 88' lang='lat' dir='ltr'><strong>jam</strong></span> <span class='ocrx_word' id='word_1_696' title='bbox 2957 4195 3213 4262; x_wconf 81' lang='lat' dir='ltr'><strong>diximus,</strong></span> <span class='ocrx_word' id='word_1_697' title='bbox 3246 4212 3411 4268; x_wconf 89' lang='lat' dir='ltr'><strong>posse</strong></span> <span class='ocrx_word' id='word_1_698' title='bbox 3441 4199 3629 4270; x_wconf 87' lang='lat' dir='ltr'><strong>plures</strong></span> <span class='ocrx_word' id='word_1_699' title='bbox 3657 4218 3803 4258; x_wconf 85' lang='lat' dir='ltr'><strong>esse</strong></span> 
     </span>
    </p>
   </div>
   <div class='ocr_carea' id='block_1_88' title="bbox 2167 4287 3803 4362">
    <p class='ocr_par' dir='ltr' id='par_1_88' title="bbox 2167 4287 3803 4362">
     <span class='ocr_line' id='line_1_88' title="bbox 2167 4287 3803 4362; baseline 0.008 -22"><span class='ocrx_word' id='word_1_700' title='bbox 2167 4287 2577 4354; x_wconf 88' lang='lat' dir='ltr'><strong>successiones,</strong></span> <span class='ocrx_word' id='word_1_701' title='bbox 2631 4299 2688 4344; x_wconf 91' lang='lat' dir='ltr'><strong>et</strong></span> <span class='ocrx_word' id='word_1_702' title='bbox 2740 4289 3024 4360; x_wconf 88' lang='lat' dir='ltr'><strong>pauciores</strong></span> <span class='ocrx_word' id='word_1_703' title='bbox 3077 4295 3484 4362; x_wconf 87' lang='lat' dir='ltr'><strong>generationes.</strong></span> <span class='ocrx_word' id='word_1_704' title='bbox 3535 4294 3803 4353; x_wconf 86' lang='lat' dir='ltr'><strong>Possunt</strong></span> 
     </span>
    </p>
   </div>
   <div class='ocr_carea' id='block_1_89' title="bbox 2167 4378 3804 4457">
    <p class='ocr_par' dir='ltr' id='par_1_89' title="bbox 2167 4378 3804 4457">
     <span class='ocr_line' id='line_1_89' title="bbox 2167 4378 3804 4457; baseline 0.009 -25"><span class='ocrx_word' id='word_1_705' title='bbox 2167 4378 2310 4432; x_wconf 91' lang='lat' dir='ltr'><strong>enim</strong></span> <span class='ocrx_word' id='word_1_706' title='bbox 2343 4378 2545 4434; x_wconf 87' lang='lat' dir='ltr'><strong>diutius</strong></span> <span class='ocrx_word' id='word_1_707' title='bbox 2571 4380 2754 4436; x_wconf 89' lang='lat' dir='ltr'><strong>vivere</strong></span> <span class='ocrx_word' id='word_1_708' title='bbox 2798 4381 3065 4453; x_wconf 83' lang='lat' dir='ltr'><strong>aliqui,et</strong></span> <span class='ocrx_word' id='word_1_709' title='bbox 3093 4384 3270 4439; x_wconf 89' lang='lat' dir='ltr'><strong>serius</strong></span> <span class='ocrx_word' id='word_1_710' title='bbox 3319 4401 3618 4457; x_wconf 87' lang='lat' dir='ltr'><strong>generare,</strong></span> <span class='ocrx_word' id='word_1_711' title='bbox 3688 4399 3804 4447; x_wconf 83' lang='lat' dir='ltr'><strong>aut</strong></span> 
     </span>
    </p>
   </div>
   <div class='ocr_carea' id='block_1_90' title="bbox 2167 4474 3800 4554">
    <p class='ocr_par' dir='ltr' id='par_1_90' title="bbox 2167 4474 3800 4554">
     <span class='ocr_line' id='line_1_90' title="bbox 2167 4474 3800 4554; baseline 0.009 -29"><span class='ocrx_word' id='word_1_712' title='bbox 2167 4479 2316 4527; x_wconf 84' lang='lat' dir='ltr'><strong>certe</strong></span> <span class='ocrx_word' id='word_1_713' title='bbox 2355 4474 2572 4543; x_wconf 89' lang='lat' dir='ltr'><strong>penitus</strong></span> <span class='ocrx_word' id='word_1_714' title='bbox 2600 4485 2850 4530; x_wconf 83' lang='lat' dir='ltr'><strong>exsortes</strong></span> <span class='ocrx_word' id='word_1_715' title='bbox 2879 4477 3247 4546; x_wconf 85' lang='lat' dir='ltr'><strong>generationis</strong></span> <span class='ocrx_word' id='word_1_716' title='bbox 3293 4479 3552 4536; x_wconf 79' lang='lat' dir='ltr'><strong>existere.</strong></span> <span class='ocrx_word' id='word_1_717' title='bbox 3584 4480 3800 4554; x_wconf 83' lang='lat' dir='ltr'><strong>Itaque</strong></span> 
     </span>
    </p>
   </div>
   <div class='ocr_carea' id='block_1_91' title="bbox 2167 4567 3796 4644">
    <p class='ocr_par' dir='ltr' id='par_1_91' title="bbox 2167 4567 3796 4644">
     <span class='ocr_line' id='line_1_91' title="bbox 2167 4567 3796 4644; baseline 0.009 -26"><span class='ocrx_word' id='word_1_718' title='bbox 2167 4580 2274 4620; x_wconf 89' lang='lat' dir='ltr'><strong>non</strong></span> <span class='ocrx_word' id='word_1_719' title='bbox 2303 4581 2426 4636; x_wconf 74' lang='lat' dir='ltr'><strong>qua:</strong></span> <span class='ocrx_word' id='word_1_720' title='bbox 2482 4581 2707 4636; x_wconf 88' lang='lat' dir='ltr'><strong>regum,</strong></span> <span class='ocrx_word' id='word_1_721' title='bbox 2767 4567 2957 4623; x_wconf 88' lang='lat' dir='ltr'><strong>eadem</strong></span> <span class='ocrx_word' id='word_1_722' title='bbox 3008 4569 3426 4640; x_wconf 86' lang='lat' dir='ltr'><strong>generationum</strong></span> <span class='ocrx_word' id='word_1_723' title='bbox 3486 4583 3796 4644; x_wconf 74' lang='lat' dir='ltr'><strong>tempora.</strong></span> 
     </span>
    </p>
   </div>
   <div class='ocr_carea' id='block_1_92' title="bbox 458 4655 3796 4738">
    <p class='ocr_par' dir='ltr' id='par_1_92' title="bbox 458 4655 3796 4738">
     <span class='ocr_line' id='line_1_92' title="bbox 458 4655 3796 4738; baseline 0.002 -20"><span class='ocrx_word' id='word_1_724' title='bbox 458 4663 570 4719; x_wconf 87' lang='lat' dir='ltr'><strong>dies</strong></span> <span class='ocrx_word' id='word_1_725' title='bbox 595 4661 709 4716; x_wconf 65' lang='lat' dir='ltr'><strong>caeli</strong></span> <span class='ocrx_word' id='word_1_726' title='bbox 737 4658 927 4730; x_wconf 85' lang='lat' dir='ltr'><strong>(lbid.,</strong></span> <span class='ocrx_word' id='word_1_727' title='bbox 956 4657 1070 4729; x_wconf 75' lang='lat'><strong>30).</strong></span> <span class='ocrx_word' id='word_1_728' title='bbox 1095 4656 1211 4713; x_wconf 89' lang='lat' dir='ltr'><strong>Non</strong></span> <span class='ocrx_word' id='word_1_729' title='bbox 1238 4657 1434 4738; x_wconf 42' lang='lat' dir='ltr'><strong>utique.</strong></span> <span class='ocrx_word' id='word_1_730' title='bbox 1453 4658 1596 4714; x_wconf 90' lang='lat' dir='ltr'><strong>hunc</strong></span> <span class='ocrx_word' id='word_1_731' title='bbox 1625 4657 1882 4713; x_wconf 89' lang='lat' dir='ltr'><strong>thronum</strong></span> <span class='ocrx_word' id='word_1_732' title='bbox 1903 4657 2054 4714; x_wconf 87' lang='lat' dir='ltr'><strong>Salo-</strong></span> <span class='ocrx_word' id='word_1_733' title='bbox 2083 4678 2138 4738; x_wconf 74' lang='grc' dir='ltr'>υ</span> <span class='ocrx_word' id='word_1_734' title='bbox 2164 4655 2320 4714; x_wconf 89' lang='lat' dir='ltr'><strong>Unde</strong></span> <span class='ocrx_word' id='word_1_735' title='bbox 2350 4667 2405 4714; x_wconf 92' lang='lat' dir='ltr'><strong>et</strong></span> <span class='ocrx_word' id='word_1_736' title='bbox 2453 4657 2736 4715; x_wconf 76' lang='lat' dir='ltr'><strong>Matthteus</strong></span> <span class='ocrx_word' id='word_1_737' title='bbox 2791 4676 2886 4716; x_wconf 89' lang='lat' dir='ltr'><strong>eos</strong></span> <span class='ocrx_word' id='word_1_738' title='bbox 2912 4677 3053 4732; x_wconf 86' lang='lat' dir='ltr'><strong>quos</strong></span> <span class='ocrx_word' id='word_1_739' title='bbox 3079 4662 3147 4717; x_wconf 90' lang='lat' dir='ltr'><strong>ad</strong></span> <span class='ocrx_word' id='word_1_740' title='bbox 3193 4667 3611 4735; x_wconf 86' lang='lat' dir='ltr'><strong>generationem</strong></span> <span class='ocrx_word' id='word_1_741' title='bbox 3664 4685 3796 4727; x_wconf 84' lang='lat' dir='ltr'><strong>non</strong></span> 
     </span>
    </p>
   </div>
   <div class='ocr_carea' id='block_1_93' title="bbox 458 4749 2057 4820">
    <p class='ocr_par' dir='ltr' id='par_1_93' title="bbox 458 4749 2057 4820">
     <span class='ocr_line' id='line_1_93' title="bbox 458 4749 2057 4820; baseline -0.004 -7"><span class='ocrx_word' id='word_1_742' title='bbox 458 4772 588 4814; x_wconf 89' lang='lat' dir='ltr'><strong>mon</strong></span> <span class='ocrx_word' id='word_1_743' title='bbox 617 4754 781 4820; x_wconf 89' lang='lat' dir='ltr'><strong>sedit,</strong></span> <span class='ocrx_word' id='word_1_744' title='bbox 811 4767 919 4808; x_wconf 92' lang='lat' dir='ltr'><strong>non</strong></span> <span class='ocrx_word' id='word_1_745' title='bbox 949 4751 1218 4818; x_wconf 73' lang='lat' dir='ltr'><strong>lloboam,</strong></span> <span class='ocrx_word' id='word_1_746' title='bbox 1268 4765 1376 4806; x_wconf 87' lang='lat' dir='ltr'><strong>non</strong></span> <span class='ocrx_word' id='word_1_747' title='bbox 1402 4749 1717 4806; x_wconf 84' lang='lat' dir='ltr'><strong>Jechonias.</strong></span> <span class='ocrx_word' id='word_1_748' title='bbox 1768 4749 1863 4808; x_wconf 77' lang='lat' dir='ltr'><strong>Vis</strong></span> <span class='ocrx_word' id='word_1_749' title='bbox 1915 4752 2057 4807; x_wconf 89' lang='lat' dir='ltr'><strong>scire</strong></span> 
     </span>
    </p>
   </div>
   <div class='ocr_carea' id='block_1_94' title="bbox 455 4842 2052 4922">
    <p class='ocr_par' dir='ltr' id='par_1_94' title="bbox 455 4842 2052 4922">
     <span class='ocr_line' id='line_1_94' title="bbox 455 4842 2052 4922; baseline -0.004 -18"><span class='ocrx_word' id='word_1_750' title='bbox 455 4849 578 4922; x_wconf 88' lang='lat' dir='ltr'><strong>quis</strong></span> <span class='ocrx_word' id='word_1_751' title='bbox 598 4846 844 4904; x_wconf 83' lang='lat' dir='ltr'><strong>sederit?</strong></span> <span class='ocrx_word' id='word_1_752' title='bbox 875 4843 974 4900; x_wconf 81' lang='lat' dir='ltr'><strong>Hic</strong></span> <span class='ocrx_word' id='word_1_753' title='bbox 988 4852 1076 4900; x_wconf 90' lang='lat' dir='ltr'><strong>est</strong></span> <span class='ocrx_word' id='word_1_754' title='bbox 1099 4843 1168 4900; x_wconf 91' lang='lat' dir='ltr'><strong>de</strong></span> <span class='ocrx_word' id='word_1_755' title='bbox 1189 4858 1298 4914; x_wconf 90' lang='lat' dir='ltr'><strong>quo</strong></span> <span class='ocrx_word' id='word_1_756' title='bbox 1319 4842 1449 4899; x_wconf 89' lang='lat' dir='ltr'><strong>dicit</strong></span> <span class='ocrx_word' id='word_1_757' title='bbox 1465 4843 1695 4913; x_wconf 79' lang='lat' dir='ltr'><strong>angelus</strong></span> <span class='ocrx_word' id='word_1_758' title='bbox 1721 4843 1789 4899; x_wconf 89' lang='lat' dir='ltr'><strong>ad</strong></span> <span class='ocrx_word' id='word_1_759' title='bbox 1806 4843 2052 4900; x_wconf 84' lang='lat' dir='ltr'><strong>Mariam:</strong></span> 
     </span>
    </p>
   </div>
   <div class='ocr_carea' id='block_1_95' title="bbox 457 4937 2056 5009">
    <p class='ocr_par' dir='ltr' id='par_1_95' title="bbox 457 4937 2056 5009">
     <span class='ocr_line' id='line_1_95' title="bbox 457 4937 2056 5009; baseline -0.004 -11"><span class='ocrx_word' id='word_1_760' title='bbox 457 4941 596 4998; x_wconf 84' lang='lat' dir='ltr'><strong>Ecce</strong></span> <span class='ocrx_word' id='word_1_761' title='bbox 614 4938 876 5009; x_wconf 84' lang='lat' dir='ltr'><strong>concipies</strong></span> <span class='ocrx_word' id='word_1_762' title='bbox 903 4937 957 4992; x_wconf 89' lang='lat' dir='ltr'><strong>in</strong></span> <span class='ocrx_word' id='word_1_763' title='bbox 985 4945 1153 5003; x_wconf 87' lang='lat' dir='ltr'><strong>utero,</strong></span> <span class='ocrx_word' id='word_1_764' title='bbox 1182 4945 1230 4991; x_wconf 91' lang='lat' dir='ltr'><strong>et</strong></span> <span class='ocrx_word' id='word_1_765' title='bbox 1255 4937 1425 5007; x_wconf 88' lang='lat' dir='ltr'><strong>paries</strong></span> <span class='ocrx_word' id='word_1_766' title='bbox 1450 4937 1638 5006; x_wconf 82' lang='lat' dir='ltr'><strong>ﬁlium,</strong></span> <span class='ocrx_word' id='word_1_767' title='bbox 1667 4945 1713 4991; x_wconf 86' lang='lat' dir='ltr'><strong>et</strong></span> <span class='ocrx_word' id='word_1_768' title='bbox 1739 4937 1938 4992; x_wconf 84' lang='lat' dir='ltr'><strong>vocabis</strong></span> <span class='ocrx_word' id='word_1_769' title='bbox 1964 4954 2056 4992; x_wconf 85' lang='lat' dir='ltr'><strong>no-</strong></span> 
     </span>
    </p>
   </div>
   <div class='ocr_carea' id='block_1_96' title="bbox 456 5028 2053 5106">
    <p class='ocr_par' dir='ltr' id='par_1_96' title="bbox 456 5028 2053 5106">
     <span class='ocr_line' id='line_1_96' title="bbox 456 5028 2053 5106; baseline -0.002 -18"><span class='ocrx_word' id='word_1_770' title='bbox 456 5050 572 5090; x_wconf 85' lang='lat' dir='ltr'><strong>men</strong></span> <span class='ocrx_word' id='word_1_771' title='bbox 597 5033 709 5106; x_wconf 88' lang='lat' dir='ltr'><strong>ejus</strong></span> <span class='ocrx_word' id='word_1_772' title='bbox 728 5029 932 5086; x_wconf 77' lang='lat' dir='ltr'><strong>lesunt.</strong></span> <span class='ocrx_word' id='word_1_773' title='bbox 951 5028 1057 5083; x_wconf 87' lang='lat' dir='ltr'><strong>Hic</strong></span> <span class='ocrx_word' id='word_1_774' title='bbox 1081 5028 1178 5084; x_wconf 87' lang='lat' dir='ltr'><strong>erit</strong></span> <span class='ocrx_word' id='word_1_775' title='bbox 1205 5044 1442 5099; x_wconf 87' lang='lat' dir='ltr'><strong>magnus,</strong></span> <span class='ocrx_word' id='word_1_776' title='bbox 1466 5029 1665 5098; x_wconf 79' lang='lat' dir='ltr'><strong>etﬁlius</strong></span> <span class='ocrx_word' id='word_1_777' title='bbox 1691 5028 1948 5085; x_wconf 78' lang='lat' dir='ltr'><strong>Altissimi</strong></span> <span class='ocrx_word' id='word_1_778' title='bbox 1965 5048 2053 5086; x_wconf 83' lang='lat' dir='ltr'><strong>vo-</strong></span> 
     </span>
    </p>
   </div>
   <div class='ocr_carea' id='block_1_97' title="bbox 450 5118 2050 5194">
    <p class='ocr_par' dir='ltr' id='par_1_97' title="bbox 450 5118 2050 5194">
     <span class='ocr_line' id='line_1_97' title="bbox 450 5118 2050 5194; baseline -0.001 -12"><span class='ocrx_word' id='word_1_779' title='bbox 450 5127 682 5183; x_wconf 82' lang='lat' dir='ltr'><strong>cabitur:</strong></span> <span class='ocrx_word' id='word_1_780' title='bbox 708 5133 757 5180; x_wconf 88' lang='lat' dir='ltr'><strong>et</strong></span> <span class='ocrx_word' id='word_1_781' title='bbox 779 5123 918 5178; x_wconf 84' lang='lat' dir='ltr'><strong>dabit</strong></span> <span class='ocrx_word' id='word_1_782' title='bbox 946 5121 1025 5176; x_wconf 86' lang='lat' dir='ltr'><strong>illi</strong></span> <span class='ocrx_word' id='word_1_783' title='bbox 1057 5119 1308 5175; x_wconf 87' lang='lat' dir='ltr'><strong>Dominus</strong></span> <span class='ocrx_word' id='word_1_784' title='bbox 1331 5118 1474 5176; x_wconf 89' lang='lat' dir='ltr'><strong>Deus</strong></span> <span class='ocrx_word' id='word_1_785' title='bbox 1503 5120 1674 5176; x_wconf 87' lang='lat' dir='ltr'><strong>sedem</strong></span> <span class='ocrx_word' id='word_1_786' title='bbox 1690 5119 1860 5176; x_wconf 81' lang='lat' dir='ltr'><strong>David</strong></span> <span class='ocrx_word' id='word_1_787' title='bbox 1887 5125 2050 5194; x_wconf 82' lang='lat' dir='ltr'><strong>patris</strong></span> 
     </span>
    </p>
   </div>
   <div class='ocr_carea' id='block_1_98' title="bbox 448 5211 2051 5290">
    <p class='ocr_par' dir='ltr' id='par_1_98' title="bbox 448 5211 2051 5290">
     <span class='ocr_line' id='line_1_98' title="bbox 448 5211 2051 5290; baseline -0.004 -13"><span class='ocrx_word' id='word_1_788' title='bbox 448 5223 553 5288; x_wconf 86' lang='lat' dir='ltr'><strong>sui,</strong></span> <span class='ocrx_word' id='word_1_789' title='bbox 586 5229 632 5274; x_wconf 89' lang='lat' dir='ltr'><strong>et</strong></span> <span class='ocrx_word' id='word_1_790' title='bbox 663 5216 896 5290; x_wconf 87' lang='lat' dir='ltr'><strong>regnabit</strong></span> <span class='ocrx_word' id='word_1_791' title='bbox 942 5214 997 5269; x_wconf 85' lang='lat' dir='ltr'><strong>in</strong></span> <span class='ocrx_word' id='word_1_792' title='bbox 1025 5215 1178 5269; x_wconf 87' lang='lat' dir='ltr'><strong>domo</strong></span> <span class='ocrx_word' id='word_1_793' title='bbox 1219 5211 1384 5267; x_wconf 75' lang='lat' dir='ltr'><strong>Iacob</strong></span> <span class='ocrx_word' id='word_1_794' title='bbox 1412 5215 1464 5267; x_wconf 88' lang='lat' dir='ltr'><strong>in</strong></span> <span class='ocrx_word' id='word_1_795' title='bbox 1511 5223 1755 5268; x_wconf 80' lang='lat' dir='ltr'><strong>wternum</strong></span> <span class='ocrx_word' id='word_1_796' title='bbox 1779 5254 1794 5282; x_wconf 93' lang='lat'><strong>,</strong></span> <span class='ocrx_word' id='word_1_797' title='bbox 1827 5224 1874 5268; x_wconf 91' lang='lat' dir='ltr'><strong>et</strong></span> <span class='ocrx_word' id='word_1_798' title='bbox 1903 5217 2051 5286; x_wconf 87' lang='lat' dir='ltr'><strong>regni</strong></span> 
     </span>
    </p>
   </div>
   <div class='ocr_carea' id='block_1_99' title="bbox 447 5307 2043 5390">
    <p class='ocr_par' dir='ltr' id='par_1_99' title="bbox 447 5307 2043 5390">
     <span class='ocr_line' id='line_1_99' title="bbox 447 5307 2043 5390; baseline -0.005 -18"><span class='ocrx_word' id='word_1_799' title='bbox 447 5319 559 5390; x_wconf 86' lang='lat' dir='ltr'><strong>ejus</strong></span> <span class='ocrx_word' id='word_1_800' title='bbox 575 5329 677 5369; x_wconf 88' lang='lat' dir='ltr'><strong>non</strong></span> <span class='ocrx_word' id='word_1_801' title='bbox 689 5312 784 5368; x_wconf 85' lang='lat' dir='ltr'><strong>erit</strong></span> <span class='ocrx_word' id='word_1_802' title='bbox 797 5307 1077 5382; x_wconf 76' lang='lat' dir='ltr'><strong>ﬁnis(Luc.</strong></span> <span class='ocrx_word' id='word_1_803' title='bbox 1097 5323 1138 5375; x_wconf 83' lang='grc' dir='ltr'>ι,</span> <span class='ocrx_word' id='word_1_804' title='bbox 1153 5307 1219 5362; x_wconf 76' lang='grc'>51</span> <span class='ocrx_word' id='word_1_805' title='bbox 1235 5318 1282 5362; x_wconf 89' lang='lat' dir='ltr'><strong>et</strong></span> <span class='ocrx_word' id='word_1_806' title='bbox 1299 5307 1415 5377; x_wconf 71' lang='lat'><strong>52).</strong></span> <span class='ocrx_word' id='word_1_807' title='bbox 1435 5307 1491 5364; x_wconf 92' lang='lat' dir='ltr'><strong>Si</strong></span> <span class='ocrx_word' id='word_1_808' title='bbox 1510 5309 1707 5377; x_wconf 87' lang='lat' dir='ltr'><strong>angelo</strong></span> <span class='ocrx_word' id='word_1_809' title='bbox 1725 5323 1830 5364; x_wconf 87' lang='lat' dir='ltr'><strong>non</strong></span> <span class='ocrx_word' id='word_1_810' title='bbox 1844 5309 2043 5376; x_wconf 87' lang='lat' dir='ltr'><strong>credis,</strong></span> 
     </span>
    </p>
   </div>
   <div class='ocr_carea' id='block_1_100' title="bbox 445 5396 2044 5477">
    <p class='ocr_par' dir='ltr' id='par_1_100' title="bbox 445 5396 2044 5477">
     <span class='ocr_line' id='line_1_100' title="bbox 445 5396 2044 5477; baseline -0.003 -17"><span class='ocrx_word' id='word_1_811' title='bbox 445 5405 551 5477; x_wconf 90' lang='lat' dir='ltr'><strong>ipsi</strong></span> <span class='ocrx_word' id='word_1_812' title='bbox 592 5404 790 5462; x_wconf 89' lang='lat' dir='ltr'><strong>saltem</strong></span> <span class='ocrx_word' id='word_1_813' title='bbox 825 5401 1052 5457; x_wconf 90' lang='lat' dir='ltr'><strong>Domino</strong></span> <span class='ocrx_word' id='word_1_814' title='bbox 1081 5396 1247 5456; x_wconf 87' lang='lat' dir='ltr'><strong>crede</strong></span> <span class='ocrx_word' id='word_1_815' title='bbox 1277 5397 1524 5454; x_wconf 90' lang='lat' dir='ltr'><strong>dicenti:</strong></span> <span class='ocrx_word' id='word_1_816' title='bbox 1581 5397 1664 5453; x_wconf 84' lang='lat' dir='ltr'><strong>Tu</strong></span> <span class='ocrx_word' id='word_1_817' title='bbox 1717 5399 1852 5455; x_wconf 84' lang='lat' dir='ltr'><strong>dicis</strong></span> <span class='ocrx_word' id='word_1_818' title='bbox 1875 5441 1891 5469; x_wconf 86' lang='lat'><strong>,</strong></span> <span class='ocrx_word' id='word_1_819' title='bbox 1923 5403 2044 5472; x_wconf 82' lang='lat' dir='ltr'><strong>quin</strong></span> 
     </span>
    </p>
   </div>
   <div class='ocr_carea' id='block_1_101' title="bbox 515 5567 1816 5632">
    <p class='ocr_par' dir='ltr' id='par_1_101' title="bbox 515 5567 1816 5632">
     <span class='ocr_line' id='line_1_101' title="bbox 515 5567 1816 5632; baseline -0.01 -2"><span class='ocrx_word' id='word_1_820' title='bbox 515 5582 542 5611; x_wconf 77' lang='grc' dir='ltr'><strong>ει</strong></span> <span class='ocrx_word' id='word_1_821' title='bbox 572 5572 718 5629; x_wconf 88' lang='lat' dir='ltr'><strong>Edit.</strong></span> <span class='ocrx_word' id='word_1_822' title='bbox 748 5572 806 5627; x_wconf 88' lang='lat' dir='ltr'><strong>in</strong></span> <span class='ocrx_word' id='word_1_823' title='bbox 834 5567 1041 5624; x_wconf 86' lang='lat' dir='ltr'><strong>Christo</strong></span> <span class='ocrx_word' id='word_1_824' title='bbox 1061 5583 1193 5632; x_wconf 87' lang='lat' dir='ltr'><strong>meo;</strong></span> <span class='ocrx_word' id='word_1_825' title='bbox 1228 5580 1385 5632; x_wconf 86' lang='lat' dir='ltr'><strong>mss.,</strong></span> <span class='ocrx_word' id='word_1_826' title='bbox 1413 5568 1466 5620; x_wconf 87' lang='lat' dir='ltr'><strong>in</strong></span> <span class='ocrx_word' id='word_1_827' title='bbox 1496 5574 1673 5620; x_wconf 86' lang='lat' dir='ltr'><strong>sancto</strong></span> <span class='ocrx_word' id='word_1_828' title='bbox 1685 5579 1816 5619; x_wconf 89' lang='lat' dir='ltr'><strong>meo.</strong></span> 
     </span>
    </p>
   </div>
   <div class='ocr_carea' id='block_1_102' title="bbox 511 5635 2034 5710">
    <p class='ocr_par' dir='ltr' id='par_1_102' title="bbox 511 5635 2034 5710">
     <span class='ocr_line' id='line_1_102' title="bbox 511 5635 2034 5710; baseline -0.005 -10"><span class='ocrx_word' id='word_1_829' title='bbox 511 5643 540 5684; x_wconf 73' lang='grc' dir='ltr'><strong>ιι</strong></span> <span class='ocrx_word' id='word_1_830' title='bbox 573 5644 702 5700; x_wconf 76' lang='lat' dir='ltr'><strong>Mss.</strong></span> <span class='ocrx_word' id='word_1_831' title='bbox 733 5657 841 5698; x_wconf 91' lang='lat' dir='ltr'><strong>non</strong></span> <span class='ocrx_word' id='word_1_832' title='bbox 869 5642 1047 5710; x_wconf 84' lang='lat' dir='ltr'><strong>pauci.</strong></span> <span class='ocrx_word' id='word_1_833' title='bbox 1073 5657 1192 5694; x_wconf 89' lang='lat' dir='ltr'><strong>cum</strong></span> <span class='ocrx_word' id='word_1_834' title='bbox 1221 5640 1486 5694; x_wconf 82' lang='lat' dir='ltr'><strong>varietate.</strong></span> <span class='ocrx_word' id='word_1_835' title='bbox 1516 5636 1708 5692; x_wconf 85' lang='lat' dir='ltr'><strong>Melius</strong></span> <span class='ocrx_word' id='word_1_836' title='bbox 1735 5635 1826 5690; x_wconf 89' lang='lat' dir='ltr'><strong>alii</strong></span> <span class='ocrx_word' id='word_1_837' title='bbox 1869 5643 2034 5707; x_wconf 89' lang='lat' dir='ltr'><strong>atque</strong></span> 
     </span>
    </p>
   </div>
   <div class='ocr_carea' id='block_1_103' title="bbox 441 5711 1180 5773">
    <p class='ocr_par' dir='ltr' id='par_1_103' title="bbox 441 5711 1180 5773">
     <span class='ocr_line' id='line_1_103' title="bbox 441 5711 1180 5773; baseline -0.015 1"><span class='ocrx_word' id='word_1_838' title='bbox 441 5731 633 5773; x_wconf 89' lang='lat' dir='ltr'><strong>omnes</strong></span> <span class='ocrx_word' id='word_1_839' title='bbox 662 5714 794 5771; x_wconf 87' lang='lat' dir='ltr'><strong>edit.</strong></span> <span class='ocrx_word' id='word_1_840' title='bbox 824 5728 942 5766; x_wconf 87' lang='lat' dir='ltr'><strong>cum</strong></span> <span class='ocrx_word' id='word_1_841' title='bbox 969 5711 1180 5766; x_wconf 81' lang='lat' dir='ltr'><strong>viritim.</strong></span> 
     </span>
    </p>
   </div>
   <div class='ocr_carea' id='block_1_104' title="bbox 509 5778 2027 5849">
    <p class='ocr_par' dir='ltr' id='par_1_104' title="bbox 509 5778 2027 5849">
     <span class='ocr_line' id='line_1_104' title="bbox 509 5778 2027 5849; baseline -0.005 -9"><span class='ocrx_word' id='word_1_842' title='bbox 509 5787 759 5840; x_wconf 63' lang='lat' dir='ltr'><strong>1“Omnes</strong></span> <span class='ocrx_word' id='word_1_843' title='bbox 800 5782 932 5838; x_wconf 91' lang='lat' dir='ltr'><strong>edit.</strong></span> <span class='ocrx_word' id='word_1_844' title='bbox 962 5822 978 5849; x_wconf 92' lang='lat'><strong>,</strong></span> <span class='ocrx_word' id='word_1_845' title='bbox 1026 5791 1072 5835; x_wconf 87' lang='lat' dir='ltr'><strong>et</strong></span> <span class='ocrx_word' id='word_1_846' title='bbox 1114 5789 1225 5849; x_wconf 87' lang='lat' dir='ltr'><strong>post</strong></span> <span class='ocrx_word' id='word_1_847' title='bbox 1268 5779 1454 5835; x_wconf 82' lang='lat' dir='ltr'><strong>Joram</strong></span> <span class='ocrx_word' id='word_1_848' title='bbox 1505 5778 1689 5834; x_wconf 77' lang='lat' dir='ltr'><strong>Oziam</strong></span> <span class='ocrx_word' id='word_1_849' title='bbox 1737 5779 2027 5849; x_wconf 75' lang='lat' dir='ltr'><strong>subiecerit.</strong></span> 
     </span>
    </p>
   </div>
   <div class='ocr_carea' id='block_1_105' title="bbox 441 5850 2030 5922">
    <p class='ocr_par' dir='ltr' id='par_1_105' title="bbox 441 5850 2030 5922">
     <span class='ocr_line' id='line_1_105' title="bbox 441 5850 2030 5922; baseline -0.004 -10"><span class='ocrx_word' id='word_1_850' title='bbox 441 5855 572 5915; x_wconf 85' lang='lat' dir='ltr'><strong>Mss.</strong></span> <span class='ocrx_word' id='word_1_851' title='bbox 597 5869 631 5911; x_wconf 87' lang='lat' dir='ltr'><strong>e</strong></span> <span class='ocrx_word' id='word_1_852' title='bbox 657 5854 964 5922; x_wconf 82' lang='lat' dir='ltr'><strong>contrario,</strong></span> <span class='ocrx_word' id='word_1_853' title='bbox 1006 5860 1053 5908; x_wconf 88' lang='lat' dir='ltr'><strong>et</strong></span> <span class='ocrx_word' id='word_1_854' title='bbox 1083 5851 1400 5919; x_wconf 69' lang='grc' dir='ltr'>ροιιιιοιοιιηι</span> <span class='ocrx_word' id='word_1_855' title='bbox 1438 5850 1695 5919; x_wconf 84' lang='lat' dir='ltr'><strong>Josaphat</strong></span> <span class='ocrx_word' id='word_1_856' title='bbox 1735 5851 2030 5922; x_wconf 85' lang='lat' dir='ltr'><strong>subjecerit.</strong></span> 
     </span>
    </p>
   </div>
   <div class='ocr_carea' id='block_1_106' title="bbox 693 6329 1022 6340">
    <p class='ocr_par' dir='ltr' id='par_1_106' title="bbox 693 6329 1022 6340">
     <span class='ocr_line' id='line_1_106' title="bbox 693 6329 1022 6340; baseline 0.003 -3"><span class='ocrx_word' id='word_1_857' title='bbox 693 6329 786 6338; x_wconf 55' lang='lat' dir='ltr'><strong>vw—</strong></span> <span class='ocrx_word' id='word_1_858' title='bbox 819 6332 1022 6340; x_wconf 50' lang='lat' dir='ltr'><strong>_—ﬁ_.__</strong></span> 
     </span>
    </p>
   </div>
   <div class='ocr_carea' id='block_1_107' title="bbox 2161 4752 3800 4830">
    <p class='ocr_par' dir='ltr' id='par_1_107' title="bbox 2161 4752 3800 4830">
     <span class='ocr_line' id='line_1_107' title="bbox 2161 4752 3800 4830; baseline 0.011 -25"><span class='ocrx_word' id='word_1_859' title='bbox 2161 4752 2371 4824; x_wconf 88' lang='lat' dir='ltr'><strong>putavit</strong></span> <span class='ocrx_word' id='word_1_860' title='bbox 2401 4752 2699 4824; x_wconf 89' lang='lat' dir='ltr'><strong>pertinere,</strong></span> <span class='ocrx_word' id='word_1_861' title='bbox 2727 4757 3013 4825; x_wconf 74' lang='lat' dir='ltr'><strong>prmteriit.</strong></span> <span class='ocrx_word' id='word_1_862' title='bbox 3046 4755 3181 4812; x_wconf 82' lang='lat' dir='ltr'><strong>Nam</strong></span> <span class='ocrx_word' id='word_1_863' title='bbox 3220 4759 3266 4815; x_wconf 92' lang='lat' dir='ltr'><strong>si</strong></span> <span class='ocrx_word' id='word_1_864' title='bbox 3299 4761 3654 4830; x_wconf 86' lang='lat' dir='ltr'><strong>propositum</strong></span> <span class='ocrx_word' id='word_1_865' title='bbox 3691 4779 3800 4823; x_wconf 84' lang='lat' dir='ltr'><strong>es-</strong></span> 
     </span>
    </p>
   </div>
   <div class='ocr_carea' id='block_1_108' title="bbox 2159 4847 3798 4919">
    <p class='ocr_par' dir='ltr' id='par_1_108' title="bbox 2159 4847 3798 4919">
     <span class='ocr_line' id='line_1_108' title="bbox 2159 4847 3798 4919; baseline 0.01 -19"><span class='ocrx_word' id='word_1_866' title='bbox 2159 4853 2244 4902; x_wconf 90' lang='lat' dir='ltr'><strong>set</strong></span> <span class='ocrx_word' id='word_1_867' title='bbox 2271 4847 2322 4902; x_wconf 91' lang='lat' dir='ltr'><strong>ei</strong></span> <span class='ocrx_word' id='word_1_868' title='bbox 2376 4849 2754 4904; x_wconf 88' lang='lat' dir='ltr'><strong>successiones</strong></span> <span class='ocrx_word' id='word_1_869' title='bbox 2780 4848 3113 4916; x_wconf 89' lang='lat' dir='ltr'><strong>describere,</strong></span> <span class='ocrx_word' id='word_1_870' title='bbox 3142 4853 3541 4912; x_wconf 84' lang='lat' dir='ltr'><strong>rationabiliter</strong></span> <span class='ocrx_word' id='word_1_871' title='bbox 3569 4873 3798 4919; x_wconf 83' lang='lat' dir='ltr'><strong>move-</strong></span> 
     </span>
    </p>
   </div>
   <div class='ocr_carea' id='block_1_109' title="bbox 2158 4942 3800 5020">
    <p class='ocr_par' dir='ltr' id='par_1_109' title="bbox 2158 4942 3800 5020">
     <span class='ocr_line' id='line_1_109' title="bbox 2158 4942 3800 5020; baseline 0.01 -26"><span class='ocrx_word' id='word_1_872' title='bbox 2158 4955 2342 4996; x_wconf 90' lang='lat' dir='ltr'><strong>remur</strong></span> <span class='ocrx_word' id='word_1_873' title='bbox 2365 4982 2381 5007; x_wconf 94' lang='lat'><strong>,</strong></span> <span class='ocrx_word' id='word_1_874' title='bbox 2411 4956 2510 4998; x_wconf 87' lang='lat' dir='ltr'><strong>cur</strong></span> <span class='ocrx_word' id='word_1_875' title='bbox 2538 4957 2661 4996; x_wconf 91' lang='lat' dir='ltr'><strong>cum</strong></span> <span class='ocrx_word' id='word_1_876' title='bbox 2694 4942 3005 5014; x_wconf 77' lang='lat' dir='ltr'><strong>Regnorum</strong></span> <span class='ocrx_word' id='word_1_877' title='bbox 3040 4945 3196 5001; x_wconf 88' lang='lat' dir='ltr'><strong>libris</strong></span> <span class='ocrx_word' id='word_1_878' title='bbox 3221 4956 3277 5002; x_wconf 93' lang='lat' dir='ltr'><strong>et</strong></span> <span class='ocrx_word' id='word_1_879' title='bbox 3324 4948 3800 5020; x_wconf 83' lang='lat' dir='ltr'><strong>Paralipomenis</strong></span> 
     </span>
    </p>
   </div>
   <div class='ocr_carea' id='block_1_110' title="bbox 2158 5032 3802 5113">
    <p class='ocr_par' dir='ltr' id='par_1_110' title="bbox 2158 5032 3802 5113">
     <span class='ocr_line' id='line_1_110' title="bbox 2158 5032 3802 5113; baseline 0.01 -25"><span class='ocrx_word' id='word_1_880' title='bbox 2158 5032 2472 5100; x_wconf 89' lang='lat' dir='ltr'><strong>conveniat,</strong></span> <span class='ocrx_word' id='word_1_881' title='bbox 2496 5034 2638 5104; x_wconf 88' lang='lat' dir='ltr'><strong>quod</strong></span> <span class='ocrx_word' id='word_1_882' title='bbox 2667 5045 2789 5104; x_wconf 87' lang='lat' dir='ltr'><strong>post</strong></span> <span class='ocrx_word' id='word_1_883' title='bbox 2817 5036 3006 5092; x_wconf 81' lang='lat' dir='ltr'><strong>Joram</strong></span> <span class='ocrx_word' id='word_1_884' title='bbox 3034 5037 3308 5096; x_wconf 83' lang='lat' dir='ltr'><strong>Ochozias</strong></span> <span class='ocrx_word' id='word_1_885' title='bbox 3339 5047 3703 5113; x_wconf 85' lang='lat' dir='ltr'><strong>regnaverit.</strong></span> <span class='ocrx_word' id='word_1_886' title='bbox 3737 5060 3802 5105; x_wconf 84' lang='lat' dir='ltr'><strong>et</strong></span> 
     </span>
    </p>
   </div>
   <div class='ocr_carea' id='block_1_111' title="bbox 2155 5123 3794 5209">
    <p class='ocr_par' dir='ltr' id='par_1_111' title="bbox 2155 5123 3794 5209">
     <span class='ocr_line' id='line_1_111' title="bbox 2155 5123 3794 5209; baseline 0.012 -29"><span class='ocrx_word' id='word_1_887' title='bbox 2155 5123 2370 5192; x_wconf 85' lang='lat' dir='ltr'><strong>Jodam,</strong></span> <span class='ocrx_word' id='word_1_888' title='bbox 2390 5135 2445 5181; x_wconf 93' lang='lat' dir='ltr'><strong>et</strong></span> <span class='ocrx_word' id='word_1_889' title='bbox 2459 5126 2706 5183; x_wconf 82' lang='lat' dir='ltr'><strong>Amasias</strong></span> <span class='ocrx_word' id='word_1_890' title='bbox 2728 5145 2741 5181; x_wconf 88' lang='lat'><strong>:</strong></span> <span class='ocrx_word' id='word_1_891' title='bbox 2760 5127 2996 5184; x_wconf 80' lang='lat' dir='ltr'><strong>Amasiae</strong></span> <span class='ocrx_word' id='word_1_892' title='bbox 3022 5139 3206 5188; x_wconf 87' lang='lat' dir='ltr'><strong>autem</strong></span> <span class='ocrx_word' id='word_1_893' title='bbox 3219 5136 3550 5192; x_wconf 89' lang='lat' dir='ltr'><strong>successerit</strong></span> <span class='ocrx_word' id='word_1_894' title='bbox 3566 5137 3794 5209; x_wconf 81' lang='lat' dir='ltr'><strong>Ozias;</strong></span> 
     </span>
    </p>
   </div>
   <div class='ocr_carea' id='block_1_112' title="bbox 2153 5219 3799 5299">
    <p class='ocr_par' dir='ltr' id='par_1_112' title="bbox 2153 5219 3799 5299">
     <span class='ocr_line' id='line_1_112' title="bbox 2153 5219 3799 5299; baseline 0.012 -26"><span class='ocrx_word' id='word_1_895' title='bbox 2153 5229 2374 5274; x_wconf 85' lang='lat' dir='ltr'><strong>sanctus</strong></span> <span class='ocrx_word' id='word_1_896' title='bbox 2405 5219 2692 5276; x_wconf 69' lang='lat' dir='ltr'><strong>Mullltmus</strong></span> <span class='ocrx_word' id='word_1_897' title='bbox 2721 5231 2830 5276; x_wconf 91' lang='lat' dir='ltr'><strong>tres</strong></span> <span class='ocrx_word' id='word_1_898' title='bbox 2859 5222 2980 5280; x_wconf 92' lang='lat' dir='ltr'><strong>illos</strong></span> <span class='ocrx_word' id='word_1_899' title='bbox 3007 5239 3164 5296; x_wconf 86' lang='lat' dir='ltr'><strong>reges</strong></span> <span class='ocrx_word' id='word_1_900' title='bbox 3191 5227 3542 5299; x_wconf 64' lang='lat' dir='ltr'><strong>praeterierit,</strong></span> <span class='ocrx_word' id='word_1_901' title='bbox 3571 5233 3799 5293; x_wconf 81' lang='lat' dir='ltr'><strong>Ocho-</strong></span> 
     </span>
    </p>
   </div>
   <div class='ocr_carea' id='block_1_113' title="bbox 2151 5310 3800 5397">
    <p class='ocr_par' dir='ltr' id='par_1_113' title="bbox 2151 5310 3800 5397">
     <span class='ocr_line' id='line_1_113' title="bbox 2151 5310 3800 5397; baseline 0.012 -33"><span class='ocrx_word' id='word_1_902' title='bbox 2151 5310 2313 5378; x_wconf 85' lang='lat' dir='ltr'><strong>ziatn,</strong></span> <span class='ocrx_word' id='word_1_903' title='bbox 2348 5310 2539 5366; x_wconf 83' lang='lat' dir='ltr'><strong>Jodam</strong></span> <span class='ocrx_word' id='word_1_904' title='bbox 2569 5321 2625 5368; x_wconf 90' lang='lat' dir='ltr'><strong>et</strong></span> <span class='ocrx_word' id='word_1_905' title='bbox 2653 5314 2951 5383; x_wconf 82' lang='lat' dir='ltr'><strong>Amasiam,</strong></span> <span class='ocrx_word' id='word_1_906' title='bbox 2992 5318 3016 5346; x_wconf 73' lang='grc' dir='ltr'><strong>ο</strong></span> <span class='ocrx_word' id='word_1_907' title='bbox 3049 5327 3105 5371; x_wconf 91' lang='lat' dir='ltr'><strong>et</strong></span> <span class='ocrx_word' id='word_1_908' title='bbox 3131 5329 3254 5388; x_wconf 90' lang='lat' dir='ltr'><strong>post</strong></span> <span class='ocrx_word' id='word_1_909' title='bbox 3272 5319 3458 5377; x_wconf 82' lang='lat' dir='ltr'><strong>Joram</strong></span> <span class='ocrx_word' id='word_1_910' title='bbox 3486 5321 3800 5397; x_wconf 78' lang='lat' dir='ltr'><strong>Josaphat</strong></span> 
     </span>
    </p>
   </div>
   <div class='ocr_carea' id='block_1_114' title="bbox 2150 5401 3792 5493">
    <p class='ocr_par' dir='ltr' id='par_1_114' title="bbox 2150 5401 3792 5493">
     <span class='ocr_line' id='line_1_114' title="bbox 2150 5401 3792 5493; baseline 0.012 -35"><span class='ocrx_word' id='word_1_911' title='bbox 2150 5401 2464 5472; x_wconf 71' lang='lat' dir='ltr'><strong>subiecerit.</strong></span> <span class='ocrx_word' id='word_1_912' title='bbox 2493 5403 2762 5477; x_wconf 84' lang='lat' dir='ltr'><strong>(|V_Reg.</strong></span> <span class='ocrx_word' id='word_1_913' title='bbox 2792 5421 2910 5473; x_wconf 87' lang='lat' dir='ltr'><strong>vm,</strong></span> <span class='ocrx_word' id='word_1_914' title='bbox 2934 5416 2982 5463; x_wconf 87' lang='lat' dir='ltr'><strong>et</strong></span> <span class='ocrx_word' id='word_1_915' title='bbox 3006 5408 3284 5482; x_wconf 86' lang='lat' dir='ltr'><strong>deinceps;</strong></span> <span class='ocrx_word' id='word_1_916' title='bbox 3317 5411 3361 5468; x_wconf 88' lang='lat' dir='ltr'><strong>ll</strong></span> <span class='ocrx_word' id='word_1_917' title='bbox 3391 5411 3526 5472; x_wconf 85' lang='lat' dir='ltr'><strong>Par.</strong></span> <span class='ocrx_word' id='word_1_918' title='bbox 3605 5433 3747 5476; x_wconf 77' lang='lat' dir='ltr'><strong>xxu</strong></span> <span class='ocrx_word' id='word_1_919' title='bbox 3773 5465 3792 5493; x_wconf 90' lang='lat'><strong>,</strong></span> 
     </span>
    </p>
   </div>
   <div class='ocr_carea' id='block_1_115' title="bbox 2144 5564 3794 5641">
    <p class='ocr_par' dir='ltr' id='par_1_115' title="bbox 2144 5564 3794 5641">
     <span class='ocr_line' id='line_1_115' title="bbox 2144 5564 3794 5641; baseline 0.016 -26"><span class='ocrx_word' id='word_1_920' title='bbox 2144 5566 2288 5641; x_wconf 47' lang='lat' dir='ltr'><strong>Qua;</strong></span> <span class='ocrx_word' id='word_1_921' title='bbox 2315 5565 2531 5636; x_wconf 89' lang='lat' dir='ltr'><strong>quidem</strong></span> <span class='ocrx_word' id='word_1_922' title='bbox 2581 5564 2906 5641; x_wconf 76' lang='lat' dir='ltr'><strong>vera_leetio</strong></span> <span class='ocrx_word' id='word_1_923' title='bbox 2931 5576 3056 5641; x_wconf 86' lang='lat' dir='ltr'><strong>est,</strong></span> <span class='ocrx_word' id='word_1_924' title='bbox 3085 5584 3207 5625; x_wconf 91' lang='lat' dir='ltr'><strong>cum</strong></span> <span class='ocrx_word' id='word_1_925' title='bbox 3233 5571 3372 5628; x_wconf 87' lang='lat' dir='ltr'><strong>inl&#39;ra</strong></span> <span class='ocrx_word' id='word_1_926' title='bbox 3403 5574 3460 5629; x_wconf 91' lang='lat' dir='ltr'><strong>in</strong></span> <span class='ocrx_word' id='word_1_927' title='bbox 3490 5580 3794 5641; x_wconf 84' lang='lat' dir='ltr'><strong>omnibus</strong></span> 
     </span>
    </p>
   </div>
   <div class='ocr_carea' id='block_1_116' title="bbox 2143 5635 3789 5710">
    <p class='ocr_par' dir='ltr' id='par_1_116' title="bbox 2143 5635 3789 5710">
     <span class='ocr_line' id='line_1_116' title="bbox 2143 5635 3789 5710; baseline 0.009 -19"><span class='ocrx_word' id='word_1_928' title='bbox 2143 5635 2367 5710; x_wconf 81' lang='lat' dir='ltr'><strong>omnino</strong></span> <span class='ocrx_word' id='word_1_929' title='bbox 2399 5653 2530 5693; x_wconf 89' lang='lat' dir='ltr'><strong>mss.</strong></span> <span class='ocrx_word' id='word_1_930' title='bbox 2559 5648 2613 5693; x_wconf 89' lang='lat' dir='ltr'><strong>et</strong></span> <span class='ocrx_word' id='word_1_931' title='bbox 2636 5635 2780 5710; x_wconf 60' lang='lat' dir='ltr'><strong>edit.</strong></span> <span class='ocrx_word' id='word_1_932' title='bbox 2811 5637 2916 5710; x_wconf 81' lang='lat' dir='ltr'><strong>hoc</strong></span> <span class='ocrx_word' id='word_1_933' title='bbox 2945 5639 3118 5710; x_wconf 90' lang='lat' dir='ltr'><strong>ipsum</strong></span> <span class='ocrx_word' id='word_1_934' title='bbox 3162 5657 3360 5700; x_wconf 88' lang='lat' dir='ltr'><strong>nomen</strong></span> <span class='ocrx_word' id='word_1_935' title='bbox 3409 5635 3789 5710; x_wconf 55' lang='lat' dir='ltr'><strong>inveniatur:</strong></span> 
     </span>
    </p>
   </div>
   <div class='ocr_carea' id='block_1_117' title="bbox 2139 5707 3798 5790">
    <p class='ocr_par' dir='ltr' id='par_1_117' title="bbox 2139 5707 3798 5790">
     <span class='ocr_line' id='line_1_117' title="bbox 2139 5707 3798 5790; baseline 0.004 -28"><span class='ocrx_word' id='word_1_936' title='bbox 2139 5707 2405 5790; x_wconf 75' lang='lat' dir='ltr'><strong>Quocirca</strong></span> <span class='ocrx_word' id='word_1_937' title='bbox 2419 5707 3207 5790; x_wconf 73' lang='lat' dir='ltr'><strong>nihilalisurdidicturumeum</strong></span> <span class='ocrx_word' id='word_1_938' title='bbox 3237 5729 3508 5790; x_wconf 89' lang='lat' dir='ltr'><strong>putamus,</strong></span> <span class='ocrx_word' id='word_1_939' title='bbox 3537 5723 3660 5790; x_wconf 80' lang='lat' dir='ltr'><strong>qui</strong></span> <span class='ocrx_word' id='word_1_940' title='bbox 3699 5707 3798 5782; x_wconf 61' lang='grc' dir='ltr'><strong>ξιῇ</strong></span> 
     </span>
    </p>
   </div>
   <div class='ocr_carea' id='block_1_118' title="bbox 2140 5776 3794 5859">
    <p class='ocr_par' dir='ltr' id='par_1_118' title="bbox 2140 5776 3794 5859">
     <span class='ocr_line' id='line_1_118' title="bbox 2140 5776 3794 5859; baseline 0.009 -27"><span class='ocrx_word' id='word_1_941' title='bbox 2140 5776 2413 5859; x_wconf 81' lang='lat' dir='ltr'><strong>tirtnarit_,</strong></span> <span class='ocrx_word' id='word_1_942' title='bbox 2455 5781 2642 5859; x_wconf 69' lang='lat' dir='ltr'><strong>inam</strong></span> <span class='ocrx_word' id='word_1_943' title='bbox 2689 5776 3380 5859; x_wconf 73' lang='lat' dir='ltr'><strong>Ambrosiotrinomincm</strong></span> <span class='ocrx_word' id='word_1_944' title='bbox 3434 5776 3677 5859; x_wconf 41' lang='lat' dir='ltr'><strong>fuisse:</strong></span> <span class='ocrx_word' id='word_1_945' title='bbox 3704 5776 3794 5855; x_wconf 47' lang='lat' dir='ltr'><strong>ac</strong></span> 
     </span>
    </p>
   </div>
   <div class='ocr_carea' id='block_1_119' title="bbox 2140 5851 3788 5928">
    <p class='ocr_par' dir='ltr' id='par_1_119' title="bbox 2140 5851 3788 5928">
     <span class='ocr_line' id='line_1_119' title="bbox 2140 5851 3788 5928; baseline 0.013 -22"><span class='ocrx_word' id='word_1_946' title='bbox 2140 5865 2248 5907; x_wconf 89' lang='grc' dir='ltr'>ιιοιι</span> <span class='ocrx_word' id='word_1_947' title='bbox 2272 5851 2436 5910; x_wconf 88' lang='lat' dir='ltr'><strong>modo</strong></span> <span class='ocrx_word' id='word_1_948' title='bbox 2462 5852 2648 5909; x_wconf 84' lang='lat' dir='ltr'><strong>Oziam</strong></span> <span class='ocrx_word' id='word_1_949' title='bbox 2672 5861 2832 5922; x_wconf 87' lang='lat' dir='ltr'><strong>atquc</strong></span> <span class='ocrx_word' id='word_1_950' title='bbox 2855 5853 3127 5925; x_wconf 81' lang='lat' dir='ltr'><strong>Asariam,</strong></span> <span class='ocrx_word' id='word_1_951' title='bbox 3153 5859 3350 5928; x_wconf 88' lang='lat' dir='ltr'><strong>quibus</strong></span> <span class='ocrx_word' id='word_1_952' title='bbox 3377 5851 3696 5926; x_wconf 66' lang='lat' dir='ltr'><strong>vocabulis</strong></span> <span class='ocrx_word' id='word_1_953' title='bbox 3721 5851 3788 5927; x_wconf 67' lang='grc' dir='ltr'><strong>ἷιῖ</strong></span> 
     </span>
    </p>
   </div>
   <div class='ocr_carea' id='block_1_120' title="bbox 1515 6344 2609 6366">
    <p class='ocr_par' dir='ltr' id='par_1_120' title="bbox 1815 6349 2595 6366">
     <span class='ocr_line' id='line_1_120' title="bbox 1815 6349 2595 6366; baseline 0 -6"><span class='ocrx_word' id='word_1_954' title='bbox 1815 6349 2440 6364; x_wconf 25' lang='lat' dir='ltr'><strong>ﬁmi—‘7</strong></span> <span class='ocrx_word' id='word_1_955' title='bbox 2458 6363 2474 6365; x_wconf 21' lang='grc' dir='ltr'><strong>ξ</strong></span> <span class='ocrx_word' id='word_1_956' title='bbox 2497 6363 2595 6366; x_wconf 30' lang='grc' dir='ltr'><strong>ς</strong></span> 
     </span>
    </p>
   </div>
  </div>
