  <div class='ocr_page' id='page_1' title='image "/cluster/home/n/w/nwhite01/storage/ocr_20150623/15/uva.x000826533/221.png"; bbox 0 0 3960 6300; ppageno 0'>
   <div class='ocr_carea' id='block_1_1' title="bbox 421 356 556 420">
    <p class='ocr_par' dir='ltr' id='par_1_1' title="bbox 421 356 556 420">
     <span class='ocr_line' id='line_1_1' title="bbox 421 356 556 420; baseline -0.022 -1"><span class='ocrx_word' id='word_1_1' title='bbox 421 356 556 420; x_wconf 67' lang='lat' dir='ltr'><strong>Mli</strong></span> 
     </span>
    </p>
   </div>
   <div class='ocr_carea' id='block_1_2' title="bbox 1745 324 2357 391">
    <p class='ocr_par' dir='ltr' id='par_1_2' title="bbox 1745 324 2357 391">
     <span class='ocr_line' id='line_1_2' title="bbox 1745 324 2357 391; baseline -0.018 0"><span class='ocrx_word' id='word_1_2' title='bbox 1745 330 1992 391; x_wconf 78' lang='lat' dir='ltr'><strong>SANCTI</strong></span> <span class='ocrx_word' id='word_1_3' title='bbox 2030 324 2357 385; x_wconf 77' lang='lat' dir='ltr'><strong>AMBROSII</strong></span> 
     </span>
    </p>
   </div>
   <div class='ocr_carea' id='block_1_3' title="bbox 3585 301 3725 360">
    <p class='ocr_par' dir='ltr' id='par_1_3' title="bbox 3585 301 3725 360">
     <span class='ocr_line' id='line_1_3' title="bbox 3585 301 3725 360; baseline -0.021 -2"><span class='ocrx_word' id='word_1_4' title='bbox 3585 301 3725 360; x_wconf 68' lang='grc'><strong>1612</strong></span> 
     </span>
    </p>
   </div>
   <div class='ocr_carea' id='block_1_4' title="bbox 418 415 3726 549">
    <p class='ocr_par' dir='ltr' id='par_1_4' title="bbox 418 415 3726 549">
     <span class='ocr_line' id='line_1_4' title="bbox 418 415 3726 549; baseline -0.02 -14"><span class='ocrx_word' id='word_1_5' title='bbox 418 487 609 549; x_wconf 87' lang='lat' dir='ltr'><strong>raptus</strong></span> <span class='ocrx_word' id='word_1_6' title='bbox 638 472 705 527; x_wconf 88' lang='lat' dir='ltr'><strong>ad</strong></span> <span class='ocrx_word' id='word_1_7' title='bbox 731 471 930 527; x_wconf 70' lang='lat' dir='ltr'><strong>coelum</strong></span> <span class='ocrx_word' id='word_1_8' title='bbox 957 463 1076 521; x_wconf 79' lang='lat' dir='ltr'><strong>e5t?</strong></span> <span class='ocrx_word' id='word_1_9' title='bbox 1103 457 1259 518; x_wconf 86' lang='lat' dir='ltr'><strong>Unde</strong></span> <span class='ocrx_word' id='word_1_10' title='bbox 1281 453 1632 512; x_wconf 86' lang='lat' dir='ltr'><strong>manifestum</strong></span> <span class='ocrx_word' id='word_1_11' title='bbox 1655 457 1760 514; x_wconf 90' lang='lat' dir='ltr'><strong>est,</strong></span> <span class='ocrx_word' id='word_1_12' title='bbox 1787 457 1839 503; x_wconf 90' lang='lat' dir='ltr'><strong>et</strong></span> <span class='ocrx_word' id='word_1_13' title='bbox 1863 445 2018 500; x_wconf 89' lang='lat' dir='ltr'><strong>Chri-</strong></span> <span class='ocrx_word' id='word_1_14' title='bbox 2045 450 2100 510; x_wconf 80' lang='grc' dir='ltr'><strong>Α</strong></span> <span class='ocrx_word' id='word_1_15' title='bbox 2123 453 2355 506; x_wconf 68' lang='lat' dir='ltr'><strong>matrem,</strong></span> <span class='ocrx_word' id='word_1_16' title='bbox 2385 436 2599 506; x_wconf 74' lang='lat' dir='ltr'><strong>accipiet</strong></span> <span class='ocrx_word' id='word_1_17' title='bbox 2643 433 2880 487; x_wconf 74' lang='lat' dir='ltr'><strong>virtutem</strong></span> <span class='ocrx_word' id='word_1_18' title='bbox 2907 423 3173 489; x_wconf 77' lang='lat' dir='ltr'><strong>Damasci,</strong></span> <span class='ocrx_word' id='word_1_19' title='bbox 3207 429 3252 478; x_wconf 88' lang='lat' dir='ltr'><strong>et</strong></span> <span class='ocrx_word' id='word_1_20' title='bbox 3273 418 3444 491; x_wconf 84' lang='lat' dir='ltr'><strong>spolia</strong></span> <span class='ocrx_word' id='word_1_21' title='bbox 3471 415 3726 474; x_wconf 75' lang='lat' dir='ltr'><strong>Samaria:</strong></span> 
     </span>
     <span class='ocr_line' id='line_1_5' title="bbox 1567 505 3726 549; baseline -0.02 36"><span class='ocrx_word' id='word_1_22' title='bbox 1567 548 1572 549; x_wconf 50' lang='grc' dir='ltr'>ί</span> <span class='ocrx_word' id='word_1_23' title='bbox 1943 539 1953 549; x_wconf 60' lang='grc' dir='ltr'><strong>ε</strong></span> <span class='ocrx_word' id='word_1_24' title='bbox 1980 540 1990 549; x_wconf 95' lang='grc'><strong>·</strong></span> <span class='ocrx_word' id='word_1_25' title='bbox 2268 535 2278 545; x_wconf 93' lang='grc'><strong>·</strong></span> <span class='ocrx_word' id='word_1_26' title='bbox 2381 546 2417 549; x_wconf 45' lang='grc' dir='ltr'><strong>κ-</strong></span> <span class='ocrx_word' id='word_1_27' title='bbox 2479 530 2522 549; x_wconf 58' lang='grc' dir='ltr'>ιλ</span> <span class='ocrx_word' id='word_1_28' title='bbox 2584 526 2680 549; x_wconf 49' lang='lat' dir='ltr'><strong>mn</strong></span> <span class='ocrx_word' id='word_1_29' title='bbox 2724 523 2864 549; x_wconf 63' lang='grc' dir='ltr'><strong><em>ηυξ-η</em></strong></span> <span class='ocrx_word' id='word_1_30' title='bbox 2919 528 2996 549; x_wconf 67' lang='grc' dir='ltr'><strong>ηρ·</strong></span> <span class='ocrx_word' id='word_1_31' title='bbox 3057 532 3189 549; x_wconf 68' lang='grc' dir='ltr'><strong>πηο-</strong></span> <span class='ocrx_word' id='word_1_32' title='bbox 3219 512 3371 549; x_wconf 65' lang='lat' dir='ltr'><strong>main:</strong></span> <span class='ocrx_word' id='word_1_33' title='bbox 3403 505 3726 549; x_wconf 67' lang='lat' dir='ltr'><strong>innnnghnla</strong></span> 
     </span>
    </p>
   </div>
   <div class='ocr_carea' id='block_1_5' title="bbox 421 539 2023 637">
    <p class='ocr_par' dir='ltr' id='par_1_5' title="bbox 421 539 2023 637">
     <span class='ocr_line' id='line_1_6' title="bbox 421 539 2023 637; baseline -0.022 -8"><span class='ocrx_word' id='word_1_34' title='bbox 421 581 568 629; x_wconf 83' lang='lat' dir='ltr'><strong>stum</strong></span> <span class='ocrx_word' id='word_1_35' title='bbox 601 567 844 637; x_wconf 88' lang='lat' dir='ltr'><strong>potuisse</strong></span> <span class='ocrx_word' id='word_1_36' title='bbox 874 576 978 617; x_wconf 91' lang='lat' dir='ltr'><strong>non</strong></span> <span class='ocrx_word' id='word_1_37' title='bbox 1009 556 1152 612; x_wconf 91' lang='lat' dir='ltr'><strong>mori</strong></span> <span class='ocrx_word' id='word_1_38' title='bbox 1182 597 1197 622; x_wconf 98' lang='lat'><strong>,</strong></span> <span class='ocrx_word' id='word_1_39' title='bbox 1232 563 1258 590; x_wconf 71' lang='grc' dir='ltr'>α</span> <span class='ocrx_word' id='word_1_40' title='bbox 1279 551 1376 609; x_wconf 91' lang='lat' dir='ltr'><strong>sed</strong></span> <span class='ocrx_word' id='word_1_41' title='bbox 1432 548 1710 610; x_wconf 82' lang='lat' dir='ltr'><strong>noluisse;</strong></span> <span class='ocrx_word' id='word_1_42' title='bbox 1756 550 1819 597; x_wconf 88' lang='lat' dir='ltr'><strong>ut</strong></span> <span class='ocrx_word' id='word_1_43' title='bbox 1867 539 2023 596; x_wconf 84' lang='lat' dir='ltr'><strong>nobis</strong></span> 
     </span>
    </p>
   </div>
   <div class='ocr_carea' id='block_1_6' title="bbox 426 644 2026 730">
    <p class='ocr_par' dir='ltr' id='par_1_6' title="bbox 426 644 2026 730">
     <span class='ocr_line' id='line_1_7' title="bbox 426 644 2026 730; baseline -0.021 -10"><span class='ocrx_word' id='word_1_44' title='bbox 426 681 576 720; x_wconf 85' lang='lat' dir='ltr'><strong>mors</strong></span> <span class='ocrx_word' id='word_1_45' title='bbox 606 662 696 716; x_wconf 90' lang='lat' dir='ltr'><strong>illa</strong></span> <span class='ocrx_word' id='word_1_46' title='bbox 720 656 1027 730; x_wconf 77' lang='lat' dir='ltr'><strong>prodesset.</strong></span> <span class='ocrx_word' id='word_1_47' title='bbox 1069 650 1139 705; x_wconf 89' lang='lat' dir='ltr'><strong>Et</strong></span> <span class='ocrx_word' id='word_1_48' title='bbox 1172 648 1266 703; x_wconf 92' lang='lat' dir='ltr'><strong>ille</strong></span> <span class='ocrx_word' id='word_1_49' title='bbox 1295 644 1520 714; x_wconf 88' lang='lat' dir='ltr'><strong>quidem</strong></span> <span class='ocrx_word' id='word_1_50' title='bbox 1569 648 1758 710; x_wconf 88' lang='lat' dir='ltr'><strong>raptus</strong></span> <span class='ocrx_word' id='word_1_51' title='bbox 1782 646 1906 703; x_wconf 90' lang='lat' dir='ltr'><strong>est,</strong></span> <span class='ocrx_word' id='word_1_52' title='bbox 1956 646 2026 688; x_wconf 90' lang='lat' dir='ltr'><strong>ne</strong></span> 
     </span>
    </p>
   </div>
   <div class='ocr_carea' id='block_1_7' title="bbox 426 740 2027 812">
    <p class='ocr_par' dir='ltr' id='par_1_7' title="bbox 426 740 2027 812">
     <span class='ocr_line' id='line_1_8' title="bbox 426 740 2027 812; baseline -0.019 -1"><span class='ocrx_word' id='word_1_53' title='bbox 426 754 632 812; x_wconf 86' lang='lat' dir='ltr'><strong>malitia</strong></span> <span class='ocrx_word' id='word_1_54' title='bbox 663 756 900 806; x_wconf 92' lang='lat' dir='ltr'><strong>mutaret</strong></span> <span class='ocrx_word' id='word_1_55' title='bbox 936 759 1031 801; x_wconf 92' lang='lat' dir='ltr'><strong>cor</strong></span> <span class='ocrx_word' id='word_1_56' title='bbox 1061 742 1213 812; x_wconf 83' lang='lat' dir='ltr'><strong>ejus:</strong></span> <span class='ocrx_word' id='word_1_57' title='bbox 1247 741 1508 794; x_wconf 84' lang='lat' dir='ltr'><strong>Dominus</strong></span> <span class='ocrx_word' id='word_1_58' title='bbox 1527 743 1706 789; x_wconf 89' lang='lat' dir='ltr'><strong>autem</strong></span> <span class='ocrx_word' id='word_1_59' title='bbox 1731 744 1891 801; x_wconf 87' lang='lat' dir='ltr'><strong>quem</strong></span> <span class='ocrx_word' id='word_1_60' title='bbox 1915 740 2027 781; x_wconf 84' lang='lat' dir='ltr'><strong>ma-</strong></span> 
     </span>
    </p>
   </div>
   <div class='ocr_carea' id='block_1_8' title="bbox 425 825 2024 904">
    <p class='ocr_par' dir='ltr' id='par_1_8' title="bbox 425 825 2024 904">
     <span class='ocr_line' id='line_1_9' title="bbox 425 825 2024 904; baseline -0.018 -3"><span class='ocrx_word' id='word_1_61' title='bbox 425 847 544 901; x_wconf 90' lang='lat' dir='ltr'><strong>litia</strong></span> <span class='ocrx_word' id='word_1_62' title='bbox 585 843 772 900; x_wconf 83' lang='lat' dir='ltr'><strong>saeculi</strong></span> <span class='ocrx_word' id='word_1_63' title='bbox 818 848 1032 895; x_wconf 85' lang='lat' dir='ltr'><strong>mutare</strong></span> <span class='ocrx_word' id='word_1_64' title='bbox 1064 851 1170 890; x_wconf 90' lang='lat' dir='ltr'><strong>non</strong></span> <span class='ocrx_word' id='word_1_65' title='bbox 1202 839 1419 904; x_wconf 75' lang='lat' dir='ltr'><strong>poterat</strong></span> <span class='ocrx_word' id='word_1_66' title='bbox 1441 870 1457 897; x_wconf 95' lang='lat'><strong>,</strong></span> <span class='ocrx_word' id='word_1_67' title='bbox 1487 843 1555 884; x_wconf 92' lang='lat' dir='ltr'><strong>eo</strong></span> <span class='ocrx_word' id='word_1_68' title='bbox 1582 825 1724 882; x_wconf 90' lang='lat' dir='ltr'><strong>unde</strong></span> <span class='ocrx_word' id='word_1_69' title='bbox 1755 826 1986 878; x_wconf 80' lang='lat' dir='ltr'><strong>venerat</strong></span> <span class='ocrx_word' id='word_1_70' title='bbox 2010 857 2024 882; x_wconf 93' lang='lat'><strong>,</strong></span> 
     </span>
    </p>
   </div>
   <div class='ocr_carea' id='block_1_9' title="bbox 427 903 2030 1002">
    <p class='ocr_par' dir='ltr' id='par_1_9' title="bbox 427 903 2030 1002">
     <span class='ocr_line' id='line_1_10' title="bbox 427 903 2030 1002; baseline -0.018 -8"><span class='ocrx_word' id='word_1_71' title='bbox 427 950 636 994; x_wconf 82' lang='lat' dir='ltr'><strong>naturae</strong></span> <span class='ocrx_word' id='word_1_72' title='bbox 665 951 780 992; x_wconf 85' lang='lat' dir='ltr'><strong>suae</strong></span> <span class='ocrx_word' id='word_1_73' title='bbox 811 932 1102 1002; x_wconf 85' lang='lat' dir='ltr'><strong>majestate</strong></span> <span class='ocrx_word' id='word_1_74' title='bbox 1129 903 1416 983; x_wconf 81' lang='lat' dir='ltr'><strong>remeavit.</strong></span> <span class='ocrx_word' id='word_1_75' title='bbox 1449 922 1657 978; x_wconf 89' lang='lat' dir='ltr'><strong>Siletur</strong></span> <span class='ocrx_word' id='word_1_76' title='bbox 1689 930 1824 973; x_wconf 86' lang='lat' dir='ltr'><strong>sane</strong></span> <span class='ocrx_word' id='word_1_77' title='bbox 1857 903 2030 984; x_wconf 78' lang='lat' dir='ltr'><strong>parri-</strong></span> 
     </span>
    </p>
   </div>
   <div class='ocr_carea' id='block_1_10' title="bbox 425 1004 2029 1095">
    <p class='ocr_par' dir='ltr' id='par_1_10' title="bbox 425 1004 2029 1095">
     <span class='ocr_line' id='line_1_11' title="bbox 425 1004 2029 1095; baseline -0.017 -8"><span class='ocrx_word' id='word_1_78' title='bbox 425 1031 549 1087; x_wconf 89' lang='lat' dir='ltr'><strong>cida</strong></span> <span class='ocrx_word' id='word_1_79' title='bbox 576 1029 762 1085; x_wconf 80' lang='lat' dir='ltr'><strong>fratris</strong></span> <span class='ocrx_word' id='word_1_80' title='bbox 786 1043 803 1093; x_wconf 86' lang='lat'><strong>;</strong></span> <span class='ocrx_word' id='word_1_81' title='bbox 829 1039 1007 1095; x_wconf 89' lang='lat' dir='ltr'><strong>neque</strong></span> <span class='ocrx_word' id='word_1_82' title='bbox 1027 1021 1173 1077; x_wconf 89' lang='lat' dir='ltr'><strong>enim</strong></span> <span class='ocrx_word' id='word_1_83' title='bbox 1205 1015 1531 1074; x_wconf 88' lang='lat' dir='ltr'><strong>rationabile</strong></span> <span class='ocrx_word' id='word_1_84' title='bbox 1553 1019 1672 1068; x_wconf 87' lang='lat' dir='ltr'><strong>erat</strong></span> <span class='ocrx_word' id='word_1_85' title='bbox 1698 1020 1756 1064; x_wconf 92' lang='lat' dir='ltr'><strong>ut</strong></span> <span class='ocrx_word' id='word_1_86' title='bbox 1777 1023 1904 1064; x_wconf 91' lang='lat' dir='ltr'><strong>eum</strong></span> <span class='ocrx_word' id='word_1_87' title='bbox 1936 1004 2029 1075; x_wconf 88' lang='lat' dir='ltr'><strong>qui</strong></span> 
     </span>
    </p>
   </div>
   <div class='ocr_carea' id='block_1_11' title="bbox 427 1100 2032 1196">
    <p class='ocr_par' dir='ltr' id='par_1_11' title="bbox 427 1100 2032 1196">
     <span class='ocr_line' id='line_1_12' title="bbox 427 1100 2032 1196; baseline -0.019 -14"><span class='ocrx_word' id='word_1_88' title='bbox 427 1129 780 1196; x_wconf 83' lang='lat' dir='ltr'><strong>percusserat</strong></span> <span class='ocrx_word' id='word_1_89' title='bbox 810 1118 1037 1174; x_wconf 79' lang='lat' dir='ltr'><strong>fratrem</strong></span> <span class='ocrx_word' id='word_1_90' title='bbox 1062 1111 1218 1186; x_wconf 85' lang='lat' dir='ltr'><strong>(Gen.</strong></span> <span class='ocrx_word' id='word_1_91' title='bbox 1248 1125 1328 1177; x_wconf 85' lang='lat' dir='ltr'><strong>tv,</strong></span> <span class='ocrx_word' id='word_1_92' title='bbox 1364 1106 1456 1180; x_wconf 84' lang='lat'><strong>8),</strong></span> <span class='ocrx_word' id='word_1_93' title='bbox 1491 1107 1634 1180; x_wconf 88' lang='lat' dir='ltr'><strong>inter</strong></span> <span class='ocrx_word' id='word_1_94' title='bbox 1685 1100 1898 1157; x_wconf 88' lang='lat' dir='ltr'><strong>Domini</strong></span> <span class='ocrx_word' id='word_1_95' title='bbox 1928 1113 2032 1153; x_wconf 89' lang='lat' dir='ltr'><strong>nu-</strong></span> 
     </span>
    </p>
   </div>
   <div class='ocr_carea' id='block_1_12' title="bbox 431 1194 2034 1274">
    <p class='ocr_par' dir='ltr' id='par_1_12' title="bbox 431 1194 2034 1274">
     <span class='ocr_line' id='line_1_13' title="bbox 431 1194 2034 1274; baseline -0.017 -1"><span class='ocrx_word' id='word_1_96' title='bbox 431 1224 672 1273; x_wconf 88' lang='lat' dir='ltr'><strong>meraret</strong></span> <span class='ocrx_word' id='word_1_97' title='bbox 695 1217 988 1274; x_wconf 82' lang='lat' dir='ltr'><strong>auctores;</strong></span> <span class='ocrx_word' id='word_1_98' title='bbox 1019 1221 1145 1264; x_wconf 92' lang='lat' dir='ltr'><strong>cum</strong></span> <span class='ocrx_word' id='word_1_99' title='bbox 1176 1202 1428 1259; x_wconf 89' lang='lat' dir='ltr'><strong>servulos</strong></span> <span class='ocrx_word' id='word_1_100' title='bbox 1452 1199 1560 1254; x_wconf 90' lang='lat' dir='ltr'><strong>istc</strong></span> <span class='ocrx_word' id='word_1_101' title='bbox 1587 1194 1887 1252; x_wconf 78' lang='lat' dir='ltr'><strong>servaverit</strong></span> <span class='ocrx_word' id='word_1_102' title='bbox 1913 1231 1928 1258; x_wconf 91' lang='lat'><strong>,</strong></span> <span class='ocrx_word' id='word_1_103' title='bbox 1973 1197 2034 1246; x_wconf 90' lang='lat' dir='ltr'><strong>ut</strong></span> 
     </span>
    </p>
   </div>
   <div class='ocr_carea' id='block_1_13' title="bbox 429 1275 2034 1366">
    <p class='ocr_par' dir='ltr' id='par_1_13' title="bbox 429 1275 2034 1366">
     <span class='ocr_line' id='line_1_14' title="bbox 429 1275 2034 1366; baseline -0.016 -2"><span class='ocrx_word' id='word_1_104' title='bbox 429 1309 654 1366; x_wconf 83' lang='lat' dir='ltr'><strong>fraterni</strong></span> <span class='ocrx_word' id='word_1_105' title='bbox 682 1321 780 1361; x_wconf 89' lang='lat' dir='ltr'><strong>eos</strong></span> <span class='ocrx_word' id='word_1_106' title='bbox 805 1303 1039 1359; x_wconf 89' lang='lat' dir='ltr'><strong>nominis</strong></span> <span class='ocrx_word' id='word_1_107' title='bbox 1063 1301 1271 1353; x_wconf 86' lang='lat' dir='ltr'><strong>honore</strong></span> <span class='ocrx_word' id='word_1_108' title='bbox 1296 1295 1324 1334; x_wconf 70' lang='grc' dir='ltr'>ι)</span> <span class='ocrx_word' id='word_1_109' title='bbox 1347 1294 1583 1350; x_wconf 85' lang='lat' dir='ltr'><strong>donaret</strong></span> <span class='ocrx_word' id='word_1_110' title='bbox 1607 1307 1620 1344; x_wconf 89' lang='lat'><strong>:</strong></span> <span class='ocrx_word' id='word_1_111' title='bbox 1655 1290 1759 1344; x_wconf 88' lang='lat' dir='ltr'><strong>iste</strong></span> <span class='ocrx_word' id='word_1_112' title='bbox 1782 1301 1889 1342; x_wconf 91' lang='lat' dir='ltr'><strong>non</strong></span> <span class='ocrx_word' id='word_1_113' title='bbox 1913 1275 2034 1341; x_wconf 0' lang='lat' dir='ltr'><strong>(ser-</strong></span> 
     </span>
    </p>
   </div>
   <div class='ocr_carea' id='block_1_14' title="bbox 433 1381 2031 1467">
    <p class='ocr_par' dir='ltr' id='par_1_14' title="bbox 433 1381 2031 1467">
     <span class='ocr_line' id='line_1_15' title="bbox 433 1381 2031 1467; baseline -0.018 -7"><span class='ocrx_word' id='word_1_114' title='bbox 433 1405 663 1467; x_wconf 86' lang='lat' dir='ltr'><strong>vaverit,</strong></span> <span class='ocrx_word' id='word_1_115' title='bbox 690 1415 794 1455; x_wconf 90' lang='lat' dir='ltr'><strong>nec</strong></span> <span class='ocrx_word' id='word_1_116' title='bbox 821 1396 976 1454; x_wconf 85' lang='lat' dir='ltr'><strong>fratri</strong></span> <span class='ocrx_word' id='word_1_117' title='bbox 1006 1393 1334 1466; x_wconf 84' lang='lat' dir='ltr'><strong>pepercerit.</strong></span> <span class='ocrx_word' id='word_1_118' title='bbox 1366 1387 1472 1444; x_wconf 87' lang='lat' dir='ltr'><strong>Sed</strong></span> <span class='ocrx_word' id='word_1_119' title='bbox 1496 1399 1596 1439; x_wconf 89' lang='lat' dir='ltr'><strong>nec</strong></span> <span class='ocrx_word' id='word_1_120' title='bbox 1619 1382 1752 1437; x_wconf 91' lang='lat' dir='ltr'><strong>illud</strong></span> <span class='ocrx_word' id='word_1_121' title='bbox 1773 1381 2031 1444; x_wconf 91' lang='lat' dir='ltr'><strong>otiosum,</strong></span> 
     </span>
    </p>
   </div>
   <div class='ocr_carea' id='block_1_15' title="bbox 429 1474 2033 1567">
    <p class='ocr_par' dir='ltr' id='par_1_15' title="bbox 429 1474 2033 1567">
     <span class='ocr_line' id='line_1_16' title="bbox 429 1474 2033 1567; baseline -0.018 -16"><span class='ocrx_word' id='word_1_122' title='bbox 429 1494 576 1567; x_wconf 87' lang='lat' dir='ltr'><strong>quod</strong></span> <span class='ocrx_word' id='word_1_123' title='bbox 607 1492 737 1550; x_wconf 87' lang='lat' dir='ltr'><strong>Seth</strong></span> <span class='ocrx_word' id='word_1_124' title='bbox 790 1489 1098 1559; x_wconf 79' lang='lat' dir='ltr'><strong>praeteritus</strong></span> <span class='ocrx_word' id='word_1_125' title='bbox 1148 1501 1256 1541; x_wconf 91' lang='lat' dir='ltr'><strong>non</strong></span> <span class='ocrx_word' id='word_1_126' title='bbox 1297 1491 1380 1538; x_wconf 91' lang='lat' dir='ltr'><strong>est</strong></span> <span class='ocrx_word' id='word_1_127' title='bbox 1431 1478 1585 1548; x_wconf 84' lang='lat' dir='ltr'><strong>(Gen.</strong></span> <span class='ocrx_word' id='word_1_128' title='bbox 1632 1491 1690 1542; x_wconf 90' lang='lat' dir='ltr'><strong>v,</strong></span> <span class='ocrx_word' id='word_1_129' title='bbox 1738 1474 1819 1545; x_wconf 75' lang='grc'><strong>5),</strong></span> <span class='ocrx_word' id='word_1_130' title='bbox 1870 1485 2033 1541; x_wconf 89' lang='lat' dir='ltr'><strong>quem</strong></span> 
     </span>
    </p>
   </div>
   <div class='ocr_carea' id='block_1_16' title="bbox 430 1560 2038 1658">
    <p class='ocr_par' dir='ltr' id='par_1_16' title="bbox 430 1560 2038 1658">
     <span class='ocr_line' id='line_1_17' title="bbox 430 1560 2038 1658; baseline -0.018 -15"><span class='ocrx_word' id='word_1_131' title='bbox 430 1560 740 1658; x_wconf 76' lang='lat' dir='ltr'><strong>posteriore</strong></span> <span class='ocrx_word' id='word_1_132' title='bbox 757 1581 930 1636; x_wconf 83' lang='lat' dir='ltr'><strong>Adam</strong></span> <span class='ocrx_word' id='word_1_133' title='bbox 962 1579 1318 1650; x_wconf 80' lang='lat' dir='ltr'><strong>generatione</strong></span> <span class='ocrx_word' id='word_1_134' title='bbox 1349 1571 1631 1640; x_wconf 86' lang='lat' dir='ltr'><strong>suscepit;</strong></span> <span class='ocrx_word' id='word_1_135' title='bbox 1672 1574 1732 1620; x_wconf 93' lang='lat' dir='ltr'><strong>ut</strong></span> <span class='ocrx_word' id='word_1_136' title='bbox 1761 1579 1883 1620; x_wconf 91' lang='lat' dir='ltr'><strong>cum</strong></span> <span class='ocrx_word' id='word_1_137' title='bbox 1914 1560 2038 1616; x_wconf 84' lang='lat' dir='ltr'><strong>duae</strong></span> 
     </span>
    </p>
   </div>
   <div class='ocr_carea' id='block_1_17' title="bbox 427 1653 2041 1749">
    <p class='ocr_par' dir='ltr' id='par_1_17' title="bbox 427 1653 2041 1749">
     <span class='ocr_line' id='line_1_18' title="bbox 427 1653 2041 1749; baseline -0.017 -14"><span class='ocrx_word' id='word_1_138' title='bbox 427 1653 540 1736; x_wconf 71' lang='lat' dir='ltr'><strong>sint</strong></span> <span class='ocrx_word' id='word_1_139' title='bbox 568 1676 756 1749; x_wconf 85' lang='lat' dir='ltr'><strong>populi</strong></span> <span class='ocrx_word' id='word_1_140' title='bbox 795 1671 1205 1745; x_wconf 77' lang='lat' dir='ltr'><strong>generationes,</strong></span> <span class='ocrx_word' id='word_1_141' title='bbox 1238 1669 1550 1738; x_wconf 83' lang='lat' dir='ltr'><strong>signaretur</strong></span> <span class='ocrx_word' id='word_1_142' title='bbox 1595 1661 1649 1716; x_wconf 91' lang='lat' dir='ltr'><strong>in</strong></span> <span class='ocrx_word' id='word_1_143' title='bbox 1682 1668 1813 1731; x_wconf 83' lang='lat' dir='ltr'><strong>typo</strong></span> <span class='ocrx_word' id='word_1_144' title='bbox 1853 1653 2041 1710; x_wconf 89' lang='lat' dir='ltr'><strong>Domi-</strong></span> 
     </span>
    </p>
   </div>
   <div class='ocr_carea' id='block_1_18' title="bbox 433 1746 2041 1831">
    <p class='ocr_par' dir='ltr' id='par_1_18' title="bbox 433 1746 2041 1831">
     <span class='ocr_line' id='line_1_19' title="bbox 433 1746 2041 1831; baseline -0.018 -3"><span class='ocrx_word' id='word_1_145' title='bbox 433 1746 772 1831; x_wconf 20' lang='lat' dir='ltr'><strong>num&#39;Je—sutn</strong></span> <span class='ocrx_word' id='word_1_146' title='bbox 790 1765 1066 1822; x_wconf 89' lang='lat' dir='ltr'><strong>Christum</strong></span> <span class='ocrx_word' id='word_1_147' title='bbox 1097 1763 1148 1817; x_wconf 94' lang='lat' dir='ltr'><strong>in</strong></span> <span class='ocrx_word' id='word_1_148' title='bbox 1184 1759 1488 1830; x_wconf 86' lang='lat' dir='ltr'><strong>posteriore</strong></span> <span class='ocrx_word' id='word_1_149' title='bbox 1512 1754 1693 1825; x_wconf 92' lang='lat' dir='ltr'><strong>potius</strong></span> <span class='ocrx_word' id='word_1_150' title='bbox 1712 1763 1876 1820; x_wconf 89' lang='lat' dir='ltr'><strong>quam</strong></span> <span class='ocrx_word' id='word_1_151' title='bbox 1897 1746 2041 1816; x_wconf 88' lang='lat' dir='ltr'><strong>prio-</strong></span> 
     </span>
    </p>
   </div>
   <div class='ocr_carea' id='block_1_19' title="bbox 433 1856 1325 1934">
    <p class='ocr_par' dir='ltr' id='par_1_19' title="bbox 433 1856 1325 1934">
     <span class='ocr_line' id='line_1_20' title="bbox 433 1856 1325 1934; baseline -0.02 -10"><span class='ocrx_word' id='word_1_152' title='bbox 433 1879 495 1924; x_wconf 88' lang='lat' dir='ltr'><strong>re</strong></span> <span class='ocrx_word' id='word_1_153' title='bbox 521 1863 874 1934; x_wconf 77' lang='lat' dir='ltr'><strong>generatione</strong></span> <span class='ocrx_word' id='word_1_154' title='bbox 906 1856 1325 1912; x_wconf 89' lang='lat' dir='ltr'><strong>numerandum.</strong></span> 
     </span>
    </p>
   </div>
   <div class='ocr_carea' id='block_1_20' title="bbox 506 1931 2042 2020">
    <p class='ocr_par' dir='ltr' id='par_1_20' title="bbox 506 1931 2042 2020">
     <span class='ocr_line' id='line_1_21' title="bbox 506 1931 2042 2020; baseline -0.016 -12"><span class='ocrx_word' id='word_1_155' title='bbox 506 1931 594 2011; x_wconf 45' lang='lat'><strong>4—9.</strong></span> <span class='ocrx_word' id='word_1_156' title='bbox 633 1953 755 2010; x_wconf 84' lang='lat' dir='ltr'><strong>Jam</strong></span> <span class='ocrx_word' id='word_1_157' title='bbox 782 1951 850 2007; x_wconf 88' lang='lat' dir='ltr'><strong>de</strong></span> <span class='ocrx_word' id='word_1_158' title='bbox 876 1951 993 2020; x_wconf 91' lang='lat' dir='ltr'><strong>ipso</strong></span> <span class='ocrx_word' id='word_1_159' title='bbox 1020 1947 1194 2005; x_wconf 85' lang='lat' dir='ltr'><strong>Adam</strong></span> <span class='ocrx_word' id='word_1_160' title='bbox 1225 1945 1315 2016; x_wconf 90' lang='lat' dir='ltr'><strong>qui</strong></span> <span class='ocrx_word' id='word_1_161' title='bbox 1341 1943 1497 2014; x_wconf 71' lang='lat' dir='ltr'><strong>juxta</strong></span> <span class='ocrx_word' id='word_1_162' title='bbox 1519 1935 1837 2009; x_wconf 76' lang='lat' dir='ltr'><strong>Apostolurn</strong></span> <span class='ocrx_word' id='word_1_163' title='bbox 1861 1931 2042 2006; x_wconf 89' lang='lat' dir='ltr'><strong>(Rom.</strong></span> 
     </span>
    </p>
   </div>
   <div class='ocr_carea' id='block_1_21' title="bbox 433 2024 2049 2117">
    <p class='ocr_par' dir='ltr' id='par_1_21' title="bbox 433 2024 2049 2117">
     <span class='ocr_line' id='line_1_22' title="bbox 433 2024 2049 2117; baseline -0.017 -14"><span class='ocrx_word' id='word_1_164' title='bbox 433 2064 486 2103; x_wconf 74' lang='grc' dir='ltr'><strong>ν.</strong></span> <span class='ocrx_word' id='word_1_165' title='bbox 519 2046 610 2117; x_wconf 75' lang='lat' dir='ltr'><strong>M)</strong></span> <span class='ocrx_word' id='word_1_166' title='bbox 639 2047 865 2116; x_wconf 89' lang='lat' dir='ltr'><strong>ﬁguram</strong></span> <span class='ocrx_word' id='word_1_167' title='bbox 895 2041 1107 2111; x_wconf 79' lang='lat' dir='ltr'><strong>accepit</strong></span> <span class='ocrx_word' id='word_1_168' title='bbox 1153 2038 1378 2102; x_wconf 85' lang='lat' dir='ltr'><strong>Christi,</strong></span> <span class='ocrx_word' id='word_1_169' title='bbox 1407 2032 1536 2104; x_wconf 91' lang='lat' dir='ltr'><strong>quid</strong></span> <span class='ocrx_word' id='word_1_170' title='bbox 1569 2029 1850 2101; x_wconf 88' lang='lat' dir='ltr'><strong>pulchrius</strong></span> <span class='ocrx_word' id='word_1_171' title='bbox 1874 2024 2049 2096; x_wconf 89' lang='lat' dir='ltr'><strong>potuit</strong></span> 
     </span>
    </p>
   </div>
   <div class='ocr_carea' id='block_1_22' title="bbox 434 2117 2048 2206">
    <p class='ocr_par' dir='ltr' id='par_1_22' title="bbox 434 2117 2048 2206">
     <span class='ocr_line' id='line_1_23' title="bbox 434 2117 2048 2206; baseline -0.015 -10"><span class='ocrx_word' id='word_1_172' title='bbox 434 2139 754 2204; x_wconf 88' lang='lat' dir='ltr'><strong>convenire,</strong></span> <span class='ocrx_word' id='word_1_173' title='bbox 782 2151 942 2206; x_wconf 82' lang='lat' dir='ltr'><strong>quam</strong></span> <span class='ocrx_word' id='word_1_174' title='bbox 971 2145 1026 2189; x_wconf 90' lang='lat' dir='ltr'><strong>ut</strong></span> <span class='ocrx_word' id='word_1_175' title='bbox 1053 2139 1398 2189; x_wconf 88' lang='lat' dir='ltr'><strong>sacrosancta</strong></span> <span class='ocrx_word' id='word_1_176' title='bbox 1426 2123 1709 2197; x_wconf 76' lang='lat' dir='ltr'><strong>generatio</strong></span> <span class='ocrx_word' id='word_1_177' title='bbox 1730 2138 1756 2175; x_wconf 92' lang='lat' dir='ltr'><strong>a</strong></span> <span class='ocrx_word' id='word_1_178' title='bbox 1782 2121 1877 2175; x_wconf 88' lang='lat' dir='ltr'><strong>Dei</strong></span> <span class='ocrx_word' id='word_1_179' title='bbox 1914 2117 2048 2174; x_wconf 84' lang='lat' dir='ltr'><strong>Filio</strong></span> 
     </span>
    </p>
   </div>
   <div class='ocr_carea' id='block_1_23' title="bbox 435 2221 2046 2303">
    <p class='ocr_par' dir='ltr' id='par_1_23' title="bbox 435 2221 2046 2303">
     <span class='ocr_line' id='line_1_24' title="bbox 435 2221 2046 2303; baseline -0.016 -11"><span class='ocrx_word' id='word_1_180' title='bbox 435 2234 726 2303; x_wconf 76' lang='lat' dir='ltr'><strong>inciperet,</strong></span> <span class='ocrx_word' id='word_1_181' title='bbox 754 2241 810 2286; x_wconf 90' lang='lat' dir='ltr'><strong>et</strong></span> <span class='ocrx_word' id='word_1_182' title='bbox 830 2243 1000 2292; x_wconf 83' lang='lat' dir='ltr'><strong>usque</strong></span> <span class='ocrx_word' id='word_1_183' title='bbox 1021 2227 1085 2282; x_wconf 92' lang='lat' dir='ltr'><strong>ad</strong></span> <span class='ocrx_word' id='word_1_184' title='bbox 1111 2226 1205 2280; x_wconf 90' lang='lat' dir='ltr'><strong>Dei</strong></span> <span class='ocrx_word' id='word_1_185' title='bbox 1240 2223 1432 2279; x_wconf 86' lang='lat' dir='ltr'><strong>Filium</strong></span> <span class='ocrx_word' id='word_1_186' title='bbox 1454 2221 1816 2276; x_wconf 88' lang='lat' dir='ltr'><strong>deduceretur</strong></span> <span class='ocrx_word' id='word_1_187' title='bbox 1845 2232 1859 2269; x_wconf 91' lang='lat'><strong>:</strong></span> <span class='ocrx_word' id='word_1_188' title='bbox 1891 2228 2046 2268; x_wconf 87' lang='lat' dir='ltr'><strong>crea-</strong></span> 
     </span>
    </p>
   </div>
   <div class='ocr_carea' id='block_1_24' title="bbox 434 2309 2048 2393">
    <p class='ocr_par' dir='ltr' id='par_1_24' title="bbox 434 2309 2048 2393">
     <span class='ocr_line' id='line_1_25' title="bbox 434 2309 2048 2393; baseline -0.012 -14"><span class='ocrx_word' id='word_1_189' title='bbox 434 2332 629 2393; x_wconf 87' lang='lat' dir='ltr'><strong>tusque</strong></span> <span class='ocrx_word' id='word_1_190' title='bbox 652 2320 988 2392; x_wconf 79' lang='lat' dir='ltr'><strong>praecederet</strong></span> <span class='ocrx_word' id='word_1_191' title='bbox 1018 2319 1070 2374; x_wconf 93' lang='lat' dir='ltr'><strong>in</strong></span> <span class='ocrx_word' id='word_1_192' title='bbox 1101 2318 1291 2388; x_wconf 87' lang='lat' dir='ltr'><strong>ligttra,</strong></span> <span class='ocrx_word' id='word_1_193' title='bbox 1323 2327 1378 2369; x_wconf 94' lang='lat' dir='ltr'><strong>ut</strong></span> <span class='ocrx_word' id='word_1_194' title='bbox 1427 2323 1586 2368; x_wconf 88' lang='lat' dir='ltr'><strong>natus</strong></span> <span class='ocrx_word' id='word_1_195' title='bbox 1617 2312 1668 2365; x_wconf 94' lang='lat' dir='ltr'><strong>in</strong></span> <span class='ocrx_word' id='word_1_196' title='bbox 1701 2309 1934 2364; x_wconf 85' lang='lat' dir='ltr'><strong>veritate</strong></span> <span class='ocrx_word' id='word_1_197' title='bbox 1964 2319 2048 2360; x_wconf 84' lang='lat' dir='ltr'><strong>se-</strong></span> 
     </span>
    </p>
   </div>
   <div class='ocr_carea' id='block_1_25' title="bbox 430 2400 2045 2488">
    <p class='ocr_par' dir='ltr' id='par_1_25' title="bbox 430 2400 2045 2488">
     <span class='ocr_line' id='line_1_26' title="bbox 430 2400 2045 2488; baseline -0.011 -19"><span class='ocrx_word' id='word_1_198' title='bbox 430 2425 695 2488; x_wconf 87' lang='lat' dir='ltr'><strong>queretur</strong></span> <span class='ocrx_word' id='word_1_199' title='bbox 725 2432 738 2467; x_wconf 87' lang='lat'><strong>:</strong></span> <span class='ocrx_word' id='word_1_200' title='bbox 767 2413 835 2470; x_wconf 87' lang='lat' dir='ltr'><strong>ad</strong></span> <span class='ocrx_word' id='word_1_201' title='bbox 884 2411 1174 2482; x_wconf 81' lang='lat' dir='ltr'><strong>imaginem</strong></span> <span class='ocrx_word' id='word_1_202' title='bbox 1228 2409 1402 2464; x_wconf 87' lang='lat' dir='ltr'><strong>factus</strong></span> <span class='ocrx_word' id='word_1_203' title='bbox 1428 2404 1584 2478; x_wconf 81' lang='lat' dir='ltr'><strong>(Gen.</strong></span> <span class='ocrx_word' id='word_1_204' title='bbox 1613 2421 1653 2470; x_wconf 93' lang='lat' dir='ltr'><strong>t,</strong></span> <span class='ocrx_word' id='word_1_205' title='bbox 1675 2401 1771 2470; x_wconf 66' lang='lat'><strong>97)</strong></span> <span class='ocrx_word' id='word_1_206' title='bbox 1803 2400 2045 2471; x_wconf 80' lang='lat' dir='ltr'><strong>praeiret,</strong></span> 
     </span>
    </p>
   </div>
   <div class='ocr_carea' id='block_1_26' title="bbox 439 2495 2051 2581">
    <p class='ocr_par' dir='ltr' id='par_1_26' title="bbox 439 2495 2051 2581">
     <span class='ocr_line' id='line_1_27' title="bbox 439 2495 2051 2581; baseline -0.014 -14"><span class='ocrx_word' id='word_1_207' title='bbox 439 2519 662 2581; x_wconf 88' lang='lat' dir='ltr'><strong>propter</strong></span> <span class='ocrx_word' id='word_1_208' title='bbox 707 2523 868 2578; x_wconf 91' lang='lat' dir='ltr'><strong>quem</strong></span> <span class='ocrx_word' id='word_1_209' title='bbox 901 2507 992 2562; x_wconf 90' lang='lat' dir='ltr'><strong>Dei</strong></span> <span class='ocrx_word' id='word_1_210' title='bbox 1026 2506 1203 2576; x_wconf 81' lang='lat' dir='ltr'><strong>imago</strong></span> <span class='ocrx_word' id='word_1_211' title='bbox 1231 2496 1632 2558; x_wconf 78' lang='lat' dir='ltr'><strong>descenderet?</strong></span> <span class='ocrx_word' id='word_1_212' title='bbox 1660 2496 1725 2550; x_wconf 82' lang='lat' dir='ltr'><strong>Et</strong></span> <span class='ocrx_word' id='word_1_213' title='bbox 1753 2495 1797 2549; x_wconf 94' lang='lat' dir='ltr'><strong>si</strong></span> <span class='ocrx_word' id='word_1_214' title='bbox 1848 2499 2051 2562; x_wconf 84' lang='lat' dir='ltr'><strong>myste-</strong></span> 
     </span>
    </p>
   </div>
   <div class='ocr_carea' id='block_1_27' title="bbox 432 2581 2051 2671">
    <p class='ocr_par' dir='ltr' id='par_1_27' title="bbox 432 2581 2051 2671">
     <span class='ocr_line' id='line_1_28' title="bbox 432 2581 2051 2671; baseline -0.015 -11"><span class='ocrx_word' id='word_1_215' title='bbox 432 2603 572 2660; x_wconf 89' lang='lat' dir='ltr'><strong>rium</strong></span> <span class='ocrx_word' id='word_1_216' title='bbox 596 2601 758 2671; x_wconf 89' lang='lat' dir='ltr'><strong>primi</strong></span> <span class='ocrx_word' id='word_1_217' title='bbox 778 2600 1134 2656; x_wconf 87' lang='lat' dir='ltr'><strong>discutiamus</strong></span> <span class='ocrx_word' id='word_1_218' title='bbox 1155 2597 1382 2661; x_wconf 90' lang='lat' dir='ltr'><strong>erroris,</strong></span> <span class='ocrx_word' id='word_1_219' title='bbox 1414 2593 1618 2665; x_wconf 86' lang='lat' dir='ltr'><strong>lignum</strong></span> <span class='ocrx_word' id='word_1_220' title='bbox 1646 2587 1893 2644; x_wconf 85' lang='lat' dir='ltr'><strong>scientiae</strong></span> <span class='ocrx_word' id='word_1_221' title='bbox 1922 2581 2051 2639; x_wconf 89' lang='lat' dir='ltr'><strong>boni</strong></span> 
     </span>
    </p>
   </div>
   <div class='ocr_carea' id='block_1_28' title="bbox 437 2676 2052 2759">
    <p class='ocr_par' dir='ltr' id='par_1_28' title="bbox 437 2676 2052 2759">
     <span class='ocr_line' id='line_1_29' title="bbox 437 2676 2052 2759; baseline -0.014 -8"><span class='ocrx_word' id='word_1_222' title='bbox 437 2704 494 2752; x_wconf 92' lang='lat' dir='ltr'><strong>et</strong></span> <span class='ocrx_word' id='word_1_223' title='bbox 519 2693 671 2759; x_wconf 88' lang='lat' dir='ltr'><strong>mali,</strong></span> <span class='ocrx_word' id='word_1_224' title='bbox 698 2693 920 2748; x_wconf 83' lang='lat' dir='ltr'><strong>fallente</strong></span> <span class='ocrx_word' id='word_1_225' title='bbox 949 2690 1190 2754; x_wconf 84' lang='lat' dir='ltr'><strong>diabolo,</strong></span> <span class='ocrx_word' id='word_1_226' title='bbox 1221 2689 1330 2743; x_wconf 88' lang='lat' dir='ltr'><strong>Eva</strong></span> <span class='ocrx_word' id='word_1_227' title='bbox 1362 2685 1654 2749; x_wconf 87' lang='lat' dir='ltr'><strong>suadente,</strong></span> <span class='ocrx_word' id='word_1_228' title='bbox 1697 2680 1790 2736; x_wconf 90' lang='lat' dir='ltr'><strong>ille</strong></span> <span class='ocrx_word' id='word_1_229' title='bbox 1815 2676 2052 2749; x_wconf 75' lang='lat' dir='ltr'><strong>gustavit</strong></span> 
     </span>
    </p>
   </div>
   <div class='ocr_carea' id='block_1_29' title="bbox 436 2771 2050 2861">
    <p class='ocr_par' dir='ltr' id='par_1_29' title="bbox 436 2771 2050 2861">
     <span class='ocr_line' id='line_1_30' title="bbox 436 2771 2050 2861; baseline -0.011 -19"><span class='ocrx_word' id='word_1_230' title='bbox 436 2788 596 2861; x_wconf 79' lang='lat' dir='ltr'><strong>(Gen.</strong></span> <span class='ocrx_word' id='word_1_231' title='bbox 629 2801 710 2851; x_wconf 85' lang='grc' dir='ltr'>ιιι,</span> <span class='ocrx_word' id='word_1_232' title='bbox 740 2786 794 2856; x_wconf 89' lang='grc'>6)</span> <span class='ocrx_word' id='word_1_233' title='bbox 821 2804 835 2852; x_wconf 86' lang='lat'><strong>;</strong></span> <span class='ocrx_word' id='word_1_234' title='bbox 883 2794 941 2839; x_wconf 89' lang='lat' dir='ltr'><strong>ut</strong></span> <span class='ocrx_word' id='word_1_235' title='bbox 964 2785 1070 2840; x_wconf 88' lang='lat' dir='ltr'><strong>iste</strong></span> <span class='ocrx_word' id='word_1_236' title='bbox 1097 2782 1255 2838; x_wconf 90' lang='lat' dir='ltr'><strong>nobis</strong></span> <span class='ocrx_word' id='word_1_237' title='bbox 1279 2781 1593 2851; x_wconf 86' lang='lat' dir='ltr'><strong>priusquam</strong></span> <span class='ocrx_word' id='word_1_238' title='bbox 1624 2775 1792 2831; x_wconf 84' lang='lat' dir='ltr'><strong>sciret</strong></span> <span class='ocrx_word' id='word_1_239' title='bbox 1821 2771 2050 2838; x_wconf 88' lang='lat' dir='ltr'><strong>malum,</strong></span> 
     </span>
    </p>
   </div>
   <div class='ocr_carea' id='block_1_30' title="bbox 437 2863 2051 2948">
    <p class='ocr_par' dir='ltr' id='par_1_30' title="bbox 437 2863 2051 2948">
     <span class='ocr_line' id='line_1_31' title="bbox 437 2863 2051 2948; baseline -0.011 -13"><span class='ocrx_word' id='word_1_240' title='bbox 437 2881 665 2948; x_wconf 85' lang='lat' dir='ltr'><strong>eligeret</strong></span> <span class='ocrx_word' id='word_1_241' title='bbox 696 2877 921 2944; x_wconf 87' lang='lat' dir='ltr'><strong>bonum,</strong></span> <span class='ocrx_word' id='word_1_242' title='bbox 953 2877 1168 2946; x_wconf 88' lang='lat' dir='ltr'><strong>dirique</strong></span> <span class='ocrx_word' id='word_1_243' title='bbox 1198 2873 1470 2943; x_wconf 88' lang='lat' dir='ltr'><strong>serpentis</strong></span> <span class='ocrx_word' id='word_1_244' title='bbox 1525 2869 1752 2946; x_wconf 84' lang='lat' dir='ltr'><strong>insidias</strong></span> <span class='ocrx_word' id='word_1_245' title='bbox 1801 2863 2051 2921; x_wconf 85' lang='lat' dir='ltr'><strong>Ecclesia</strong></span> 
     </span>
    </p>
   </div>
   <div class='ocr_carea' id='block_1_31' title="bbox 441 2943 2054 3035">
    <p class='ocr_par' dir='ltr' id='par_1_31' title="bbox 441 2943 2054 3035">
     <span class='ocr_line' id='line_1_32' title="bbox 441 2943 2054 3035; baseline -0.012 -7"><span class='ocrx_word' id='word_1_246' title='bbox 441 2969 730 3033; x_wconf 86' lang='lat' dir='ltr'><strong>suadente,</strong></span> <span class='ocrx_word' id='word_1_247' title='bbox 757 2943 1250 3035; x_wconf 26' lang='lat' dir='ltr'><strong>evacuaretpjuxta</strong></span> <span class='ocrx_word' id='word_1_248' title='bbox 1279 2965 1421 3034; x_wconf 91' lang='lat' dir='ltr'><strong>quod</strong></span> <span class='ocrx_word' id='word_1_249' title='bbox 1475 2943 1741 3030; x_wconf 87' lang='lat' dir='ltr'><strong>scriptum</strong></span> <span class='ocrx_word' id='word_1_250' title='bbox 1764 2968 1848 3014; x_wconf 87' lang='lat' dir='ltr'><strong>est</strong></span> <span class='ocrx_word' id='word_1_251' title='bbox 1873 2974 1886 3012; x_wconf 88' lang='lat' dir='ltr'><strong>a</strong></span> <span class='ocrx_word' id='word_1_252' title='bbox 1915 2956 2054 3024; x_wconf 81' lang='lat' dir='ltr'><strong>Quo-</strong></span> 
     </span>
    </p>
   </div>
   <div class='ocr_carea' id='block_1_32' title="bbox 442 3050 2055 3131">
    <p class='ocr_par' dir='ltr' id='par_1_32' title="bbox 442 3050 2055 3131">
     <span class='ocr_line' id='line_1_33' title="bbox 442 3050 2055 3131; baseline -0.011 -13"><span class='ocrx_word' id='word_1_253' title='bbox 442 3064 584 3119; x_wconf 85' lang='lat' dir='ltr'><strong>niam</strong></span> <span class='ocrx_word' id='word_1_254' title='bbox 637 3060 937 3131; x_wconf 73' lang='lat' dir='ltr'><strong>priusquam</strong></span> <span class='ocrx_word' id='word_1_255' title='bbox 985 3058 1112 3113; x_wconf 80' lang='lat' dir='ltr'><strong>sciat</strong></span> <span class='ocrx_word' id='word_1_256' title='bbox 1145 3073 1273 3127; x_wconf 86' lang='lat' dir='ltr'><strong>puer</strong></span> <span class='ocrx_word' id='word_1_257' title='bbox 1322 3055 1512 3109; x_wconf 87' lang='lat' dir='ltr'><strong>bonum</strong></span> <span class='ocrx_word' id='word_1_258' title='bbox 1554 3064 1644 3106; x_wconf 85' lang='lat' dir='ltr'><strong>aut</strong></span> <span class='ocrx_word' id='word_1_259' title='bbox 1686 3050 1900 3116; x_wconf 85' lang='lat' dir='ltr'><strong>malum,</strong></span> <span class='ocrx_word' id='word_1_260' title='bbox 1951 3064 2055 3102; x_wconf 87' lang='lat' dir='ltr'><strong>non</strong></span> 
     </span>
    </p>
   </div>
   <div class='ocr_carea' id='block_1_33' title="bbox 446 3143 2051 3221">
    <p class='ocr_par' dir='ltr' id='par_1_33' title="bbox 446 3143 2051 3221">
     <span class='ocr_line' id='line_1_34' title="bbox 446 3143 2051 3221; baseline -0.014 -4"><span class='ocrx_word' id='word_1_261' title='bbox 446 3162 614 3217; x_wconf 82' lang='lat' dir='ltr'><strong>credet</strong></span> <span class='ocrx_word' id='word_1_262' title='bbox 649 3153 862 3209; x_wconf 68' lang='lat' dir='ltr'><strong>malitia</strong></span> <span class='ocrx_word' id='word_1_263' title='bbox 917 3163 971 3208; x_wconf 87' lang='lat' dir='ltr'><strong>ut</strong></span> <span class='ocrx_word' id='word_1_264' title='bbox 1021 3153 1179 3221; x_wconf 76' lang='lat' dir='ltr'><strong>eligat</strong></span> <span class='ocrx_word' id='word_1_265' title='bbox 1227 3149 1366 3220; x_wconf 84' lang='lat' dir='ltr'><strong>quod</strong></span> <span class='ocrx_word' id='word_1_266' title='bbox 1419 3150 1607 3202; x_wconf 85' lang='lat' dir='ltr'><strong>bonum</strong></span> <span class='ocrx_word' id='word_1_267' title='bbox 1642 3143 1916 3214; x_wconf 83' lang='lat' dir='ltr'><strong>est(Esai.</strong></span> <span class='ocrx_word' id='word_1_268' title='bbox 1954 3157 2051 3209; x_wconf 84' lang='lat' dir='ltr'><strong>vn,</strong></span> 
     </span>
    </p>
   </div>
   <div class='ocr_carea' id='block_1_34' title="bbox 2129 505 3730 606">
    <p class='ocr_par' dir='ltr' id='par_1_34' title="bbox 2129 505 3730 606">
     <span class='ocr_line' id='line_1_35' title="bbox 2129 505 3730 606; baseline -0.02 -17"><span class='ocrx_word' id='word_1_269' title='bbox 2129 534 2298 606; x_wconf 83' lang='lat' dir='ltr'><strong>(Esai.</strong></span> <span class='ocrx_word' id='word_1_270' title='bbox 2326 546 2438 596; x_wconf 85' lang='lat' dir='ltr'><strong>vnt,</strong></span> <span class='ocrx_word' id='word_1_271' title='bbox 2468 530 2546 598; x_wconf 67' lang='grc' dir='ltr'><strong>Δ).</strong></span> <span class='ocrx_word' id='word_1_272' title='bbox 2584 526 2682 581; x_wconf 90' lang='lat' dir='ltr'><strong>llic</strong></span> <span class='ocrx_word' id='word_1_273' title='bbox 2720 523 2867 580; x_wconf 91' lang='lat' dir='ltr'><strong>enim</strong></span> <span class='ocrx_word' id='word_1_274' title='bbox 2902 509 3003 576; x_wconf 16' lang='lat' dir='ltr'><strong>(est</strong></span> <span class='ocrx_word' id='word_1_275' title='bbox 3057 532 3189 588; x_wconf 90' lang='lat' dir='ltr'><strong>puer</strong></span> <span class='ocrx_word' id='word_1_276' title='bbox 3218 512 3373 582; x_wconf 84' lang='lat' dir='ltr'><strong>cujus</strong></span> <span class='ocrx_word' id='word_1_277' title='bbox 3403 505 3730 566; x_wconf 89' lang='lat' dir='ltr'><strong>incunabula</strong></span> 
     </span>
    </p>
   </div>
   <div class='ocr_carea' id='block_1_35' title="bbox 2128 594 3734 696">
    <p class='ocr_par' dir='ltr' id='par_1_35' title="bbox 2128 594 3734 696">
     <span class='ocr_line' id='line_1_36' title="bbox 2128 594 3734 696; baseline -0.022 -12"><span class='ocrx_word' id='word_1_278' title='bbox 2128 594 2267 696; x_wconf 56' lang='lat' dir='ltr'><strong>Magi</strong></span> <span class='ocrx_word' id='word_1_279' title='bbox 2297 594 2485 695; x_wconf 85' lang='lat' dir='ltr'><strong>spoliis</strong></span> <span class='ocrx_word' id='word_1_280' title='bbox 2507 594 2873 675; x_wconf 79' lang='lat' dir='ltr'><strong>orientalibus</strong></span> <span class='ocrx_word' id='word_1_281' title='bbox 2894 612 3233 668; x_wconf 87' lang='lat' dir='ltr'><strong>referserunt</strong></span> <span class='ocrx_word' id='word_1_282' title='bbox 3263 602 3479 677; x_wconf 81' lang='lat' dir='ltr'><strong>(Matth.</strong></span> <span class='ocrx_word' id='word_1_283' title='bbox 3513 616 3574 666; x_wconf 85' lang='lat' dir='ltr'><strong>II,</strong></span> <span class='ocrx_word' id='word_1_284' title='bbox 3609 594 3734 668; x_wconf 82' lang='lat' dir='ltr'><strong>ll);</strong></span> 
     </span>
    </p>
   </div>
   <div class='ocr_carea' id='block_1_36' title="bbox 2129 689 3738 787">
    <p class='ocr_par' dir='ltr' id='par_1_36' title="bbox 2129 689 3738 787">
     <span class='ocr_line' id='line_1_37' title="bbox 2129 689 3738 787; baseline -0.021 -14"><span class='ocrx_word' id='word_1_285' title='bbox 2129 718 2253 787; x_wconf 90' lang='lat' dir='ltr'><strong>quia</strong></span> <span class='ocrx_word' id='word_1_286' title='bbox 2277 731 2411 787; x_wconf 89' lang='lat' dir='ltr'><strong>gens</strong></span> <span class='ocrx_word' id='word_1_287' title='bbox 2434 721 2562 768; x_wconf 84' lang='lat' dir='ltr'><strong>ante</strong></span> <span class='ocrx_word' id='word_1_288' title='bbox 2588 709 2865 766; x_wconf 86' lang='lat' dir='ltr'><strong>Christum</strong></span> <span class='ocrx_word' id='word_1_289' title='bbox 2895 700 3196 765; x_wconf 88' lang='lat' dir='ltr'><strong>incredula,</strong></span> <span class='ocrx_word' id='word_1_290' title='bbox 3225 696 3294 752; x_wconf 91' lang='lat' dir='ltr'><strong>de</strong></span> <span class='ocrx_word' id='word_1_291' title='bbox 3318 692 3532 751; x_wconf 81' lang='lat' dir='ltr'><strong>exuviis</strong></span> <span class='ocrx_word' id='word_1_292' title='bbox 3560 689 3738 744; x_wconf 88' lang='lat' dir='ltr'><strong>idolo-</strong></span> 
     </span>
    </p>
   </div>
   <div class='ocr_carea' id='block_1_37' title="bbox 2130 783 3740 875">
    <p class='ocr_par' dir='ltr' id='par_1_37' title="bbox 2130 783 3740 875">
     <span class='ocr_line' id='line_1_38' title="bbox 2130 783 3740 875; baseline -0.016 -11"><span class='ocrx_word' id='word_1_293' title='bbox 2130 783 2528 875; x_wconf 33' lang='lat' dir='ltr'><strong>rum,vmutata</strong></span> <span class='ocrx_word' id='word_1_294' title='bbox 2577 803 2688 874; x_wconf 86' lang='lat' dir='ltr'><strong>jam</strong></span> <span class='ocrx_word' id='word_1_295' title='bbox 2745 799 2872 866; x_wconf 92' lang='lat' dir='ltr'><strong>ﬁde,</strong></span> <span class='ocrx_word' id='word_1_296' title='bbox 2923 793 3212 852; x_wconf 87' lang='lat' dir='ltr'><strong>manubias</strong></span> <span class='ocrx_word' id='word_1_297' title='bbox 3258 787 3457 846; x_wconf 86' lang='lat' dir='ltr'><strong>obtulit</strong></span> <span class='ocrx_word' id='word_1_298' title='bbox 3505 783 3740 842; x_wconf 89' lang='lat' dir='ltr'><strong>Domino</strong></span> 
     </span>
    </p>
   </div>
   <div class='ocr_carea' id='block_1_38' title="bbox 2133 899 2508 972">
    <p class='ocr_par' dir='ltr' id='par_1_38' title="bbox 2133 899 2508 972">
     <span class='ocr_line' id='line_1_39' title="bbox 2133 899 2508 972; baseline -0.013 -15"><span class='ocrx_word' id='word_1_299' title='bbox 2133 899 2508 972; x_wconf 88' lang='lat' dir='ltr'><strong>triumphales.</strong></span> 
     </span>
    </p>
   </div>
   <div class='ocr_carea' id='block_1_39' title="bbox 2204 970 3737 1055">
    <p class='ocr_par' dir='ltr' id='par_1_39' title="bbox 2204 970 3737 1055">
     <span class='ocr_line' id='line_1_40' title="bbox 2204 970 3737 1055; baseline -0.02 -4"><span class='ocrx_word' id='word_1_300' title='bbox 2204 970 2315 1051; x_wconf 18' lang='lat'><strong>50.:</strong></span> <span class='ocrx_word' id='word_1_301' title='bbox 2341 993 2466 1048; x_wconf 76' lang='lat' dir='ltr'><strong>llaec</strong></span> <span class='ocrx_word' id='word_1_302' title='bbox 2492 990 2615 1055; x_wconf 89' lang='lat' dir='ltr'><strong>tibi,</strong></span> <span class='ocrx_word' id='word_1_303' title='bbox 2647 987 2835 1053; x_wconf 88' lang='lat' dir='ltr'><strong>frater,</strong></span> <span class='ocrx_word' id='word_1_304' title='bbox 2868 982 2936 1039; x_wconf 91' lang='lat' dir='ltr'><strong>de</strong></span> <span class='ocrx_word' id='word_1_305' title='bbox 2980 977 3331 1053; x_wconf 88' lang='lat' dir='ltr'><strong>generatione</strong></span> <span class='ocrx_word' id='word_1_306' title='bbox 3379 970 3585 1032; x_wconf 82' lang='lat' dir='ltr'><strong>Christi</strong></span> <span class='ocrx_word' id='word_1_307' title='bbox 3629 981 3737 1023; x_wconf 93' lang='lat' dir='ltr'><strong>non</strong></span> 
     </span>
    </p>
   </div>
   <div class='ocr_carea' id='block_1_40' title="bbox 2133 1059 3744 1159">
    <p class='ocr_par' dir='ltr' id='par_1_40' title="bbox 2133 1059 3744 1159">
     <span class='ocr_line' id='line_1_41' title="bbox 2133 1059 3744 1159; baseline -0.019 -14"><span class='ocrx_word' id='word_1_308' title='bbox 2133 1087 2404 1159; x_wconf 89' lang='lat' dir='ltr'><strong>incognita</strong></span> <span class='ocrx_word' id='word_1_309' title='bbox 2446 1082 2630 1154; x_wconf 88' lang='lat' dir='ltr'><strong>putavi</strong></span> <span class='ocrx_word' id='word_1_310' title='bbox 2686 1076 2948 1150; x_wconf 82' lang='lat' dir='ltr'><strong>prolixius</strong></span> <span class='ocrx_word' id='word_1_311' title='bbox 3006 1066 3441 1144; x_wconf 85' lang='lat' dir='ltr'><strong>prosequenda;</strong></span> <span class='ocrx_word' id='word_1_312' title='bbox 3505 1077 3576 1118; x_wconf 90' lang='lat' dir='ltr'><strong>ne</strong></span> <span class='ocrx_word' id='word_1_313' title='bbox 3619 1059 3744 1132; x_wconf 89' lang='lat' dir='ltr'><strong>quis</strong></span> 
     </span>
    </p>
   </div>
   <div class='ocr_carea' id='block_1_41' title="bbox 2133 1159 3750 1243">
    <p class='ocr_par' dir='ltr' id='par_1_41' title="bbox 2133 1159 3750 1243">
     <span class='ocr_line' id='line_1_42' title="bbox 2133 1159 3750 1243; baseline -0.019 -4"><span class='ocrx_word' id='word_1_314' title='bbox 2133 1199 2257 1239; x_wconf 91' lang='lat' dir='ltr'><strong>cum</strong></span> <span class='ocrx_word' id='word_1_315' title='bbox 2317 1183 2418 1234; x_wconf 87' lang='lat' dir='ltr'><strong>ista</strong></span> <span class='ocrx_word' id='word_1_316' title='bbox 2462 1177 2515 1233; x_wconf 92' lang='lat' dir='ltr'><strong>in</strong></span> <span class='ocrx_word' id='word_1_317' title='bbox 2548 1173 2846 1243; x_wconf 88' lang='lat' dir='ltr'><strong>Evangelio</strong></span> <span class='ocrx_word' id='word_1_318' title='bbox 2885 1171 3064 1226; x_wconf 90' lang='lat' dir='ltr'><strong>minus</strong></span> <span class='ocrx_word' id='word_1_319' title='bbox 3101 1173 3310 1221; x_wconf 85' lang='lat' dir='ltr'><strong>attento</strong></span> <span class='ocrx_word' id='word_1_320' title='bbox 3339 1159 3526 1217; x_wconf 89' lang='lat' dir='ltr'><strong>animo</strong></span> <span class='ocrx_word' id='word_1_321' title='bbox 3552 1171 3750 1212; x_wconf 88' lang='lat' dir='ltr'><strong>recen-</strong></span> 
     </span>
    </p>
   </div>
   <div class='ocr_carea' id='block_1_42' title="bbox 2135 1251 3752 1342">
    <p class='ocr_par' dir='ltr' id='par_1_42' title="bbox 2135 1251 3752 1342">
     <span class='ocr_line' id='line_1_43' title="bbox 2135 1251 3752 1342; baseline -0.018 -10"><span class='ocrx_word' id='word_1_322' title='bbox 2135 1283 2304 1340; x_wconf 89' lang='lat' dir='ltr'><strong>seret,</strong></span> <span class='ocrx_word' id='word_1_323' title='bbox 2333 1272 2677 1342; x_wconf 88' lang='lat' dir='ltr'><strong>aliquatenus</strong></span> <span class='ocrx_word' id='word_1_324' title='bbox 2708 1266 3156 1332; x_wconf 81' lang='lat' dir='ltr'><strong>ﬂuctuaretzquae</strong></span> <span class='ocrx_word' id='word_1_325' title='bbox 3185 1256 3357 1314; x_wconf 88' lang='lat' dir='ltr'><strong>sancti</strong></span> <span class='ocrx_word' id='word_1_326' title='bbox 3391 1251 3752 1323; x_wconf 71' lang='lat' dir='ltr'><strong>evangelista:</strong></span> 
     </span>
    </p>
   </div>
   <div class='ocr_carea' id='block_1_43' title="bbox 2135 1349 3754 1436">
    <p class='ocr_par' dir='ltr' id='par_1_43' title="bbox 2135 1349 3754 1436">
     <span class='ocr_line' id='line_1_44' title="bbox 2135 1349 3754 1436; baseline -0.019 -10"><span class='ocrx_word' id='word_1_327' title='bbox 2135 1371 2202 1426; x_wconf 91' lang='lat' dir='ltr'><strong>ad</strong></span> <span class='ocrx_word' id='word_1_328' title='bbox 2236 1370 2442 1436; x_wconf 87' lang='lat' dir='ltr'><strong>majora</strong></span> <span class='ocrx_word' id='word_1_329' title='bbox 2471 1363 2755 1426; x_wconf 86' lang='lat' dir='ltr'><strong>miracula,</strong></span> <span class='ocrx_word' id='word_1_330' title='bbox 2789 1369 2846 1415; x_wconf 91' lang='lat' dir='ltr'><strong>et</strong></span> <span class='ocrx_word' id='word_1_331' title='bbox 2886 1355 3154 1412; x_wconf 84' lang='lat' dir='ltr'><strong>diviniora</strong></span> <span class='ocrx_word' id='word_1_332' title='bbox 3189 1349 3402 1408; x_wconf 84' lang='lat' dir='ltr'><strong>Domini</strong></span> <span class='ocrx_word' id='word_1_333' title='bbox 3433 1355 3587 1417; x_wconf 83' lang='lat' dir='ltr'><strong>gesta</strong></span> <span class='ocrx_word' id='word_1_334' title='bbox 3623 1357 3754 1413; x_wconf 85' lang='lat' dir='ltr'><strong>pro—</strong></span> 
     </span>
    </p>
   </div>
   <div class='ocr_carea' id='block_1_44' title="bbox 2138 1433 3753 1535">
    <p class='ocr_par' dir='ltr' id='par_1_44' title="bbox 2138 1433 3753 1535">
     <span class='ocr_line' id='line_1_45' title="bbox 2138 1433 3753 1535; baseline -0.02 -15"><span class='ocrx_word' id='word_1_335' title='bbox 2138 1433 2414 1535; x_wconf 79' lang='lat' dir='ltr'><strong>perantes,</strong></span> <span class='ocrx_word' id='word_1_336' title='bbox 2447 1450 2859 1527; x_wconf 87' lang='lat' dir='ltr'><strong>perstringenda</strong></span> <span class='ocrx_word' id='word_1_337' title='bbox 2920 1446 3160 1512; x_wconf 86' lang='lat' dir='ltr'><strong>brevius,</strong></span> <span class='ocrx_word' id='word_1_338' title='bbox 3191 1457 3352 1514; x_wconf 83' lang='lat' dir='ltr'><strong>quam</strong></span> <span class='ocrx_word' id='word_1_339' title='bbox 3396 1433 3753 1494; x_wconf 70' lang='lat' dir='ltr'><strong>dilfuudenda</strong></span> 
     </span>
    </p>
   </div>
   <div class='ocr_carea' id='block_1_45' title="bbox 2141 1526 3754 1620">
    <p class='ocr_par' dir='ltr' id='par_1_45' title="bbox 2141 1526 3754 1620">
     <span class='ocr_line' id='line_1_46' title="bbox 2141 1526 3754 1620; baseline -0.017 -10"><span class='ocrx_word' id='word_1_340' title='bbox 2141 1552 2361 1610; x_wconf 90' lang='lat' dir='ltr'><strong>uberius</strong></span> <span class='ocrx_word' id='word_1_341' title='bbox 2411 1552 2760 1620; x_wconf 89' lang='lat' dir='ltr'><strong>putaverunt.</strong></span> <span class='ocrx_word' id='word_1_342' title='bbox 2818 1543 3020 1598; x_wconf 90' lang='lat' dir='ltr'><strong>Eorum</strong></span> <span class='ocrx_word' id='word_1_343' title='bbox 3075 1537 3243 1608; x_wconf 73' lang='lat' dir='ltr'><strong>igitur</strong></span> <span class='ocrx_word' id='word_1_344' title='bbox 3269 1548 3443 1595; x_wconf 88' lang='lat' dir='ltr'><strong>more,</strong></span> <span class='ocrx_word' id='word_1_345' title='bbox 3473 1529 3566 1600; x_wconf 92' lang='lat' dir='ltr'><strong>qui</strong></span> <span class='ocrx_word' id='word_1_346' title='bbox 3615 1526 3754 1582; x_wconf 84' lang='lat' dir='ltr'><strong>satis</strong></span> 
     </span>
    </p>
   </div>
   <div class='ocr_carea' id='block_1_46' title="bbox 2142 1619 3757 1720">
    <p class='ocr_par' dir='ltr' id='par_1_46' title="bbox 2142 1619 3757 1720">
     <span class='ocr_line' id='line_1_47' title="bbox 2142 1619 3757 1720; baseline -0.019 -17"><span class='ocrx_word' id='word_1_347' title='bbox 2142 1654 2336 1720; x_wconf 90' lang='lat' dir='ltr'><strong>putant</strong></span> <span class='ocrx_word' id='word_1_348' title='bbox 2365 1640 2566 1713; x_wconf 89' lang='lat' dir='ltr'><strong>ignaris</strong></span> <span class='ocrx_word' id='word_1_349' title='bbox 2597 1639 2806 1693; x_wconf 89' lang='lat' dir='ltr'><strong>viarum</strong></span> <span class='ocrx_word' id='word_1_350' title='bbox 2851 1632 3004 1705; x_wconf 87' lang='lat' dir='ltr'><strong>quasi</strong></span> <span class='ocrx_word' id='word_1_351' title='bbox 3036 1637 3192 1685; x_wconf 88' lang='lat' dir='ltr'><strong>notas</strong></span> <span class='ocrx_word' id='word_1_352' title='bbox 3220 1623 3486 1697; x_wconf 83' lang='lat' dir='ltr'><strong>quasdam</strong></span> <span class='ocrx_word' id='word_1_353' title='bbox 3533 1619 3757 1675; x_wconf 88' lang='lat' dir='ltr'><strong>itineris</strong></span> 
     </span>
    </p>
   </div>
   <div class='ocr_carea' id='block_1_47' title="bbox 2143 1712 3760 1798">
    <p class='ocr_par' dir='ltr' id='par_1_47' title="bbox 2143 1712 3760 1798">
     <span class='ocr_line' id='line_1_48' title="bbox 2143 1712 3760 1798; baseline -0.02 0"><span class='ocrx_word' id='word_1_354' title='bbox 2143 1753 2198 1798; x_wconf 92' lang='lat' dir='ltr'><strong>et</strong></span> <span class='ocrx_word' id='word_1_355' title='bbox 2225 1737 2446 1795; x_wconf 85' lang='lat' dir='ltr'><strong>semitas</strong></span> <span class='ocrx_word' id='word_1_356' title='bbox 2468 1734 2875 1793; x_wconf 87' lang='lat' dir='ltr'><strong>demonstrare,</strong></span> <span class='ocrx_word' id='word_1_357' title='bbox 2929 1720 3189 1796; x_wconf 88' lang='lat' dir='ltr'><strong>spiritalis</strong></span> <span class='ocrx_word' id='word_1_358' title='bbox 3218 1721 3317 1774; x_wconf 83' lang='lat' dir='ltr'><strong>viae</strong></span> <span class='ocrx_word' id='word_1_359' title='bbox 3343 1716 3576 1772; x_wconf 86' lang='lat' dir='ltr'><strong>semitas</strong></span> <span class='ocrx_word' id='word_1_360' title='bbox 3598 1712 3760 1768; x_wconf 82' lang='lat' dir='ltr'><strong>colli—</strong></span> 
     </span>
    </p>
   </div>
   <div class='ocr_carea' id='block_1_48' title="bbox 2067 1810 3762 1905">
    <p class='ocr_par' dir='ltr' id='par_1_48' title="bbox 2067 1810 3762 1905">
     <span class='ocr_line' id='line_1_49' title="bbox 2067 1810 3762 1905; baseline -0.02 -15"><span class='ocrx_word' id='word_1_361' title='bbox 2067 1845 2116 1905; x_wconf 80' lang='grc' dir='ltr'><strong>Β</strong></span> <span class='ocrx_word' id='word_1_362' title='bbox 2141 1841 2352 1904; x_wconf 85' lang='lat' dir='ltr'><strong>gentes,</strong></span> <span class='ocrx_word' id='word_1_363' title='bbox 2379 1826 2566 1882; x_wconf 91' lang='lat' dir='ltr'><strong>videro</strong></span> <span class='ocrx_word' id='word_1_364' title='bbox 2588 1833 2769 1878; x_wconf 90' lang='lat' dir='ltr'><strong>utrum</strong></span> <span class='ocrx_word' id='word_1_365' title='bbox 2796 1816 3038 1874; x_wconf 89' lang='lat' dir='ltr'><strong>secundo</strong></span> <span class='ocrx_word' id='word_1_366' title='bbox 3070 1811 3317 1869; x_wconf 87' lang='lat' dir='ltr'><strong>veritatis</strong></span> <span class='ocrx_word' id='word_1_367' title='bbox 3345 1814 3573 1874; x_wconf 89' lang='lat' dir='ltr'><strong>eventu,</strong></span> <span class='ocrx_word' id='word_1_368' title='bbox 3601 1810 3762 1858; x_wconf 84' lang='lat' dir='ltr'><strong>certe</strong></span> 
     </span>
    </p>
   </div>
   <div class='ocr_carea' id='block_1_49' title="bbox 2146 1902 3763 1992">
    <p class='ocr_par' dir='ltr' id='par_1_49' title="bbox 2146 1902 3763 1992">
     <span class='ocr_line' id='line_1_50' title="bbox 2146 1902 3763 1992; baseline -0.02 -13"><span class='ocrx_word' id='word_1_369' title='bbox 2146 1902 2403 1992; x_wconf 81' lang='lat' dir='ltr'><strong>religioso</strong></span> <span class='ocrx_word' id='word_1_370' title='bbox 2426 1916 2550 1972; x_wconf 88' lang='lat' dir='ltr'><strong>ﬁdei</strong></span> <span class='ocrx_word' id='word_1_371' title='bbox 2581 1914 2746 1970; x_wconf 90' lang='lat' dir='ltr'><strong>ductu</strong></span> <span class='ocrx_word' id='word_1_372' title='bbox 2773 1911 2826 1966; x_wconf 91' lang='lat' dir='ltr'><strong>in</strong></span> <span class='ocrx_word' id='word_1_373' title='bbox 2858 1907 3243 1980; x_wconf 75' lang='lat' dir='ltr'><strong>mysteriorum</strong></span> <span class='ocrx_word' id='word_1_374' title='bbox 3272 1907 3482 1956; x_wconf 87' lang='lat' dir='ltr'><strong>secreta</strong></span> <span class='ocrx_word' id='word_1_375' title='bbox 3529 1902 3763 1952; x_wconf 85' lang='lat' dir='ltr'><strong>conten-</strong></span> 
     </span>
    </p>
   </div>
   <div class='ocr_carea' id='block_1_50' title="bbox 2146 1987 3763 2073">
    <p class='ocr_par' dir='ltr' id='par_1_50' title="bbox 2146 1987 3763 2073">
     <span class='ocr_line' id='line_1_51' title="bbox 2146 1987 3763 2073; baseline -0.022 0"><span class='ocrx_word' id='word_1_376' title='bbox 2146 2016 2329 2073; x_wconf 88' lang='lat' dir='ltr'><strong>dimus</strong></span> <span class='ocrx_word' id='word_1_377' title='bbox 2360 2031 2373 2066; x_wconf 89' lang='lat'><strong>:</strong></span> <span class='ocrx_word' id='word_1_378' title='bbox 2424 2018 2678 2066; x_wconf 85' lang='lat' dir='ltr'><strong>verentes</strong></span> <span class='ocrx_word' id='word_1_379' title='bbox 2711 2020 2781 2060; x_wconf 89' lang='lat' dir='ltr'><strong>ne</strong></span> <span class='ocrx_word' id='word_1_380' title='bbox 2804 2003 2925 2072; x_wconf 89' lang='lat' dir='ltr'><strong>quis</strong></span> <span class='ocrx_word' id='word_1_381' title='bbox 2955 2002 3053 2056; x_wconf 87' lang='lat' dir='ltr'><strong>ista</strong></span> <span class='ocrx_word' id='word_1_382' title='bbox 3078 2012 3199 2056; x_wconf 88' lang='lat' dir='ltr'><strong>cum</strong></span> <span class='ocrx_word' id='word_1_383' title='bbox 3226 1991 3438 2065; x_wconf 82' lang='lat' dir='ltr'><strong>legerit,</strong></span> <span class='ocrx_word' id='word_1_384' title='bbox 3463 1987 3609 2060; x_wconf 89' lang='lat' dir='ltr'><strong>quod</strong></span> <span class='ocrx_word' id='word_1_385' title='bbox 3632 2001 3763 2056; x_wconf 82' lang='lat' dir='ltr'><strong>pro-</strong></span> 
     </span>
    </p>
   </div>
   <div class='ocr_carea' id='block_1_51' title="bbox 2149 2086 3766 2168">
    <p class='ocr_par' dir='ltr' id='par_1_51' title="bbox 2149 2086 3766 2168">
     <span class='ocr_line' id='line_1_52' title="bbox 2149 2086 3766 2168; baseline -0.019 -6"><span class='ocrx_word' id='word_1_386' title='bbox 2149 2106 2470 2166; x_wconf 87' lang='lat' dir='ltr'><strong>verbialiter</strong></span> <span class='ocrx_word' id='word_1_387' title='bbox 2509 2100 2729 2165; x_wconf 85' lang='lat' dir='ltr'><strong>dicitur,</strong></span> <span class='ocrx_word' id='word_1_388' title='bbox 2775 2095 2933 2168; x_wconf 89' lang='lat' dir='ltr'><strong>quasi</strong></span> <span class='ocrx_word' id='word_1_389' title='bbox 2971 2107 3105 2164; x_wconf 86' lang='lat' dir='ltr'><strong>puer</strong></span> <span class='ocrx_word' id='word_1_390' title='bbox 3131 2086 3485 2149; x_wconf 70' lang='lat' dir='ltr'><strong>machaeram,</strong></span> <span class='ocrx_word' id='word_1_391' title='bbox 3523 2086 3766 2135; x_wconf 83' lang='lat' dir='ltr'><strong>tractare</strong></span> 
     </span>
    </p>
   </div>
   <div class='ocr_carea' id='block_1_52' title="bbox 2151 2172 3766 2272">
    <p class='ocr_par' dir='ltr' id='par_1_52' title="bbox 2151 2172 3766 2272">
     <span class='ocr_line' id='line_1_53' title="bbox 2151 2172 3766 2272; baseline -0.019 -16"><span class='ocrx_word' id='word_1_392' title='bbox 2151 2219 2246 2272; x_wconf 91' lang='lat' dir='ltr'><strong>per</strong></span> <span class='ocrx_word' id='word_1_393' title='bbox 2275 2197 2557 2255; x_wconf 79' lang='lat' dir='ltr'><strong>infantiam</strong></span> <span class='ocrx_word' id='word_1_394' title='bbox 2580 2191 2742 2248; x_wconf 88' lang='lat' dir='ltr'><strong>fortia</strong></span> <span class='ocrx_word' id='word_1_395' title='bbox 2767 2201 2918 2244; x_wconf 88' lang='lat' dir='ltr'><strong>arma</strong></span> <span class='ocrx_word' id='word_1_396' title='bbox 2946 2177 3525 2248; x_wconf 83' lang='lat' dir='ltr'><strong>nesciret,’magisque</strong></span> <span class='ocrx_word' id='word_1_397' title='bbox 3563 2172 3766 2226; x_wconf 86' lang='lat' dir='ltr'><strong>vulnus</strong></span> 
     </span>
    </p>
   </div>
   <div class='ocr_carea' id='block_1_53' title="bbox 2149 2266 3762 2362">
    <p class='ocr_par' dir='ltr' id='par_1_53' title="bbox 2149 2266 3762 2362">
     <span class='ocr_line' id='line_1_54' title="bbox 2149 2266 3762 2362; baseline -0.02 -12"><span class='ocrx_word' id='word_1_398' title='bbox 2149 2311 2220 2350; x_wconf 79' lang='lat' dir='ltr'><strong>ex</strong></span> <span class='ocrx_word' id='word_1_399' title='bbox 2249 2287 2638 2362; x_wconf 86' lang='lat' dir='ltr'><strong>imprudentia,</strong></span> <span class='ocrx_word' id='word_1_400' title='bbox 2671 2297 2832 2356; x_wconf 89' lang='lat' dir='ltr'><strong>quam</strong></span> <span class='ocrx_word' id='word_1_401' title='bbox 2881 2278 3110 2333; x_wconf 89' lang='lat' dir='ltr'><strong>salutem</strong></span> <span class='ocrx_word' id='word_1_402' title='bbox 3143 2289 3207 2329; x_wconf 79' lang='lat' dir='ltr'><strong>ex</strong></span> <span class='ocrx_word' id='word_1_403' title='bbox 3239 2271 3477 2327; x_wconf 82' lang='lat' dir='ltr'><strong>lectione</strong></span> <span class='ocrx_word' id='word_1_404' title='bbox 3505 2266 3762 2322; x_wconf 89' lang='lat' dir='ltr'><strong>sentiret.</strong></span> 
     </span>
    </p>
   </div>
   <div class='ocr_carea' id='block_1_54' title="bbox 2118 2359 3767 2444">
    <p class='ocr_par' dir='ltr' id='par_1_54' title="bbox 2118 2359 3767 2444">
     <span class='ocr_line' id='line_1_55' title="bbox 2118 2359 3767 2444; baseline -0.021 1"><span class='ocrx_word' id='word_1_405' title='bbox 2118 2386 2400 2444; x_wconf 85' lang='lat' dir='ltr'><strong>-luﬁrtnos</strong></span> <span class='ocrx_word' id='word_1_406' title='bbox 2451 2381 2598 2436; x_wconf 92' lang='lat' dir='ltr'><strong>enim</strong></span> <span class='ocrx_word' id='word_1_407' title='bbox 2655 2375 2761 2432; x_wconf 82' lang='lat' dir='ltr'><strong>tela</strong></span> <span class='ocrx_word' id='word_1_408' title='bbox 2815 2389 2913 2429; x_wconf 85' lang='lat' dir='ltr'><strong>sua</strong></span> <span class='ocrx_word' id='word_1_409' title='bbox 2942 2371 3258 2430; x_wconf 87' lang='lat' dir='ltr'><strong>vulnerant,</strong></span> <span class='ocrx_word' id='word_1_410' title='bbox 3287 2378 3390 2418; x_wconf 91' lang='lat' dir='ltr'><strong>nec</strong></span> <span class='ocrx_word' id='word_1_411' title='bbox 3413 2368 3594 2431; x_wconf 86' lang='lat' dir='ltr'><strong>potest</strong></span> <span class='ocrx_word' id='word_1_412' title='bbox 3620 2359 3767 2413; x_wconf 84' lang='lat' dir='ltr'><strong>bene</strong></span> 
     </span>
    </p>
   </div>
   <div class='ocr_carea' id='block_1_55' title="bbox 2151 2453 3764 2556">
    <p class='ocr_par' dir='ltr' id='par_1_55' title="bbox 2151 2453 3764 2556">
     <span class='ocr_line' id='line_1_56' title="bbox 2151 2453 3764 2556; baseline -0.02 -18"><span class='ocrx_word' id='word_1_413' title='bbox 2151 2483 2225 2556; x_wconf 88' lang='lat' dir='ltr'><strong>uti</strong></span> <span class='ocrx_word' id='word_1_414' title='bbox 2254 2480 2444 2545; x_wconf 89' lang='lat' dir='ltr'><strong>armis,</strong></span> <span class='ocrx_word' id='word_1_415' title='bbox 2471 2475 2565 2548; x_wconf 89' lang='lat' dir='ltr'><strong>qui</strong></span> <span class='ocrx_word' id='word_1_416' title='bbox 2587 2489 2649 2530; x_wconf 89' lang='lat' dir='ltr'><strong>ea</strong></span> <span class='ocrx_word' id='word_1_417' title='bbox 2673 2472 2817 2528; x_wconf 89' lang='lat' dir='ltr'><strong>ferre</strong></span> <span class='ocrx_word' id='word_1_418' title='bbox 2841 2485 2948 2525; x_wconf 91' lang='lat' dir='ltr'><strong>non</strong></span> <span class='ocrx_word' id='word_1_419' title='bbox 2980 2464 3224 2522; x_wconf 90' lang='lat' dir='ltr'><strong>noverit.</strong></span> <span class='ocrx_word' id='word_1_420' title='bbox 3256 2461 3326 2516; x_wconf 88' lang='lat' dir='ltr'><strong>Et</strong></span> <span class='ocrx_word' id='word_1_421' title='bbox 3357 2459 3483 2516; x_wconf 88' lang='lat' dir='ltr'><strong>ideo</strong></span> <span class='ocrx_word' id='word_1_422' title='bbox 3509 2457 3650 2512; x_wconf 90' lang='lat' dir='ltr'><strong>circa</strong></span> <span class='ocrx_word' id='word_1_423' title='bbox 3701 2453 3764 2507; x_wconf 89' lang='lat' dir='ltr'><strong>ﬁ-</strong></span> 
     </span>
    </p>
   </div>
   <div class='ocr_carea' id='block_1_56' title="bbox 2151 2549 3766 2641">
    <p class='ocr_par' dir='ltr' id='par_1_56' title="bbox 2151 2549 3766 2641">
     <span class='ocr_line' id='line_1_57' title="bbox 2151 2549 3766 2641; baseline -0.02 -9"><span class='ocrx_word' id='word_1_424' title='bbox 2151 2553 2280 2632; x_wconf 89' lang='lat' dir='ltr'><strong>dem</strong></span> <span class='ocrx_word' id='word_1_425' title='bbox 2331 2573 2412 2630; x_wconf 88' lang='lat' dir='ltr'><strong>vir</strong></span> <span class='ocrx_word' id='word_1_426' title='bbox 2464 2567 2738 2641; x_wconf 87' lang='lat' dir='ltr'><strong>perfectus</strong></span> <span class='ocrx_word' id='word_1_427' title='bbox 2767 2561 3024 2632; x_wconf 85' lang='lat' dir='ltr'><strong>exigitur,</strong></span> <span class='ocrx_word' id='word_1_428' title='bbox 3057 2560 3110 2613; x_wconf 91' lang='lat' dir='ltr'><strong>in</strong></span> <span class='ocrx_word' id='word_1_429' title='bbox 3139 2567 3378 2627; x_wconf 88' lang='lat' dir='ltr'><strong>quonon</strong></span> <span class='ocrx_word' id='word_1_430' title='bbox 3415 2566 3513 2620; x_wconf 85' lang='lat' dir='ltr'><strong>per</strong></span> <span class='ocrx_word' id='word_1_431' title='bbox 3541 2549 3766 2604; x_wconf 89' lang='lat' dir='ltr'><strong>humum</strong></span> 
     </span>
    </p>
   </div>
   <div class='ocr_carea' id='block_1_57' title="bbox 2151 2644 3768 2734">
    <p class='ocr_par' dir='ltr' id='par_1_57' title="bbox 2151 2644 3768 2734">
     <span class='ocr_line' id='line_1_58' title="bbox 2151 2644 3768 2734; baseline -0.02 -9"><span class='ocrx_word' id='word_1_432' title='bbox 2151 2665 2396 2725; x_wconf 76' lang='lat' dir='ltr'><strong>scientiae</strong></span> <span class='ocrx_word' id='word_1_433' title='bbox 2426 2668 2608 2734; x_wconf 88' lang='lat' dir='ltr'><strong>reptet</strong></span> <span class='ocrx_word' id='word_1_434' title='bbox 2639 2657 2893 2722; x_wconf 78' lang='lat' dir='ltr'><strong>infantia,</strong></span> <span class='ocrx_word' id='word_1_435' title='bbox 2935 2668 3044 2710; x_wconf 93' lang='lat' dir='ltr'><strong>non</strong></span> <span class='ocrx_word' id='word_1_436' title='bbox 3088 2647 3286 2706; x_wconf 84' lang='lat' dir='ltr'><strong>debilis</strong></span> <span class='ocrx_word' id='word_1_437' title='bbox 3331 2644 3607 2716; x_wconf 82' lang='lat' dir='ltr'><strong>quaedam,</strong></span> <span class='ocrx_word' id='word_1_438' title='bbox 3663 2653 3768 2695; x_wconf 91' lang='lat' dir='ltr'><strong>nec</strong></span> 
     </span>
    </p>
   </div>
   <div class='ocr_carea' id='block_1_58' title="bbox 2152 2738 3764 2823">
    <p class='ocr_par' dir='ltr' id='par_1_58' title="bbox 2152 2738 3764 2823">
     <span class='ocr_line' id='line_1_59' title="bbox 2152 2738 3764 2823; baseline -0.02 -5"><span class='ocrx_word' id='word_1_439' title='bbox 2152 2775 2348 2818; x_wconf 84' lang='lat' dir='ltr'><strong>carens</strong></span> <span class='ocrx_word' id='word_1_440' title='bbox 2390 2755 2641 2813; x_wconf 89' lang='lat' dir='ltr'><strong>sensibus</strong></span> <span class='ocrx_word' id='word_1_441' title='bbox 2691 2748 2937 2823; x_wconf 79' lang='lat' dir='ltr'><strong>mysticae</strong></span> <span class='ocrx_word' id='word_1_442' title='bbox 2991 2739 3323 2816; x_wconf 85' lang='lat' dir='ltr'><strong>cognitionis</strong></span> <span class='ocrx_word' id='word_1_443' title='bbox 3357 2738 3563 2793; x_wconf 88' lang='lat' dir='ltr'><strong>titubet</strong></span> <span class='ocrx_word' id='word_1_444' title='bbox 3607 2741 3764 2797; x_wconf 66' lang='lat' dir='ltr'><strong>mtas,</strong></span> 
     </span>
    </p>
   </div>
   <div class='ocr_carea' id='block_1_59' title="bbox 2153 2827 3771 2926">
    <p class='ocr_par' dir='ltr' id='par_1_59' title="bbox 2153 2827 3771 2926">
     <span class='ocr_line' id='line_1_60' title="bbox 2153 2827 3771 2926; baseline -0.019 -15"><span class='ocrx_word' id='word_1_445' title='bbox 2153 2871 2274 2926; x_wconf 77' lang='lat' dir='ltr'><strong>quae</strong></span> <span class='ocrx_word' id='word_1_446' title='bbox 2297 2853 2498 2908; x_wconf 90' lang='lat' dir='ltr'><strong>virtute</strong></span> <span class='ocrx_word' id='word_1_447' title='bbox 2523 2845 2824 2918; x_wconf 85' lang='lat' dir='ltr'><strong>juventutis</strong></span> <span class='ocrx_word' id='word_1_448' title='bbox 2846 2841 3071 2909; x_wconf 85' lang='lat' dir='ltr'><strong>amissa,</strong></span> <span class='ocrx_word' id='word_1_449' title='bbox 3104 2848 3363 2897; x_wconf 88' lang='lat' dir='ltr'><strong>coronam</strong></span> <span class='ocrx_word' id='word_1_450' title='bbox 3389 2827 3617 2903; x_wconf 88' lang='lat' dir='ltr'><strong>gloriosi</strong></span> <span class='ocrx_word' id='word_1_451' title='bbox 3643 2841 3771 2882; x_wconf 88' lang='lat' dir='ltr'><strong>cer-</strong></span> 
     </span>
    </p>
   </div>
   <div class='ocr_carea' id='block_1_60' title="bbox 2158 2919 3770 3009">
    <p class='ocr_par' dir='ltr' id='par_1_60' title="bbox 2158 2919 3770 3009">
     <span class='ocr_line' id='line_1_61' title="bbox 2158 2919 3770 3009; baseline -0.017 -7"><span class='ocrx_word' id='word_1_452' title='bbox 2158 2945 2376 3002; x_wconf 88' lang='lat' dir='ltr'><strong>taminis</strong></span> <span class='ocrx_word' id='word_1_453' title='bbox 2425 2957 2534 3000; x_wconf 89' lang='lat' dir='ltr'><strong>non</strong></span> <span class='ocrx_word' id='word_1_454' title='bbox 2582 2938 2850 3009; x_wconf 85' lang='lat' dir='ltr'><strong>requirat,</strong></span> <span class='ocrx_word' id='word_1_455' title='bbox 2879 2945 2937 2994; x_wconf 83' lang='lat' dir='ltr'><strong>et</strong></span> <span class='ocrx_word' id='word_1_456' title='bbox 2983 2929 3322 2990; x_wconf 84' lang='lat' dir='ltr'><strong>senescentis</strong></span> <span class='ocrx_word' id='word_1_457' title='bbox 3351 2925 3551 2996; x_wconf 80' lang='lat' dir='ltr'><strong>aquilae</strong></span> <span class='ocrx_word' id='word_1_458' title='bbox 3582 2919 3770 2984; x_wconf 89' lang='lat' dir='ltr'><strong>modo,</strong></span> 
     </span>
    </p>
   </div>
   <div class='ocr_carea' id='block_1_61' title="bbox 2155 3021 3771 3113">
    <p class='ocr_par' dir='ltr' id='par_1_61' title="bbox 2155 3021 3771 3113">
     <span class='ocr_line' id='line_1_62' title="bbox 2155 3021 3771 3113; baseline -0.019 -16"><span class='ocrx_word' id='word_1_459' title='bbox 2155 3057 2278 3113; x_wconf 84' lang='lat' dir='ltr'><strong>quae</strong></span> <span class='ocrx_word' id='word_1_460' title='bbox 2327 3038 2476 3109; x_wconf 91' lang='lat' dir='ltr'><strong>prius</strong></span> <span class='ocrx_word' id='word_1_461' title='bbox 2526 3042 2620 3093; x_wconf 87' lang='lat' dir='ltr'><strong>aut</strong></span> <span class='ocrx_word' id='word_1_462' title='bbox 2661 3034 2904 3102; x_wconf 88' lang='lat' dir='ltr'><strong>leporem</strong></span> <span class='ocrx_word' id='word_1_463' title='bbox 2957 3041 3152 3097; x_wconf 83' lang='lat' dir='ltr'><strong>rapere</strong></span> <span class='ocrx_word' id='word_1_464' title='bbox 3179 3022 3412 3095; x_wconf 87' lang='lat' dir='ltr'><strong>pedibus</strong></span> <span class='ocrx_word' id='word_1_465' title='bbox 3453 3021 3771 3078; x_wconf 81' lang='lat' dir='ltr'><strong>consuerat,</strong></span> 
     </span>
    </p>
   </div>
   <div class='ocr_carea' id='block_1_62' title="bbox 2156 3113 3776 3196">
    <p class='ocr_par' dir='ltr' id='par_1_62' title="bbox 2156 3113 3776 3196">
     <span class='ocr_line' id='line_1_63' title="bbox 2156 3113 3776 3196; baseline -0.017 -5"><span class='ocrx_word' id='word_1_466' title='bbox 2156 3145 2250 3192; x_wconf 87' lang='lat' dir='ltr'><strong>aut</strong></span> <span class='ocrx_word' id='word_1_467' title='bbox 2269 3129 2675 3196; x_wconf 73' lang='lat' dir='ltr'><strong>attserem,&#39;aevo</strong></span> <span class='ocrx_word' id='word_1_468' title='bbox 2710 3127 2853 3183; x_wconf 87' lang='lat' dir='ltr'><strong>fessa</strong></span> <span class='ocrx_word' id='word_1_469' title='bbox 2879 3125 3146 3180; x_wconf 89' lang='lat' dir='ltr'><strong>minorum</strong></span> <span class='ocrx_word' id='word_1_470' title='bbox 3176 3119 3356 3177; x_wconf 87' lang='lat' dir='ltr'><strong>avium</strong></span> <span class='ocrx_word' id='word_1_471' title='bbox 3388 3116 3680 3186; x_wconf 89' lang='lat' dir='ltr'><strong>implumes</strong></span> <span class='ocrx_word' id='word_1_472' title='bbox 3698 3113 3776 3164; x_wconf 64' lang='grc' dir='ltr'><strong>[ει</strong></span> 
     </span>
    </p>
   </div>
   <div class='ocr_carea' id='block_1_63' title="bbox 447 3205 3774 3333">
    <p class='ocr_par' dir='ltr' id='par_1_63' title="bbox 447 3205 3774 3333">
     <span class='ocr_line' id='line_1_64' title="bbox 447 3205 3774 3333; baseline -0.017 -21"><span class='ocrx_word' id='word_1_473' title='bbox 447 3255 561 3327; x_wconf 72' lang='lat' dir='ltr'><strong>lii).</strong></span> <span class='ocrx_word' id='word_1_474' title='bbox 597 3249 810 3326; x_wconf 58' lang='lat'><strong>1335</strong></span> <span class='ocrx_word' id='word_1_475' title='bbox 835 3248 928 3315; x_wconf 88' lang='lat' dir='ltr'><strong>Et,</strong></span> <span class='ocrx_word' id='word_1_476' title='bbox 965 3247 1271 3333; x_wconf 75' lang='lat' dir='ltr'><strong>priusquam</strong></span> <span class='ocrx_word' id='word_1_477' title='bbox 1296 3242 1427 3298; x_wconf 89' lang='lat' dir='ltr'><strong>sciat</strong></span> <span class='ocrx_word' id='word_1_478' title='bbox 1473 3254 1656 3294; x_wconf 74' lang='lat' dir='ltr'><strong>uocare</strong></span> <span class='ocrx_word' id='word_1_479' title='bbox 1704 3249 1905 3309; x_wconf 78' lang='lat' dir='ltr'><strong>patrem</strong></span> <span class='ocrx_word' id='word_1_480' title='bbox 1959 3205 2048 3289; x_wconf 78' lang='lat' dir='ltr'><strong>aut</strong></span> <span class='ocrx_word' id='word_1_481' title='bbox 2075 3223 2119 3286; x_wconf 86' lang='lat' dir='ltr'><strong>C</strong></span> <span class='ocrx_word' id='word_1_482' title='bbox 2154 3239 2242 3285; x_wconf 88' lang='lat' dir='ltr'><strong>tus</strong></span> <span class='ocrx_word' id='word_1_483' title='bbox 2256 3227 2519 3298; x_wconf 86' lang='lat' dir='ltr'><strong>requirat,</strong></span> <span class='ocrx_word' id='word_1_484' title='bbox 2542 3223 2634 3293; x_wconf 85' lang='lat' dir='ltr'><strong>qui</strong></span> <span class='ocrx_word' id='word_1_485' title='bbox 2672 3219 2984 3280; x_wconf 87' lang='lat' dir='ltr'><strong>solidiorem</strong></span> <span class='ocrx_word' id='word_1_486' title='bbox 2999 3217 3178 3272; x_wconf 87' lang='lat' dir='ltr'><strong>cibum</strong></span> <span class='ocrx_word' id='word_1_487' title='bbox 3193 3212 3391 3268; x_wconf 78' lang='lat' dir='ltr'><strong>afferre</strong></span> <span class='ocrx_word' id='word_1_488' title='bbox 3405 3224 3516 3265; x_wconf 90' lang='lat' dir='ltr'><strong>non</strong></span> <span class='ocrx_word' id='word_1_489' title='bbox 3539 3205 3774 3278; x_wconf 84' lang='lat' dir='ltr'><strong>possint.</strong></span> 
     </span>
    </p>
   </div>
   <div class='ocr_carea' id='block_1_64' title="bbox 519 3374 2059 3454">
    <p class='ocr_par' dir='ltr' id='par_1_64' title="bbox 519 3374 2059 3454">
     <span class='ocr_line' id='line_1_65' title="bbox 519 3374 2059 3454; baseline -0.012 -7"><span class='ocrx_word' id='word_1_490' title='bbox 519 3403 545 3430; x_wconf 77' lang='grc' dir='ltr'>ει</span> <span class='ocrx_word' id='word_1_491' title='bbox 588 3391 736 3446; x_wconf 85' lang='lat' dir='ltr'><strong>Edit.</strong></span> <span class='ocrx_word' id='word_1_492' title='bbox 766 3404 957 3444; x_wconf 88' lang='lat' dir='ltr'><strong>omnes</strong></span> <span class='ocrx_word' id='word_1_493' title='bbox 988 3401 1109 3441; x_wconf 92' lang='lat' dir='ltr'><strong>cum</strong></span> <span class='ocrx_word' id='word_1_494' title='bbox 1153 3391 1309 3454; x_wconf 87' lang='lat' dir='ltr'><strong>parte</strong></span> <span class='ocrx_word' id='word_1_495' title='bbox 1353 3375 1640 3454; x_wconf 71' lang='lat' dir='ltr'><strong>mss.,_sed</strong></span> <span class='ocrx_word' id='word_1_496' title='bbox 1690 3374 1940 3454; x_wconf 67' lang='lat' dir='ltr'><strong>voluisse,</strong></span> <span class='ocrx_word' id='word_1_497' title='bbox 1969 3387 2059 3430; x_wconf 87' lang='lat' dir='ltr'><strong>re-</strong></span> 
     </span>
    </p>
   </div>
   <div class='ocr_carea' id='block_1_65' title="bbox 450 3445 2060 3532">
    <p class='ocr_par' dir='ltr' id='par_1_65' title="bbox 450 3445 2060 3532">
     <span class='ocr_line' id='line_1_66' title="bbox 450 3445 2060 3532; baseline -0.014 -13"><span class='ocrx_word' id='word_1_498' title='bbox 450 3445 745 3532; x_wconf 68' lang='lat' dir='ltr'><strong>Spicientes</strong></span> <span class='ocrx_word' id='word_1_499' title='bbox 788 3461 1040 3532; x_wconf 86' lang='lat' dir='ltr'><strong>nimirum</strong></span> <span class='ocrx_word' id='word_1_500' title='bbox 1071 3457 1136 3511; x_wconf 90' lang='lat' dir='ltr'><strong>ad</strong></span> <span class='ocrx_word' id='word_1_501' title='bbox 1155 3445 1451 3532; x_wconf 65' lang='lat' dir='ltr'><strong>sequentia</strong></span> <span class='ocrx_word' id='word_1_502' title='bbox 1480 3445 1683 3532; x_wconf 41' lang='lat' dir='ltr'><strong>[unum</strong></span> <span class='ocrx_word' id='word_1_503' title='bbox 1729 3445 1874 3532; x_wconf 60' lang='lat' dir='ltr'><strong>nobis</strong></span> <span class='ocrx_word' id='word_1_504' title='bbox 1906 3459 2060 3532; x_wconf 45' lang='grc' dir='ltr'><strong>,νηοῖο</strong></span> 
     </span>
    </p>
   </div>
   <div class='ocr_carea' id='block_1_66' title="bbox 448 3516 2060 3606">
    <p class='ocr_par' dir='ltr' id='par_1_66' title="bbox 448 3516 2060 3606">
     <span class='ocr_line' id='line_1_67' title="bbox 448 3516 2060 3606; baseline -0.014 -15"><span class='ocrx_word' id='word_1_505' title='bbox 448 3516 542 3591; x_wconf 64' lang='lat' dir='ltr'><strong>illa</strong></span> <span class='ocrx_word' id='word_1_506' title='bbox 569 3516 852 3606; x_wconf 71' lang='lat' dir='ltr'><strong>prodesset.</strong></span> <span class='ocrx_word' id='word_1_507' title='bbox 883 3531 1009 3606; x_wconf 64' lang='lat' dir='ltr'><strong>alas.</strong></span> <span class='ocrx_word' id='word_1_508' title='bbox 1041 3543 1172 3606; x_wconf 77' lang='lat' dir='ltr'><strong>vero</strong></span> <span class='ocrx_word' id='word_1_509' title='bbox 1193 3516 1360 3606; x_wconf 76' lang='lat' dir='ltr'><strong>Cori).</strong></span> <span class='ocrx_word' id='word_1_510' title='bbox 1379 3537 1448 3606; x_wconf 79' lang='lat' dir='ltr'><strong>_ac</strong></span> <span class='ocrx_word' id='word_1_511' title='bbox 1479 3516 1669 3606; x_wconf 64' lang='lat' dir='ltr'><strong>decem</strong></span> <span class='ocrx_word' id='word_1_512' title='bbox 1698 3517 1791 3606; x_wconf 74' lang='lat' dir='ltr'><strong>alii</strong></span> <span class='ocrx_word' id='word_1_513' title='bbox 1816 3516 2060 3606; x_wconf 47' lang='lat' dir='ltr'><strong>tn&#39;elioris</strong></span> 
     </span>
    </p>
   </div>
   <div class='ocr_carea' id='block_1_67' title="bbox 452 3587 2060 3671">
    <p class='ocr_par' dir='ltr' id='par_1_67' title="bbox 452 3587 2060 3671">
     <span class='ocr_line' id='line_1_68' title="bbox 452 3587 2060 3671; baseline -0.014 -9"><span class='ocrx_word' id='word_1_514' title='bbox 452 3587 757 3671; x_wconf 26' lang='lat' dir='ltr'><strong>note-{sed</strong></span> <span class='ocrx_word' id='word_1_515' title='bbox 811 3601 1079 3671; x_wconf 65' lang='lat' dir='ltr'><strong>noluisse.</strong></span> <span class='ocrx_word' id='word_1_516' title='bbox 1109 3598 1344 3671; x_wconf 55' lang='lat' dir='ltr'><strong>Optima</strong></span> <span class='ocrx_word' id='word_1_517' title='bbox 1379 3595 1562 3649; x_wconf 85' lang='lat' dir='ltr'><strong>lectio.</strong></span> <span class='ocrx_word' id='word_1_518' title='bbox 1623 3587 2060 3658; x_wconf 89' lang='lat' dir='ltr'><strong>Subintelligitur</strong></span> 
     </span>
    </p>
   </div>
   <div class='ocr_carea' id='block_1_68' title="bbox 453 3665 1395 3743">
    <p class='ocr_par' dir='ltr' id='par_1_68' title="bbox 453 3665 1395 3743">
     <span class='ocr_line' id='line_1_69' title="bbox 453 3665 1395 3743; baseline -0.016 -8"><span class='ocrx_word' id='word_1_519' title='bbox 453 3665 732 3735; x_wconf 44' lang='lat' dir='ltr'><strong>enim&#39;non</strong></span> <span class='ocrx_word' id='word_1_520' title='bbox 759 3673 910 3739; x_wconf 84' lang='lat' dir='ltr'><strong>mori,</strong></span> <span class='ocrx_word' id='word_1_521' title='bbox 941 3670 1084 3743; x_wconf 90' lang='lat' dir='ltr'><strong>quod</strong></span> <span class='ocrx_word' id='word_1_522' title='bbox 1115 3665 1395 3741; x_wconf 74' lang='lat' dir='ltr'><strong>praecedit.</strong></span> 
     </span>
    </p>
   </div>
   <div class='ocr_carea' id='block_1_69' title="bbox 2233 3344 3779 3423">
    <p class='ocr_par' dir='ltr' id='par_1_69' title="bbox 2233 3344 3779 3423">
     <span class='ocr_line' id='line_1_70' title="bbox 2233 3344 3779 3423; baseline -0.014 -3"><span class='ocrx_word' id='word_1_523' title='bbox 2233 3372 2263 3412; x_wconf 66' lang='grc' dir='ltr'><strong>ι</strong></span> <span class='ocrx_word' id='word_1_524' title='bbox 2302 3365 2358 3419; x_wconf 90' lang='lat' dir='ltr'><strong>In</strong></span> <span class='ocrx_word' id='word_1_525' title='bbox 2388 3363 2517 3418; x_wconf 87' lang='lat' dir='ltr'><strong>edit.</strong></span> <span class='ocrx_word' id='word_1_526' title='bbox 2556 3359 2811 3415; x_wconf 89' lang='lat' dir='ltr'><strong>omnibus</strong></span> <span class='ocrx_word' id='word_1_527' title='bbox 2834 3372 2897 3412; x_wconf 91' lang='lat' dir='ltr'><strong>ac</strong></span> <span class='ocrx_word' id='word_1_528' title='bbox 2920 3371 3052 3410; x_wconf 89' lang='lat' dir='ltr'><strong>mss.</strong></span> <span class='ocrx_word' id='word_1_529' title='bbox 3085 3354 3290 3423; x_wconf 85' lang='lat' dir='ltr'><strong>aliquot</strong></span> <span class='ocrx_word' id='word_1_530' title='bbox 3318 3344 3779 3423; x_wconf 79' lang='lat' dir='ltr'><strong>desiderabantur</strong></span> 
     </span>
    </p>
   </div>
   <div class='ocr_carea' id='block_1_70' title="bbox 2163 3417 3776 3508">
    <p class='ocr_par' dir='ltr' id='par_1_70' title="bbox 2163 3417 3776 3508">
     <span class='ocr_line' id='line_1_71' title="bbox 2163 3417 3776 3508; baseline -0.015 -14"><span class='ocrx_word' id='word_1_531' title='bbox 2163 3417 2448 3508; x_wconf 81' lang='lat' dir='ltr'><strong>sequentia</strong></span> <span class='ocrx_word' id='word_1_532' title='bbox 2484 3435 2621 3487; x_wconf 82' lang='lat' dir='ltr'><strong>:iste</strong></span> <span class='ocrx_word' id='word_1_533' title='bbox 2641 3448 2746 3486; x_wconf 80' lang='lat' dir='ltr'><strong>non</strong></span> <span class='ocrx_word' id='word_1_534' title='bbox 2785 3428 3082 3508; x_wconf 76' lang='lat' dir='ltr'><strong>servaverit,</strong></span> <span class='ocrx_word' id='word_1_535' title='bbox 3133 3417 3406 3505; x_wconf 29' lang='lat' dir='ltr'><strong>necofratri</strong></span> <span class='ocrx_word' id='word_1_536' title='bbox 3438 3417 3776 3500; x_wconf 42' lang='lat' dir='ltr'><strong>peperceris:</strong></span> 
     </span>
    </p>
   </div>
   <div class='ocr_carea' id='block_1_71' title="bbox 2162 3486 3778 3581">
    <p class='ocr_par' dir='ltr' id='par_1_71' title="bbox 2162 3486 3778 3581">
     <span class='ocr_line' id='line_1_72' title="bbox 2162 3486 3778 3581; baseline -0.014 -16"><span class='ocrx_word' id='word_1_537' title='bbox 2162 3486 2284 3581; x_wconf 46' lang='lat' dir='ltr'><strong>quin</strong></span> <span class='ocrx_word' id='word_1_538' title='bbox 2343 3509 2509 3564; x_wconf 88' lang='lat' dir='ltr'><strong>verba</strong></span> <span class='ocrx_word' id='word_1_539' title='bbox 2532 3486 2602 3581; x_wconf 76' lang='lat' dir='ltr'><strong>ex</strong></span> <span class='ocrx_word' id='word_1_540' title='bbox 2637 3519 2766 3581; x_wconf 79' lang='lat' dir='ltr'><strong>mss.</strong></span> <span class='ocrx_word' id='word_1_541' title='bbox 2819 3501 3010 3581; x_wconf 77' lang='lat' dir='ltr'><strong>decem</strong></span> <span class='ocrx_word' id='word_1_542' title='bbox 3051 3486 3365 3577; x_wconf 67' lang='lat' dir='ltr'><strong>remotioris</strong></span> <span class='ocrx_word' id='word_1_543' title='bbox 3394 3486 3778 3581; x_wconf 27' lang='lat' dir='ltr'><strong>aej‘vji‘restitui-</strong></span> 
     </span>
    </p>
   </div>
   <div class='ocr_carea' id='block_1_72' title="bbox 2163 3562 3778 3646">
    <p class='ocr_par' dir='ltr' id='par_1_72' title="bbox 2163 3562 3778 3646">
     <span class='ocr_line' id='line_1_73' title="bbox 2163 3562 3778 3646; baseline -0.017 -7"><span class='ocrx_word' id='word_1_544' title='bbox 2163 3562 2283 3638; x_wconf 71' lang='lat' dir='ltr'><strong>inus</strong></span> <span class='ocrx_word' id='word_1_545' title='bbox 2306 3598 2320 3643; x_wconf 85' lang='lat'><strong>;</strong></span> <span class='ocrx_word' id='word_1_546' title='bbox 2345 3562 2468 3634; x_wconf 84' lang='lat' dir='ltr'><strong>cum</strong></span> <span class='ocrx_word' id='word_1_547' title='bbox 2496 3576 2737 3646; x_wconf 88' lang='lat' dir='ltr'><strong>alioquin</strong></span> <span class='ocrx_word' id='word_1_548' title='bbox 2766 3573 3049 3643; x_wconf 86' lang='lat' dir='ltr'><strong>utplenior</strong></span> <span class='ocrx_word' id='word_1_549' title='bbox 3063 3567 3340 3640; x_wconf 88' lang='lat' dir='ltr'><strong>oppositio</strong></span> <span class='ocrx_word' id='word_1_550' title='bbox 3355 3562 3640 3626; x_wconf 86' lang='lat' dir='ltr'><strong>reddatur,</strong></span> <span class='ocrx_word' id='word_1_551' title='bbox 3659 3573 3778 3613; x_wconf 91' lang='lat' dir='ltr'><strong>non</strong></span> 
     </span>
    </p>
   </div>
   <div class='ocr_carea' id='block_1_73' title="bbox 2162 3644 2828 3718">
    <p class='ocr_par' dir='ltr' id='par_1_73' title="bbox 2162 3644 2828 3718">
     <span class='ocr_line' id='line_1_74' title="bbox 2162 3644 2828 3718; baseline -0.017 -10"><span class='ocrx_word' id='word_1_552' title='bbox 2162 3651 2504 3708; x_wconf 88' lang='lat' dir='ltr'><strong>sintomnino</strong></span> <span class='ocrx_word' id='word_1_553' title='bbox 2533 3644 2828 3718; x_wconf 81' lang='lat' dir='ltr'><strong>superﬂua.</strong></span> 
     </span>
    </p>
   </div>
   <div class='ocr_carea' id='block_1_74' title="bbox 485 3752 3731 3818">
    <p class='ocr_par' dir='ltr' id='par_1_74' title="bbox 485 3752 3731 3818">
     <span class='ocr_line' id='line_1_75' title="bbox 485 3752 3731 3818; baseline -0.017 1"><span class='ocrx_word' id='word_1_554' title='bbox 485 3752 3731 3818; x_wconf 48' lang='grc' dir='ltr'><strong>ι--..----,---..-----¹-----,-,,-,,,,,-,,-..-.-------.-ι---------------------“-“--¹’</strong></span> 
     </span>
    </p>
   </div>
   <div class='ocr_carea' id='block_1_75' title="bbox 1592 3873 2627 3992">
    <p class='ocr_par' dir='ltr' id='par_1_75' title="bbox 1592 3873 2627 3992">
     <span class='ocr_line' id='line_1_76' title="bbox 1592 3873 2627 3992; baseline -0.017 -22"><span class='ocrx_word' id='word_1_555' title='bbox 1592 3885 1944 3972; x_wconf 84' lang='lat' dir='ltr'>LIBER</span> <span class='ocrx_word' id='word_1_556' title='bbox 2019 3873 2627 3992; x_wconf 83' lang='lat' dir='ltr'><strong>QUARTUS.</strong></span> 
     </span>
    </p>
   </div>
   <div class='ocr_carea' id='block_1_76' title="bbox 1914 4074 2297 4089">
    <p class='ocr_par' dir='ltr' id='par_1_76' title="bbox 1914 4074 2297 4089">
     <span class='ocr_line' id='line_1_77' title="bbox 1914 4074 2297 4089; baseline -0.013 -1"><span class='ocrx_word' id='word_1_557' title='bbox 1914 4074 2297 4089; x_wconf 46' lang='grc' dir='ltr'>ψ</span> 
     </span>
    </p>
   </div>
   <div class='ocr_carea' id='block_1_77' title="bbox 547 4180 2060 4283">
    <p class='ocr_par' dir='ltr' id='par_1_77' title="bbox 547 4180 2060 4283">
     <span class='ocr_line' id='line_1_78' title="bbox 547 4180 2060 4283; baseline -0.019 -22"><span class='ocrx_word' id='word_1_558' title='bbox 547 4200 757 4283; x_wconf 75' lang='lat'><strong>1333</strong></span> <span class='ocrx_word' id='word_1_559' title='bbox 789 4199 839 4253; x_wconf 76' lang='lat' dir='ltr'><strong>t.</strong></span> <span class='ocrx_word' id='word_1_560' title='bbox 881 4195 996 4252; x_wconf 80' lang='lat' dir='ltr'><strong>Non</strong></span> <span class='ocrx_word' id='word_1_561' title='bbox 1028 4190 1345 4255; x_wconf 84' lang='lat' dir='ltr'><strong>absurdum,</strong></span> <span class='ocrx_word' id='word_1_562' title='bbox 1372 4186 1585 4257; x_wconf 88' lang='lat' dir='ltr'><strong>opinor,</strong></span> <span class='ocrx_word' id='word_1_563' title='bbox 1605 4183 1674 4238; x_wconf 90' lang='lat' dir='ltr'><strong>de</strong></span> <span class='ocrx_word' id='word_1_564' title='bbox 1704 4180 2060 4250; x_wconf 80' lang='lat' dir='ltr'><strong>generatione</strong></span> 
     </span>
    </p>
   </div>
   <div class='ocr_carea' id='block_1_78' title="bbox 469 4269 2066 4356">
    <p class='ocr_par' dir='ltr' id='par_1_78' title="bbox 469 4269 2066 4356">
     <span class='ocr_line' id='line_1_79' title="bbox 469 4269 2066 4356; baseline -0.021 0"><span class='ocrx_word' id='word_1_565' title='bbox 469 4269 689 4356; x_wconf 53' lang='lat' dir='ltr'><strong>Domini</strong></span> <span class='ocrx_word' id='word_1_566' title='bbox 707 4288 1040 4347; x_wconf 87' lang='lat' dir='ltr'><strong>confecimus</strong></span> <span class='ocrx_word' id='word_1_567' title='bbox 1063 4296 1230 4351; x_wconf 80' lang='lat' dir='ltr'><strong>Opus:</strong></span> <span class='ocrx_word' id='word_1_568' title='bbox 1251 4286 1403 4334; x_wconf 90' lang='lat' dir='ltr'><strong>certe</strong></span> <span class='ocrx_word' id='word_1_569' title='bbox 1427 4274 1822 4330; x_wconf 88' lang='lat' dir='ltr'><strong>infructuosum</strong></span> <span class='ocrx_word' id='word_1_570' title='bbox 1843 4287 1947 4327; x_wconf 93' lang='lat' dir='ltr'><strong>non</strong></span> <span class='ocrx_word' id='word_1_571' title='bbox 1967 4269 2066 4324; x_wconf 89' lang='lat' dir='ltr'><strong>fuit</strong></span> 
     </span>
    </p>
   </div>
   <div class='ocr_carea' id='block_1_79' title="bbox 471 4361 2066 4447">
    <p class='ocr_par' dir='ltr' id='par_1_79' title="bbox 471 4361 2066 4447">
     <span class='ocr_line' id='line_1_80' title="bbox 471 4361 2066 4447; baseline -0.019 0"><span class='ocrx_word' id='word_1_572' title='bbox 471 4385 768 4447; x_wconf 88' lang='lat' dir='ltr'><strong>Dominicis</strong></span> <span class='ocrx_word' id='word_1_573' title='bbox 799 4379 1004 4437; x_wconf 88' lang='lat' dir='ltr'><strong>diutius</strong></span> <span class='ocrx_word' id='word_1_574' title='bbox 1035 4374 1302 4432; x_wconf 81' lang='lat' dir='ltr'><strong>inhaerere</strong></span> <span class='ocrx_word' id='word_1_575' title='bbox 1334 4364 1798 4437; x_wconf 84' lang='lat' dir='ltr'><strong>majoribus.Nam</strong></span> <span class='ocrx_word' id='word_1_576' title='bbox 1831 4365 1876 4418; x_wconf 91' lang='lat' dir='ltr'><strong>si</strong></span> <span class='ocrx_word' id='word_1_577' title='bbox 1907 4363 1940 4417; x_wconf 89' lang='lat' dir='ltr'><strong>ii</strong></span> <span class='ocrx_word' id='word_1_578' title='bbox 1972 4361 2066 4432; x_wconf 90' lang='lat' dir='ltr'><strong>qui</strong></span> 
     </span>
    </p>
   </div>
   <div class='ocr_carea' id='block_1_80' title="bbox 468 4457 2061 4554">
    <p class='ocr_par' dir='ltr' id='par_1_80' title="bbox 468 4457 2061 4554">
     <span class='ocr_line' id='line_1_81' title="bbox 468 4457 2061 4554; baseline -0.02 -13"><span class='ocrx_word' id='word_1_579' title='bbox 468 4495 726 4554; x_wconf 89' lang='lat' dir='ltr'><strong>magnum</strong></span> <span class='ocrx_word' id='word_1_580' title='bbox 748 4490 895 4532; x_wconf 88' lang='lat' dir='ltr'><strong>mare</strong></span> <span class='ocrx_word' id='word_1_581' title='bbox 912 4467 1136 4528; x_wconf 90' lang='lat' dir='ltr'><strong>llttorali</strong></span> <span class='ocrx_word' id='word_1_582' title='bbox 1155 4475 1348 4537; x_wconf 90' lang='lat' dir='ltr'><strong>parant</strong></span> <span class='ocrx_word' id='word_1_583' title='bbox 1365 4459 1711 4533; x_wconf 83' lang='lat' dir='ltr'><strong>navigatione</strong></span> <span class='ocrx_word' id='word_1_584' title='bbox 1728 4457 2061 4514; x_wconf 83' lang='lat' dir='ltr'><strong>transmitte-</strong></span> 
     </span>
    </p>
   </div>
   <div class='ocr_carea' id='block_1_81' title="bbox 472 4549 2064 4641">
    <p class='ocr_par' dir='ltr' id='par_1_81' title="bbox 472 4549 2064 4641">
     <span class='ocr_line' id='line_1_82' title="bbox 472 4549 2064 4641; baseline -0.018 -9"><span class='ocrx_word' id='word_1_585' title='bbox 472 4571 783 4641; x_wconf 88' lang='lat' dir='ltr'><strong>re,altioris</strong></span> <span class='ocrx_word' id='word_1_586' title='bbox 799 4562 1182 4635; x_wconf 87' lang='lat' dir='ltr'><strong>compendium</strong></span> <span class='ocrx_word' id='word_1_587' title='bbox 1212 4571 1424 4623; x_wconf 82' lang='lat' dir='ltr'><strong>cursus,</strong></span> <span class='ocrx_word' id='word_1_588' title='bbox 1450 4554 1678 4610; x_wconf 66' lang='lat' dir='ltr'><strong>ﬂitidem</strong></span> <span class='ocrx_word' id='word_1_589' title='bbox 1710 4561 1766 4606; x_wconf 93' lang='lat' dir='ltr'><strong>ut</strong></span> <span class='ocrx_word' id='word_1_590' title='bbox 1795 4549 2064 4617; x_wconf 88' lang='lat' dir='ltr'><strong>nos,fldu-</strong></span> 
     </span>
    </p>
   </div>
   <div class='ocr_carea' id='block_1_82' title="bbox 466 4640 2066 4724">
    <p class='ocr_par' dir='ltr' id='par_1_82' title="bbox 466 4640 2066 4724">
     <span class='ocr_line' id='line_1_83' title="bbox 466 4640 2066 4724; baseline -0.019 0"><span class='ocrx_word' id='word_1_591' title='bbox 466 4640 565 4724; x_wconf 80' lang='lat' dir='ltr'><strong>ciae</strong></span> <span class='ocrx_word' id='word_1_592' title='bbox 589 4661 902 4720; x_wconf 82' lang='lat' dir='ltr'><strong>infirmitate</strong></span> <span class='ocrx_word' id='word_1_593' title='bbox 927 4655 1179 4716; x_wconf 89' lang='lat' dir='ltr'><strong>vitantes,</strong></span> <span class='ocrx_word' id='word_1_594' title='bbox 1202 4663 1365 4721; x_wconf 86' lang='lat' dir='ltr'><strong>agros</strong></span> <span class='ocrx_word' id='word_1_595' title='bbox 1395 4658 1449 4702; x_wconf 91' lang='lat' dir='ltr'><strong>et</strong></span> <span class='ocrx_word' id='word_1_596' title='bbox 1470 4647 1632 4704; x_wconf 88' lang='lat' dir='ltr'><strong>nrbes</strong></span> <span class='ocrx_word' id='word_1_597' title='bbox 1653 4643 1842 4699; x_wconf 89' lang='lat' dir='ltr'><strong>littore</strong></span> <span class='ocrx_word' id='word_1_598' title='bbox 1864 4640 2066 4697; x_wconf 88' lang='lat' dir='ltr'><strong>deduc-</strong></span> 
     </span>
    </p>
   </div>
   <div class='ocr_carea' id='block_1_83' title="bbox 467 4738 2064 4828">
    <p class='ocr_par' dir='ltr' id='par_1_83' title="bbox 467 4738 2064 4828">
     <span class='ocr_line' id='line_1_84' title="bbox 467 4738 2064 4828; baseline -0.017 -13"><span class='ocrx_word' id='word_1_599' title='bbox 467 4770 550 4815; x_wconf 88' lang='lat' dir='ltr'><strong>tas</strong></span> <span class='ocrx_word' id='word_1_600' title='bbox 570 4757 713 4828; x_wconf 86' lang='lat' dir='ltr'><strong>capti</strong></span> <span class='ocrx_word' id='word_1_601' title='bbox 747 4755 992 4809; x_wconf 88' lang='lat' dir='ltr'><strong>locorum</strong></span> <span class='ocrx_word' id='word_1_602' title='bbox 1014 4745 1216 4808; x_wconf 86' lang='lat' dir='ltr'><strong>decore</strong></span> <span class='ocrx_word' id='word_1_603' title='bbox 1239 4743 1549 4810; x_wconf 87' lang='lat' dir='ltr'><strong>frequenter</strong></span> <span class='ocrx_word' id='word_1_604' title='bbox 1571 4738 1813 4792; x_wconf 81' lang='lat' dir='ltr'><strong>invisent</strong></span> <span class='ocrx_word' id='word_1_605' title='bbox 1833 4752 1844 4788; x_wconf 91' lang='lat'><strong>:</strong></span> <span class='ocrx_word' id='word_1_606' title='bbox 1861 4742 2064 4804; x_wconf 85' lang='lat' dir='ltr'><strong>quanto</strong></span> 
     </span>
    </p>
   </div>
   <div class='ocr_carea' id='block_1_84' title="bbox 467 4829 2061 4922">
    <p class='ocr_par' dir='ltr' id='par_1_84' title="bbox 467 4829 2061 4922">
     <span class='ocr_line' id='line_1_85' title="bbox 467 4829 2061 4922; baseline -0.018 -14"><span class='ocrx_word' id='word_1_607' title='bbox 467 4852 639 4922; x_wconf 86' lang='lat' dir='ltr'><strong>magis</strong></span> <span class='ocrx_word' id='word_1_608' title='bbox 669 4863 768 4904; x_wconf 89' lang='lat' dir='ltr'><strong>nos</strong></span> <span class='ocrx_word' id='word_1_609' title='bbox 801 4847 852 4899; x_wconf 92' lang='lat' dir='ltr'><strong>in</strong></span> <span class='ocrx_word' id='word_1_610' title='bbox 878 4849 1028 4897; x_wconf 90' lang='lat' dir='ltr'><strong>tanto</strong></span> <span class='ocrx_word' id='word_1_611' title='bbox 1060 4854 1166 4892; x_wconf 91' lang='lat' dir='ltr'><strong>non</strong></span> <span class='ocrx_word' id='word_1_612' title='bbox 1189 4836 1612 4898; x_wconf 89' lang='lat' dir='ltr'><strong>elementorum,</strong></span> <span class='ocrx_word' id='word_1_613' title='bbox 1644 4829 1738 4886; x_wconf 90' lang='lat' dir='ltr'><strong>sed</strong></span> <span class='ocrx_word' id='word_1_614' title='bbox 1785 4835 2061 4900; x_wconf 87' lang='lat' dir='ltr'><strong>gestorum</strong></span> 
     </span>
    </p>
   </div>
   <div class='ocr_carea' id='block_1_85' title="bbox 463 4922 2063 5003">
    <p class='ocr_par' dir='ltr' id='par_1_85' title="bbox 463 4922 2063 5003">
     <span class='ocr_line' id='line_1_86' title="bbox 463 4922 2063 5003; baseline -0.016 -3"><span class='ocrx_word' id='word_1_615' title='bbox 463 4941 768 5000; x_wconf 78' lang='lat' dir='ltr'><strong>caelestium</strong></span> <span class='ocrx_word' id='word_1_616' title='bbox 796 4933 885 4990; x_wconf 90' lang='lat' dir='ltr'><strong>siti</strong></span> <span class='ocrx_word' id='word_1_617' title='bbox 914 4927 1204 5003; x_wconf 84' lang='lat' dir='ltr'><strong>profundo,</strong></span> <span class='ocrx_word' id='word_1_618' title='bbox 1231 4925 1523 4981; x_wconf 83' lang='lat' dir='ltr'><strong>viciniores</strong></span> <span class='ocrx_word' id='word_1_619' title='bbox 1549 4922 1734 4993; x_wconf 86' lang='lat' dir='ltr'><strong>legere</strong></span> <span class='ocrx_word' id='word_1_620' title='bbox 1763 4927 1974 4990; x_wconf 88' lang='lat' dir='ltr'><strong>portus,</strong></span> <span class='ocrx_word' id='word_1_621' title='bbox 2008 4927 2063 4974; x_wconf 90' lang='lat' dir='ltr'><strong>et</strong></span> 
     </span>
    </p>
   </div>
   <div class='ocr_carea' id='block_1_86' title="bbox 461 5012 2062 5103">
    <p class='ocr_par' dir='ltr' id='par_1_86' title="bbox 461 5012 2062 5103">
     <span class='ocr_line' id='line_1_87' title="bbox 461 5012 2062 5103; baseline -0.016 -12"><span class='ocrx_word' id='word_1_622' title='bbox 461 5035 777 5103; x_wconf 86' lang='lat' dir='ltr'><strong>frequentes</strong></span> <span class='ocrx_word' id='word_1_623' title='bbox 806 5040 990 5103; x_wconf 74' lang='lat' dir='ltr'><strong>amare</strong></span> <span class='ocrx_word' id='word_1_624' title='bbox 1021 5021 1287 5076; x_wconf 88' lang='lat' dir='ltr'><strong>debemus</strong></span> <span class='ocrx_word' id='word_1_625' title='bbox 1315 5015 1613 5072; x_wconf 81' lang='lat' dir='ltr'><strong>excursus!</strong></span> <span class='ocrx_word' id='word_1_626' title='bbox 1645 5028 1712 5069; x_wconf 88' lang='lat' dir='ltr'><strong>ne</strong></span> <span class='ocrx_word' id='word_1_627' title='bbox 1737 5012 1858 5082; x_wconf 92' lang='lat' dir='ltr'><strong>quis</strong></span> <span class='ocrx_word' id='word_1_628' title='bbox 1889 5013 2062 5082; x_wconf 72' lang='lat' dir='ltr'><strong>longae</strong></span> 
     </span>
    </p>
   </div>
   <div class='ocr_carea' id='block_1_87' title="bbox 463 5094 2067 5195">
    <p class='ocr_par' dir='ltr' id='par_1_87' title="bbox 463 5094 2067 5195">
     <span class='ocr_line' id='line_1_88' title="bbox 463 5094 2067 5195; baseline -0.013 -14"><span class='ocrx_word' id='word_1_629' title='bbox 463 5119 820 5195; x_wconf 82' lang='lat' dir='ltr'><strong>navigationis</strong></span> <span class='ocrx_word' id='word_1_630' title='bbox 850 5094 1011 5173; x_wconf 63' lang='lat' dir='ltr'><strong>taedio</strong></span> <span class='ocrx_word' id='word_1_631' title='bbox 1041 5113 1314 5183; x_wconf 86' lang='lat' dir='ltr'><strong>fatigatus,</strong></span> <span class='ocrx_word' id='word_1_632' title='bbox 1342 5108 1541 5162; x_wconf 85' lang='lat' dir='ltr'><strong>fastidii</strong></span> <span class='ocrx_word' id='word_1_633' title='bbox 1569 5109 1829 5162; x_wconf 90' lang='lat' dir='ltr'><strong>vomitum</strong></span> <span class='ocrx_word' id='word_1_634' title='bbox 1877 5115 2067 5160; x_wconf 86' lang='lat' dir='ltr'><strong>tenere</strong></span> 
     </span>
    </p>
   </div>
   <div class='ocr_carea' id='block_1_88' title="bbox 460 5195 2061 5288">
    <p class='ocr_par' dir='ltr' id='par_1_88' title="bbox 460 5195 2061 5288">
     <span class='ocr_line' id='line_1_89' title="bbox 460 5195 2061 5288; baseline -0.015 -14"><span class='ocrx_word' id='word_1_635' title='bbox 460 5234 568 5274; x_wconf 91' lang='lat' dir='ltr'><strong>non</strong></span> <span class='ocrx_word' id='word_1_636' title='bbox 598 5210 840 5288; x_wconf 82' lang='lat' dir='ltr'><strong>possit.b</strong></span> <span class='ocrx_word' id='word_1_637' title='bbox 881 5210 1039 5265; x_wconf 85' lang='lat' dir='ltr'><strong>Certe</strong></span> <span class='ocrx_word' id='word_1_638' title='bbox 1066 5207 1109 5260; x_wconf 89' lang='lat' dir='ltr'><strong>si</strong></span> <span class='ocrx_word' id='word_1_639' title='bbox 1141 5205 1260 5275; x_wconf 81' lang='lat' dir='ltr'><strong>quis</strong></span> <span class='ocrx_word' id='word_1_640' title='bbox 1298 5201 1488 5256; x_wconf 77' lang='lat' dir='ltr'><strong>intutae</strong></span> <span class='ocrx_word' id='word_1_641' title='bbox 1539 5201 1673 5253; x_wconf 86' lang='lat' dir='ltr'><strong>ratis</strong></span> <span class='ocrx_word' id='word_1_642' title='bbox 1719 5198 1846 5252; x_wconf 90' lang='lat' dir='ltr'><strong>vitia</strong></span> <span class='ocrx_word' id='word_1_643' title='bbox 1895 5195 2061 5251; x_wconf 89' lang='lat' dir='ltr'><strong>inﬁda</strong></span> 
     </span>
    </p>
   </div>
   <div class='ocr_carea' id='block_1_89' title="bbox 460 5293 2059 5386">
    <p class='ocr_par' dir='ltr' id='par_1_89' title="bbox 460 5293 2059 5386">
     <span class='ocr_line' id='line_1_90' title="bbox 460 5293 2059 5386; baseline -0.013 -19"><span class='ocrx_word' id='word_1_644' title='bbox 460 5307 834 5386; x_wconf 84' lang='lat' dir='ltr'><strong>perspexerit,</strong></span> <span class='ocrx_word' id='word_1_645' title='bbox 892 5312 1168 5372; x_wconf 86' lang='lat' dir='ltr'><strong>tamquam</strong></span> <span class='ocrx_word' id='word_1_646' title='bbox 1242 5295 1508 5365; x_wconf 86' lang='lat' dir='ltr'><strong>frequenti</strong></span> <span class='ocrx_word' id='word_1_647' title='bbox 1563 5293 1826 5347; x_wconf 89' lang='lat' dir='ltr'><strong>librorum</strong></span> <span class='ocrx_word' id='word_1_648' title='bbox 1899 5303 2059 5360; x_wconf 88' lang='lat' dir='ltr'><strong>portu</strong></span> 
     </span>
    </p>
   </div>
   <div class='ocr_carea' id='block_1_90' title="bbox 457 5384 2057 5472">
    <p class='ocr_par' dir='ltr' id='par_1_90' title="bbox 457 5384 2057 5472">
     <span class='ocr_line' id='line_1_91' title="bbox 457 5384 2057 5472; baseline -0.013 -13"><span class='ocrx_word' id='word_1_649' title='bbox 457 5384 698 5472; x_wconf 83' lang='lat' dir='ltr'><strong>objecto,</strong></span> <span class='ocrx_word' id='word_1_650' title='bbox 737 5401 862 5453; x_wconf 87' lang='lat' dir='ltr'><strong>licet</strong></span> <span class='ocrx_word' id='word_1_651' title='bbox 905 5403 962 5450; x_wconf 92' lang='lat' dir='ltr'><strong>ut</strong></span> <span class='ocrx_word' id='word_1_652' title='bbox 1012 5394 1223 5447; x_wconf 89' lang='lat' dir='ltr'><strong>aurium</strong></span> <span class='ocrx_word' id='word_1_653' title='bbox 1279 5390 1401 5443; x_wconf 88' lang='lat' dir='ltr'><strong>vela</strong></span> <span class='ocrx_word' id='word_1_654' title='bbox 1436 5387 1692 5455; x_wconf 82' lang='lat' dir='ltr'><strong>deponat,</strong></span> <span class='ocrx_word' id='word_1_655' title='bbox 1724 5394 1778 5439; x_wconf 93' lang='lat' dir='ltr'><strong>et</strong></span> <span class='ocrx_word' id='word_1_656' title='bbox 1807 5384 2057 5438; x_wconf 85' lang='lat' dir='ltr'><strong>lectionis</strong></span> 
     </span>
    </p>
   </div>
   <div class='ocr_carea' id='block_1_91' title="bbox 456 5477 2048 5562">
    <p class='ocr_par' dir='ltr' id='par_1_91' title="bbox 456 5477 2048 5562">
     <span class='ocr_line' id='line_1_92' title="bbox 456 5477 2048 5562; baseline -0.015 -9"><span class='ocrx_word' id='word_1_657' title='bbox 456 5499 750 5554; x_wconf 83' lang='lat' dir='ltr'><strong>anchoram</strong></span> <span class='ocrx_word' id='word_1_658' title='bbox 782 5488 926 5562; x_wconf 79' lang='lat' dir='ltr'><strong>ﬁgat.</strong></span> <span class='ocrx_word' id='word_1_659' title='bbox 955 5488 1072 5547; x_wconf 83' lang='lat' dir='ltr'><strong>Non</strong></span> <span class='ocrx_word' id='word_1_660' title='bbox 1117 5485 1328 5540; x_wconf 87' lang='lat' dir='ltr'><strong>videtur</strong></span> <span class='ocrx_word' id='word_1_661' title='bbox 1378 5479 1690 5550; x_wconf 86' lang='lat' dir='ltr'><strong>deseruisse</strong></span> <span class='ocrx_word' id='word_1_662' title='bbox 1749 5477 2048 5547; x_wconf 81' lang='lat' dir='ltr'><strong>navigium,</strong></span> 
     </span>
    </p>
   </div>
   <div class='ocr_carea' id='block_1_92' title="bbox 482 5592 2054 5680">
    <p class='ocr_par' dir='ltr' id='par_1_92' title="bbox 482 5592 2054 5680">
     <span class='ocr_line' id='line_1_93' title="bbox 482 5592 2054 5680; baseline -0.011 -17"><span class='ocrx_word' id='word_1_663' title='bbox 482 5611 549 5680; x_wconf 70' lang='grc' dir='ltr'>ια</span> <span class='ocrx_word' id='word_1_664' title='bbox 589 5608 748 5663; x_wconf 77' lang='lat' dir='ltr'><strong>Rom.</strong></span> <span class='ocrx_word' id='word_1_665' title='bbox 777 5601 909 5680; x_wconf 79' lang='lat' dir='ltr'><strong>edit.</strong></span> <span class='ocrx_word' id='word_1_666' title='bbox 945 5602 1069 5680; x_wconf 79' lang='lat' dir='ltr'><strong>hinc</strong></span> <span class='ocrx_word' id='word_1_667' title='bbox 1097 5592 1637 5680; x_wconf 50' lang='lat' dir='ltr'><strong>re_sciderat,“itidcut</strong></span> <span class='ocrx_word' id='word_1_668' title='bbox 1681 5601 1738 5645; x_wconf 84' lang='lat' dir='ltr'><strong>ut</strong></span> <span class='ocrx_word' id='word_1_669' title='bbox 1765 5607 1856 5644; x_wconf 88' lang='lat' dir='ltr'><strong>nos</strong></span> <span class='ocrx_word' id='word_1_670' title='bbox 1882 5605 1902 5645; x_wconf 88' lang='lat'><strong><em>:</em></strong></span> <span class='ocrx_word' id='word_1_671' title='bbox 1933 5604 2054 5657; x_wconf 76' lang='lat' dir='ltr'><strong>quae</strong></span> 
     </span>
    </p>
   </div>
   <div class='ocr_carea' id='block_1_93' title="bbox 452 5663 2041 5734">
    <p class='ocr_par' dir='ltr' id='par_1_93' title="bbox 452 5663 2041 5734">
     <span class='ocr_line' id='line_1_94' title="bbox 452 5663 2041 5734; baseline -0.013 0"><span class='ocrx_word' id='word_1_672' title='bbox 452 5663 629 5734; x_wconf 52' lang='lat' dir='ltr'><strong>tit-men</strong></span> <span class='ocrx_word' id='word_1_673' title='bbox 682 5675 842 5730; x_wconf 84' lang='lat' dir='ltr'><strong>verba</strong></span> <span class='ocrx_word' id='word_1_674' title='bbox 896 5688 994 5728; x_wconf 88' lang='lat' dir='ltr'><strong>nec</strong></span> <span class='ocrx_word' id='word_1_675' title='bbox 1035 5673 1087 5723; x_wconf 90' lang='lat' dir='ltr'><strong>in</strong></span> <span class='ocrx_word' id='word_1_676' title='bbox 1113 5669 1216 5722; x_wconf 93' lang='lat' dir='ltr'><strong>ulla</strong></span> <span class='ocrx_word' id='word_1_677' title='bbox 1247 5667 1348 5720; x_wconf 88' lang='lat' dir='ltr'><strong>alia</strong></span> <span class='ocrx_word' id='word_1_678' title='bbox 1375 5666 1505 5719; x_wconf 90' lang='lat' dir='ltr'><strong>edit.</strong></span> <span class='ocrx_word' id='word_1_679' title='bbox 1537 5663 1619 5734; x_wconf 86' lang='lat' dir='ltr'><strong>vel</strong></span> <span class='ocrx_word' id='word_1_680' title='bbox 1649 5677 1786 5734; x_wconf 76' lang='lat' dir='ltr'><strong>mss.</strong></span> <span class='ocrx_word' id='word_1_681' title='bbox 1817 5672 2041 5734; x_wconf 67' lang='lat' dir='ltr'><strong>praeter-</strong></span> 
     </span>
    </p>
   </div>
   <div class='ocr_carea' id='block_1_94' title="bbox 450 5733 1971 5808">
    <p class='ocr_par' dir='ltr' id='par_1_94' title="bbox 450 5733 1971 5808">
     <span class='ocr_line' id='line_1_95' title="bbox 450 5733 1971 5808; baseline -0.014 -2"><span class='ocrx_word' id='word_1_682' title='bbox 450 5733 757 5808; x_wconf 76' lang='lat' dir='ltr'><strong>mittuntur,</strong></span> <span class='ocrx_word' id='word_1_683' title='bbox 790 5759 887 5798; x_wconf 90' lang='lat' dir='ltr'><strong>nec</strong></span> <span class='ocrx_word' id='word_1_684' title='bbox 916 5757 1049 5796; x_wconf 84' lang='lat' dir='ltr'><strong>sane</strong></span> <span class='ocrx_word' id='word_1_685' title='bbox 1088 5743 1321 5805; x_wconf 84' lang='lat' dir='ltr'><strong>ineptam</strong></span> <span class='ocrx_word' id='word_1_686' title='bbox 1342 5733 1677 5808; x_wconf 59' lang='lat' dir='ltr'><strong>sententiam</strong></span> <span class='ocrx_word' id='word_1_687' title='bbox 1711 5733 1971 5808; x_wconf 59' lang='lat' dir='ltr'><strong>efficiunt.</strong></span> 
     </span>
    </p>
   </div>
   <div class='ocr_carea' id='block_1_95' title="bbox 527 5801 2049 5870">
    <p class='ocr_par' dir='ltr' id='par_1_95' title="bbox 527 5801 2049 5870">
     <span class='ocr_line' id='line_1_96' title="bbox 527 5801 2049 5870; baseline -0.009 1"><span class='ocrx_word' id='word_1_688' title='bbox 527 5801 565 5855; x_wconf 58' lang='grc' dir='ltr'><em>ιῖ</em></span> <span class='ocrx_word' id='word_1_689' title='bbox 595 5819 671 5870; x_wconf 85' lang='lat' dir='ltr'><strong>lta</strong></span> <span class='ocrx_word' id='word_1_690' title='bbox 698 5801 875 5870; x_wconf 81' lang='lat' dir='ltr'><strong>cuncti</strong></span> <span class='ocrx_word' id='word_1_691' title='bbox 905 5826 1032 5867; x_wconf 88' lang='lat' dir='ltr'><strong>mss.</strong></span> <span class='ocrx_word' id='word_1_692' title='bbox 1066 5819 1121 5866; x_wconf 86' lang='lat' dir='ltr'><strong>et</strong></span> <span class='ocrx_word' id='word_1_693' title='bbox 1147 5801 1256 5862; x_wconf 81' lang='lat' dir='ltr'><strong>vet.</strong></span> <span class='ocrx_word' id='word_1_694' title='bbox 1291 5805 1423 5862; x_wconf 86' lang='lat' dir='ltr'><strong>edit.</strong></span> <span class='ocrx_word' id='word_1_695' title='bbox 1453 5805 1611 5858; x_wconf 83' lang='lat' dir='ltr'><strong>Rom.</strong></span> <span class='ocrx_word' id='word_1_696' title='bbox 1648 5818 1799 5870; x_wconf 90' lang='lat' dir='ltr'><strong>vero,</strong></span> <span class='ocrx_word' id='word_1_697' title='bbox 1830 5801 1979 5858; x_wconf 75' lang='lat' dir='ltr'><strong>Certe</strong></span> <span class='ocrx_word' id='word_1_698' title='bbox 2004 5804 2049 5858; x_wconf 81' lang='lat' dir='ltr'><strong>si</strong></span> 
     </span>
    </p>
   </div>
   <div class='ocr_carea' id='block_1_96' title="bbox 2165 4160 3782 4234">
    <p class='ocr_par' dir='ltr' id='par_1_96' title="bbox 2165 4160 3782 4234">
     <span class='ocr_line' id='line_1_97' title="bbox 2165 4160 3782 4234; baseline -0.012 -5"><span class='ocrx_word' id='word_1_699' title='bbox 2165 4172 2260 4230; x_wconf 89' lang='lat' dir='ltr'><strong>sed</strong></span> <span class='ocrx_word' id='word_1_700' title='bbox 2300 4169 2606 4226; x_wconf 88' lang='lat' dir='ltr'><strong>confecisse</strong></span> <span class='ocrx_word' id='word_1_701' title='bbox 2660 4181 2904 4231; x_wconf 89' lang='lat' dir='ltr'><strong>cursum,</strong></span> <span class='ocrx_word' id='word_1_702' title='bbox 2958 4165 3050 4234; x_wconf 88' lang='lat' dir='ltr'><strong>qui</strong></span> <span class='ocrx_word' id='word_1_703' title='bbox 3076 4160 3363 4222; x_wconf 88' lang='lat' dir='ltr'><strong>descendit</strong></span> <span class='ocrx_word' id='word_1_704' title='bbox 3417 4160 3471 4216; x_wconf 93' lang='lat' dir='ltr'><strong>in</strong></span> <span class='ocrx_word' id='word_1_705' title='bbox 3528 4164 3782 4228; x_wconf 85' lang='lat' dir='ltr'><strong>portum.</strong></span> 
     </span>
    </p>
   </div>
   <div class='ocr_carea' id='block_1_97' title="bbox 2237 4251 3785 4334">
    <p class='ocr_par' dir='ltr' id='par_1_97' title="bbox 2237 4251 3785 4334">
     <span class='ocr_line' id='line_1_98' title="bbox 2237 4251 3785 4334; baseline -0.01 -16"><span class='ocrx_word' id='word_1_706' title='bbox 2237 4265 2294 4318; x_wconf 67' lang='lat'><strong>9.</strong></span> <span class='ocrx_word' id='word_1_707' title='bbox 2340 4265 2405 4320; x_wconf 83' lang='lat' dir='ltr'><strong>Et</strong></span> <span class='ocrx_word' id='word_1_708' title='bbox 2431 4262 2706 4334; x_wconf 82' lang='lat' dir='ltr'><strong>plerisque</strong></span> <span class='ocrx_word' id='word_1_709' title='bbox 2758 4259 2813 4314; x_wconf 91' lang='lat' dir='ltr'><strong>in</strong></span> <span class='ocrx_word' id='word_1_710' title='bbox 2866 4259 3003 4314; x_wconf 85' lang='lat' dir='ltr'><strong>locis</strong></span> <span class='ocrx_word' id='word_1_711' title='bbox 3058 4256 3292 4311; x_wconf 90' lang='lat' dir='ltr'><strong>fortasse</strong></span> <span class='ocrx_word' id='word_1_712' title='bbox 3338 4251 3785 4319; x_wconf 73' lang='lat' dir='ltr'><strong>ammnltasipsa</strong></span> 
     </span>
    </p>
   </div>
   <div class='ocr_carea' id='block_1_98' title="bbox 2166 4341 3784 4422">
    <p class='ocr_par' dir='ltr' id='par_1_98' title="bbox 2166 4341 3784 4422">
     <span class='ocr_line' id='line_1_99' title="bbox 2166 4341 3784 4422; baseline -0.01 -8"><span class='ocrx_word' id='word_1_713' title='bbox 2166 4359 2414 4414; x_wconf 91' lang='lat' dir='ltr'><strong>locorum</strong></span> <span class='ocrx_word' id='word_1_714' title='bbox 2461 4356 2656 4409; x_wconf 90' lang='lat' dir='ltr'><strong>invitet</strong></span> <span class='ocrx_word' id='word_1_715' title='bbox 2711 4356 3206 4422; x_wconf 83' lang='lat' dir='ltr'><strong>praetermeantern.</strong></span> <span class='ocrx_word' id='word_1_716' title='bbox 3266 4347 3401 4404; x_wconf 83' lang='lat' dir='ltr'><strong>Nam</strong></span> <span class='ocrx_word' id='word_1_717' title='bbox 3445 4345 3490 4400; x_wconf 92' lang='lat' dir='ltr'><strong>si</strong></span> <span class='ocrx_word' id='word_1_718' title='bbox 3522 4341 3784 4415; x_wconf 82' lang='lat' dir='ltr'><strong>Ulyssem</strong></span> 
     </span>
    </p>
   </div>
   <div class='ocr_carea' id='block_1_99' title="bbox 2167 4436 3783 4518">
    <p class='ocr_par' dir='ltr' id='par_1_99' title="bbox 2167 4436 3783 4518">
     <span class='ocr_line' id='line_1_100' title="bbox 2167 4436 3783 4518; baseline -0.011 -10"><span class='ocrx_word' id='word_1_719' title='bbox 2167 4454 2341 4518; x_wconf 92' lang='lat' dir='ltr'><strong>illum,</strong></span> <span class='ocrx_word' id='word_1_720' title='bbox 2371 4459 2428 4506; x_wconf 85' lang='lat' dir='ltr'><strong>ut</strong></span> <span class='ocrx_word' id='word_1_721' title='bbox 2470 4450 2669 4505; x_wconf 80' lang='lat' dir='ltr'><strong>fabulae</strong></span> <span class='ocrx_word' id='word_1_722' title='bbox 2713 4447 2894 4503; x_wconf 88' lang='lat' dir='ltr'><strong>ferunt</strong></span> <span class='ocrx_word' id='word_1_723' title='bbox 2925 4446 3094 4517; x_wconf 89' lang='lat' dir='ltr'><strong>(licet</strong></span> <span class='ocrx_word' id='word_1_724' title='bbox 3136 4454 3190 4499; x_wconf 91' lang='lat' dir='ltr'><strong>et</strong></span> <span class='ocrx_word' id='word_1_725' title='bbox 3218 4441 3490 4511; x_wconf 83' lang='lat' dir='ltr'><strong>Propheta</strong></span> <span class='ocrx_word' id='word_1_726' title='bbox 3520 4436 3728 4496; x_wconf 82' lang='lat' dir='ltr'><strong>dixerit</strong></span> <span class='ocrx_word' id='word_1_727' title='bbox 3765 4452 3783 4491; x_wconf 86' lang='lat'><strong>:</strong></span> 
     </span>
    </p>
   </div>
   <div class='ocr_carea' id='block_1_100' title="bbox 2175 4528 3783 4618">
    <p class='ocr_par' dir='ltr' id='par_1_100' title="bbox 2175 4528 3783 4618">
     <span class='ocr_line' id='line_1_101' title="bbox 2175 4528 3783 4618; baseline -0.013 -16"><span class='ocrx_word' id='word_1_728' title='bbox 2410 4541 2723 4598; x_wconf 79' lang='lat' dir='ltr'><strong>Habitabant</strong></span> <span class='ocrx_word' id='word_1_729' title='bbox 2747 4542 2798 4594; x_wconf 83' lang='lat' dir='ltr'><strong>in</strong></span> <span class='ocrx_word' id='word_1_730' title='bbox 2813 4557 2872 4594; x_wconf 86' lang='lat' dir='ltr'><strong>ea</strong></span> <span class='ocrx_word' id='word_1_731' title='bbox 2892 4540 3017 4606; x_wconf 76' lang='lat' dir='ltr'><strong>lilia:</strong></span> <span class='ocrx_word' id='word_1_732' title='bbox 3045 4533 3482 4608; x_wconf 79' lang='lat' dir='ltr'><strong>Sirenum(Esai.</strong></span> <span class='ocrx_word' id='word_1_733' title='bbox 3501 4547 3616 4597; x_wconf 80' lang='lat' dir='ltr'><strong>xm,</strong></span> <span class='ocrx_word' id='word_1_734' title='bbox 3637 4528 3712 4584; x_wconf 72' lang='grc'><strong>21</strong></span> <span class='ocrx_word' id='word_1_735' title='bbox 3732 4530 3783 4599; x_wconf 92' lang='lat'><strong>):</strong></span> 
     </span>
    </p>
   </div>
   <div class='ocr_carea' id='block_1_101' title="bbox 2087 4608 3788 4705">
    <p class='ocr_par' dir='ltr' id='par_1_101' title="bbox 2087 4608 3788 4705">
     <span class='ocr_line' id='line_1_102' title="bbox 2087 4608 3788 4705; baseline -0.009 -10"><span class='ocrx_word' id='word_1_736' title='bbox 2087 4608 2142 4671; x_wconf 71' lang='grc' dir='ltr'>Β</span> <span class='ocrx_word' id='word_1_737' title='bbox 2169 4637 2272 4694; x_wconf 89' lang='lat' dir='ltr'><strong>etsi</strong></span> <span class='ocrx_word' id='word_1_738' title='bbox 2288 4653 2391 4691; x_wconf 93' lang='lat' dir='ltr'><strong>non</strong></span> <span class='ocrx_word' id='word_1_739' title='bbox 2413 4636 2641 4691; x_wconf 80' lang='lat' dir='ltr'><strong>dixisset</strong></span> <span class='ocrx_word' id='word_1_740' title='bbox 2659 4632 2945 4705; x_wconf 86' lang='lat' dir='ltr'><strong>propheta,</strong></span> <span class='ocrx_word' id='word_1_741' title='bbox 2961 4645 3124 4685; x_wconf 89' lang='lat' dir='ltr'><strong>nemo</strong></span> <span class='ocrx_word' id='word_1_742' title='bbox 3140 4627 3454 4698; x_wconf 91' lang='lat' dir='ltr'><strong>tamenjure</strong></span> <span class='ocrx_word' id='word_1_743' title='bbox 3473 4621 3788 4696; x_wconf 83' lang='lat' dir='ltr'><strong>reprehen-</strong></span> 
     </span>
    </p>
   </div>
   <div class='ocr_carea' id='block_1_102' title="bbox 2170 4715 3783 4800">
    <p class='ocr_par' dir='ltr' id='par_1_102' title="bbox 2170 4715 3783 4800">
     <span class='ocr_line' id='line_1_103' title="bbox 2170 4715 3783 4800; baseline -0.007 -16"><span class='ocrx_word' id='word_1_744' title='bbox 2170 4731 2322 4786; x_wconf 89' lang='lat' dir='ltr'><strong>deret</strong></span> <span class='ocrx_word' id='word_1_745' title='bbox 2346 4747 2361 4796; x_wconf 87' lang='lat'><strong>;</strong></span> <span class='ocrx_word' id='word_1_746' title='bbox 2390 4745 2516 4785; x_wconf 91' lang='lat' dir='ltr'><strong>cum</strong></span> <span class='ocrx_word' id='word_1_747' title='bbox 2537 4739 2590 4784; x_wconf 91' lang='lat' dir='ltr'><strong>et</strong></span> <span class='ocrx_word' id='word_1_748' title='bbox 2613 4730 2860 4800; x_wconf 87' lang='lat' dir='ltr'><strong>gigantes</strong></span> <span class='ocrx_word' id='word_1_749' title='bbox 2884 4715 2950 4796; x_wconf 91' lang='lat' dir='ltr'><strong>(ll</strong></span> <span class='ocrx_word' id='word_1_750' title='bbox 2979 4724 3109 4795; x_wconf 79' lang='lat' dir='ltr'><strong>Reg.</strong></span> <span class='ocrx_word' id='word_1_751' title='bbox 3160 4737 3213 4788; x_wconf 92' lang='lat' dir='ltr'><strong>v,</strong></span> <span class='ocrx_word' id='word_1_752' title='bbox 3245 4720 3342 4789; x_wconf 69' lang='lat'><strong>‘22,</strong></span> <span class='ocrx_word' id='word_1_753' title='bbox 3370 4730 3420 4775; x_wconf 87' lang='lat' dir='ltr'><strong>et</strong></span> <span class='ocrx_word' id='word_1_754' title='bbox 3467 4735 3618 4783; x_wconf 79' lang='lat' dir='ltr'><strong>mn,</strong></span> <span class='ocrx_word' id='word_1_755' title='bbox 3646 4715 3783 4787; x_wconf 74' lang='lat' dir='ltr'><strong>l5),</strong></span> 
     </span>
    </p>
   </div>
   <div class='ocr_carea' id='block_1_103' title="bbox 2167 4810 3784 4888">
    <p class='ocr_par' dir='ltr' id='par_1_103' title="bbox 2167 4810 3784 4888">
     <span class='ocr_line' id='line_1_104' title="bbox 2167 4810 3784 4888; baseline -0.01 -7"><span class='ocrx_word' id='word_1_756' title='bbox 2167 4832 2224 4881; x_wconf 85' lang='lat' dir='ltr'><strong>et</strong></span> <span class='ocrx_word' id='word_1_757' title='bbox 2252 4823 2452 4878; x_wconf 87' lang='lat' dir='ltr'><strong>vallem</strong></span> <span class='ocrx_word' id='word_1_758' title='bbox 2483 4823 2733 4877; x_wconf 87' lang='lat' dir='ltr'><strong>Titanum</strong></span> <span class='ocrx_word' id='word_1_759' title='bbox 2775 4819 3049 4888; x_wconf 88' lang='lat' dir='ltr'><strong>Scriptura</strong></span> <span class='ocrx_word' id='word_1_760' title='bbox 3077 4810 3601 4885; x_wconf 84' lang='lat' dir='ltr'><strong>comprehenderit)</strong></span> <span class='ocrx_word' id='word_1_761' title='bbox 3631 4820 3690 4874; x_wconf 85' lang='lat' dir='ltr'><strong>c;</strong></span> <span class='ocrx_word' id='word_1_762' title='bbox 3731 4811 3784 4865; x_wconf 82' lang='lat' dir='ltr'><strong>si</strong></span> 
     </span>
    </p>
   </div>
   <div class='ocr_carea' id='block_1_104' title="bbox 2167 4901 3785 4988">
    <p class='ocr_par' dir='ltr' id='par_1_104' title="bbox 2167 4901 3785 4988">
     <span class='ocr_line' id='line_1_105' title="bbox 2167 4901 3785 4988; baseline -0.009 -17"><span class='ocrx_word' id='word_1_763' title='bbox 2167 4933 2298 4988; x_wconf 88' lang='lat' dir='ltr'><strong>ergo</strong></span> <span class='ocrx_word' id='word_1_764' title='bbox 2339 4915 2584 4988; x_wconf 87' lang='lat' dir='ltr'><strong>Ulyssem</strong></span> <span class='ocrx_word' id='word_1_765' title='bbox 2634 4913 2791 4968; x_wconf 86' lang='lat' dir='ltr'><strong>Illum</strong></span> <span class='ocrx_word' id='word_1_766' title='bbox 2847 4922 2967 4984; x_wconf 91' lang='lat' dir='ltr'><strong>post</strong></span> <span class='ocrx_word' id='word_1_767' title='bbox 3019 4909 3207 4964; x_wconf 89' lang='lat' dir='ltr'><strong>decem</strong></span> <span class='ocrx_word' id='word_1_768' title='bbox 3261 4921 3530 4962; x_wconf 88' lang='lat' dir='ltr'><strong>annorum</strong></span> <span class='ocrx_word' id='word_1_769' title='bbox 3579 4901 3785 4957; x_wconf 79' lang='lat' dir='ltr'><strong>exsilia</strong></span> 
     </span>
    </p>
   </div>
   <div class='ocr_carea' id='block_1_105' title="bbox 2167 4999 3783 5082">
    <p class='ocr_par' dir='ltr' id='par_1_105' title="bbox 2167 4999 3783 5082">
     <span class='ocr_line' id='line_1_106' title="bbox 2167 4999 3783 5082; baseline -0.011 -13"><span class='ocrx_word' id='word_1_770' title='bbox 2167 5012 2363 5082; x_wconf 89' lang='lat' dir='ltr'><strong>quibus</strong></span> <span class='ocrx_word' id='word_1_771' title='bbox 2384 5011 2645 5066; x_wconf 85' lang='lat' dir='ltr'><strong>bellatum</strong></span> <span class='ocrx_word' id='word_1_772' title='bbox 2671 5009 2724 5062; x_wconf 90' lang='lat' dir='ltr'><strong>in</strong></span> <span class='ocrx_word' id='word_1_773' title='bbox 2751 5007 2844 5062; x_wconf 88' lang='lat' dir='ltr'><strong>llio</strong></span> <span class='ocrx_word' id='word_1_774' title='bbox 2881 5015 2986 5072; x_wconf 89' lang='lat' dir='ltr'><strong>est,</strong></span> <span class='ocrx_word' id='word_1_775' title='bbox 3039 5003 3339 5072; x_wconf 85' lang='lat' dir='ltr'><strong>decemque</strong></span> <span class='ocrx_word' id='word_1_776' title='bbox 3367 4999 3573 5056; x_wconf 90' lang='lat' dir='ltr'><strong>erroris</strong></span> <span class='ocrx_word' id='word_1_777' title='bbox 3597 5010 3783 5051; x_wconf 88' lang='lat' dir='ltr'><strong>annos</strong></span> 
     </span>
    </p>
   </div>
   <div class='ocr_carea' id='block_1_106' title="bbox 2171 5093 3780 5170">
    <p class='ocr_par' dir='ltr' id='par_1_106' title="bbox 2171 5093 3780 5170">
     <span class='ocr_line' id='line_1_107' title="bbox 2171 5093 3780 5170; baseline -0.009 -12"><span class='ocrx_word' id='word_1_778' title='bbox 2171 5104 2524 5158; x_wconf 86' lang='lat' dir='ltr'><strong>festinantem</strong></span> <span class='ocrx_word' id='word_1_779' title='bbox 2559 5101 2622 5156; x_wconf 85' lang='lat' dir='ltr'><strong>ad</strong></span> <span class='ocrx_word' id='word_1_780' title='bbox 2658 5101 2884 5170; x_wconf 83' lang='lat' dir='ltr'><strong>patriam</strong></span> <span class='ocrx_word' id='word_1_781' title='bbox 2903 5140 2917 5164; x_wconf 94' lang='lat'><strong>,</strong></span> <span class='ocrx_word' id='word_1_782' title='bbox 2947 5096 3244 5167; x_wconf 86' lang='lat' dir='ltr'><strong>Lotophagi</strong></span> <span class='ocrx_word' id='word_1_783' title='bbox 3273 5093 3548 5149; x_wconf 80' lang='lat' dir='ltr'><strong>suavitate</strong></span> <span class='ocrx_word' id='word_1_784' title='bbox 3574 5093 3780 5144; x_wconf 64' lang='lat' dir='ltr'><strong>bacca-</strong></span> 
     </span>
    </p>
   </div>
   <div class='ocr_carea' id='block_1_107' title="bbox 2167 5183 3778 5264">
    <p class='ocr_par' dir='ltr' id='par_1_107' title="bbox 2167 5183 3778 5264">
     <span class='ocr_line' id='line_1_108' title="bbox 2167 5183 3778 5264; baseline -0.012 -12"><span class='ocrx_word' id='word_1_785' title='bbox 2167 5213 2282 5252; x_wconf 89' lang='lat' dir='ltr'><strong>rum</strong></span> <span class='ocrx_word' id='word_1_786' title='bbox 2309 5207 2496 5252; x_wconf 89' lang='lat' dir='ltr'><strong>tenere</strong></span> <span class='ocrx_word' id='word_1_787' title='bbox 2528 5202 2822 5264; x_wconf 88' lang='lat' dir='ltr'><strong>potuerunt</strong></span> <span class='ocrx_word' id='word_1_788' title='bbox 2853 5190 2938 5246; x_wconf 88' lang='lat' dir='ltr'><strong>:sl</strong></span> <span class='ocrx_word' id='word_1_789' title='bbox 2971 5191 3112 5244; x_wconf 88' lang='lat' dir='ltr'><strong>horti</strong></span> <span class='ocrx_word' id='word_1_790' title='bbox 3140 5187 3349 5244; x_wconf 80' lang='lat' dir='ltr'><strong>Alcinoi</strong></span> <span class='ocrx_word' id='word_1_791' title='bbox 3375 5183 3722 5242; x_wconf 86' lang='lat' dir='ltr'><strong>retardarunt</strong></span> <span class='ocrx_word' id='word_1_792' title='bbox 3759 5195 3778 5246; x_wconf 91' lang='lat'><strong>;</strong></span> 
     </span>
    </p>
   </div>
   <div class='ocr_carea' id='block_1_108' title="bbox 2163 5269 3776 5360">
    <p class='ocr_par' dir='ltr' id='par_1_108' title="bbox 2163 5269 3776 5360">
     <span class='ocr_line' id='line_1_109' title="bbox 2163 5269 3776 5360; baseline -0.011 -15"><span class='ocrx_word' id='word_1_793' title='bbox 2163 5292 2206 5346; x_wconf 92' lang='lat' dir='ltr'><strong>si</strong></span> <span class='ocrx_word' id='word_1_794' title='bbox 2254 5303 2534 5360; x_wconf 89' lang='lat' dir='ltr'><strong>postremo</strong></span> <span class='ocrx_word' id='word_1_795' title='bbox 2575 5287 2797 5343; x_wconf 86' lang='lat' dir='ltr'><strong>Sirenes</strong></span> <span class='ocrx_word' id='word_1_796' title='bbox 2817 5291 2983 5341; x_wconf 86' lang='lat' dir='ltr'><strong>cantu</strong></span> <span class='ocrx_word' id='word_1_797' title='bbox 3024 5282 3176 5337; x_wconf 85' lang='lat' dir='ltr'><strong>vocis</strong></span> <span class='ocrx_word' id='word_1_798' title='bbox 3203 5281 3480 5343; x_wconf 88' lang='lat' dir='ltr'><strong>illectum,</strong></span> <span class='ocrx_word' id='word_1_799' title='bbox 3520 5276 3582 5330; x_wconf 89' lang='lat' dir='ltr'><strong>ad</strong></span> <span class='ocrx_word' id='word_1_800' title='bbox 3629 5269 3776 5328; x_wconf 89' lang='lat' dir='ltr'><strong>illud</strong></span> 
     </span>
    </p>
   </div>
   <div class='ocr_carea' id='block_1_109' title="bbox 2160 5369 3776 5446">
    <p class='ocr_par' dir='ltr' id='par_1_109' title="bbox 2160 5369 3776 5446">
     <span class='ocr_line' id='line_1_110' title="bbox 2160 5369 3776 5446; baseline -0.012 -9"><span class='ocrx_word' id='word_1_801' title='bbox 2160 5382 2427 5437; x_wconf 82' lang='lat' dir='ltr'><strong>famesum</strong></span> <span class='ocrx_word' id='word_1_802' title='bbox 2481 5380 2776 5446; x_wconf 81' lang='lat' dir='ltr'><strong>voluptatis</strong></span> <span class='ocrx_word' id='word_1_803' title='bbox 2823 5376 3162 5445; x_wconf 85' lang='lat' dir='ltr'><strong>naufragium</strong></span> <span class='ocrx_word' id='word_1_804' title='bbox 3206 5387 3347 5442; x_wconf 89' lang='lat' dir='ltr'><strong>pene</strong></span> <span class='ocrx_word' id='word_1_805' title='bbox 3403 5369 3776 5431; x_wconf 76' lang='lat' dir='ltr'><strong>deduxerant,</strong></span> 
     </span>
    </p>
   </div>
   <div class='ocr_carea' id='block_1_110' title="bbox 2157 5462 3777 5529">
    <p class='ocr_par' dir='ltr' id='par_1_110' title="bbox 2157 5462 3777 5529">
     <span class='ocr_line' id='line_1_111' title="bbox 2157 5462 3777 5529; baseline -0.012 0"><span class='ocrx_word' id='word_1_806' title='bbox 2157 5477 2260 5529; x_wconf 84' lang='lat' dir='ltr'><strong>nisi</strong></span> <span class='ocrx_word' id='word_1_807' title='bbox 2306 5475 2568 5529; x_wconf 86' lang='lat' dir='ltr'><strong>adversus</strong></span> <span class='ocrx_word' id='word_1_808' title='bbox 2599 5472 2937 5526; x_wconf 71' lang='lat' dir='ltr'><strong>illecebrosas</strong></span> <span class='ocrx_word' id='word_1_809' title='bbox 2984 5468 3193 5522; x_wconf 87' lang='lat' dir='ltr'><strong>sonitus</strong></span> <span class='ocrx_word' id='word_1_810' title='bbox 3239 5463 3528 5518; x_wconf 70' lang='lat' dir='ltr'><strong>cantilena:</strong></span> <span class='ocrx_word' id='word_1_811' title='bbox 3560 5462 3777 5514; x_wconf 78' lang='lat' dir='ltr'><strong>inserta</strong></span> 
     </span>
    </p>
   </div>
   <div class='ocr_carea' id='block_1_111' title="bbox 2161 5578 3781 5668">
    <p class='ocr_par' dir='ltr' id='par_1_111' title="bbox 2161 5578 3781 5668">
     <span class='ocr_line' id='line_1_112' title="bbox 2161 5578 3781 5668; baseline -0.009 -27"><span class='ocrx_word' id='word_1_812' title='bbox 2161 5589 2272 5668; x_wconf 67' lang='lat' dir='ltr'><strong>quis</strong></span> <span class='ocrx_word' id='word_1_813' title='bbox 2293 5589 2618 5668; x_wconf 52' lang='lat' dir='ltr'><strong>infidasratis</strong></span> <span class='ocrx_word' id='word_1_814' title='bbox 2639 5587 2762 5640; x_wconf 86' lang='lat' dir='ltr'><strong>vitia</strong></span> <span class='ocrx_word' id='word_1_815' title='bbox 2790 5584 3212 5656; x_wconf 66' lang='lat' dir='ltr'><strong>perspexerit</strong></span> <span class='ocrx_word' id='word_1_816' title='bbox 3238 5589 3392 5650; x_wconf 85' lang='lat' dir='ltr'><strong>portu</strong></span> <span class='ocrx_word' id='word_1_817' title='bbox 3421 5578 3632 5650; x_wconf 73' lang='lat' dir='ltr'><strong>objecta,</strong></span> <span class='ocrx_word' id='word_1_818' title='bbox 3663 5589 3781 5627; x_wconf 76' lang='lat' dir='ltr'><strong>ast-</strong></span> 
     </span>
    </p>
   </div>
   <div class='ocr_carea' id='block_1_112' title="bbox 2152 5660 2691 5730">
    <p class='ocr_par' dir='ltr' id='par_1_112' title="bbox 2152 5660 2691 5730">
     <span class='ocr_line' id='line_1_113' title="bbox 2152 5660 2691 5730; baseline 0 -18"><span class='ocrx_word' id='word_1_819' title='bbox 2152 5661 2286 5713; x_wconf 79' lang='lat' dir='ltr'><strong>rium</strong></span> <span class='ocrx_word' id='word_1_820' title='bbox 2311 5662 2422 5714; x_wconf 82' lang='lat' dir='ltr'><strong>vela</strong></span> <span class='ocrx_word' id='word_1_821' title='bbox 2446 5660 2691 5730; x_wconf 80' lang='lat' dir='ltr'><strong>deponat.</strong></span> 
     </span>
    </p>
   </div>
   <div class='ocr_carea' id='block_1_113' title="bbox 2232 5716 3785 5800">
    <p class='ocr_par' dir='ltr' id='par_1_113' title="bbox 2232 5716 3785 5800">
     <span class='ocr_line' id='line_1_114' title="bbox 2232 5716 3785 5800; baseline -0.01 -12"><span class='ocrx_word' id='word_1_822' title='bbox 2232 5741 2253 5769; x_wconf 68' lang='grc' dir='ltr'>ε</span> <span class='ocrx_word' id='word_1_823' title='bbox 2299 5732 2362 5787; x_wconf 84' lang='lat' dir='ltr'><strong>Si</strong></span> <span class='ocrx_word' id='word_1_824' title='bbox 2406 5716 2526 5800; x_wconf 68' lang='lat' dir='ltr'><strong>ergo</strong></span> <span class='ocrx_word' id='word_1_825' title='bbox 2573 5730 2810 5800; x_wconf 80' lang='lat' dir='ltr'><strong>Ulyssem</strong></span> <span class='ocrx_word' id='word_1_826' title='bbox 2861 5729 3030 5794; x_wconf 79' lang='lat' dir='ltr'><strong>illum,</strong></span> <span class='ocrx_word' id='word_1_827' title='bbox 3082 5727 3197 5800; x_wconf 71' lang='lat' dir='ltr'><strong>haec</strong></span> <span class='ocrx_word' id='word_1_828' title='bbox 3227 5723 3428 5800; x_wconf 73' lang='lat' dir='ltr'><strong>omissa</strong></span> <span class='ocrx_word' id='word_1_829' title='bbox 3458 5721 3682 5800; x_wconf 59' lang='lat' dir='ltr'><strong>fuerant</strong></span> <span class='ocrx_word' id='word_1_830' title='bbox 3720 5716 3785 5772; x_wconf 85' lang='lat' dir='ltr'><strong>in</strong></span> 
     </span>
    </p>
   </div>
   <div class='ocr_carea' id='block_1_114' title="bbox 2157 5789 3786 5871">
    <p class='ocr_par' dir='ltr' id='par_1_114' title="bbox 2157 5789 3786 5871">
     <span class='ocr_line' id='line_1_115' title="bbox 2157 5789 3786 5871; baseline -0.008 -14"><span class='ocrx_word' id='word_1_831' title='bbox 2157 5802 2316 5860; x_wconf 80' lang='lat' dir='ltr'><strong>Rom.</strong></span> <span class='ocrx_word' id='word_1_832' title='bbox 2358 5789 2490 5859; x_wconf 64' lang='lat' dir='ltr'><strong>edit&quot;.</strong></span> <span class='ocrx_word' id='word_1_833' title='bbox 2546 5789 2668 5860; x_wconf 58' lang='lat' dir='ltr'><strong>cun&#39;t</strong></span> <span class='ocrx_word' id='word_1_834' title='bbox 2702 5810 2886 5858; x_wconf 71' lang='lat' dir='ltr'><strong>tanien</strong></span> <span class='ocrx_word' id='word_1_835' title='bbox 2908 5789 3033 5871; x_wconf 76' lang='lat' dir='ltr'><strong>post</strong></span> <span class='ocrx_word' id='word_1_836' title='bbox 3053 5793 3427 5870; x_wconf 69' lang='lat' dir='ltr'><strong>parenthesin]</strong></span> <span class='ocrx_word' id='word_1_837' title='bbox 3458 5789 3786 5863; x_wconf 72' lang='lat' dir='ltr'><strong>longiuscul-</strong></span> 
     </span>
    </p>
   </div>
  </div>
