3960 6364
267 409 381 476 1615

1175 402 1545 470 EXPOSITIO
1584 410 1841 471 EVANG.
1882 411 2032 470 SEC.
2073 412 2232 472 LUC.
2274 411 2404 471 LIB.
2449 407 2538 470 iV.
2617 461 2626 470 .

3381 422 3519 481 16η

260 547 360 592 cera
385 528 635 586 sociorum
682 524 973 582 clausisset
990 539 1157 582 aures
1185 543 1198 579 :
1229 535 1432 598 quanto
1464 525 1637 596 magis
1681 525 1812 582 reli-
1839 530 1894 591 Α
1920 535 2088 592 esset,
2143 541 2266 582 cum
2318 527 2434 597 ipse
2477 525 2579 582 sub
2625 524 2767 597 Lege
2793 540 2898 582 non
2949 536 3094 585 esset
3129 531 3519 598 ,circumcisus

259 625 410 697 giosos
450 611 586 676 viros
610 620 914 676 caelestium
957 619 1225 676 factorum
1252 620 1412 676 cedet
1458 618 1819 675 admiratione

259 716 484 775 mulceri'!
512 717 682 784 Atque
710 714 796 770 hic
818 714 930 784 jam
959 730 1064 769 non
1094 714 1382 770 baccarum
1413 712 1654 768 suavitas
1685 711 1819 767 hau-

258 809 433 872 rienda,
469 806 560 863 sed
611 807 764 876 panis
811 807 902 862 ille
952 805 1044 876 qui
1095 805 1469 862 descenditde
1494 805 1637 862 casio
1667 821 1680 858 :
1709 819 1818 860 non

256 903 379 959 olera
403 901 603 956 Alcinoi
627 901 940 972 spectanda,
967 898 1064 954 sed
1084 909 1427 955 sacramenta
1453 896 1816 954 suntChristi.

255 993 362 1051 Nam
393 995 481 1062 Qui
504 994 743 1064 inﬁrmus
773 1002 869 1058 est,
895 994 1041 1048 olera
1085 991 1365 1048 manducet
1392 993 1571 1065 (Rom.
1601 1007 1714 1058 xw,
1739 990 1820 1062 9.).

252 1087 347 1144 Non
375 1086 680 1142 claudenda:
709 1087 876 1156 igitur
903 1101 1088 1153 aures,
1107 1086 1205 1141 sed
1234 1085 1542 1140 reserandae
1571 1093 1696 1140 sunt
1725 1100 1740 1139 :
1767 1093 1824 1140 ut

254 1179 422 1236 Christi
444 1197 542 1235 vox
573 1181 745 1251 possit
766 1179 964 1244 audiri,
1007 1195 1168 1250 quam
1213 1180 1462 1251 quisquis
1493 1178 1821 1249 perceperit,

251 1272 552 1342 naufragium
577 1288 684 1326 non
713 1272 946 1327 timebit.
993 1271 1114 1326 Non
1144 1271 1549 1342 corporalibus.
1582 1279 1640 1326 ut
1671 1271 1824 1342 Ulys-

251 1378 340 1430 ses,
363 1363 470 1420 a"ad
529 1366 779 1421 arborem
836 1364 1068 1420 vinculis
1106 1365 1317 1438 1335
1350 1364 1698 1440 alligandus,
1725 1363 1822 1420 sed

248 1457 427 1514 animus
447 1458 520 1513 ad
539 1458 722 1514 crucis
747 1458 949 1528 lignum
971 1457 1301 1528 spiritalibus
1331 1458 1562 1514 nexibus
1585 1457 1830 1512 vincien—

249 1551 364 1617 dus;
394 1569 454 1606 ne
481 1552 830 1607 lasciviarum
859 1560 1143 1606 moveatur
1171 1550 1469 1617 illecebris,
1501 1564 1831 1621 cursumque

245 1652 420 1700 natura:
441 1643 775 1712 detorqueat
823 1645 876 1699 in
909 1642 1206 1714 periculum
1240 1643 1561 1712 voluptatis.

303 1739 348 1794 ὅ.
388 1737 687 1808 Figmentis
713 1735 856 1793 enim
905 1735 1133 1806 poeticis
1174 1734 1355 1790 fabula
1406 1735 1717 1795 coloratur;
1774 1741 1835 1788 ut

245 1831 463 1903 quadam
513 1833 710 1905 puellae
729 1832 1024 1903 sc0puioso
1073 1831 1126 1886 in
1155 1831 1340 1887 littore
1363 1831 1529 1885 maris
1562 1829 1836 1884 habitasse

246 1926 529 1998 prodantur
565 1947 578 1982 :
613 1942 731 1997 quat
757 1927 803 1980 si
843 1940 980 1996 quos
1006 1923 1299 1981 deﬂectere
1317 1923 1588 1993 navigium
1616 1929 1839 1992 propter
1867 1929 1916 1989 Β

243 2019 427 2075 aurium
462 2020 800 2076 suavitatem
830 2019 974 2073 dulci
1023 2032 1158 2072 voce
1205 2016 1571 2087 pepulissent,
1604 2016 1656 2069 in
1698 2013 1837 2092 vada

243 2126 362 2190 aera
387 2114 679 2177 deductos,
711 2119 765 2166 et
796 2109 960 2165 inﬁda
983 2111 1218 2164 statione
1257 2109 1540 2178 deceptos,
1571 2105 1838 2176 naufragii

241 2202 558 2259 miserabilis
582 2213 730 2260 sorte
755 2210 1166 2258 consumerent.
1190 2199 1568 2270 Compositum
1590 2199 1695 2255 hoc
1719 2212 1843 2268 ape-

244 2293 332 2362 cie,
359 2306 406 2352 et
456 2296 746 2351 ambitiosa
772 2294 1183 2365 comparatione
1208 2292 1452 2349 fucatum
1473 2301 1558 2348 est
1589 2309 1606 2358 ;
1641 2301 1698 2346 ut
1725 2305 1844 2344 ma-

246 2402 316 2452 re,
348 2404 481 2452 vox,
511 2387 754 2452 femina),
783 2387 961 2441 littora
991 2386 1216 2452 vadosa,
1249 2385 1546 2456 ﬁngantur.
1576 2383 1731 2452 Quod
1753 2398 1846 2436 au-

246 2486 337 2533 tem
384 2496 542 2534 mare
584 2480 868 2550 abruptius
909 2494 1068 2548 quam
1107 2479 1387 2543 saeculum,
1441 2485 1550 2532 tam
1592 2476 1840 2543 inﬁdum,

247 2581 340 2628 tam
365 2573 598 2640 mobile,
617 2582 723 2628 tam
742 2571 1088 2642 profundum,
1117 2581 1222 2625 tam
1248 2569 1653 2624 immundorum
1677 2568 1842 2637 Spiri—

245 2675 378 2722 tuum
399 2668 630 2723 ﬂatibus
657 2658 1069 2738 procellosum?
1096 2664 1233 2732 Quid
1263 2663 1367 2719 sibi
1397 2665 1511 2718 vult
1544 2663 1842 2733 puellarum

247 2761 404 2831 figura
433 2804 449 2827 ,
505 2762 611 2816 nisi
657 2761 878 2817 evirataa
926 2758 1218 2828 voluptatis
1249 2757 1525 2824 illecebra,
1558 2772 1678 2827 quae
1709 2770 1843 2811 con-

243 2856 490 2910 stantiam
540 2863 717 2924 captze
769 2852 968 2907 mentis
993 2851 1322 2907 effeminet?
1362 2849 1493 2916 Quae
1543 2859 1726 2904 autem
1754 2849 1846 2914 illa

246 2945 390 3011 vada,
449 2945 554 3002 nisi
603 2953 806 3001 nostra:
842 2944 1051 3014 scopuli
1098 2953 1224 2999 sunt
1263 2942 1500 2998 salutis?
1531 2941 1674 2997 Nihil
1700 2943 1847 2998 enim

245 3049 346 3096 tam
372 3055 604 3103 caecum,
629 3054 792 3110 quam
848 3038 1130 3094 szecularis
1159 3037 1442 3093 suavitatis
1500 3036 1800 3106 periculum
1835 3054 1848 3091 :

247 3147 360 3202 qua:
413 3133 544 3188 dum
602 3136 806 3189 mulcet
837 3133 1103 3195 animum,
1139 3131 1307 3186 vitam
1345 3130 1551 3196 obruit,
1585 3142 1640 3185 et
1660 3145 1854 3200 corpo-

243 3226 348 3282 reis
375 3226 706 3297 quibusdam
745 3225 984 3296 scopulis
1016 3240 1238 3301 sensum
1279 3224 1479 3280 mentis
1508 3223 1689 3279 illidit.

1919 628 2004 675 est
2035 629 2140 686 ;.ut
2165 635 2263 676 eos
2285 619 2376 689 qui
2404 619 2506 674 sub
2534 619 2680 689 Lege
2725 629 2873 686 sunt,
2917 621 3258 680 lucrifaceret
3286 643 3298 679 :
3325 626 3408 682 his
3429 627 3518 698 qui

1923 713 2042 768 sine
2073 713 2212 783 Lege
2235 721 2412 777 erant,
2453 713 2689 768 convivii
2722 717 3112 773 communitate
3131 721 3370 774 sociatus
3395 729 3518 786 est;

1924 815 1984 860 ut
2037 806 2351 861 lucraretur
2403 820 2522 872 eos,
2578 806 2671 877 qui
2693 807 2812 862 sine
2851 808 2995 878 Lege
3023 810 3294 866 vivebant.
3326 813 3524 870 Factus

1923 906 2008 954 est
2039 897 2268 953 inﬁrmis
2293 899 2544 954 inﬁrmus
2573 914 2670 968 per
2694 903 2939 970 corporis
2979 903 3288 974 passionem
3317 922 3331 971 ;
3359 916 3417 961 ut
3439 907 3526 962 in-

1925 989 2112 1044 ﬁrmos
2137 991 2502 1045 lucrifaceret.
2541 990 2804 1047 Omnibus
2836 1004 3112 1063 postremo
3137 997 3318 1052 omnia
3353 998 3525 1057 factus

1925 1090 2031 1148 est,
2063 1097 2268 1152 pauper
2296 1082 2647 1152 pauperibus,
2699 1084 2850 1140 dives
2872 1086 3149 1155 divitibus,
3181 1091 3320 1146 ﬂens
3349 1089 3526 1146 flenti-

1927 1175 2051 1239 bus,
2094 1176 2344 1232 esuriens
2392 1177 2779 1240 esnrientibus,
2830 1178 3022 1234 sitiens
3044 1180 3370 1244 sitientibus,
3405 1200 3530 1254 pro-

1926 1270 2068 1326 ﬂuus
2094 1269 2516 1326 abundantibus.
2543 1270 2600 1325 in
2628 1283 2850 1327 carcere
2872 1288 2993 1326 cum
3024 1288 3258 1343 paupere
3277 1285 3381 1340 est,
3407 1293 3528 1333 cum

1931 1362 2096 1418 Maria
2126 1363 2243 1430 ﬁet,
2285 1378 2407 1417 cum
2428 1364 2690 1433 apostolis
2719 1366 2986 1434 epulatur,
3021 1381 3146 1421 cum
3193 1368 3531 1425 Samaritana

1930 1455 2092 1508 sitit:
2124 1454 2180 1508 in
2231 1454 2452 1515 deserto
2504 1455 2709 1522 esurit;
2741 1466 2801 1510 ut
2850 1456 3006 1512 cibus
3062 1459 3222 1529 primi
3261 1459 3534 1526 hominis,

1933 1560 2096 1616 quem
2124 1547 2571 1616 praevaricatione
2591 1556 2920 1618 gustaverat,
2948 1549 3157 1619 jejunio
3185 1552 3399 1608 Domini
3427 1555 3537 1609 sol-
3605 1608 3612 1618 ,

1933 1649 2177 1694 veretur.
2208 1639 2405 1694 Nostro
2432 1641 2677 1710 periculo
2702 1641 2876 1696 Adam
2906 1642 3146 1700 scientiae
3170 1645 3298 1701 boni
3326 1654 3382 1702 et
3412 1647 3540 1704 mali

1943 1733 2155 1805 1333
2183 1733 2378 1789 famem
2398 1733 2582 1800 solvit,
2612 1736 3189 1803 nostroemolumento
3215 1739 3411 1796 famem
3439 1742 3542 1798 iste

1938 1826 2198 1895 suscepit.

2019 1917 2178 1988 (Cap.
2209 1915 2300 1973 IV.
2331 1948 2401 1958 --
2437 1919 2593 1975 Vers.
2624 1921 2704 1992 i.)
2735 1930 2757 1958 ο
2782 1920 2932 1975 Tum:
2958 1921 3112 1979 Iesus
3170 1925 3360 1981 ductus
3379 1937 3452 1982 est
3483 1929 3539 1984 in

1943 2009 2204 2065 desertum
2232 2012 2296 2065 ab
2339 2011 2568 2082 Spiritu,
2611 2023 2668 2066 ut
2705 2021 2992 2068 tentaretur
3032 2031 3064 2068 a
3103 2016 3334 2072 diabolo.

2019 2105 2071 2159 7.
2101 2105 2370 2162 Convenit
2408 2105 2683 2162 recordari
2723 2109 3176 2182 quemadmodum
3206 2111 3274 2167 de
3299 2112 3549 2182 paradiso

1947 2197 2001 2251 in
2030 2197 2305 2252 desertum
2335 2198 2508 2254 Adam
2533 2200 2743 2269 primus
2770 2200 2978 2270 ejectus
3007 2181 3079 2257 sii
3117 2202 3276 2273 (Gen.
3304 2181 3385 2267 tu,
3417 2202 3551 2275 24);

1946 2297 2008 2350 ut
2029 2291 2283 2346 advertas
2311 2291 2769 2362 quemadmodum
2800 2293 2869 2349 de
2895 2294 3112 2351 deserto
3141 2296 3209 2350 ad
3241 2296 3550 2367 paradisum

1945 2383 2121 2440 Adam
2154 2384 2424 2440 secundus
2454 2386 2768 2441 reverterit.
2810 2387 3004 2443 Videte
3034 2389 3178 2444 enim
3201 2392 3552 2461 quemadmo-

1946 2478 2074 2532 dum
2099 2479 2213 2534 Suis
2241 2470 2398 2534 nodis
2425 2479 2740 2549 prwjudicia
2765 2481 3136 2548 resolvantur,
3163 2491 3216 2538 et
3241 2485 3357 2540 suis
3371 2485 3555 2539 divina

1947 2569 2210 2626 beneficia
2260 2571 2508 2640 vestigiis
2547 2571 2934 2627 reformentur.
2992 2574 3068 2627 Ex
3131 2583 3276 2630 terra
3346 2576 3557 2646 virgine

1948 2663 2121 2718 Adam
2150 2662 2306 2736 (Gen.
2334 2681 2393 2730 ιι,
2430 2664 2506 2734 7),
2542 2664 2790 2720 Christus
2817 2681 2881 2721 ex
2909 2667 3122 2736 virgine
3151 2686 3164 2722 :
3199 2669 3292 2725 ille
3332 2671 3398 2725 ad
3427 2672 3560 2726 ima-

1949 2756 2131 2825 ginem
2167 2757 2260 2812 Dei
2293 2756 2647 2830 factus(Gen.
2679 2773 2718 2824 t,
2752 2759 2848 2829 27)
2879 2800 2894 2826 ,
2947 2760 3034 2815 hic
3067 2763 3245 2831 imago
3295 2763 3389 2819 Dei
3419 2779 3432 2816 :
3465 2765 3559 2821 ille

1950 2849 2206 2904 omnibus
2228 2849 2691 2906 irrationabilibus
2722 2852 3046 2909 animalibus
3075 2853 3265 2926 (Ibid.,
3306 2857 3425 2928 28),
3471 2857 3562 2914 hic

1951 2940 2210 2996 omnibus
2246 2943 2618 2998 animantibus
2645 2945 2937 3000 antelatus.
2973 2947 3076 3002 Per
3107 2949 3389 3006 mulierem
3417 2951 3582 3016 stul-_

1953 3031 2247 3101 tilia(Gen.
2285 3049 2367 3101 ut,
2397 3034 2429 3088 6
2455 3045 2504 3088 et
2537 3033 2614 3106 7),
2662 3049 2759 3105 per
2780 3036 3044 3107 virginem
3077 3040 3368 3110 sapientia.
3413 3043 3559 3102 Mors

1953 3141 2053 3197 per
2069 3127 2346 3193 arborem,
2363 3127 2472 3182 vita
2489 3143 2586 3198 per
2601 3143 2843 3186 crucem.
2861 3131 2960 3188 Ille
2983 3134 3316 3203 spiritalium
3341 3138 3522 3194 nudus
3540 3183 3555 3207 ,

1953 3218 2202 3274 arboreis
2250 3234 2310 3274 se
2359 3220 2491 3275 texit
2521 3221 2736 3277 exuviis
2771 3241 2782 3277 :
2818 3223 2906 3280 hic
2955 3227 3296 3283 smcularium
3356 3229 3556 3298 nudus,

311 3321 364 3374 4.
412 3319 600 3378 Merito
635 3319 798 3390 igitur
845 3317 1107 3372 Dominus
1164 3326 1350 3372 noster
1392 3315 1550 3373 Jesus
1603 3313 1853 3370 Christus
1879 3317 1925 3380 C
1958 3314 2204 3384 corporis
2237 3329 2343 3370 non
2370 3314 2964 3396 desideravitexuvias.
3006 3320 3065 3376 In
3114 3321 3334 3379 deserto
3359 3325 3558 3395 Adam,

235 3412 444 3484 jejunio
470 3429 570 3470 suo
595 3427 696 3468 nos
745 3421 905 3483 atque
936 3412 1157 3467 deserto
1185 3411 1446 3465 adversus
1500 3409 1842 3478 voluptatum

247 3505 826 3570 informatillecebras,
861 3515 915 3560 et
956 3505 1151 3561 tentari
1187 3520 1243 3560 se
1274 3520 1305 3559 a
1343 3503 1560 3559 diabolo
1587 3503 1848 3559 Dominus

246 3600 488 3654 omnium
521 3600 764 3670 patitur;
799 3607 858 3653 ut
882 3599 933 3653 in
965 3599 1057 3653 illo
1101 3613 1292 3654 omnes
1345 3600 1563 3654 vincere
1612 3598 1851 3656 discere-

252 3709 394 3749 mus.
425 3695 784 3751 Advertamus
819 3694 982 3766 igitur
1005 3695 1128 3766 quia
1161 3693 1260 3748 tria
1286 3709 1392 3749 non
1419 3695 1594 3750 otiose
1617 3711 1647 3749 a
1669 3695 1854 3750 Domi-

254 3802 324 3842 no
376 3787 752 3858 principaliter
816 3786 1064 3841 ordinata
1145 3785 1489 3858 Evangelista
1541 3787 1853 3858 descripsit.

260 3877 386 3934 Tria
415 3886 536 3934 sunt
563 3880 709 3936 enim
735 3894 856 3949 qua:
886 3880 952 3934 ad
986 3895 1142 3933 usum
1197 3881 1483 3948 proﬁciunt
1532 3881 1726 3935 salutis
1755 3879 1857 3934 iiii-

257 3988 453 4038 manse,
496 3983 918 4041 sacramentum,
971 3973 1274 4038 desertum,
1328 3974 1638 4044 jejunium:
1686 3974 1852 4030 Nemo

256 4065 402 4120 enim
427 4067 520 4120 nisi
542 4067 631 4135 qui
660 4065 886 4137 legitime
910 4067 1199 4133 certaverit,
1224 4077 1502 4120 coronatur
1527 4067 1592 4138 (ll
1627 4065 1758 4121 Tim.
1795 4084 1852 4135 tt,

262 4158 319 4231 5)
355 4178 366 4212 :
399 4175 556 4216 nemo
601 4172 782 4215 autem
828 4159 895 4215 ad
921 4169 1197 4215 certamen
1255 4161 1478 4215 virtutis
1527 4161 1853 4225 admittitur,

207 4271 210 4278 ·
259 4251 363 4307 nisi
394 4253 539 4322 prius
567 4254 634 4308 ab
664 4251 914 4308 omnibus
963 4252 1176 4307 ablutus
1226 4253 1457 4308 maculis
1509 4253 1855 4319 delictorum,

258 4344 442 4413 gratiae
463 4344 700 4402 caelestis
731 4359 952 4400 munere
974 4354 1349 4399 consecretur.

336 4437 387 4493 5.
423 4438 573 4495 Venit
596 4438 760 4508 igitur
793 4437 1048 4492 Dominus
1077 4437 1142 4492 ad
1172 4437 1478 4502 lavacrum;
1527 4447 1588 4493 ut
1612 4438 1858 4509 mysterii

266 4527 430 4598 gratia
461 4531 613 4585 nobis
644 4528 672 4566 ι’
703 4539 758 4584 et
788 4529 905 4584 visu
936 4528 1262 4599 probaretur
1287 4537 1343 4584 et
1378 4543 1566 4584 sensu.
1600 4529 1672 4585 Et
1722 4545 1856 4600 quo-

269 4622 409 4677 niam
439 4623 568 4691 Lex,
615 4623 760 4681 caelo
785 4632 840 4678 et
871 4623 1028 4678 terris
1079 4623 1328 4684 testibus,
1361 4625 1764 4695 promulgatur;
1801 4634 1859 4680 ut

1956 3405 2009 3460 in
2037 3406 2258 3462 deserto
2272 3405 2558 3473 Christus;
2591 3409 2798 3466 sciebat
2821 3413 2964 3467 enim
2994 3413 3083 3469 ubi
3114 3425 3298 3484 posset
3321 3418 3568 3477 invenire

1959 3497 2298 3562 damnatum,
2330 3513 2488 3568 quem
2517 3499 2586 3553 ad
2618 3499 2955 3570 paradisum,
2990 3507 3233 3561 resoluto
3257 3523 3448 3566 errore
3478 3527 3567 3566 re-

1958 3598 2197 3646 vocaret.
2231 3590 2338 3646 Sed
2384 3591 2640 3662 quoniam
2681 3595 3034 3651 saecularibus
3075 3597 3300 3655 indutus
3351 3603 3569 3659 exuviis

1961 3682 2138 3738 redire
2196 3699 2301 3738 non
2335 3692 2570 3754 poterat,
2605 3699 2706 3741 nec
2747 3685 2979 3756 paradisi
3008 3689 3181 3746 incola
3213 3701 3395 3762 potest
3419 3710 3565 3762 esse,

1964 3777 2071 3832 nisi
2098 3777 2275 3833 nudus
2296 3794 2326 3833 a
2353 3780 2549 3849 culpa;
2580 3781 2733 3834 exuit
2764 3791 3001 3837 veterem
3035 3783 3337 3852 hominem,
3367 3803 3565 3845 novum

1959 3869 2164 3935 induit;
2213 3879 2274 3924 ut
2325 3871 2450 3940 quia
2499 3871 2647 3958 solvi
2687 3887 2796 3926 non
2845 3883 3052 3937 queunt
3101 3875 3283 3932 divina
3313 3879 3556 3950 decreta,

1957 3976 2189 4032 persona
2221 3963 2391 4031 magis
2412 3978 2572 4030 quam
2594 3964 2862 4019 sententia
2885 3975 3201 4024 mutaretur.

2026 4055 2080 4107 8.
2117 4052 2219 4108 Sed
2250 4055 2340 4124 qui
2374 4054 2426 4108 in
2460 4055 2712 4122 paradiso
2739 4057 2860 4113 sine
2887 4058 3024 4115 duce
3079 4063 3187 4117 iter
3230 4066 3412 4121 amisit
3468 4083 3560 4126 ac-

1955 4153 2194 4216 ceptum,
2228 4147 2683 4214 quemadmodum
2707 4148 2776 4205 de
2795 4150 3015 4207 deserto
3043 4155 3160 4211 sine
3183 4157 3320 4214 duce
3349 4159 3452 4216 iter
3472 4179 3555 4219 re-

1961 4247 2152 4308 petere
2179 4248 2362 4309 posset
2391 4242 2673 4309 amissum,
2705 4243 2794 4309 ubi
2833 4247 3161 4304 tentatioues
3183 4251 3455 4321 plurimm,
3481 4258 3562 4313 ni-

1961 4348 2055 4388 sus
2083 4333 2149 4387 ad
2180 4333 2440 4389 virtutem
2466 4334 2729 4402 difﬁcilis,
2765 4339 2946 4408 lapsus
2978 4339 3154 4396 facilis
3181 4345 3247 4398 ad
3278 4361 3558 4404 errorem:

1962 4441 2087 4482 cum
2111 4427 2302 4484 eadem
2324 4429 2395 4482 sit
2423 4429 2636 4484 virtutis
2665 4440 2880 4499 natura,
2935 4449 3058 4503 qua)
3090 4451 3401 4512 nemorpm;
3436 4450 3492 4496 ut
3518 4445 3564 4498 si

1963 4522 2142 4577 adhuc
2180 4523 2376 4591 exigua
2407 4523 2475 4577 de
2504 4525 2738 4578 terrenis
2784 4525 2849 4579 ad
2890 4538 3125 4594 superna
3157 4543 3217 4584 se
3245 4533 3558 4604 subrigunt,

1965 4614 2093 4674 dum
2117 4615 2325 4670 teneris
2353 4625 2489 4669 aetas
2519 4614 2785 4670 adolescit
2807 4617 3109 4684 frondibus,
3171 4623 3300 4676 saevi
3350 4640 3563 4684 veneno

270 4705 580 4784 mysterium
611 4714 910 4770 divinitatis
946 4713 1326 4770 absconditum
1358 4730 1386 4767 a
1427 4715 1641 4771 sicculis
1661 4714 1715 4770 in
1745 4715 1856 4770 Deo
1890 4731 1939 4791 ι)
1965 4709 2144 4765 dentis
2176 4709 2411 4763 obnoxia
2441 4707 2601 4763 facile
2632 4717 2727 4763 aut
2766 4710 2967 4764 succidi
3022 4713 3216 4781 possit,
3249 4725 3341 4771 aut
3369 4720 3450 4773 uri
3486 4735 3499 4772 :
3527 4721 3572 4776 si

272 4807 389 4876 plus
409 4809 656 4866 crederes
685 4821 810 4872 esse
845 4823 1006 4879 quam
1034 4807 1236 4880 Legem
1286 4829 1299 4866 :
1333 4823 1439 4864 non
1463 4809 1573 4879 jam
1606 4809 1671 4864 ad
1706 4810 1862 4864 testi-

275 4901 504 4958 monium
541 4902 736 4958 caelum
790 4908 1036 4964 vocatur,
1087 4901 1183 4956 sed
1235 4901 1404 4955 utitur
1456 4901 1622 4956 tcstis‘
1660 4901 1860 4966 ofﬁcio,

278 5003 392 5046 cum
419 5009 515 5049 vox
541 4994 634 5050 Dei
662 4991 908 5049 defertur
945 5008 975 5048 e
1006 4993 1166 5049 coelo.
1208 4993 1378 5050 Simul
1403 5010 1471 5050 ne
1497 4993 1623 5050 ﬁdei
1660 5004 1864 5066 myste-

280 5080 409 5140 rium
440 5086 600 5141 dubio
629 5087 828 5142 mentis
850 5083 1116 5153 offendas,
1149 5085 1444 5142 invisibilia
1500 5087 1596 5142 tibi
1638 5082 1866 5143 visibili-

285 5181 361 5229 ter
386 5177 727 5234 declarantur
765 5180 1004 5248 operari.

352 5269 401 5323 6.
434 5271 586 5328 Venit
621 5272 886 5327 Dominus
923 5271 989 5326 ad
1021 5271 1328 5341 lavacrum;
1380 5275 1560 5331 omnia
1591 5275 1734 5328 enim
1773 5289 1869 5343 pro

289 5366 336 5416 te
373 5362 535 5422 factus
565 5375 669 5422 est.
703 5363 776 5422 Iis
804 5365 897 5437 qui
922 5365 1023 5421 sub
1063 5365 1205 5437 Lege
1233 5375 1382 5435 sunt,
1414 5367 1567 5438 quasi
1598 5366 1700 5422 sub
1730 5367 1872 5437 Lege

287 5558 387 5618 iam
414 5566 579 5634 prima
605 5565 814 5636 periodi
842 5564 1021 5636 verba!
1041 5564 1177 5618 scite
1206 5564 1378 5635 repeti
1404 5563 1878 5634 frequentissimus

289 5634 761 5705 scriptorum’usus
797 5637 972 5708 palam
1002 5634 1188 5690 faciat.

359 5739 381 5764 ει
423 5731 498 5784 Ad
527 5733 782 5796 arborem,
816 5729 975 5786 navis
1013 5730 1245 5790 scilicet,
1292 5731 1342 5784 id
1393 5741 1499 5794 est,
1547 5731 1615 5786 ad
1656 5730 1880 5784 malum.

292 5793 425 5874 Vide
448 5801 660 5874 ilomer.
688 5793 886 5874 Odyss.
920 5801 991 5864 hi,
1017 5801 1108 5856 ubi
1136 5801 1329 5856 fabulae
1362 5793 1522 5873 hujus
1549 5801 1747 5857 seriem
1773 5803 1888 5856 fuse

295 5865 609 5943 descriptam
636 5865 910 5943 repe'ries.

366 5939 392 5977 ι’
430 5939 576 6001 Rom.
610 5939 740 6002 edit.
768 5947 906 6014 sola,
937 5957 984 6001 et
1014 5962 1108 6000 usu
1137 5943 1439 6016 probaretur
1460 5955 1505 6000 et
1534 5961 1706 6001 sensu.
1750 5943 1890 5999 infra

1973 4818 2104 4858 vero
2134 4803 2239 4857 alta
2269 4817 2329 4858 se
2359 4801 2542 4857 radice
2564 4801 2891 4870 fundaverit,
2941 4811 2999 4859 et
3024 4819 3300 4863 ramorum
3328 4811 3574 4868 sublimi-

1973 4904 2086 4951 tate
2113 4895 2419 4961 sustulerit,
2474 4893 2676 4949 frustra
2728 4894 2838 4964 jam
2871 4896 2956 4952 vel
2989 4895 3226 4954 ferarum
3275 4901 3571 4970 morsibus,

1971 4989 2057 5044 vel
2099 4989 2320 5068 lacertis
2349 4987 2664 5058 agrestium,
2689 4987 2778 5042 vel
2803 4980 3140 5046 diversorum
3193 4991 3417 5050 ﬂatuum
3451 5011 3576 5066 pro~
3609 5057 3614 5061 ,

1971 5083 2125 5139 cellis
2147 5082 2308 5137 arbor
2340 5080 2562 5156 robusta
2593 5087 2850 5136 tentetur.

2047 5180 2102 5234 9.
2121 5181 2294 5246 Quem
2320 5178 2482 5248 igitur
2507 5188 2810 5247 opponeret
2841 5177 3036 5234 ducem
3065 5189 3253 5236 contra
3285 5193 3362 5238 tet
3386 5184 3574 5241 illecee

1977 5272 2105 5328 bras
2132 5271 2336 5336 saeculi,
2370 5254 2561 5326 contra
2593 5280 2671 5326 tot
2693 5272 2966 5328 versutias
2983 5272 3219 5341 diaboli;
3253 5292 3375 5332 cum
3415 5279 3584 5337 sciret

1981 5367 2143 5423 nobis
2198 5367 2373 5436 primo
2425 5373 2617 5423 contra
2673 5381 2894 5422 carnem
2918 5353 2974 5422 et
3002 5371 3344 5441 sanguinem,
3382 5374 3580 5432 deinde

1981 5575 2113 5619 vero
2137 5563 2324 5618 eadem
2364 5561 2591 5619 inversis
2644 5563 2846 5629 verbis,
2871 5564 2964 5619 sed
2985 5581 3085 5622 vox
3112 5561 3208 5623 Dei
3235 5570 3398 5626 utitur
3443 5575 3584 5633 testis

1985 5636 2185 5706 ofﬁcio,
2218 5651 2335 5689 eam
2351 5637 2581 5705 defertur
2611 5651 2638 5690 e
2664 5634 2808 5690 cazlo.

2064 5739 2102 5808 ξ.
2128 5725 2352 5808 Constat
2383 5727 2600 5808 quidem
2655 5728 2740 5784 hic
2784 5736 2964 5808 textus
2999 5725 3462 5808 Mattlimiverhis,
3497 5755 3595 5808 pro

1992 5799 2189 5870 quibus
2222 5799 2379 5854 Luca:
2410 5799 2576 5854 verba
2611 5802 2856 5867 reposuit
2883 5800 3042 5856 Rom.
3079 5805 3210 5858 edit.
3245 5806 3352 5862 Sed
3372 5799 3600 5867 aliarum

1992 5879 2178 5951 tamen
2205 5886 2267 5926 ac
2295 5885 2426 5951 mss.
2457 5872 2766 5951 auctoritati
2791 5873 3041 5951 standum
3073 5874 3347 5946 duximus,
3373 5895 3606 5951 praeser-

1998 5946 2093 5999 tim
2123 5957 2247 6000 cum
2281 5942 2428 5999 nulla
2458 5943 2530 5999 sit
2560 5945 2612 5999 in
2642 5957 2806 6000 sensu
2831 5944 3140 6003 diversitas.
