3960 6310
404 392 546 455 1618

1747 370 1988 428 SANCTI
2027 366 2350 428 AMBllOSll

3551 355 3700 427 ista

399 520 592 569 contra
626 509 950 576 potestates,
1002 502 1193 553 contra
1240 499 1486 549 rectores
1524 487 1710 543 mundi
1745 487 1999 541 tenebra-
2031 486 2088 548 Α
2111 493 2171 540 ιιι
2221 482 2573 554 prophetaret
2617 479 2764 553 quod
2797 485 3056 534 venturus
3085 479 3233 532 esset
3262 473 3313 528 in
3356 471 3495 527 hanc
3520 471 3700 526 vitamo

403 618 522 659 rum
557 601 770 663 harum,
803 594 1063 649 adversus
1094 585 1362 657 spiritalia
1412 581 1667 654 nequitia:
1715 595 1834 650 qua:
1883 587 2012 633 sunt

395 697 462 753 in
494 690 830 754 caelestibus,
862 701 984 741 esse
1005 679 1320 736 luctamen?
1349 677 1615 747 Angelum
1665 671 2010 744 opponeret?

401 789 469 844 Et
502 789 619 855 ipse
652 785 836 851 lapsus
866 781 1050 840 est,et
1074 773 1314 842 legiones
1359 769 1680 837 angelorum
1709 765 1798 820 vix
1822 765 2011 833 singu-

402 878 469 935 lis
503 873 843 946 profneruut.
887 865 1178 934 Seraphim
1209 858 1524 932 dirigeret?
1573 858 1636 912 Et
1689 855 1868 926 ipsum
1915 855 2014 909 de-

393 987 421 1028 s
435 968 620 1026 cendit
638 968 688 1021 in
714 959 966 1019 terrasin
993 956 1231 1012 medium
1250 953 1434 1025 populi
1466 950 1742 1006 immunda
1766 948 1901 1002 labia
1919 946 2016 1001 ha—

407 1063 614 1128 bentis,
648 1068 704 1116 et
733 1056 894 1114 unius
952 1064 1160 1107 tantum
1210 1048 1492 1120 prephetm
1540 1044 1723 1109 labia,
1767 1041 2016 1112 apposito

409 1157 670 1220 carbone,
703 1149 986 1206 mundavit
1016 1143 1190 1218 (Esai.
1225 1159 1300 1207 v1,
1333 1141 1366 1196 6
1398 1150 1445 1194 et
1465 1140 1548 1218 '7).
1579 1137 1735 1194 Alius
1772 1136 1879 1190 dux
1925 1149 2013 1189 re-

410 1249 709 1325 quirendus
728 1246 852 1310 fuit,
883 1257 1042 1311 quem
1069 1249 1426 1308 sequeremur
1441 1246 1653 1287 omnes.
1677 1229 1808 1296 Quis
1840 1237 2019 1282 tantus

412 1323 564 1402 esset
583 1342 715 1402 dux,
752 1337 841 1407 qui
874 1333 1156 1408 prodesset
1179 1327 1456 1393 omnibus,
1489 1326 1590 1380 nisi
1614 1324 1710 1379 ille
1738 1323 1828 1393 qui
1857 1333 2021 1389 supra

415 1450 608 1491 omnes
651 1428 948 1496 estiQuis
996 1439 1084 1478 me
1132 1436 1296 1490 supra
1351 1415 1610 1472 mundum
1636 1412 2021 1475 constitueret,

415 1528 522 1584 nisi
551 1525 642 1595 qui
667 1521 840 1591 major
869 1526 956 1572 est
999 1511 1249 1569 mundo?
1279 1509 1412 1576 Quis
1465 1518 1646 1561 tantus
1701 1510 1849 1559 esset
1889 1500 2021 1567 dux,

418 1623 509 1694 qui
543 1624 734 1692 posset
771 1611 1072 1668 masculum
1100 1617 1153 1661 et
1183 1605 1467 1667 feminam,
1498 1601 1744 1655 Judaeum
1795 1607 1848 1654 et
1875 1596 2028 1653 Grae-

419 1693 566 1779 cum,
586 1710 886 1767 Barbarum
911 1715 965 1761 et
992 1700 1280 1774 Scytbam,
1323 1711 1546 1752 servum
1571 1704 1625 1750 et
1656 1693 1886 1748 liberum
1918 1705 2028 1746 uno

421 1821 614 1877 regere
643 1803 847 1866 ductu;
877 1795 981 1852 nisi
1008 1793 1159 1850 solus
1190 1793 1381 1863 quiest
1410 1787 1592 1844 omnia
1609 1796 1663 1842 et
1695 1785 1747 1840 in
1771 1784 2028 1840 omnibus

424 1899 673 1956 Christus
701 1896 726 1950 ‘l

500 1990 586 2045 10.
631 1984 787 2044 Multi
813 1983 957 2040 enim
1012 1978 1193 2051 laquei
1240 1989 1585 2047 quacumque
1632 1973 2028 2044 progredimur.

427 2082 631 2155 Laquei
661 2082 714 2136 in
743 2091 998 2147 corpore,
1024 2073 1204 2143 laquei
1234 2071 1286 2126 iu
1336 2070 1497 2140 Lege,
1529 2079 1555 2106 ει
1586 2069 1765 2140 laquei
1823 2067 2032 2140 1337

427 2179 480 2232 in
534 2173 714 2245 pinnis
747 2167 1094 2240 templorum,
1128 2165 1182 2219 in
1211 2163 1586 2232 crepidinibus
1613 2159 1880 2230 parietum
1911 2168 2034 2213 ten-

426 2267 632 2324 duntur
663 2280 692 2318 a
725 2261 971 2316 diabolo.
1017 2256 1220 2327 Laquei
1271 2255 1324 2310 in
1356 2252 1720 2323 philosOpltis,
1772 2251 1954 2322 laquei
1981 2251 2034 2305 in

429 2355 852 2430 cupiditatibus;
905 2350 1101 2408 oculus
1152 2347 1296 2403 enim
1335 2345 1641 2418 meretricis
1698 2345 1926 2414 laqueus
1954 2349 2040 2397 est

430 2449 772 2525 peccatoris:
805 2447 1032 2513 laqueus
1059 2442 1112 2496 in
1146 2437 1398 2510 pecunia,
1426 2438 1656 2506 laqueus
1679 2434 1731 2490 in
1747 2434 2036 2504 religione,

429 2549 658 2618 laqueus
684 2543 739 2598 in
768 2539 951 2596 studio
975 2535 1262 2591 castitatis.
1295 2531 1522 2602 Exiguis
1543 2529 1698 2586 .enim
1750 2527 2041 2584 momentis

431 2657 584 2701 mens
625 2639 917 2696 inclinatur
965 2633 1222 2696 humana,
1272 2638 1327 2685 et
1381 2626 1488 2681 huc
1535 2633 1697 2695 atque
1726 2624 1858 2679 illuc
1884 2622 1910 2661 ι)
1943 2637 2042 2693 per

428 2734 702 2796 versutias
727 2727 1011 2787 suadentis
1027 2724 1343 2794 frequenter
1365 2718 1685 2788 impellitur.
1711 2726 1736 2756 ο
1766 2715 1929 2772 Videt
1951 2715 2044 2770 ali-

431 2845 593 2903 quem
620 2807 868 2881 diabolus
899 2817 1212 2888 religiosum
1239 2814 1440 2879 virum,
1497 2811 1610 2867 Deo
1657 2809 2045 2865 venerabiliter

435 2902 801 2979 deferentem,
833 2921 890 2966 et
938 2909 1079 2979 quod
1109 2911 1512 2961 sacrosanctum
1541 2911 1626 2957 est
1653 2902 2041 2966 :estimantem,

435 3014 639 3070 nullius
666 3019 921 3077 capacem
951 3000 1201 3071 injuriae;
1251 2999 1304 3051 in
1328 2997 1444 3066 ipsa
1469 3011 1594 3050 eum
1622 2994 1893 3064 religione
1917 3008 2045 3064 sup—

436 3108 668 3181 plantat,
700 3110 759 3156 ut
782 3097 946 3154 faciat
973 3108 1079 3149 non
1107 3089 1338 3146 credere
1358 3086 1502 3158 quod
1561 3087 1655 3142 Dei
1700 3085 1869 3140 Filius
1915 3099 2046 3140 vere

437 3179 581 3256 banc
613 3203 855 3252 nostram
883 3185 1189 3256 susceperit
1217 3195 1461 3246 carnem,
1498 3179 1602 3233 hoc
1633 3187 1879 3232 nostrum
1919 3191 2046 3232 cor-

2113 578 2204 648 qui
2235 583 2552 632 contereret
2590 574 2844 644 laqueum
2889 570 3080 626 fraude
3107 567 3303 623 diaboli
3331 572 3700 652 prmparatum.
3765 576 3774 590 '

2108 667 2110 670 ’
2188 668 2276 723 12.
2333 666 2439 724 Sed
2490 682 2598 722 non
2641 666 2817 736 potuit
2849 664 3044 720 melius
3083 662 3291 717 conteri
3325 661 3581 731 laqueus,
3610 657 3706 712 nisi

2118 761 2353 831 przedam
2385 759 2622 828 aliquam
2656 757 2878 813 diabolo
2901 756 3364 818 demonstrasset;
3389 761 3447 807 ut
3469 751 3594 806 dum
3623 749 3708 804 illc

2116 853 2338 910 festinat
2365 851 2433 908 ad
2477 851 2748 922 prtedam,
2782 850 2897 906 suis
2948 848 3154 919 laqueis
3194 846 3489 917 ligaretur,
3535 852 3587 899 et
3617 856 3711 913 ego

2119 962 2335 1019 possem
2381 946 2566 1002 dicere
2600 964 2612 1000 :
2658 944 2893 1013 Laqueos
2929 949 3242 1014 paraverunt
3265 938 3480 1010 pedibus
3501 937 3642 1002 meis,
3671 943 3714 990 et

2077 1034 2088 1042 ’
2119 1039 2222 1110 ipsi
2254 1037 2546 1092 inciderunt
2573 1037 2626 1091 in
2667 1052 2753 1091 eos
2785 1033 2958 1107 (Psol.
2986 1049 3091 1101 LVI,
3127 1032 3206 1104 7).
3235 1030 3366 1098 Quae
3398 1029 3569 1096 potuit
3600 1040 3716 1083 csse

2121 1132 2337 1203 prmda,
2379 1131 2484 1186 nisi
2525 1129 2762 1198 corpus?
2807 1127 3063 1198 Oportuit
3107 1124 3270 1195 igitur
3315 1124 3453 1176 hanc
3483 1119 3717 1176 fraudem

2121 1224 2338 1280 diabolo
2369 1223 2486 1278 ﬁeri
2513 1264 2528 1289 ,
2574 1231 2630 1276 ut
2661 1218 2970 1288 susciperet
3004 1231 3206 1286 corpus
3253 1214 3513 1270 Dominus
3541 1213 3717 1278 Jesus,

2123 1327 2178 1374 et
2207 1331 2410 1389 corpus
2434 1317 2534 1372 hoc
2557 1313 2941 1386 eorruptibile,
2971 1326 3166 1382 corpus
3193 1309 3498 1374 infirmum;
3522 1316 3581 1362 ut
3601 1322 3720 1363 cru-

2125 1410 2436 1482 ciligeretur
2457 1424 2524 1465 ex
2544 1409 2883 1468 inlirmitate.
2915 1405 2970 1463 Si
3003 1405 3150 1460 enim
3173 1403 3367 1459 fuisset
3393 1416 3592 1472 corpus
3620 1399 3726 1473 spi-

2127 1503 2312 1568 ritale,
2343 1519 2452 1558 non
2485 1502 2718 1558 dixisset
2751 1518 2764 1554 :
2794 1499 3030 1571 Spiritus
3058 1506 3328 1571 promptus
3361 1506 3470 1562 est,
3498 1512 3619 1550 caro
3639 1511 3729 1549 au-

2130 1605 2230 1650 tem
2254 1596 2467 1665 inﬁrma
2497 1594 2718 1665 (Matth.
2757 1607 2909 1659 xxvr,
2940 1589 3058 1661 41).
3085 1589 3226 1645 Audi
3260 1589 3421 1660 igitur
3451 1597 3728 1657 utramque

2129 1703 2351 1752 vocem,
2381 1695 2438 1742 et
2480 1686 2707 1755 spiritus
2743 1684 3002 1755 prompti,
3025 1691 3082 1738 et
3110 1681 3292 1737 carnis
3322 1679 3552 1735 infinita!
3587 1696 3599 1732 :
3631 1676 3731 1732 Pa-

2131 1791 2224 1847 ter,
2251 1781 2295 1836 si
2324 1779 2568 1848 possibile
2588 1789 2686 1846 est,
2717 1787 2944 1832 transeat
2965 1794 2998 1830 a
3018 1793 3097 1830 me
3125 1775 3264 1829 ralia:
3278 1773 3376 1827 iste
3398 1771 3448 1845 (1
3457 1771 3590 1837 bid.,
3613 1768 3730 1843 59):

2062 1881 2112 1942 Β
2141 1875 2256 1930 [nec
2287 1875 2469 1930 carnis
2495 1883 2580 1930 est
2615 1889 2743 1928 vox.
2776 1871 2886 1928 Sed
2915 1888 3018 1926 non
3038 1870 3178 1939 quod
3204 1885 3296 1941 ego
3321 1868 3455 1932 volo,
3489 1866 3581 1921 sed
3605 1865 3732 1935 quod

2135 1975 2191 2021 tu
2219 1967 2292 2022 vis
2317 1964 2379 2022 :tl
2409 1966 2578 2022 habes
2608 1965 2955 2022 devotionem
2987 1964 3213 2033 spiritus
3237 1971 3292 2018 et
3314 1961 3576 2030 vigorem.
3603 1958 3732 2026 Quid

2135 2059 2391 2130 repudias
2435 2058 2806 2130 dignationem
2841 2056 3093 2112 Domini?
3127 2053 3461 2125 [lignationis
3487 2062 3574 2107 est
3597 2051 3734 2121 quod

2135 2153 2378 2222 suscepit
2404 2167 2604 2222 corpus
2635 2167 2838 2218 meum,
2868 2149 3201 2220 dignationis
3233 2156 3316 2202 est
3336 2145 3479 2216 quod
3507 2145 3738 2214 suscepit

2137 2245 2367 2317 injurias
2401 2259 2550 2300 meas
2573 2286 2587 2310 ,
2620 2244 2858 2315 suscepit
2888 2242 3238 2298 inﬁrmitates
3270 2255 3442 2305 meas,
3472 2252 3610 2310 quas
3640 2237 3738 2292 uti-

2138 2356 2245 2412 que
2290 2348 2484 2396 natura
2537 2339 2635 2395 Dei
2668 2339 2874 2394 sentire
2921 2352 3028 2393 non
3058 2336 3266 2406 potuit,
3295 2349 3419 2390 cum
3452 2332 3619 2389 etlam
3650 2345 3740 2386 na-

2138 2445 2261 2489 tura
2286 2433 2524 2488 hominis
2551 2442 2909 2488 contemnere
2949 2429 3236 2498 didicerit,
3269 2428 3356 2484 vel
3388 2425 3662 2484 sustinere
3681 2438 3740 2479 ac

2140 2528 2374 2599 perpeti.
2427 2526 2494 2582 Et
2533 2525 2656 2581 ideo
2705 2540 3002 2596 sequamur
3047 2522 3322 2578 Christum
3350 2563 3366 2590 ,
3394 2520 3555 2592 juxta
3603 2515 3741 2590 quod

2141 2623 2403 2692 scriptum
2434 2629 2518 2676 est
2547 2637 2560 2673 :
2598 2619 2727 2674 Post
2756 2619 3037 2674 Dominum
3067 2617 3230 2673 Deum
3258 2626 3404 2671 tuum
3432 2611 3736 2678 ambulabis,

2145 2723 2190 2768 et
2232 2715 2336 2785 ipsi
2383 2712 2484 2768 soli
2526 2712 2818 2768 adhwrebis
2855 2710 3039 2785 (Deut.
3070 2709 3246 2776 x,20,
3287 2717 3336 2763 et
3388 2723 3504 2774 xm,
3537 2704 3617 2779 4).
3646 2702 3740 2760 Cui

2143 2805 2473 2871 adlucrebo,
2523 2805 2627 2860 nisi
2676 2803 2916 2871 Christo,
2969 2804 3109 2858 sicut
3153 2800 3356 2857 Paulus
3400 2798 3540 2854 dixit
3589 2816 3602 2852 :
3647 2795 3744 2866 Qui

2145 2899 2372 2954 adliceret
2403 2897 2644 2964 Domino,
2686 2897 2898 2971 1338
2923 2913 3055 2950 unus
3084 2895 3299 2966 spiritus
3328 2903 3403 2950 est
3431 2891 3475 2965 (l
3507 2891 3632 2947 Cor.
3672 2905 3740 2957 VI,

2149 2992 2274 3062 l7)?
2303 2991 2450 3048 illius
2483 2993 2670 3063 igitur,
2695 2991 2763 3046 de
2793 2991 3016 3046 deserto
3047 2997 3106 3043 ut
3134 2987 3200 3043 ad
3231 2985 3543 3058 paradisum
3571 2982 3744 3040 redire

2149 3085 2438 3155 possimus,
2474 3085 2699 3155 vestigia
2731 3097 3146 3154 persequamur.
3631 3092 3638 3094 '

2223 3178 2308 3232 15.
2344 3178 2413 3233 Ει
2447 3177 2625 3233 videte
2650 3178 2847 3248 quibus
2877 3175 3169 3232 itineribus
3213 3174 3566 3231 reducamnr.
3599 3171 3744 3228 Nunc

443 3310 567 3366 pus,
593 3292 734 3347 lianc
761 3295 1073 3342 nostrorum
1129 3277 1496 3335 membrorum
1528 3272 2041 3344 fragilitatem;cum
2069 3279 2114 3341 ί]
2149 3275 2200 3330 in
2245 3275 2465 3330 deserto
2493 3273 2740 3330 Christus
2777 3283 2880 3333 est.
2919 3272 3034 3343 agit
3057 3271 3372 3335 hominem,
3394 3268 3642 3332 instruit,
3667 3266 3747 3321 iu-

447 3362 637 3456 utique
669 3379 848 3452 passio
871 3374 1121 3445 corporis
1164 3369 1351 3432 fuerit,
1405 3364 1658 3421 divinitas
1689 3377 1879 3419 exsors
1909 3362 2052 3432 inju-

443 3455 847 3537 riteimanserit.
872 3470 952 3524 Ita
971 3468 1038 3523 de
1067 3463 1333 3534 religione
1360 3461 1418 3515 lit
1453 3459 1648 3528 culpa;
1679 3457 1858 3512 omnis
1904 3455 2051 3510 enim

443 3570 539 3644 qui
565 3580 724 3640 negat
755 3565 942 3621 Jesum
981 3559 1257 3616 Christum
1289 3555 1340 3610 in
1371 3569 1536 3609 carne
1573 3551 1810 3617 venisse,
1842 3549 1910 3605 de
1939 3549 2052 3604 Deo

445 3643 553 3722 non
605 3658 801 3729 cst(ll
853 3654 1014 3711 Joan.
1071 3649 1169 3722 7).
1201 3647 1363 3704 Videt
1402 3648 1672 3715 integrum
1719 3651 1777 3699 et
1829 3643 2051 3698 illibata:

441 3753 782 3818 castimonia:
813 3754 1011 3815 virum,
1039 3745 1237 3802 suadet
1289 3751 1347 3797 ut
1401 3739 1619 3810 nuptias
1665 3737 2048 3808 damnet;quo

440 3855 693 3928 ejiciatur
741 3847 810 3902 ab
863 3842 1126 3906 Ecclesia,
1185 3844 1244 3892 et
1288 3833 1472 3890 studio
1516 3832 1787 3888 castitatis
1837 3846 1866 3884 a
1897 3839 2053 3886 casto

445 3921 676 4019 corpore
703 3948 1006 4012 separetur.
1041 3930 1260 3989 Audivit
1286 3928 1431 3985 alius
1460 3927 1584 3998 quia
1617 3925 1764 3981 Unus
1788 3921 2051 3979 Deus.....

449 4056 513 4095 ea:
532 4015 636 4112 quo
674 4031 870 4094 omnia,
900 4028 1118 4092 adorat,
1170 4034 1335 4093 atque
1385 4029 1677 4076 veneratur
1706 4017 1750 4089 (Ι
1782 4015 1904 4073 Cor.
1936 4033 2056 4084 vut,

448 4134 483 4190 6
514 4133 556 4204 ).
591 4127 884 4185 lusidiatur
929 4123 980 4176 ei
1029 4117 1306 4180 diabolus,
1336 4115 1540 4170 claudit
1566 4127 1729 4169 aures
1757 4128 1825 4168 ne
1849 4113 2055 4180 audiat,

451 4224 576 4295 quia
612 4219 760 4274 Unus
809 4213 946 4269 Deus
993 4227 1085 4284 per
1127 4223 1279 4279 quem
1299 4207 1472 4260 omnia
1501 4203 1666 4278 (Ibid.
1698 4205 1718 4274 )
1753 4206 1865 4260 :ita
1891 4205 2057 4260 nimia

453 4317 656 4389 pietate
701 4308 928 4378 impium
981 4317 1104 4359 esse
1156 4299 1472 4368 compellit;
1520 4308 1580 4352 ut
1631 4297 1757 4352 dum
1787 4296 2058 4354 Patrema

455 4388 595 4464 Filio
625 4411 866 4473 separat,
895 4397 1111 4453 Patrem
1139 4392 1451 4462 Filiumque
1485 4388 1804 4454 confundat,
1832 4399 1887 4445 et
1932 4404 2059 4460 per-

455 4515 645 4560 sonam
673 4511 834 4552 unam
864 4498 1018 4564 putet
1036 4503 1182 4555 esse,
1202 4503 1307 4541 non
1337 4493 1683 4556 potestatem.
1717 4481 1905 4554 itaque
1927 4481 2058 4538 dum

455 4606 766 4652 mensuram
821 4586 944 4642 lidei
1001 4582 1212 4648 nescit,
1273 4577 1512 4650 perfidiae
1575 4577 1802 4632 incurrit
1863 4591 2063 4632 aerum-

459 4702 607 4744 nam.

530 4779 620 4834 11.
670 4774 958 4844 Quomodo
997 4768 1164 4840 igitur
1207 4765 1305 4821 hos
1346 4764 1570 4834 laqueos
1616 4763 1968 4830 evitabimus;
2000 4771 2058 4818 ut

456 4871 732 4945 possimus
779 4873 834 4922 et
861 4877 962 4918 nos
991 4861 1178 4916 dicere
1209 4876 1223 4913 :
1269 4857 1458 4912 Anima
1495 4866 1674 4910 nostra
1705 4856 1839 4910 sicut
1881 4870 2059 4926 passer

453 4975 629 5036 erepta
654 4971 728 5018 est
758 4960 821 5014 de
851 4959 1032 5028 laqueo
1052 4951 1346 5009 venantium
1374 4965 1392 5004 :
1431 4949 1644 5020 laqueus
1686 4948 1936 5004 contritus
1963 4957 2058 5015 est,

455 5071 505 5118 et
550 5077 642 5115 nos
692 5053 894 5113 liberati
935 5066 1110 5106 sumus
1157 5044 1334 5118 (Psal.
1377 5059 1573 5109 cxxnt,
1600 5041 1696 5113 7)?
1725 5042 1844 5098 Non
1881 5043 2058 5100 dicit;

456 5156 569 5226 Ego
605 5145 839 5207 contrivi
889 5146 1180 5214 laqueum:
1235 5152 1340 5193 non
1391 5149 1558 5190 ausus
1603 5143 1687 5190 est
1737 5133 1840 5189 hoc
1879 5135 2062 5191 dicere

452 5247 652 5310 David;
699 5241 796 5298 sed
830 5257 844 5292 :
895 5233 1232 5307 Adjutorium
1273 5239 1506 5285 nostrum
1538 5228 1594 5282 in
1619 5229 1824 5282 nomine
1848 5226 2063 5282 Domini

454 5341 647 5416 (lbid.,
695 5336 783 5408 8);
823 5341 884 5389 ut
918 5329 1233 5388 ostenderet
1281 5323 1426 5380 unde
1457 5322 1683 5393 laqueus
1718 5322 2062 5390 solveretur;

535 5538 560 5564 ιι
601 5524 716 5581 Non
749 5519 980 5574 obscura
1012 5511 1226 5566 videtur
1248 5506 1445 5562 allusio
1465 5505 1582 5581 fieri
1613 5504 1684 5581 ad
1711 5503 1842 5581 illud
1896 5503 2068 5576 Eeeli.

459 5616 540 5664 ιχ,
712 5589 952 5664 ἒπιγνῶθι
977 5584 1055 5640 ὅτι
1103 5585 1153 5637 ἓν
1198 5583 1354 5655 μέσῳὶ
1384 5576 1618 5650 πανίδων
1659 5574 1937 5637 διαϐαίνεις
1955 5618 1969 5643 ,
1993 5574 2078 5632 καὶ

476 5660 730 5732 eamme
753 5660 948 5718 πόλεων
972 5660 1298 5733 περιπατεῖς.
1520 5721 1548 5733 Δ.
1733 5718 1744 5733 .
1837 5717 1849 5730 .
1881 5688 1886 5694 .

533 5717 735 5790 ιῖἰῖίιῖι.
760 5717 834 5784 ac
866 5744 1017 5796 pauet
1044 5717 1208 5788 iussu,
1244 5738 1336 5788 pro
1362 5721 1585 5774 versutia
1611 5717 1895 5773 suadentis.

540 5817 562 5869 ε
603 5829 701 5881 ntc
739 5821 1082 5892 potissimum
1125 5817 1336 5892 triplex
1368 5814 1816 5892 indicaturerror
1838 5813 1890 5867 in
1914 5829 2074 5892 quem

466 5899 683 5983 pietatis
723 5883 908 5964 specie
939 5905 1048 5948 non
1079 5883 1236 5958 pauci
1266 5885 1472 5942 misere
1498 5884 1926 5953 praecipitantur.
1957 5883 2078 5944 Ρη-

2157 3367 2372 3431 format,
2403 3376 2642 3436 exercet,
2679 3367 2830 3438 ungit
2853 3366 2977 3422 oleo
3001 3363 3234 3436 spiritali
3261 3382 3275 3418 :
3303 3360 3394 3417 ubi
3420 3361 3571 3418 videt
3592 3360 3750 3416 robuo

2154 3462 2404 3523 stiorem,
2435 3476 2532 3532 per
2574 3471 2692 3516 sata
2741 3469 2797 3516 et
2835 3459 3114 3514 fructuosa
3167 3455 3497 3521 transducit,
3541 3450 3749 3525 quando

2154 3555 2521 3625 querebantur
2567 3552 2742 3609 Judaei
2788 3549 3005 3625 (Matth.
3058 3566 3157 3618 xu,
3203 3547 3264 3621 2)
3309 3547 3453 3618 quod
3500 3543 3753 3616 discipuli

2155 3648 2274 3719 ejus
2309 3647 2538 3704 sabbato
2583 3648 2652 3703 de
2690 3654 2879 3717 segete
2925 3646 3103 3716 spicas
3131 3642 3396 3698 vellerent
3445 3639 3579 3713 (jam
3611 3640 3750 3695 enim

2156 3741 2434 3812 apostolos
2482 3755 2612 3796 suos
2662 3738 2716 3794 in
2767 3755 2898 3808 agro
2949 3738 3116 3804 culto,
3164 3746 3220 3792 et
3260 3735 3545 3791 fructuoso
3592 3746 3755 3802 opere

2156 3833 2539 3902 collocaverat)
2561 3839 2798 3904 ;'postea
2833 3833 2886 3887 in
2925 3831 3175 3901 paradiso
3202 3829 3487 3886 consdtuit
3515 3838 3757 3896 tempore

2157 3929 2460 4001 passionis;
2503 3927 2582 3983 sic
2618 3929 2764 3984 enim
2793 3926 2961 3982 babes
2992 3943 3006 3980 :
3044 3925 3168 3980 Haec
3195 3941 3310 3979 cum
3345 3924 3561 3979 dixisset
3586 3921 3755 3986 Iesus,

2159 4040 2276 4080 cum
2319 4023 2590 4094 discipulis
2627 4023 2735 4078 suis
2782 4022 3019 4078 transivit
3045 4029 3188 4075 trans
3219 4030 3493 4075 torrentem
3524 4017 3753 4078 Cedron,

2160 4117 2248 4171 ubi
2268 4126 2378 4172 erat
2397 4117 2598 4181 hortus,
2619 4116 2674 4170 in
2693 4131 2841 4186 quem
2857 4113 3084 4169 introivit
3099 4113 3210 4183 ipse
3232 4127 3348 4166 cum
3371 4109 3646 4181 discipulis
3659 4106 3762 4162 suis

2161 4209 2342 4284 (Joan.
2359 4225 2511 4276 xvm,
2529 4210 2603 4280 1).
2626 4209 2772 4282 Agro
2785 4209 2930 4265 enim
2951 4205 3183 4263 fecundo
3208 4207 3424 4261 hortum
3441 4218 3567 4259 esse
3590 4200 3763 4272 potio-

2161 4320 2278 4359 rem
2314 4303 2476 4359 docet
2504 4302 2777 4374 Propheta
2807 4300 2862 4357 in
2895 4301 3133 4357 Canticis
3172 4299 3507 4354 canticorum
3533 4295 3760 4351 dicens:

2164 4395 2362 4451 Hortus
2383 4397 2590 4450 clausus
2618 4411 2768 4450 soror
2795 4411 2910 4449 mea
2939 4408 3150 4463 sponsa,
3178 4389 3360 4444 hortus
3389 4389 3620 4454 clausus,
3651 4389 3765 4457 fons

2161 4488 2414 4559 signatus,
2437 4487 2729 4542 emissiones
2756 4495 2855 4540 tute
2874 4484 3150 4558 paradisus
3172 4479 3348 4556 (Cant.
3384 4496 3457 4547 tv,
3486 4479 3554 4536 l2
3582 4487 3629 4533 et
3655 4476 3764 4547 15).

2163 4580 2264 4636 llla
2309 4590 2390 4636 est
2420 4579 2563 4637 enim
2595 4579 2792 4635 anima:
2823 4595 2957 4648 pura
2991 4587 3046 4634 et
3083 4577 3428 4632 immaculata
3455 4571 3764 4644 virginitas,

2081 4679 2135 4740 1)
2162 4689 2286 4746 quae
2331 4674 2481 4730 nullo
2513 4683 2724 4729 terrore
2755 4687 3061 4744 poenarum,
3091 4670 3256 4726 nullis
3282 4685 3310 4723 a
3353 4668 3459 4724 ﬁde
3489 4661 3771 4723 saecularis

2161 4767 2453 4837 voluptatis
2483 4765 2781 4833 illecebris,
2814 4765 2966 4820 nullo
2993 4765 3116 4819 vita:
3145 4776 3334 4818 amore
3374 4759 3768 4816 transducitut'.

2165 4859 2409 4931 Denique
2450 4859 2651 4915 virtute
2694 4858 2905 4914 Domini
2955 4857 3234 4912 hominem
3279 4869 3404 4911 esse
3451 4863 3770 4909 revocatum

2165 4967 2278 5024 prae
2303 4955 2517 5010 caeteris
2546 4953 2633 5009 hic
2663 4952 3008 5024 Evangelista
3041 4959 3292 5017 testatur,
3317 4949 3407 5021 qui
3431 4949 3587 5005 solus
3619 4946 3776 5002 indu-

2163 5047 2237 5102 cit
2263 5046 2545 5103 Dominum
2576 5046 2844 5103 dicentem
2870 5047 3069 5102 latroni
3094 5064 3106 5099 :
3129 5045 3292 5100 Amen
3321 5045 3435 5099 dico
3465 5043 3590 5110 tibi,
3623 5041 3774 5097 hodie

2167 5157 2364 5195 mecum
2390 5143 2487 5196 eris
2514 5142 2565 5195 in
2595 5141 2837 5210 paradiso
2869 5139 3021 5212 (Luc.
3049 5154 3202 5204 χχιιι,
3234 5137 3350 5208 45).

2247 5233 2334 5288 14.
2374 5233 2572 5290 Plenus
2609 5233 2772 5305 igitur
2792 5232 2953 5289 Jesus
2981 5231 3190 5302 Spiritu
3221 5239 3410 5286 sancto
3432 5229 3701 5301 agebatur
3722 5225 3776 5282 in

2164 5324 2441 5381 desertum
2478 5345 2492 5382 :
2537 5327 2792 5396 consilio,
2841 5335 2898 5382 ut
2943 5325 3217 5382 diabolum
3247 5333 3605 5397 provocaret;
3657 5333 3778 5378 nam

2180 5523 2300 5564 mus
2343 5519 2522 5566 autem
2561 5525 2625 5565 ac
2663 5509 2932 5565 secundus
2966 5508 3034 5564 ad
3065 5523 3311 5566 errorem
3344 5506 3780 5565 Manichaeorum

2180 5579 2432 5648 pertinet,
2467 5583 2658 5637 tertius
2687 5582 2754 5636 ad
2784 5583 3237 5636 Sabellianorum.

2251 5670 2278 5710 ἀ
2313 5673 2704 5734 Edit.,Amerb.
2729 5689 2850 5729 cum
2883 5675 3058 5728 tribus
3086 5689 3217 5729 mss.
3250 5673 3424 5740 iisque
3447 5670 3784 5727 recentioris

2179 5760 2414 5801 manus:
2465 5745 2639 5801 Habes
2679 5746 3110 5817 quemadmodum
3161 5745 3476 5801 devotionem
3502 5744 3784 5800 doceamus

2180 5819 2442 5886 spiritum.
2478 5817 2633 5886 Mss,
2664 5819 2900 5889 spiritus,
2930 5825 3038 5874 etc.
