  <div class='ocr_page' id='page_1' title='image "/cluster/home/n/w/nwhite01/storage/ocr_20150623/15/uva.x000826533/224.png"; bbox 0 0 3960 6338; ppageno 0'>
   <div class='ocr_carea' id='block_1_1' title="bbox 360 312 490 369">
    <p class='ocr_par' dir='ltr' id='par_1_1' title="bbox 360 312 490 369">
     <span class='ocr_line' id='line_1_1' title="bbox 360 312 490 369; baseline -0.015 0"><span class='ocrx_word' id='word_1_1' title='bbox 360 312 490 369; x_wconf 80' lang='grc'><strong>1617</strong></span> 
     </span>
    </p>
   </div>
   <div class='ocr_carea' id='block_1_2' title="bbox 1334 312 2688 376">
    <p class='ocr_par' dir='ltr' id='par_1_2' title="bbox 1334 312 2688 376">
     <span class='ocr_line' id='line_1_2' title="bbox 1334 312 2688 376; baseline 0.002 -6"><span class='ocrx_word' id='word_1_2' title='bbox 1334 312 1701 372; x_wconf 83' lang='lat' dir='ltr'><strong>EXPOSITIO</strong></span> <span class='ocrx_word' id='word_1_3' title='bbox 1739 313 1998 373; x_wconf 77' lang='lat' dir='ltr'><strong>EVANG.</strong></span> <span class='ocrx_word' id='word_1_4' title='bbox 2031 314 2381 374; x_wconf 81' lang='lat' dir='ltr'><strong>SEC.-LUC.</strong></span> <span class='ocrx_word' id='word_1_5' title='bbox 2423 317 2556 375; x_wconf 81' lang='lat' dir='ltr'><strong>LIB.</strong></span> <span class='ocrx_word' id='word_1_6' title='bbox 2601 317 2688 376; x_wconf 77' lang='lat' dir='ltr'><strong>IV.</strong></span> 
     </span>
    </p>
   </div>
   <div class='ocr_carea' id='block_1_3' title="bbox 3518 319 3662 379">
    <p class='ocr_par' dir='ltr' id='par_1_3' title="bbox 3518 319 3662 379">
     <span class='ocr_line' id='line_1_3' title="bbox 3518 319 3662 379; baseline -0.021 0"><span class='ocrx_word' id='word_1_7' title='bbox 3518 319 3662 379; x_wconf 77' lang='grc'><strong>1618</strong></span> 
     </span>
    </p>
   </div>
   <div class='ocr_carea' id='block_1_4' title="bbox 351 431 3673 510">
    <p class='ocr_par' dir='ltr' id='par_1_4' title="bbox 351 431 3673 510">
     <span class='ocr_line' id='line_1_4' title="bbox 351 431 3673 510; baseline 0.003 -23"><span class='ocrx_word' id='word_1_8' title='bbox 351 432 456 487; x_wconf 84' lang='lat' dir='ltr'><strong>nisi</strong></span> <span class='ocrx_word' id='word_1_9' title='bbox 490 431 583 487; x_wconf 84' lang='lat' dir='ltr'><strong>ille</strong></span> <span class='ocrx_word' id='word_1_10' title='bbox 610 441 904 497; x_wconf 87' lang='lat' dir='ltr'><strong>certasset.</strong></span> <span class='ocrx_word' id='word_1_11' title='bbox 948 449 1055 488; x_wconf 90' lang='lat' dir='ltr'><strong>non</strong></span> <span class='ocrx_word' id='word_1_12' title='bbox 1084 434 1215 491; x_wconf 92' lang='lat' dir='ltr'><strong>mihi</strong></span> <span class='ocrx_word' id='word_1_13' title='bbox 1246 434 1349 491; x_wconf 90' lang='lat' dir='ltr'><strong>iste</strong></span> <span class='ocrx_word' id='word_1_14' title='bbox 1376 435 1600 490; x_wconf 74' lang='lat' dir='ltr'><strong>vicisset</strong></span> <span class='ocrx_word' id='word_1_15' title='bbox 1631 451 1643 489; x_wconf 91' lang='lat'>:</span> <span class='ocrx_word' id='word_1_16' title='bbox 1676 435 1959 508; x_wconf 90' lang='lat' dir='ltr'><strong>mysterio,</strong></span> <span class='ocrx_word' id='word_1_17' title='bbox 1989 443 2039 505; x_wconf 72' lang='grc' dir='ltr'><strong>Α</strong></span> <span class='ocrx_word' id='word_1_18' title='bbox 2066 437 2141 493; x_wconf 91' lang='lat' dir='ltr'><strong>ris</strong></span> <span class='ocrx_word' id='word_1_19' title='bbox 2175 452 2280 493; x_wconf 92' lang='lat' dir='ltr'><strong>non</strong></span> <span class='ocrx_word' id='word_1_20' title='bbox 2322 438 2563 507; x_wconf 92' lang='lat' dir='ltr'><strong>putabat.</strong></span> <span class='ocrx_word' id='word_1_21' title='bbox 2610 436 2771 493; x_wconf 83' lang='lat' dir='ltr'><strong>Aliud</strong></span> <span class='ocrx_word' id='word_1_22' title='bbox 2807 437 3165 510; x_wconf 82' lang='lat' dir='ltr'><strong>cxplorantls,</strong></span> <span class='ocrx_word' id='word_1_23' title='bbox 3212 438 3356 495; x_wconf 80' lang='lat' dir='ltr'><strong>aliud</strong></span> <span class='ocrx_word' id='word_1_24' title='bbox 3410 442 3673 496; x_wconf 90' lang='lat' dir='ltr'><strong>tentantis</strong></span> 
     </span>
    </p>
   </div>
   <div class='ocr_carea' id='block_1_5' title="bbox 352 524 1964 599">
    <p class='ocr_par' dir='ltr' id='par_1_5' title="bbox 352 524 1964 599">
     <span class='ocr_line' id='line_1_5' title="bbox 352 524 1964 599; baseline 0.001 -18"><span class='ocrx_word' id='word_1_25' title='bbox 352 536 411 581; x_wconf 89' lang='lat' dir='ltr'><strong>ut</strong></span> <span class='ocrx_word' id='word_1_26' title='bbox 449 524 619 581; x_wconf 82' lang='lat' dir='ltr'><strong>Adam</strong></span> <span class='ocrx_word' id='word_1_27' title='bbox 649 526 806 582; x_wconf 90' lang='lat' dir='ltr'><strong>illum</strong></span> <span class='ocrx_word' id='word_1_28' title='bbox 838 527 904 583; x_wconf 93' lang='lat' dir='ltr'><strong>de</strong></span> <span class='ocrx_word' id='word_1_29' title='bbox 926 528 1118 584; x_wconf 85' lang='lat' dir='ltr'><strong>exsilio</strong></span> <span class='ocrx_word' id='word_1_30' title='bbox 1149 528 1410 584; x_wconf 80' lang='lat' dir='ltr'><strong>liberaret</strong></span> <span class='ocrx_word' id='word_1_31' title='bbox 1439 545 1453 580; x_wconf 89' lang='lat'>:</span> <span class='ocrx_word' id='word_1_32' title='bbox 1486 530 1760 599; x_wconf 79' lang='lat' dir='ltr'><strong>exemplo,</strong></span> <span class='ocrx_word' id='word_1_33' title='bbox 1791 538 1849 583; x_wconf 92' lang='lat' dir='ltr'><strong>ut</strong></span> <span class='ocrx_word' id='word_1_34' title='bbox 1874 544 1964 583; x_wconf 89' lang='lat' dir='ltr'><strong>os-</strong></span> 
     </span>
    </p>
   </div>
   <div class='ocr_carea' id='block_1_6' title="bbox 349 618 1965 687">
    <p class='ocr_par' dir='ltr' id='par_1_6' title="bbox 349 618 1965 687">
     <span class='ocr_line' id='line_1_6' title="bbox 349 618 1965 687; baseline 0.002 -14"><span class='ocrx_word' id='word_1_35' title='bbox 349 618 605 675; x_wconf 91' lang='lat' dir='ltr'><strong>tenderet</strong></span> <span class='ocrx_word' id='word_1_36' title='bbox 628 620 789 687; x_wconf 83' lang='lat' dir='ltr'><strong>nobis</strong></span> <span class='ocrx_word' id='word_1_37' title='bbox 818 621 1093 676; x_wconf 88' lang='lat' dir='ltr'><strong>diabolum</strong></span> <span class='ocrx_word' id='word_1_38' title='bbox 1113 621 1180 676; x_wconf 90' lang='lat' dir='ltr'><strong>ad</strong></span> <span class='ocrx_word' id='word_1_39' title='bbox 1201 623 1428 677; x_wconf 86' lang='lat' dir='ltr'><strong>meliora</strong></span> <span class='ocrx_word' id='word_1_40' title='bbox 1456 621 1804 678; x_wconf 75' lang='lat' dir='ltr'><strong>tendentibus</strong></span> <span class='ocrx_word' id='word_1_41' title='bbox 1824 622 1965 679; x_wconf 92' lang='lat' dir='ltr'><strong>invi-</strong></span> 
     </span>
    </p>
   </div>
   <div class='ocr_carea' id='block_1_7' title="bbox 352 710 1964 786">
    <p class='ocr_par' dir='ltr' id='par_1_7' title="bbox 352 710 1964 786">
     <span class='ocr_line' id='line_1_7' title="bbox 352 710 1964 786; baseline 0.002 -18"><span class='ocrx_word' id='word_1_42' title='bbox 352 710 518 778; x_wconf 85' lang='lat' dir='ltr'><strong>dere;</strong></span> <span class='ocrx_word' id='word_1_43' title='bbox 553 723 609 766; x_wconf 85' lang='lat' dir='ltr'><strong>ct</strong></span> <span class='ocrx_word' id='word_1_44' title='bbox 631 721 759 769; x_wconf 90' lang='lat' dir='ltr'><strong>tunc</strong></span> <span class='ocrx_word' id='word_1_45' title='bbox 789 715 960 780; x_wconf 73' lang='lat' dir='ltr'><strong>magis</strong></span> <span class='ocrx_word' id='word_1_46' title='bbox 987 729 1108 770; x_wconf 89' lang='lat' dir='ltr'><strong>esse</strong></span> <span class='ocrx_word' id='word_1_47' title='bbox 1134 714 1458 781; x_wconf 89' lang='lat' dir='ltr'><strong>cavendum,</strong></span> <span class='ocrx_word' id='word_1_48' title='bbox 1486 729 1552 771; x_wconf 90' lang='lat' dir='ltr'><strong>ne</strong></span> <span class='ocrx_word' id='word_1_49' title='bbox 1575 715 1819 785; x_wconf 88' lang='lat' dir='ltr'><strong>mysterii</strong></span> <span class='ocrx_word' id='word_1_50' title='bbox 1841 731 1964 786; x_wconf 85' lang='lat' dir='ltr'><strong>gra-</strong></span> 
     </span>
    </p>
   </div>
   <div class='ocr_carea' id='block_1_8' title="bbox 352 805 1293 863">
    <p class='ocr_par' dir='ltr' id='par_1_8' title="bbox 352 805 1293 863">
     <span class='ocr_line' id='line_1_8' title="bbox 352 805 1293 863; baseline 0.002 -3"><span class='ocrx_word' id='word_1_51' title='bbox 352 805 483 862; x_wconf 87' lang='lat' dir='ltr'><strong>tiam</strong></span> <span class='ocrx_word' id='word_1_52' title='bbox 505 806 725 861; x_wconf 79' lang='lat' dir='ltr'><strong>deserat</strong></span> <span class='ocrx_word' id='word_1_53' title='bbox 756 808 960 863; x_wconf 91' lang='lat' dir='ltr'><strong>mentis</strong></span> <span class='ocrx_word' id='word_1_54' title='bbox 986 806 1293 863; x_wconf 88' lang='lat' dir='ltr'><strong>inﬁrmitas.</strong></span> 
     </span>
    </p>
   </div>
   <div class='ocr_carea' id='block_1_9' title="bbox 425 899 1523 979">
    <p class='ocr_par' dir='ltr' id='par_1_9' title="bbox 425 899 1523 979">
     <span class='ocr_line' id='line_1_9' title="bbox 425 899 1523 979; baseline 0.003 -24"><span class='ocrx_word' id='word_1_55' title='bbox 425 899 611 972; x_wconf 77' lang='lat' dir='ltr'><strong>(Vers.</strong></span> <span class='ocrx_word' id='word_1_56' title='bbox 643 900 726 979; x_wconf 59' lang='grc' dir='ltr'><strong>ἓ.)</strong></span> <span class='ocrx_word' id='word_1_57' title='bbox 759 901 1129 973; x_wconf 82' lang='lat' dir='ltr'><strong>Quadraginta</strong></span> <span class='ocrx_word' id='word_1_58' title='bbox 1157 913 1339 957; x_wconf 87' lang='lat' dir='ltr'><strong>autem</strong></span> <span class='ocrx_word' id='word_1_59' title='bbox 1374 904 1523 965; x_wconf 55' lang='lat' dir='ltr'><strong>diem,</strong></span> 
     </span>
    </p>
   </div>
   <div class='ocr_carea' id='block_1_10' title="bbox 426 996 1965 1068">
    <p class='ocr_par' dir='ltr' id='par_1_10' title="bbox 426 996 1965 1068">
     <span class='ocr_line' id='line_1_10' title="bbox 426 996 1965 1068; baseline 0.001 -17"><span class='ocrx_word' id='word_1_60' title='bbox 426 997 515 1052; x_wconf 81' lang='grc'><strong>15.</strong></span> <span class='ocrx_word' id='word_1_61' title='bbox 544 996 831 1068; x_wconf 85' lang='lat' dir='ltr'><strong>Mysticum</strong></span> <span class='ocrx_word' id='word_1_62' title='bbox 852 1012 1138 1052; x_wconf 88' lang='lat' dir='ltr'><strong>numerum</strong></span> <span class='ocrx_word' id='word_1_63' title='bbox 1159 999 1529 1067; x_wconf 78' lang='lat' dir='ltr'><strong>recognoscis.</strong></span> <span class='ocrx_word' id='word_1_64' title='bbox 1556 997 1659 1053; x_wconf 87' lang='lat' dir='ltr'><strong>Tot</strong></span> <span class='ocrx_word' id='word_1_65' title='bbox 1687 999 1831 1054; x_wconf 91' lang='lat' dir='ltr'><strong>enim</strong></span> <span class='ocrx_word' id='word_1_66' title='bbox 1855 998 1965 1053; x_wconf 89' lang='lat' dir='ltr'><strong>die-</strong></span> 
     </span>
    </p>
   </div>
   <div class='ocr_carea' id='block_1_11' title="bbox 350 1088 1960 1161">
    <p class='ocr_par' dir='ltr' id='par_1_11' title="bbox 350 1088 1960 1161">
     <span class='ocr_line' id='line_1_11' title="bbox 350 1088 1960 1161; baseline 0.001 -18"><span class='ocrx_word' id='word_1_67' title='bbox 350 1088 453 1143; x_wconf 89' lang='lat' dir='ltr'><strong>bus</strong></span> <span class='ocrx_word' id='word_1_68' title='bbox 494 1102 663 1158; x_wconf 81' lang='lat' dir='ltr'><strong>aquas</strong></span> <span class='ocrx_word' id='word_1_69' title='bbox 702 1088 885 1160; x_wconf 84' lang='lat' dir='ltr'><strong>abyssi</strong></span> <span class='ocrx_word' id='word_1_70' title='bbox 934 1088 1136 1145; x_wconf 80' lang='lat' dir='ltr'><strong>ell&#39;usas</strong></span> <span class='ocrx_word' id='word_1_71' title='bbox 1176 1104 1300 1145; x_wconf 90' lang='lat' dir='ltr'><strong>esse</strong></span> <span class='ocrx_word' id='word_1_72' title='bbox 1344 1089 1641 1145; x_wconf 87' lang='lat' dir='ltr'><strong>meministi</strong></span> <span class='ocrx_word' id='word_1_73' title='bbox 1682 1088 1837 1161; x_wconf 80' lang='lat' dir='ltr'><strong>(Gen.</strong></span> <span class='ocrx_word' id='word_1_74' title='bbox 1867 1107 1960 1159; x_wconf 90' lang='lat' dir='ltr'><strong>vn,</strong></span> 
     </span>
    </p>
   </div>
   <div class='ocr_carea' id='block_1_12' title="bbox 351 1180 1964 1253">
    <p class='ocr_par' dir='ltr' id='par_1_12' title="bbox 351 1180 1964 1253">
     <span class='ocr_line' id='line_1_12' title="bbox 351 1180 1964 1253; baseline 0.002 -18"><span class='ocrx_word' id='word_1_75' title='bbox 351 1182 447 1249; x_wconf 74' lang='grc'><strong>12)</strong></span> <span class='ocrx_word' id='word_1_76' title='bbox 470 1223 485 1247; x_wconf 87' lang='grc'><strong>,</strong></span> <span class='ocrx_word' id='word_1_77' title='bbox 515 1190 570 1235; x_wconf 94' lang='lat' dir='ltr'><strong>et</strong></span> <span class='ocrx_word' id='word_1_78' title='bbox 602 1188 684 1235; x_wconf 87' lang='lat' dir='ltr'><strong>tot</strong></span> <span class='ocrx_word' id='word_1_79' title='bbox 702 1181 915 1251; x_wconf 88' lang='lat' dir='ltr'><strong>jejunio</strong></span> <span class='ocrx_word' id='word_1_80' title='bbox 940 1180 1154 1237; x_wconf 92' lang='lat' dir='ltr'><strong>dierum</strong></span> <span class='ocrx_word' id='word_1_81' title='bbox 1187 1183 1533 1239; x_wconf 86' lang='lat' dir='ltr'><strong>sanctiﬁcan</strong></span> <span class='ocrx_word' id='word_1_82' title='bbox 1559 1183 1846 1253; x_wconf 85' lang='lat' dir='ltr'><strong>propheta,</strong></span> <span class='ocrx_word' id='word_1_83' title='bbox 1879 1199 1964 1239; x_wconf 88' lang='lat' dir='ltr'><strong>re-</strong></span> 
     </span>
    </p>
   </div>
   <div class='ocr_carea' id='block_1_13' title="bbox 346 1274 1957 1348">
    <p class='ocr_par' dir='ltr' id='par_1_13' title="bbox 346 1274 1957 1348">
     <span class='ocr_line' id='line_1_13' title="bbox 346 1274 1957 1348; baseline 0.002 -19"><span class='ocrx_word' id='word_1_84' title='bbox 346 1274 530 1331; x_wconf 87' lang='lat' dir='ltr'><strong>fusam</strong></span> <span class='ocrx_word' id='word_1_85' title='bbox 552 1275 681 1331; x_wconf 64' lang='lat' dir='ltr'><strong>caeli</strong></span> <span class='ocrx_word' id='word_1_86' title='bbox 712 1274 1011 1331; x_wconf 79' lang='lat' dir='ltr'><strong>serenimis</strong></span> <span class='ocrx_word' id='word_1_87' title='bbox 1038 1291 1163 1331; x_wconf 90' lang='lat' dir='ltr'><strong>esse</strong></span> <span class='ocrx_word' id='word_1_88' title='bbox 1192 1276 1535 1332; x_wconf 91' lang='lat' dir='ltr'><strong>clementiam</strong></span> <span class='ocrx_word' id='word_1_89' title='bbox 1563 1276 1655 1347; x_wconf 90' lang='lat' dir='ltr'><strong>(lll</strong></span> <span class='ocrx_word' id='word_1_90' title='bbox 1686 1276 1813 1348; x_wconf 72' lang='lat' dir='ltr'><strong>Reg.</strong></span> <span class='ocrx_word' id='word_1_91' title='bbox 1845 1292 1957 1346; x_wconf 71' lang='lat' dir='ltr'><strong>XIX,</strong></span> 
     </span>
    </p>
   </div>
   <div class='ocr_carea' id='block_1_14' title="bbox 348 1367 1958 1440">
    <p class='ocr_par' dir='ltr' id='par_1_14' title="bbox 348 1367 1958 1440">
     <span class='ocr_line' id='line_1_14' title="bbox 348 1367 1958 1440; baseline 0.001 -18"><span class='ocrx_word' id='word_1_92' title='bbox 348 1367 432 1439; x_wconf 91' lang='lat'><strong>8).</strong></span> <span class='ocrx_word' id='word_1_93' title='bbox 467 1368 571 1423; x_wconf 92' lang='lat' dir='ltr'><strong>Tot</strong></span> <span class='ocrx_word' id='word_1_94' title='bbox 595 1368 800 1438; x_wconf 85' lang='lat' dir='ltr'><strong>jejunio</strong></span> <span class='ocrx_word' id='word_1_95' title='bbox 822 1368 1036 1423; x_wconf 89' lang='lat' dir='ltr'><strong>dierum</strong></span> <span class='ocrx_word' id='word_1_96' title='bbox 1059 1379 1285 1425; x_wconf 89' lang='lat' dir='ltr'><strong>sanctus</strong></span> <span class='ocrx_word' id='word_1_97' title='bbox 1311 1368 1524 1440; x_wconf 82' lang='lat' dir='ltr'><strong>Moyses</strong></span> <span class='ocrx_word' id='word_1_98' title='bbox 1553 1369 1958 1439; x_wconf 82' lang='lat' dir='ltr'><strong>perceptionem</strong></span> 
     </span>
    </p>
   </div>
   <div class='ocr_carea' id='block_1_15' title="bbox 346 1459 1962 1533">
    <p class='ocr_par' dir='ltr' id='par_1_15' title="bbox 346 1459 1962 1533">
     <span class='ocr_line' id='line_1_15' title="bbox 346 1459 1962 1533; baseline 0 -16"><span class='ocrx_word' id='word_1_99' title='bbox 346 1460 513 1531; x_wconf 83' lang='lat' dir='ltr'><strong>Legis</strong></span> <span class='ocrx_word' id='word_1_100' title='bbox 536 1463 775 1517; x_wconf 87' lang='lat' dir='ltr'><strong>emeruit</strong></span> <span class='ocrx_word' id='word_1_101' title='bbox 794 1459 989 1531; x_wconf 75' lang='lat' dir='ltr'><strong>(Exod.</strong></span> <span class='ocrx_word' id='word_1_102' title='bbox 1014 1477 1200 1527; x_wconf 78' lang='lat' dir='ltr'><strong>xxxw,</strong></span> <span class='ocrx_word' id='word_1_103' title='bbox 1223 1461 1341 1533; x_wconf 73' lang='lat'><strong>28).</strong></span> <span class='ocrx_word' id='word_1_104' title='bbox 1371 1462 1474 1517; x_wconf 86' lang='lat' dir='ltr'><strong>Tot</strong></span> <span class='ocrx_word' id='word_1_105' title='bbox 1494 1478 1671 1518; x_wconf 91' lang='lat' dir='ltr'><strong>annos</strong></span> <span class='ocrx_word' id='word_1_106' title='bbox 1694 1463 1751 1517; x_wconf 92' lang='lat' dir='ltr'><strong>in</strong></span> <span class='ocrx_word' id='word_1_107' title='bbox 1775 1477 1962 1518; x_wconf 89' lang='lat' dir='ltr'><strong>eremo</strong></span> 
     </span>
    </p>
   </div>
   <div class='ocr_carea' id='block_1_16' title="bbox 345 1552 1962 1625">
    <p class='ocr_par' dir='ltr' id='par_1_16' title="bbox 345 1552 1962 1625">
     <span class='ocr_line' id='line_1_16' title="bbox 345 1552 1962 1625; baseline 0.001 -16"><span class='ocrx_word' id='word_1_108' title='bbox 345 1552 634 1609; x_wconf 88' lang='lat' dir='ltr'><strong>constituti</strong></span> <span class='ocrx_word' id='word_1_109' title='bbox 663 1563 845 1624; x_wconf 83' lang='lat' dir='ltr'><strong>patres</strong></span> <span class='ocrx_word' id='word_1_110' title='bbox 870 1570 1062 1625; x_wconf 89' lang='lat' dir='ltr'><strong>panem</strong></span> <span class='ocrx_word' id='word_1_111' title='bbox 1087 1555 1408 1625; x_wconf 86' lang='lat' dir='ltr'><strong>angelorum</strong></span> <span class='ocrx_word' id='word_1_112' title='bbox 1432 1564 1486 1609; x_wconf 93' lang='lat' dir='ltr'><strong>et</strong></span> <span class='ocrx_word' id='word_1_113' title='bbox 1506 1555 1748 1611; x_wconf 67' lang='lat' dir='ltr'><strong>caelestis</strong></span> <span class='ocrx_word' id='word_1_114' title='bbox 1769 1555 1962 1610; x_wconf 90' lang='lat' dir='ltr'><strong>alimo-</strong></span> 
     </span>
    </p>
   </div>
   <div class='ocr_carea' id='block_1_17' title="bbox 347 1648 1955 1724">
    <p class='ocr_par' dir='ltr' id='par_1_17' title="bbox 347 1648 1955 1724">
     <span class='ocr_line' id='line_1_17' title="bbox 347 1648 1955 1724; baseline 0 -21"><span class='ocrx_word' id='word_1_115' title='bbox 347 1649 455 1703; x_wconf 70' lang='lat' dir='ltr'><strong>nitc</strong></span> <span class='ocrx_word' id='word_1_116' title='bbox 483 1650 713 1719; x_wconf 82' lang='lat' dir='ltr'><strong>gratiam</strong></span> <span class='ocrx_word' id='word_1_117' title='bbox 742 1650 1026 1706; x_wconf 86' lang='lat' dir='ltr'><strong>consecuti</strong></span> <span class='ocrx_word' id='word_1_118' title='bbox 1054 1658 1179 1705; x_wconf 89' lang='lat' dir='ltr'><strong>sunt</strong></span> <span class='ocrx_word' id='word_1_119' title='bbox 1211 1648 1402 1724; x_wconf 88' lang='lat' dir='ltr'><strong>(Num.</strong></span> <span class='ocrx_word' id='word_1_120' title='bbox 1424 1665 1537 1718; x_wconf 77' lang='lat' dir='ltr'><strong>xrv,</strong></span> <span class='ocrx_word' id='word_1_121' title='bbox 1569 1648 1662 1722; x_wconf 74' lang='grc'><strong>52)</strong></span> <span class='ocrx_word' id='word_1_122' title='bbox 1689 1668 1702 1705; x_wconf 94' lang='lat'><strong>:</strong></span> <span class='ocrx_word' id='word_1_123' title='bbox 1733 1663 1835 1705; x_wconf 90' lang='lat' dir='ltr'><strong>nec</strong></span> <span class='ocrx_word' id='word_1_124' title='bbox 1864 1664 1955 1703; x_wconf 80' lang='lat' dir='ltr'><strong>an-</strong></span> 
     </span>
    </p>
   </div>
   <div class='ocr_carea' id='block_1_18' title="bbox 348 1739 1957 1811">
    <p class='ocr_par' dir='ltr' id='par_1_18' title="bbox 348 1739 1957 1811">
     <span class='ocr_line' id='line_1_18' title="bbox 348 1739 1957 1811; baseline 0.001 -18"><span class='ocrx_word' id='word_1_125' title='bbox 348 1747 568 1810; x_wconf 87' lang='lat' dir='ltr'><strong>tequam</strong></span> <span class='ocrx_word' id='word_1_126' title='bbox 618 1739 835 1811; x_wconf 80' lang='lat' dir='ltr'><strong>mystici</strong></span> <span class='ocrx_word' id='word_1_127' title='bbox 877 1739 1096 1795; x_wconf 90' lang='lat' dir='ltr'><strong>numeri</strong></span> <span class='ocrx_word' id='word_1_128' title='bbox 1142 1749 1360 1811; x_wconf 86' lang='lat' dir='ltr'><strong>tempus</strong></span> <span class='ocrx_word' id='word_1_129' title='bbox 1402 1742 1721 1809; x_wconf 79' lang='lat' dir='ltr'><strong>explerent,</strong></span> <span class='ocrx_word' id='word_1_130' title='bbox 1754 1750 1957 1796; x_wconf 88' lang='lat' dir='ltr'><strong>terram</strong></span> 
     </span>
    </p>
   </div>
   <div class='ocr_carea' id='block_1_19' title="bbox 2069 533 3672 603">
    <p class='ocr_par' dir='ltr' id='par_1_19' title="bbox 2069 533 3672 603">
     <span class='ocr_line' id='line_1_19' title="bbox 2069 533 3672 603; baseline 0.001 -16"><span class='ocrx_word' id='word_1_131' title='bbox 2069 540 2188 598; x_wconf 90' lang='lat' dir='ltr'><strong>est;</strong></span> <span class='ocrx_word' id='word_1_132' title='bbox 2219 541 2272 587; x_wconf 92' lang='lat' dir='ltr'><strong>et</strong></span> <span class='ocrx_word' id='word_1_133' title='bbox 2312 533 2425 589; x_wconf 83' lang='lat' dir='ltr'><strong>Deo</strong></span> <span class='ocrx_word' id='word_1_134' title='bbox 2471 548 2532 588; x_wconf 91' lang='lat' dir='ltr'><strong>se</strong></span> <span class='ocrx_word' id='word_1_135' title='bbox 2577 534 2858 603; x_wconf 88' lang='lat' dir='ltr'><strong>prolitetur</strong></span> <span class='ocrx_word' id='word_1_136' title='bbox 2887 533 3135 603; x_wconf 87' lang='lat' dir='ltr'><strong>credere,</strong></span> <span class='ocrx_word' id='word_1_137' title='bbox 3180 542 3237 591; x_wconf 94' lang='lat' dir='ltr'><strong>et</strong></span> <span class='ocrx_word' id='word_1_138' title='bbox 3265 534 3476 591; x_wconf 91' lang='lat' dir='ltr'><strong>homini</strong></span> <span class='ocrx_word' id='word_1_139' title='bbox 3503 550 3672 591; x_wconf 88' lang='lat' dir='ltr'><strong>cona-</strong></span> 
     </span>
    </p>
   </div>
   <div class='ocr_carea' id='block_1_20' title="bbox 2068 625 3179 691">
    <p class='ocr_par' dir='ltr' id='par_1_20' title="bbox 2068 625 3179 691">
     <span class='ocr_line' id='line_1_20' title="bbox 2068 625 3179 691; baseline -0.001 -11"><span class='ocrx_word' id='word_1_140' title='bbox 2068 635 2157 680; x_wconf 87' lang='lat' dir='ltr'><strong>tur</strong></span> <span class='ocrx_word' id='word_1_141' title='bbox 2184 625 2434 681; x_wconf 89' lang='lat' dir='ltr'><strong>illudere.</strong></span> <span class='ocrx_word' id='word_1_142' title='bbox 3176 690 3179 691; x_wconf 19' lang='grc' dir='ltr'><em>ν</em></span> 
     </span>
    </p>
   </div>
   <div class='ocr_carea' id='block_1_21' title="bbox 2140 718 3681 789">
    <p class='ocr_par' dir='ltr' id='par_1_21' title="bbox 2140 718 3681 789">
     <span class='ocr_line' id='line_1_21' title="bbox 2140 718 3681 789; baseline 0.003 -16"><span class='ocrx_word' id='word_1_143' title='bbox 2140 720 2225 774; x_wconf 87' lang='grc'><strong>19-</strong></span> <span class='ocrx_word' id='word_1_144' title='bbox 2265 718 2371 775; x_wconf 91' lang='lat' dir='ltr'><strong>Sed</strong></span> <span class='ocrx_word' id='word_1_145' title='bbox 2411 719 2538 776; x_wconf 91' lang='lat' dir='ltr'><strong>vide</strong></span> <span class='ocrx_word' id='word_1_146' title='bbox 2587 734 2735 774; x_wconf 89' lang='lat' dir='ltr'><strong>arma</strong></span> <span class='ocrx_word' id='word_1_147' title='bbox 2779 719 2981 776; x_wconf 82' lang='lat' dir='ltr'><strong>Chri5ti</strong></span> <span class='ocrx_word' id='word_1_148' title='bbox 3025 721 3221 789; x_wconf 87' lang='lat' dir='ltr'><strong>quibus</strong></span> <span class='ocrx_word' id='word_1_149' title='bbox 3252 720 3372 787; x_wconf 83' lang='lat' dir='ltr'><strong>tibi,</strong></span> <span class='ocrx_word' id='word_1_150' title='bbox 3405 736 3514 776; x_wconf 90' lang='lat' dir='ltr'><strong>non</strong></span> <span class='ocrx_word' id='word_1_151' title='bbox 3572 720 3681 777; x_wconf 85' lang='lat' dir='ltr'><strong>sibi</strong></span> 
     </span>
    </p>
   </div>
   <div class='ocr_carea' id='block_1_22' title="bbox 2064 813 3677 884">
    <p class='ocr_par' dir='ltr' id='par_1_22' title="bbox 2064 813 3677 884">
     <span class='ocr_line' id='line_1_22' title="bbox 2064 813 3677 884; baseline 0.001 -17"><span class='ocrx_word' id='word_1_152' title='bbox 2064 815 2213 869; x_wconf 82' lang='lat' dir='ltr'><strong>vicit.</strong></span> <span class='ocrx_word' id='word_1_153' title='bbox 2245 813 2379 869; x_wconf 87' lang='lat' dir='ltr'><strong>Nam</strong></span> <span class='ocrx_word' id='word_1_154' title='bbox 2423 814 2514 884; x_wconf 90' lang='lat' dir='ltr'><strong>qui</strong></span> <span class='ocrx_word' id='word_1_155' title='bbox 2540 816 2827 884; x_wconf 85' lang='lat' dir='ltr'><strong>majestate</strong></span> <span class='ocrx_word' id='word_1_156' title='bbox 2852 829 2946 868; x_wconf 87' lang='lat' dir='ltr'><strong>sua</strong></span> <span class='ocrx_word' id='word_1_157' title='bbox 2977 814 3187 883; x_wconf 87' lang='lat' dir='ltr'><strong>lapides</strong></span> <span class='ocrx_word' id='word_1_158' title='bbox 3209 815 3262 868; x_wconf 90' lang='lat' dir='ltr'><strong>in</strong></span> <span class='ocrx_word' id='word_1_159' title='bbox 3296 828 3488 884; x_wconf 89' lang='lat' dir='ltr'><strong>panem</strong></span> <span class='ocrx_word' id='word_1_160' title='bbox 3512 827 3677 884; x_wconf 88' lang='lat' dir='ltr'><strong>posse</strong></span> 
     </span>
    </p>
   </div>
   <div class='ocr_carea' id='block_1_23' title="bbox 2066 906 3674 974">
    <p class='ocr_par' dir='ltr' id='par_1_23' title="bbox 2066 906 3674 974">
     <span class='ocr_line' id='line_1_23' title="bbox 2066 906 3674 974; baseline -0.001 -11"><span class='ocrx_word' id='word_1_161' title='bbox 2066 910 2312 964; x_wconf 86' lang='lat' dir='ltr'><strong>converti</strong></span> <span class='ocrx_word' id='word_1_162' title='bbox 2354 915 2561 963; x_wconf 71' lang='lat' dir='ltr'><strong>natura:</strong></span> <span class='ocrx_word' id='word_1_163' title='bbox 2612 908 2843 962; x_wconf 84' lang='lat' dir='ltr'><strong>alterius</strong></span> <span class='ocrx_word' id='word_1_164' title='bbox 2898 906 3267 962; x_wconf 89' lang='lat' dir='ltr'><strong>transfusioue</strong></span> <span class='ocrx_word' id='word_1_165' title='bbox 3316 906 3674 974; x_wconf 84' lang='lat' dir='ltr'><strong>monstravit,</strong></span> 
     </span>
    </p>
   </div>
   <div class='ocr_carea' id='block_1_24' title="bbox 2067 998 3676 1068">
    <p class='ocr_par' dir='ltr' id='par_1_24' title="bbox 2067 998 3676 1068">
     <span class='ocr_line' id='line_1_24' title="bbox 2067 998 3676 1068; baseline -0.001 -13"><span class='ocrx_word' id='word_1_166' title='bbox 2067 999 2228 1055; x_wconf 88' lang='lat' dir='ltr'><strong>docet</strong></span> <span class='ocrx_word' id='word_1_167' title='bbox 2271 999 2405 1054; x_wconf 89' lang='lat' dir='ltr'><strong>nihil</strong></span> <span class='ocrx_word' id='word_1_168' title='bbox 2439 1000 2530 1054; x_wconf 89' lang='lat' dir='ltr'><strong>tibi</strong></span> <span class='ocrx_word' id='word_1_169' title='bbox 2560 1015 2658 1067; x_wconf 91' lang='lat' dir='ltr'><strong>pro</strong></span> <span class='ocrx_word' id='word_1_170' title='bbox 2684 999 2887 1053; x_wconf 88' lang='lat' dir='ltr'><strong>diaboli</strong></span> <span class='ocrx_word' id='word_1_171' title='bbox 2918 999 3167 1068; x_wconf 88' lang='lat' dir='ltr'><strong>arbitrio,</strong></span> <span class='ocrx_word' id='word_1_172' title='bbox 3198 1008 3300 1055; x_wconf 87' lang='lat' dir='ltr'><strong>nec</strong></span> <span class='ocrx_word' id='word_1_173' title='bbox 3331 998 3676 1055; x_wconf 66' lang='lat' dir='ltr'><strong>declarandae</strong></span> 
     </span>
    </p>
   </div>
   <div class='ocr_carea' id='block_1_25' title="bbox 2064 1091 3678 1162">
    <p class='ocr_par' dir='ltr' id='par_1_25' title="bbox 2064 1091 3678 1162">
     <span class='ocr_line' id='line_1_25' title="bbox 2064 1091 3678 1162; baseline 0 -17"><span class='ocrx_word' id='word_1_174' title='bbox 2064 1091 2282 1145; x_wconf 87' lang='lat' dir='ltr'><strong>virtutis</strong></span> <span class='ocrx_word' id='word_1_175' title='bbox 2338 1092 2799 1162; x_wconf 76' lang='lat' dir='ltr'><strong>contemplatione</strong></span> <span class='ocrx_word' id='word_1_176' title='bbox 2847 1091 3175 1147; x_wconf 84' lang='lat' dir='ltr'><strong>faciendum.</strong></span> <span class='ocrx_word' id='word_1_177' title='bbox 3236 1092 3405 1147; x_wconf 90' lang='lat' dir='ltr'><strong>Simul</strong></span> <span class='ocrx_word' id='word_1_178' title='bbox 3455 1091 3509 1147; x_wconf 90' lang='lat' dir='ltr'><strong>in</strong></span> <span class='ocrx_word' id='word_1_179' title='bbox 3558 1091 3678 1162; x_wconf 89' lang='lat' dir='ltr'><strong>ipsa</strong></span> 
     </span>
    </p>
   </div>
   <div class='ocr_carea' id='block_1_26' title="bbox 2067 1185 3679 1243">
    <p class='ocr_par' dir='ltr' id='par_1_26' title="bbox 2067 1185 3679 1243">
     <span class='ocr_line' id='line_1_26' title="bbox 2067 1185 3679 1243; baseline 0.001 -4"><span class='ocrx_word' id='word_1_180' title='bbox 2067 1187 2372 1241; x_wconf 91' lang='lat' dir='ltr'><strong>tentatione</strong></span> <span class='ocrx_word' id='word_1_181' title='bbox 2395 1186 2660 1241; x_wconf 81' lang='lat' dir='ltr'><strong>artiﬁcem</strong></span> <span class='ocrx_word' id='word_1_182' title='bbox 2689 1185 2887 1240; x_wconf 82' lang='lat' dir='ltr'><strong>diaboli</strong></span> <span class='ocrx_word' id='word_1_183' title='bbox 2916 1185 3064 1241; x_wconf 84' lang='lat' dir='ltr'><strong>disce</strong></span> <span class='ocrx_word' id='word_1_184' title='bbox 3095 1187 3413 1241; x_wconf 89' lang='lat' dir='ltr'><strong>versutiam.</strong></span> <span class='ocrx_word' id='word_1_185' title='bbox 3438 1185 3530 1243; x_wconf 90' lang='lat' dir='ltr'><strong>Sic</strong></span> <span class='ocrx_word' id='word_1_186' title='bbox 3556 1196 3679 1241; x_wconf 87' lang='lat' dir='ltr'><strong>ten-</strong></span> 
     </span>
    </p>
   </div>
   <div class='ocr_carea' id='block_1_27' title="bbox 2066 1276 3674 1349">
    <p class='ocr_par' dir='ltr' id='par_1_27' title="bbox 2066 1276 3674 1349">
     <span class='ocr_line' id='line_1_27' title="bbox 2066 1276 3674 1349; baseline 0 -16"><span class='ocrx_word' id='word_1_187' title='bbox 2066 1287 2162 1341; x_wconf 91' lang='lat' dir='ltr'><strong>tat,</strong></span> <span class='ocrx_word' id='word_1_188' title='bbox 2205 1288 2262 1333; x_wconf 92' lang='lat' dir='ltr'><strong>ut</strong></span> <span class='ocrx_word' id='word_1_189' title='bbox 2287 1278 2533 1348; x_wconf 75' lang='lat' dir='ltr'><strong>ertploret</strong></span> <span class='ocrx_word' id='word_1_190' title='bbox 2561 1296 2574 1331; x_wconf 91' lang='lat'><strong>:</strong></span> <span class='ocrx_word' id='word_1_191' title='bbox 2615 1278 2693 1332; x_wconf 92' lang='lat' dir='ltr'><strong>sic</strong></span> <span class='ocrx_word' id='word_1_192' title='bbox 2723 1277 2998 1349; x_wconf 80' lang='lat' dir='ltr'><strong>explorat,</strong></span> <span class='ocrx_word' id='word_1_193' title='bbox 3030 1287 3087 1332; x_wconf 94' lang='lat' dir='ltr'><strong>ut</strong></span> <span class='ocrx_word' id='word_1_194' title='bbox 3118 1287 3309 1333; x_wconf 88' lang='lat' dir='ltr'><strong>tentet.</strong></span> <span class='ocrx_word' id='word_1_195' title='bbox 3334 1276 3536 1332; x_wconf 83' lang='lat' dir='ltr'><strong>Contra</strong></span> <span class='ocrx_word' id='word_1_196' title='bbox 3566 1277 3674 1333; x_wconf 86' lang='lat' dir='ltr'><strong>Do-</strong></span> 
     </span>
    </p>
   </div>
   <div class='ocr_carea' id='block_1_28' title="bbox 2065 1372 3671 1440">
    <p class='ocr_par' dir='ltr' id='par_1_28' title="bbox 2065 1372 3671 1440">
     <span class='ocr_line' id='line_1_28' title="bbox 2065 1372 3671 1440; baseline 0.001 -13"><span class='ocrx_word' id='word_1_197' title='bbox 2065 1374 2245 1429; x_wconf 88' lang='lat' dir='ltr'><strong>minus</strong></span> <span class='ocrx_word' id='word_1_198' title='bbox 2272 1374 2351 1428; x_wconf 89' lang='lat' dir='ltr'><strong>sic</strong></span> <span class='ocrx_word' id='word_1_199' title='bbox 2373 1372 2531 1440; x_wconf 80' lang='lat' dir='ltr'><strong>fallit,</strong></span> <span class='ocrx_word' id='word_1_200' title='bbox 2562 1383 2617 1427; x_wconf 91' lang='lat' dir='ltr'><strong>ut</strong></span> <span class='ocrx_word' id='word_1_201' title='bbox 2646 1374 2824 1428; x_wconf 85' lang='lat' dir='ltr'><strong>vincat</strong></span> <span class='ocrx_word' id='word_1_202' title='bbox 2851 1392 2865 1427; x_wconf 86' lang='lat'><strong>:</strong></span> <span class='ocrx_word' id='word_1_203' title='bbox 2895 1372 2974 1427; x_wconf 91' lang='lat' dir='ltr'><strong>sic</strong></span> <span class='ocrx_word' id='word_1_204' title='bbox 2994 1373 3175 1427; x_wconf 88' lang='lat' dir='ltr'><strong>adhuc</strong></span> <span class='ocrx_word' id='word_1_205' title='bbox 3204 1372 3395 1437; x_wconf 89' lang='lat' dir='ltr'><strong>vincit,</strong></span> <span class='ocrx_word' id='word_1_206' title='bbox 3422 1380 3479 1427; x_wconf 92' lang='lat' dir='ltr'><strong>ut</strong></span> <span class='ocrx_word' id='word_1_207' title='bbox 3504 1373 3671 1428; x_wconf 80' lang='lat' dir='ltr'><strong>fallat.</strong></span> 
     </span>
    </p>
   </div>
   <div class='ocr_carea' id='block_1_29' title="bbox 2063 1464 3667 1536">
    <p class='ocr_par' dir='ltr' id='par_1_29' title="bbox 2063 1464 3667 1536">
     <span class='ocr_line' id='line_1_29' title="bbox 2063 1464 3667 1536; baseline 0.001 -17"><span class='ocrx_word' id='word_1_208' title='bbox 2063 1464 2196 1519; x_wconf 85' lang='lat' dir='ltr'><strong>Nam</strong></span> <span class='ocrx_word' id='word_1_209' title='bbox 2228 1467 2273 1519; x_wconf 92' lang='lat' dir='ltr'><strong>si</strong></span> <span class='ocrx_word' id='word_1_210' title='bbox 2304 1466 2665 1521; x_wconf 86' lang='lat' dir='ltr'><strong>convertisset</strong></span> <span class='ocrx_word' id='word_1_211' title='bbox 2704 1465 3303 1536; x_wconf 90' lang='lat' dir='ltr'><strong>naturam,prodiderat</strong></span> <span class='ocrx_word' id='word_1_212' title='bbox 3330 1468 3667 1521; x_wconf 77' lang='lat' dir='ltr'><strong>Creatorem.</strong></span> 
     </span>
    </p>
   </div>
   <div class='ocr_carea' id='block_1_30' title="bbox 2063 1554 3319 1629">
    <p class='ocr_par' dir='ltr' id='par_1_30' title="bbox 2063 1554 3319 1629">
     <span class='ocr_line' id='line_1_30' title="bbox 2063 1554 3319 1629; baseline 0.001 -17"><span class='ocrx_word' id='word_1_213' title='bbox 2063 1554 2091 1594; x_wconf 68' lang='grc' dir='ltr'>δ</span> <span class='ocrx_word' id='word_1_214' title='bbox 2121 1557 2461 1629; x_wconf 63' lang='grc' dir='ltr'><strong>Μεάίοιρτςο</strong></span> <span class='ocrx_word' id='word_1_215' title='bbox 2486 1556 2767 1627; x_wconf 88' lang='lat' dir='ltr'><strong>respondit</strong></span> <span class='ocrx_word' id='word_1_216' title='bbox 2794 1558 2981 1612; x_wconf 90' lang='lat' dir='ltr'><strong>dicens</strong></span> <span class='ocrx_word' id='word_1_217' title='bbox 3013 1575 3028 1613; x_wconf 91' lang='lat'><strong>:</strong></span> <span class='ocrx_word' id='word_1_218' title='bbox 3314 1574 3319 1579; x_wconf 70' lang='lat'><strong>‘</strong></span> 
     </span>
    </p>
   </div>
   <div class='ocr_carea' id='block_1_31' title="bbox 2138 1650 3673 1723">
    <p class='ocr_par' dir='ltr' id='par_1_31' title="bbox 2138 1650 3673 1723">
     <span class='ocr_line' id='line_1_31' title="bbox 2138 1650 3673 1723; baseline 0.001 -18"><span class='ocrx_word' id='word_1_219' title='bbox 2138 1650 2321 1723; x_wconf 81' lang='lat' dir='ltr'><strong>(Vers.</strong></span> <span class='ocrx_word' id='word_1_220' title='bbox 2362 1651 2445 1720; x_wconf 75' lang='grc'><strong>4.)</strong></span> <span class='ocrx_word' id='word_1_221' title='bbox 2488 1650 2755 1721; x_wconf 80' lang='lat' dir='ltr'><strong>Scriptum</strong></span> <span class='ocrx_word' id='word_1_222' title='bbox 2786 1659 2860 1704; x_wconf 83' lang='lat' dir='ltr'><strong>est</strong></span> <span class='ocrx_word' id='word_1_223' title='bbox 2899 1650 3139 1720; x_wconf 87' lang='lat' dir='ltr'><strong>quoniam</strong></span> <span class='ocrx_word' id='word_1_224' title='bbox 3184 1666 3287 1705; x_wconf 84' lang='lat' dir='ltr'><strong>non</strong></span> <span class='ocrx_word' id='word_1_225' title='bbox 3325 1650 3380 1705; x_wconf 82' lang='lat' dir='ltr'><strong>in</strong></span> <span class='ocrx_word' id='word_1_226' title='bbox 3405 1666 3539 1721; x_wconf 84' lang='lat' dir='ltr'><strong>pane</strong></span> <span class='ocrx_word' id='word_1_227' title='bbox 3562 1652 3673 1706; x_wconf 78' lang='lat' dir='ltr'><strong>solo</strong></span> 
     </span>
    </p>
   </div>
   <div class='ocr_carea' id='block_1_32' title="bbox 2060 1742 3082 1808">
    <p class='ocr_par' dir='ltr' id='par_1_32' title="bbox 2060 1742 3082 1808">
     <span class='ocr_line' id='line_1_32' title="bbox 2060 1742 3082 1808; baseline 0.001 -10"><span class='ocrx_word' id='word_1_228' title='bbox 2060 1745 2185 1799; x_wconf 77' lang='lat' dir='ltr'><strong>vivit</strong></span> <span class='ocrx_word' id='word_1_229' title='bbox 2212 1749 2383 1808; x_wconf 82' lang='lat' dir='ltr'><strong>homo,</strong></span> <span class='ocrx_word' id='word_1_230' title='bbox 2416 1744 2506 1800; x_wconf 85' lang='lat' dir='ltr'><strong>sed</strong></span> <span class='ocrx_word' id='word_1_231' title='bbox 2533 1746 2587 1798; x_wconf 84' lang='lat' dir='ltr'><strong>in</strong></span> <span class='ocrx_word' id='word_1_232' title='bbox 2617 1745 2757 1798; x_wconf 83' lang='grc' dir='ltr'><strong>οηιηὶ</strong></span> <span class='ocrx_word' id='word_1_233' title='bbox 2782 1744 2932 1799; x_wconf 84' lang='lat' dir='ltr'><strong>verba</strong></span> <span class='ocrx_word' id='word_1_234' title='bbox 2968 1742 3082 1799; x_wconf 83' lang='lat' dir='ltr'><strong>Dei.</strong></span> 
     </span>
    </p>
   </div>
   <div class='ocr_carea' id='block_1_33' title="bbox 348 1832 3667 1909">
    <p class='ocr_par' dir='ltr' id='par_1_33' title="bbox 348 1832 3667 1909">
     <span class='ocr_line' id='line_1_33' title="bbox 348 1832 3667 1909; baseline 0.002 -21"><span class='ocrx_word' id='word_1_235' title='bbox 348 1832 795 1901; x_wconf 82' lang='lat' dir='ltr'><strong>repromissionis</strong></span> <span class='ocrx_word' id='word_1_236' title='bbox 820 1834 1022 1889; x_wconf 88' lang='lat' dir='ltr'><strong>intrare</strong></span> <span class='ocrx_word' id='word_1_237' title='bbox 1044 1842 1379 1889; x_wconf 89' lang='lat' dir='ltr'><strong>meruerunt.</strong></span> <span class='ocrx_word' id='word_1_238' title='bbox 1404 1834 1507 1888; x_wconf 91' lang='lat' dir='ltr'><strong>Tot</strong></span> <span class='ocrx_word' id='word_1_239' title='bbox 1519 1833 1730 1903; x_wconf 88' lang='lat' dir='ltr'><strong>jejunio</strong></span> <span class='ocrx_word' id='word_1_240' title='bbox 1752 1833 1961 1889; x_wconf 91' lang='lat' dir='ltr'><strong>dierum</strong></span> <span class='ocrx_word' id='word_1_241' title='bbox 1997 1848 2042 1906; x_wconf 78' lang='grc' dir='ltr'><strong>Β</strong></span> <span class='ocrx_word' id='word_1_242' title='bbox 2137 1837 2227 1897; x_wconf 73' lang='grc'><strong>20.</strong></span> <span class='ocrx_word' id='word_1_243' title='bbox 2253 1838 2416 1894; x_wconf 81' lang='lat' dir='ltr'><strong>Vides</strong></span> <span class='ocrx_word' id='word_1_244' title='bbox 2438 1853 2548 1909; x_wconf 91' lang='lat' dir='ltr'><strong>quo</strong></span> <span class='ocrx_word' id='word_1_245' title='bbox 2574 1853 2773 1909; x_wconf 89' lang='lat' dir='ltr'><strong>genere</strong></span> <span class='ocrx_word' id='word_1_246' title='bbox 2807 1846 2995 1891; x_wconf 89' lang='lat' dir='ltr'><strong>utalur</strong></span> <span class='ocrx_word' id='word_1_247' title='bbox 3024 1852 3321 1903; x_wconf 87' lang='lat' dir='ltr'><strong>armorum,</strong></span> <span class='ocrx_word' id='word_1_248' title='bbox 3351 1852 3458 1908; x_wconf 92' lang='lat' dir='ltr'><strong>quo</strong></span> <span class='ocrx_word' id='word_1_249' title='bbox 3488 1837 3667 1893; x_wconf 85' lang='lat' dir='ltr'><strong>homi-</strong></span> 
     </span>
    </p>
   </div>
   <div class='ocr_carea' id='block_1_34' title="bbox 353 1926 1962 1999">
    <p class='ocr_par' dir='ltr' id='par_1_34' title="bbox 353 1926 1962 1999">
     <span class='ocr_line' id='line_1_34' title="bbox 353 1926 1962 1999; baseline 0.001 -17"><span class='ocrx_word' id='word_1_250' title='bbox 353 1926 569 1982; x_wconf 88' lang='lat' dir='ltr'><strong>Domini</strong></span> <span class='ocrx_word' id='word_1_251' title='bbox 592 1927 750 1982; x_wconf 90' lang='lat' dir='ltr'><strong>nobis</strong></span> <span class='ocrx_word' id='word_1_252' title='bbox 779 1927 834 1981; x_wconf 92' lang='lat' dir='ltr'><strong>in</strong></span> <span class='ocrx_word' id='word_1_253' title='bbox 863 1927 1215 1997; x_wconf 84' lang='lat' dir='ltr'><strong>Evangelium</strong></span> <span class='ocrx_word' id='word_1_254' title='bbox 1238 1929 1466 1998; x_wconf 85' lang='lat' dir='ltr'><strong>patescit</strong></span> <span class='ocrx_word' id='word_1_255' title='bbox 1492 1929 1790 1999; x_wconf 87' lang='lat' dir='ltr'><strong>ingressus.</strong></span> <span class='ocrx_word' id='word_1_256' title='bbox 1810 1928 1962 1984; x_wconf 90' lang='lat' dir='ltr'><strong>Unde</strong></span> 
     </span>
    </p>
   </div>
   <div class='ocr_carea' id='block_1_35' title="bbox 347 2022 1964 2093">
    <p class='ocr_par' dir='ltr' id='par_1_35' title="bbox 347 2022 1964 2093">
     <span class='ocr_line' id='line_1_35' title="bbox 347 2022 1964 2093; baseline 0.001 -16"><span class='ocrx_word' id='word_1_257' title='bbox 347 2022 395 2078; x_wconf 84' lang='lat' dir='ltr'><strong>si</strong></span> <span class='ocrx_word' id='word_1_258' title='bbox 427 2022 551 2093; x_wconf 89' lang='lat' dir='ltr'><strong>quis</strong></span> <span class='ocrx_word' id='word_1_259' title='bbox 582 2022 863 2093; x_wconf 75' lang='lat' dir='ltr'><strong>Evangelii</strong></span> <span class='ocrx_word' id='word_1_260' title='bbox 886 2022 1139 2093; x_wconf 84' lang='lat' dir='ltr'><strong>gloriam,</strong></span> <span class='ocrx_word' id='word_1_261' title='bbox 1162 2022 1509 2092; x_wconf 77' lang='lat' dir='ltr'><strong>fructumque</strong></span> <span class='ocrx_word' id='word_1_262' title='bbox 1540 2022 1964 2078; x_wconf 90' lang='lat' dir='ltr'><strong>resurrectionis</strong></span> 
     </span>
    </p>
   </div>
   <div class='ocr_carea' id='block_1_36' title="bbox 349 2115 1961 2188">
    <p class='ocr_par' dir='ltr' id='par_1_36' title="bbox 349 2115 1961 2188">
     <span class='ocr_line' id='line_1_36' title="bbox 349 2115 1961 2188; baseline 0 -17"><span class='ocrx_word' id='word_1_263' title='bbox 349 2125 504 2186; x_wconf 81' lang='lat' dir='ltr'><strong>Optat</strong></span> <span class='ocrx_word' id='word_1_264' title='bbox 539 2116 800 2187; x_wconf 88' lang='lat' dir='ltr'><strong>adipisci,</strong></span> <span class='ocrx_word' id='word_1_265' title='bbox 833 2116 1044 2188; x_wconf 80' lang='lat' dir='ltr'><strong>myStici</strong></span> <span class='ocrx_word' id='word_1_266' title='bbox 1072 2115 1266 2187; x_wconf 86' lang='lat' dir='ltr'><strong>jejunii</strong></span> <span class='ocrx_word' id='word_1_267' title='bbox 1290 2116 1677 2187; x_wconf 64' lang='lat' dir='ltr'><strong>prmvaricator</strong></span> <span class='ocrx_word' id='word_1_268' title='bbox 1704 2131 1826 2172; x_wconf 88' lang='lat' dir='ltr'><strong>esse</strong></span> <span class='ocrx_word' id='word_1_269' title='bbox 1853 2132 1961 2171; x_wconf 92' lang='lat' dir='ltr'><strong>non</strong></span> 
     </span>
    </p>
   </div>
   <div class='ocr_carea' id='block_1_37' title="bbox 350 2208 1964 2281">
    <p class='ocr_par' dir='ltr' id='par_1_37' title="bbox 350 2208 1964 2281">
     <span class='ocr_line' id='line_1_37' title="bbox 350 2208 1964 2281; baseline 0.002 -18"><span class='ocrx_word' id='word_1_270' title='bbox 350 2208 515 2264; x_wconf 88' lang='lat' dir='ltr'><strong>debet</strong></span> <span class='ocrx_word' id='word_1_271' title='bbox 548 2225 564 2275; x_wconf 90' lang='lat'><strong>;</strong></span> <span class='ocrx_word' id='word_1_272' title='bbox 598 2209 743 2280; x_wconf 86' lang='lat' dir='ltr'><strong>quod</strong></span> <span class='ocrx_word' id='word_1_273' title='bbox 770 2218 826 2265; x_wconf 90' lang='lat' dir='ltr'><strong>et</strong></span> <span class='ocrx_word' id='word_1_274' title='bbox 857 2209 911 2264; x_wconf 93' lang='lat' dir='ltr'><strong>in</strong></span> <span class='ocrx_word' id='word_1_275' title='bbox 948 2208 1088 2280; x_wconf 87' lang='lat' dir='ltr'><strong>Lege</strong></span> <span class='ocrx_word' id='word_1_276' title='bbox 1116 2210 1354 2281; x_wconf 82' lang='lat' dir='ltr'><strong>Moyses,</strong></span> <span class='ocrx_word' id='word_1_277' title='bbox 1384 2220 1439 2264; x_wconf 91' lang='lat' dir='ltr'><strong>ct</strong></span> <span class='ocrx_word' id='word_1_278' title='bbox 1470 2209 1523 2264; x_wconf 90' lang='lat' dir='ltr'><strong>in</strong></span> <span class='ocrx_word' id='word_1_279' title='bbox 1554 2208 1845 2280; x_wconf 87' lang='lat' dir='ltr'><strong>Evangelio</strong></span> <span class='ocrx_word' id='word_1_280' title='bbox 1865 2224 1964 2266; x_wconf 91' lang='lat' dir='ltr'><strong>suo</strong></span> 
     </span>
    </p>
   </div>
   <div class='ocr_carea' id='block_1_38' title="bbox 350 2301 1966 2374">
    <p class='ocr_par' dir='ltr' id='par_1_38' title="bbox 350 2301 1966 2374">
     <span class='ocr_line' id='line_1_38' title="bbox 350 2301 1966 2374; baseline 0.001 -17"><span class='ocrx_word' id='word_1_281' title='bbox 350 2302 605 2358; x_wconf 79' lang='lat' dir='ltr'><strong>Christus</strong></span> <span class='ocrx_word' id='word_1_282' title='bbox 653 2303 936 2373; x_wconf 88' lang='lat' dir='ltr'><strong>utriusque</strong></span> <span class='ocrx_word' id='word_1_283' title='bbox 976 2301 1315 2358; x_wconf 88' lang='lat' dir='ltr'><strong>Testamcnti</strong></span> <span class='ocrx_word' id='word_1_284' title='bbox 1354 2302 1680 2358; x_wconf 85' lang='lat' dir='ltr'><strong>auctoritate</strong></span> <span class='ocrx_word' id='word_1_285' title='bbox 1717 2304 1966 2374; x_wconf 88' lang='lat' dir='ltr'><strong>praescri-</strong></span> 
     </span>
    </p>
   </div>
   <div class='ocr_carea' id='block_1_39' title="bbox 352 2396 1366 2468">
    <p class='ocr_par' dir='ltr' id='par_1_39' title="bbox 352 2396 1366 2468">
     <span class='ocr_line' id='line_1_39' title="bbox 352 2396 1366 2468; baseline -0.002 -17"><span class='ocrx_word' id='word_1_286' title='bbox 352 2397 460 2468; x_wconf 87' lang='lat' dir='ltr'><strong>psit</strong></span> <span class='ocrx_word' id='word_1_287' title='bbox 488 2396 647 2451; x_wconf 89' lang='lat' dir='ltr'><strong>lidele</strong></span> <span class='ocrx_word' id='word_1_288' title='bbox 675 2396 894 2451; x_wconf 91' lang='lat' dir='ltr'><strong>virtutis</strong></span> <span class='ocrx_word' id='word_1_289' title='bbox 924 2410 1043 2451; x_wconf 87' lang='lat' dir='ltr'><strong>esse</strong></span> <span class='ocrx_word' id='word_1_290' title='bbox 1066 2405 1366 2450; x_wconf 89' lang='lat' dir='ltr'><strong>certamen.</strong></span> 
     </span>
    </p>
   </div>
   <div class='ocr_carea' id='block_1_40' title="bbox 424 2487 1961 2559">
    <p class='ocr_par' dir='ltr' id='par_1_40' title="bbox 424 2487 1961 2559">
     <span class='ocr_line' id='line_1_40' title="bbox 424 2487 1961 2559; baseline 0.001 -18"><span class='ocrx_word' id='word_1_291' title='bbox 424 2488 512 2543; x_wconf 86' lang='grc'><strong>16.</strong></span> <span class='ocrx_word' id='word_1_292' title='bbox 540 2487 681 2554; x_wconf 86' lang='lat' dir='ltr'><strong>Quid</strong></span> <span class='ocrx_word' id='word_1_293' title='bbox 714 2502 846 2542; x_wconf 91' lang='lat' dir='ltr'><strong>vero</strong></span> <span class='ocrx_word' id='word_1_294' title='bbox 870 2487 971 2543; x_wconf 91' lang='lat' dir='ltr'><strong>sibi</strong></span> <span class='ocrx_word' id='word_1_295' title='bbox 998 2488 1112 2542; x_wconf 90' lang='lat' dir='ltr'><strong>vult</strong></span> <span class='ocrx_word' id='word_1_296' title='bbox 1134 2488 1277 2558; x_wconf 93' lang='lat' dir='ltr'><strong>quod</strong></span> <span class='ocrx_word' id='word_1_297' title='bbox 1304 2487 1649 2559; x_wconf 87' lang='lat' dir='ltr'><strong>Evangelista</strong></span> <span class='ocrx_word' id='word_1_298' title='bbox 1674 2488 1961 2544; x_wconf 90' lang='lat' dir='ltr'><strong>Dominum</strong></span> 
     </span>
    </p>
   </div>
   <div class='ocr_carea' id='block_1_41' title="bbox 353 2580 1966 2652">
    <p class='ocr_par' dir='ltr' id='par_1_41' title="bbox 353 2580 1966 2652">
     <span class='ocr_line' id='line_1_41' title="bbox 353 2580 1966 2652; baseline -0.002 -15"><span class='ocrx_word' id='word_1_299' title='bbox 353 2581 592 2637; x_wconf 87' lang='lat' dir='ltr'><strong>esurisse</strong></span> <span class='ocrx_word' id='word_1_300' title='bbox 634 2580 995 2651; x_wconf 89' lang='lat' dir='ltr'><strong>signiﬁcavit,</strong></span> <span class='ocrx_word' id='word_1_301' title='bbox 1023 2596 1146 2636; x_wconf 91' lang='lat' dir='ltr'><strong>cum</strong></span> <span class='ocrx_word' id='word_1_302' title='bbox 1177 2580 1246 2636; x_wconf 89' lang='lat' dir='ltr'><strong>de</strong></span> <span class='ocrx_word' id='word_1_303' title='bbox 1276 2581 1447 2652; x_wconf 84' lang='lat' dir='ltr'><strong>Moysi</strong></span> <span class='ocrx_word' id='word_1_304' title='bbox 1476 2592 1637 2651; x_wconf 90' lang='lat' dir='ltr'><strong>atque</strong></span> <span class='ocrx_word' id='word_1_305' title='bbox 1668 2580 1801 2635; x_wconf 74' lang='lat' dir='ltr'><strong>Elia:</strong></span> <span class='ocrx_word' id='word_1_306' title='bbox 1825 2581 1966 2649; x_wconf 88' lang='lat' dir='ltr'><strong>jeju-</strong></span> 
     </span>
    </p>
   </div>
   <div class='ocr_carea' id='block_1_42' title="bbox 351 2672 1966 2744">
    <p class='ocr_par' dir='ltr' id='par_1_42' title="bbox 351 2672 1966 2744">
     <span class='ocr_line' id='line_1_42' title="bbox 351 2672 1966 2744; baseline -0.002 -15"><span class='ocrx_word' id='word_1_307' title='bbox 351 2675 445 2729; x_wconf 92' lang='lat' dir='ltr'><strong>nio</strong></span> <span class='ocrx_word' id='word_1_308' title='bbox 475 2674 611 2728; x_wconf 90' lang='lat' dir='ltr'><strong>nihil</strong></span> <span class='ocrx_word' id='word_1_309' title='bbox 644 2674 753 2729; x_wconf 89' lang='lat' dir='ltr'><strong>tale</strong></span> <span class='ocrx_word' id='word_1_310' title='bbox 787 2673 1069 2729; x_wconf 90' lang='lat' dir='ltr'><strong>videamus</strong></span> <span class='ocrx_word' id='word_1_311' title='bbox 1098 2675 1463 2743; x_wconf 79' lang='lat' dir='ltr'><strong>expressum?</strong></span> <span class='ocrx_word' id='word_1_312' title='bbox 1492 2672 1762 2744; x_wconf 83' lang='lat' dir='ltr'><strong>Numquid</strong></span> <span class='ocrx_word' id='word_1_313' title='bbox 1793 2673 1966 2729; x_wconf 90' lang='lat' dir='ltr'><strong>homi-</strong></span> 
     </span>
    </p>
   </div>
   <div class='ocr_carea' id='block_1_43' title="bbox 352 2764 1962 2837">
    <p class='ocr_par' dir='ltr' id='par_1_43' title="bbox 352 2764 1962 2837">
     <span class='ocr_line' id='line_1_43' title="bbox 352 2764 1962 2837; baseline -0.001 -17"><span class='ocrx_word' id='word_1_314' title='bbox 352 2782 479 2820; x_wconf 89' lang='lat' dir='ltr'><strong>num</strong></span> <span class='ocrx_word' id='word_1_315' title='bbox 512 2766 773 2836; x_wconf 87' lang='lat' dir='ltr'><strong>patientia</strong></span> <span class='ocrx_word' id='word_1_316' title='bbox 817 2765 930 2821; x_wconf 93' lang='lat' dir='ltr'><strong>Deo</strong></span> <span class='ocrx_word' id='word_1_317' title='bbox 957 2764 1150 2821; x_wconf 77' lang='lat' dir='ltr'><strong>fortior</strong></span> <span class='ocrx_word' id='word_1_318' title='bbox 1178 2766 1298 2822; x_wconf 86' lang='lat' dir='ltr'><strong>est?</strong></span> <span class='ocrx_word' id='word_1_319' title='bbox 1326 2765 1431 2821; x_wconf 86' lang='lat' dir='ltr'><strong>Sed</strong></span> <span class='ocrx_word' id='word_1_320' title='bbox 1479 2767 1570 2836; x_wconf 89' lang='lat' dir='ltr'><strong>qui</strong></span> <span class='ocrx_word' id='word_1_321' title='bbox 1609 2766 1962 2837; x_wconf 85' lang='lat' dir='ltr'><strong>quadraginta</strong></span> 
     </span>
    </p>
   </div>
   <div class='ocr_carea' id='block_1_44' title="bbox 352 2858 1968 2929">
    <p class='ocr_par' dir='ltr' id='par_1_44' title="bbox 352 2858 1968 2929">
     <span class='ocr_line' id='line_1_44' title="bbox 352 2858 1968 2929; baseline -0.001 -14"><span class='ocrx_word' id='word_1_322' title='bbox 352 2859 545 2923; x_wconf 84' lang='lat' dir='ltr'><strong>diebus</strong></span> <span class='ocrx_word' id='word_1_323' title='bbox 578 2859 790 2915; x_wconf 89' lang='lat' dir='ltr'><strong>esurire</strong></span> <span class='ocrx_word' id='word_1_324' title='bbox 822 2875 930 2915; x_wconf 92' lang='lat' dir='ltr'><strong>non</strong></span> <span class='ocrx_word' id='word_1_325' title='bbox 964 2860 1161 2929; x_wconf 89' lang='lat' dir='ltr'><strong>potuit,</strong></span> <span class='ocrx_word' id='word_1_326' title='bbox 1201 2859 1444 2915; x_wconf 90' lang='lat' dir='ltr'><strong>ostendit</strong></span> <span class='ocrx_word' id='word_1_327' title='bbox 1478 2875 1584 2914; x_wconf 91' lang='lat' dir='ltr'><strong>non</strong></span> <span class='ocrx_word' id='word_1_328' title='bbox 1619 2858 1799 2915; x_wconf 91' lang='lat' dir='ltr'><strong>cibum</strong></span> <span class='ocrx_word' id='word_1_329' title='bbox 1843 2874 1968 2915; x_wconf 89' lang='lat' dir='ltr'><strong>esu-</strong></span> 
     </span>
    </p>
   </div>
   <div class='ocr_carea' id='block_1_45' title="bbox 352 2951 1965 3023">
    <p class='ocr_par' dir='ltr' id='par_1_45' title="bbox 352 2951 1965 3023">
     <span class='ocr_line' id='line_1_45' title="bbox 352 2951 1965 3023; baseline 0 -16"><span class='ocrx_word' id='word_1_330' title='bbox 352 2953 491 3008; x_wconf 89' lang='lat' dir='ltr'><strong>risse</strong></span> <span class='ocrx_word' id='word_1_331' title='bbox 513 2968 573 3007; x_wconf 90' lang='lat' dir='ltr'><strong>se</strong></span> <span class='ocrx_word' id='word_1_332' title='bbox 595 2953 869 3023; x_wconf 90' lang='lat' dir='ltr'><strong>corporis,</strong></span> <span class='ocrx_word' id='word_1_333' title='bbox 898 2953 993 3008; x_wconf 92' lang='lat' dir='ltr'><strong>sed</strong></span> <span class='ocrx_word' id='word_1_334' title='bbox 1018 2953 1248 3008; x_wconf 88' lang='lat' dir='ltr'><strong>salutem</strong></span> <span class='ocrx_word' id='word_1_335' title='bbox 1278 2970 1291 3005; x_wconf 90' lang='lat'><strong>:</strong></span> <span class='ocrx_word' id='word_1_336' title='bbox 1322 2951 1485 3007; x_wconf 91' lang='lat' dir='ltr'><strong>simul</strong></span> <span class='ocrx_word' id='word_1_337' title='bbox 1512 2962 1568 3005; x_wconf 91' lang='lat' dir='ltr'><strong>ut</strong></span> <span class='ocrx_word' id='word_1_338' title='bbox 1595 2952 1965 3008; x_wconf 88' lang='lat' dir='ltr'><strong>adversarium</strong></span> 
     </span>
    </p>
   </div>
   <div class='ocr_carea' id='block_1_46' title="bbox 357 3045 1964 3116">
    <p class='ocr_par' dir='ltr' id='par_1_46' title="bbox 357 3045 1964 3116">
     <span class='ocr_line' id='line_1_46' title="bbox 357 3045 1964 3116; baseline -0.001 -16"><span class='ocrx_word' id='word_1_339' title='bbox 357 3045 653 3101; x_wconf 86' lang='lat' dir='ltr'><strong>lacesseret</strong></span> <span class='ocrx_word' id='word_1_340' title='bbox 697 3046 809 3116; x_wconf 90' lang='lat' dir='ltr'><strong>jam</strong></span> <span class='ocrx_word' id='word_1_341' title='bbox 861 3046 1181 3110; x_wconf 89' lang='lat' dir='ltr'><strong>timentem,</strong></span> <span class='ocrx_word' id='word_1_342' title='bbox 1224 3045 1317 3116; x_wconf 91' lang='lat' dir='ltr'><strong>qui</strong></span> <span class='ocrx_word' id='word_1_343' title='bbox 1362 3045 1720 3115; x_wconf 86' lang='lat' dir='ltr'><strong>quadraginta</strong></span> <span class='ocrx_word' id='word_1_344' title='bbox 1752 3045 1964 3100; x_wconf 91' lang='lat' dir='ltr'><strong>dierum</strong></span> 
     </span>
    </p>
   </div>
   <div class='ocr_carea' id='block_1_47' title="bbox 354 3136 1967 3208">
    <p class='ocr_par' dir='ltr' id='par_1_47' title="bbox 354 3136 1967 3208">
     <span class='ocr_line' id='line_1_47' title="bbox 354 3136 1967 3208; baseline 0 -15"><span class='ocrx_word' id='word_1_345' title='bbox 354 3138 536 3193; x_wconf 79' lang='lat' dir='ltr'><strong>fuerat</strong></span> <span class='ocrx_word' id='word_1_346' title='bbox 564 3138 776 3208; x_wconf 89' lang='lat' dir='ltr'><strong>jejunio</strong></span> <span class='ocrx_word' id='word_1_347' title='bbox 816 3138 1149 3195; x_wconf 86' lang='lat' dir='ltr'><strong>vulneratus.</strong></span> <span class='ocrx_word' id='word_1_348' title='bbox 1180 3138 1248 3193; x_wconf 86' lang='lat' dir='ltr'><strong>Et</strong></span> <span class='ocrx_word' id='word_1_349' title='bbox 1284 3137 1408 3193; x_wconf 88' lang='lat' dir='ltr'><strong>ideo</strong></span> <span class='ocrx_word' id='word_1_350' title='bbox 1438 3138 1608 3194; x_wconf 85' lang='lat' dir='ltr'><strong>fames</strong></span> <span class='ocrx_word' id='word_1_351' title='bbox 1638 3136 1855 3194; x_wconf 91' lang='lat' dir='ltr'><strong>Domini</strong></span> <span class='ocrx_word' id='word_1_352' title='bbox 1882 3138 1967 3208; x_wconf 88' lang='lat' dir='ltr'><strong>pia</strong></span> 
     </span>
    </p>
   </div>
   <div class='ocr_carea' id='block_1_48' title="bbox 2067 1928 3673 2001">
    <p class='ocr_par' dir='ltr' id='par_1_48' title="bbox 2067 1928 3673 2001">
     <span class='ocr_line' id='line_1_48' title="bbox 2067 1928 3673 2001; baseline -0.001 -15"><span class='ocrx_word' id='word_1_353' title='bbox 2067 1946 2188 1987; x_wconf 90' lang='lat' dir='ltr'><strong>nem</strong></span> <span class='ocrx_word' id='word_1_354' title='bbox 2211 1946 2239 1985; x_wconf 92' lang='lat' dir='ltr'><strong>a</strong></span> <span class='ocrx_word' id='word_1_355' title='bbox 2272 1931 2531 2001; x_wconf 88' lang='lat' dir='ltr'><strong>spiritalis</strong></span> <span class='ocrx_word' id='word_1_356' title='bbox 2552 1930 2809 2000; x_wconf 72' lang='lat' dir='ltr'><strong>nequitia:</strong></span> <span class='ocrx_word' id='word_1_357' title='bbox 2833 1930 3143 1984; x_wconf 91' lang='lat' dir='ltr'><strong>incursione</strong></span> <span class='ocrx_word' id='word_1_358' title='bbox 3167 1928 3446 1995; x_wconf 80' lang='lat' dir='ltr'><strong>defendat,</strong></span> <span class='ocrx_word' id='word_1_359' title='bbox 3477 1930 3673 1985; x_wconf 85' lang='lat' dir='ltr'><strong>adver-</strong></span> 
     </span>
    </p>
   </div>
   <div class='ocr_carea' id='block_1_49' title="bbox 2066 2020 3673 2093">
    <p class='ocr_par' dir='ltr' id='par_1_49' title="bbox 2066 2020 3673 2093">
     <span class='ocr_line' id='line_1_49' title="bbox 2066 2020 3673 2093; baseline -0.002 -14"><span class='ocrx_word' id='word_1_360' title='bbox 2066 2040 2159 2079; x_wconf 86' lang='lat' dir='ltr'><strong>sus</strong></span> <span class='ocrx_word' id='word_1_361' title='bbox 2207 2024 2545 2079; x_wconf 88' lang='lat' dir='ltr'><strong>irritamenta</strong></span> <span class='ocrx_word' id='word_1_362' title='bbox 2589 2024 2731 2093; x_wconf 71' lang='lat' dir='ltr'><strong>gula:</strong></span> <span class='ocrx_word' id='word_1_363' title='bbox 2776 2034 2988 2092; x_wconf 82' lang='lat' dir='ltr'><strong>septum</strong></span> <span class='ocrx_word' id='word_1_364' title='bbox 3021 2031 3183 2091; x_wconf 89' lang='lat' dir='ltr'><strong>atque</strong></span> <span class='ocrx_word' id='word_1_365' title='bbox 3216 2022 3526 2076; x_wconf 80' lang='lat' dir='ltr'><strong>munitum?</strong></span> <span class='ocrx_word' id='word_1_366' title='bbox 3551 2020 3673 2076; x_wconf 84' lang='lat' dir='ltr'><strong>Non</strong></span> 
     </span>
    </p>
   </div>
   <div class='ocr_carea' id='block_1_50' title="bbox 2065 2114 3673 2187">
    <p class='ocr_par' dir='ltr' id='par_1_50' title="bbox 2065 2114 3673 2187">
     <span class='ocr_line' id='line_1_50' title="bbox 2065 2114 3673 2187; baseline -0.002 -15"><span class='ocrx_word' id='word_1_367' title='bbox 2065 2117 2208 2172; x_wconf 87' lang='lat' dir='ltr'><strong>enim</strong></span> <span class='ocrx_word' id='word_1_368' title='bbox 2258 2117 2414 2187; x_wconf 88' lang='lat' dir='ltr'><strong>quasi</strong></span> <span class='ocrx_word' id='word_1_369' title='bbox 2454 2116 2597 2171; x_wconf 90' lang='lat' dir='ltr'><strong>Deus</strong></span> <span class='ocrx_word' id='word_1_370' title='bbox 2638 2115 2808 2170; x_wconf 88' lang='lat' dir='ltr'><strong>utitur</strong></span> <span class='ocrx_word' id='word_1_371' title='bbox 2852 2123 3121 2185; x_wconf 89' lang='lat' dir='ltr'><strong>potestate</strong></span> <span class='ocrx_word' id='word_1_372' title='bbox 3152 2114 3301 2185; x_wconf 82' lang='lat' dir='ltr'><strong>(quiti</strong></span> <span class='ocrx_word' id='word_1_373' title='bbox 3345 2114 3493 2169; x_wconf 89' lang='lat' dir='ltr'><strong>enim</strong></span> <span class='ocrx_word' id='word_1_374' title='bbox 3541 2114 3673 2169; x_wconf 87' lang='lat' dir='ltr'><strong>mihi</strong></span> 
     </span>
    </p>
   </div>
   <div class='ocr_carea' id='block_1_51' title="bbox 2069 2206 3669 2282">
    <p class='ocr_par' dir='ltr' id='par_1_51' title="bbox 2069 2206 3669 2282">
     <span class='ocr_line' id='line_1_51' title="bbox 2069 2206 3669 2282; baseline -0.003 -15"><span class='ocrx_word' id='word_1_375' title='bbox 2069 2209 2372 2282; x_wconf 86' lang='lat' dir='ltr'><strong>proderat),</strong></span> <span class='ocrx_word' id='word_1_376' title='bbox 2397 2210 2491 2265; x_wconf 90' lang='lat' dir='ltr'><strong>sed</strong></span> <span class='ocrx_word' id='word_1_377' title='bbox 2521 2211 2673 2277; x_wconf 84' lang='lat' dir='ltr'><strong>quasi</strong></span> <span class='ocrx_word' id='word_1_378' title='bbox 2694 2210 2855 2263; x_wconf 91' lang='lat' dir='ltr'><strong>homo</strong></span> <span class='ocrx_word' id='word_1_379' title='bbox 2880 2222 3170 2263; x_wconf 91' lang='lat' dir='ltr'><strong>commune</strong></span> <span class='ocrx_word' id='word_1_380' title='bbox 3198 2206 3543 2263; x_wconf 88' lang='lat' dir='ltr'><strong>sibiarcessit</strong></span> <span class='ocrx_word' id='word_1_381' title='bbox 3566 2222 3669 2263; x_wconf 85' lang='lat' dir='ltr'><strong>au-</strong></span> 
     </span>
    </p>
   </div>
   <div class='ocr_carea' id='block_1_52' title="bbox 2066 2300 3669 2371">
    <p class='ocr_par' dir='ltr' id='par_1_52' title="bbox 2066 2300 3669 2371">
     <span class='ocr_line' id='line_1_52' title="bbox 2066 2300 3669 2371; baseline -0.002 -11"><span class='ocrx_word' id='word_1_382' title='bbox 2066 2305 2287 2368; x_wconf 81' lang='lat' dir='ltr'><strong>xilium;</strong></span> <span class='ocrx_word' id='word_1_383' title='bbox 2323 2312 2383 2358; x_wconf 89' lang='lat' dir='ltr'><strong>ut</strong></span> <span class='ocrx_word' id='word_1_384' title='bbox 2422 2303 2621 2358; x_wconf 71' lang='lat' dir='ltr'><strong>divinte</strong></span> <span class='ocrx_word' id='word_1_385' title='bbox 2662 2302 2857 2371; x_wconf 87' lang='lat' dir='ltr'><strong>pabulo</strong></span> <span class='ocrx_word' id='word_1_386' title='bbox 2902 2301 3151 2357; x_wconf 85' lang='lat' dir='ltr'><strong>lectionis</strong></span> <span class='ocrx_word' id='word_1_387' title='bbox 3194 2302 3433 2356; x_wconf 89' lang='lat' dir='ltr'><strong>intentus</strong></span> <span class='ocrx_word' id='word_1_388' title='bbox 3471 2300 3669 2357; x_wconf 86' lang='lat' dir='ltr'><strong>famem</strong></span> 
     </span>
    </p>
   </div>
   <div class='ocr_carea' id='block_1_53' title="bbox 2065 2394 3673 2468">
    <p class='ocr_par' dir='ltr' id='par_1_53' title="bbox 2065 2394 3673 2468">
     <span class='ocr_line' id='line_1_53' title="bbox 2065 2394 3673 2468; baseline -0.002 -15"><span class='ocrx_word' id='word_1_389' title='bbox 2065 2399 2314 2467; x_wconf 89' lang='lat' dir='ltr'><strong>corporis</strong></span> <span class='ocrx_word' id='word_1_390' title='bbox 2336 2398 2595 2468; x_wconf 83' lang='lat' dir='ltr'><strong>negligat,</strong></span> <span class='ocrx_word' id='word_1_391' title='bbox 2619 2397 2939 2451; x_wconf 88' lang='lat' dir='ltr'><strong>alimentum</strong></span> <span class='ocrx_word' id='word_1_392' title='bbox 2963 2395 3115 2450; x_wconf 92' lang='lat' dir='ltr'><strong>verbi</strong></span> <span class='ocrx_word' id='word_1_393' title='bbox 3141 2395 3385 2451; x_wconf 75' lang='lat' dir='ltr'><strong>ctelestis</strong></span> <span class='ocrx_word' id='word_1_394' title='bbox 3405 2394 3673 2466; x_wconf 86' lang='lat' dir='ltr'><strong>acquirat.</strong></span> 
     </span>
    </p>
   </div>
   <div class='ocr_carea' id='block_1_54' title="bbox 2066 2486 3676 2561">
    <p class='ocr_par' dir='ltr' id='par_1_54' title="bbox 2066 2486 3676 2561">
     <span class='ocr_line' id='line_1_54' title="bbox 2066 2486 3676 2561; baseline -0.003 -15"><span class='ocrx_word' id='word_1_395' title='bbox 2066 2490 2203 2546; x_wconf 87' lang='lat' dir='ltr'><strong>Huic</strong></span> <span class='ocrx_word' id='word_1_396' title='bbox 2247 2493 2486 2546; x_wconf 88' lang='lat' dir='ltr'><strong>intentus</strong></span> <span class='ocrx_word' id='word_1_397' title='bbox 2526 2489 2737 2561; x_wconf 86' lang='lat' dir='ltr'><strong>Moyses</strong></span> <span class='ocrx_word' id='word_1_398' title='bbox 2764 2504 2980 2560; x_wconf 84' lang='lat' dir='ltr'><strong>panem</strong></span> <span class='ocrx_word' id='word_1_399' title='bbox 3018 2486 3479 2542; x_wconf 88' lang='lat' dir='ltr'><strong>nondcsideravit</strong></span> <span class='ocrx_word' id='word_1_400' title='bbox 3507 2505 3520 2542; x_wconf 91' lang='lat'>:</span> <span class='ocrx_word' id='word_1_401' title='bbox 3546 2487 3676 2541; x_wconf 88' lang='lat' dir='ltr'><strong>huic</strong></span> 
     </span>
    </p>
   </div>
   <div class='ocr_carea' id='block_1_55' title="bbox 2068 2580 3675 2652">
    <p class='ocr_par' dir='ltr' id='par_1_55' title="bbox 2068 2580 3675 2652">
     <span class='ocr_line' id='line_1_55' title="bbox 2068 2580 3675 2652; baseline -0.002 -14"><span class='ocrx_word' id='word_1_402' title='bbox 2068 2586 2307 2639; x_wconf 91' lang='lat' dir='ltr'><strong>intentus</strong></span> <span class='ocrx_word' id='word_1_403' title='bbox 2346 2583 2494 2638; x_wconf 89' lang='lat' dir='ltr'><strong>Elias</strong></span> <span class='ocrx_word' id='word_1_404' title='bbox 2541 2584 2739 2637; x_wconf 88' lang='lat' dir='ltr'><strong>famem</strong></span> <span class='ocrx_word' id='word_1_405' title='bbox 2780 2582 3095 2652; x_wconf 81' lang='lat' dir='ltr'><strong>prolixioris</strong></span> <span class='ocrx_word' id='word_1_406' title='bbox 3123 2596 3231 2635; x_wconf 88' lang='lat' dir='ltr'><strong>non</strong></span> <span class='ocrx_word' id='word_1_407' title='bbox 3263 2580 3675 2651; x_wconf 90' lang='lat' dir='ltr'><strong>sensitjejunii.</strong></span> 
     </span>
    </p>
   </div>
   <div class='ocr_carea' id='block_1_56' title="bbox 2067 2673 3674 2746">
    <p class='ocr_par' dir='ltr' id='par_1_56' title="bbox 2067 2673 3674 2746">
     <span class='ocr_line' id='line_1_56' title="bbox 2067 2673 3674 2746; baseline -0.003 -13"><span class='ocrx_word' id='word_1_408' title='bbox 2067 2678 2186 2733; x_wconf 87' lang='lat' dir='ltr'><strong>Non</strong></span> <span class='ocrx_word' id='word_1_409' title='bbox 2221 2678 2366 2732; x_wconf 90' lang='lat' dir='ltr'><strong>enim</strong></span> <span class='ocrx_word' id='word_1_410' title='bbox 2406 2684 2586 2746; x_wconf 89' lang='lat' dir='ltr'><strong>potest</strong></span> <span class='ocrx_word' id='word_1_411' title='bbox 2629 2675 2719 2745; x_wconf 92' lang='lat' dir='ltr'><strong>qui</strong></span> <span class='ocrx_word' id='word_1_412' title='bbox 2748 2673 2974 2729; x_wconf 90' lang='lat' dir='ltr'><strong>verbum</strong></span> <span class='ocrx_word' id='word_1_413' title='bbox 3008 2673 3272 2745; x_wconf 87' lang='lat' dir='ltr'><strong>sequitur,</strong></span> <span class='ocrx_word' id='word_1_414' title='bbox 3303 2688 3499 2742; x_wconf 89' lang='lat' dir='ltr'><strong>panem</strong></span> <span class='ocrx_word' id='word_1_415' title='bbox 3527 2674 3674 2728; x_wconf 80' lang='lat' dir='ltr'><strong>desi—</strong></span> 
     </span>
    </p>
   </div>
   <div class='ocr_carea' id='block_1_57' title="bbox 2068 2767 3678 2837">
    <p class='ocr_par' dir='ltr' id='par_1_57' title="bbox 2068 2767 3678 2837">
     <span class='ocr_line' id='line_1_57' title="bbox 2068 2767 3678 2837; baseline -0.002 -11"><span class='ocrx_word' id='word_1_416' title='bbox 2068 2772 2260 2826; x_wconf 91' lang='lat' dir='ltr'><strong>derare</strong></span> <span class='ocrx_word' id='word_1_417' title='bbox 2308 2780 2619 2835; x_wconf 89' lang='lat' dir='ltr'><strong>terrenum,</strong></span> <span class='ocrx_word' id='word_1_418' title='bbox 2669 2782 2793 2823; x_wconf 90' lang='lat' dir='ltr'><strong>cum</strong></span> <span class='ocrx_word' id='word_1_419' title='bbox 2841 2767 3197 2822; x_wconf 74' lang='lat' dir='ltr'><strong>subsmntiam</strong></span> <span class='ocrx_word' id='word_1_420' title='bbox 3244 2767 3398 2837; x_wconf 89' lang='lat' dir='ltr'><strong>panis</strong></span> <span class='ocrx_word' id='word_1_421' title='bbox 3435 2768 3678 2823; x_wconf 71' lang='lat' dir='ltr'><strong>cmlestis</strong></span> 
     </span>
    </p>
   </div>
   <div class='ocr_carea' id='block_1_58' title="bbox 2067 2858 3674 2935">
    <p class='ocr_par' dir='ltr' id='par_1_58' title="bbox 2067 2858 3674 2935">
     <span class='ocr_line' id='line_1_58' title="bbox 2067 2858 3674 2935; baseline -0.004 -15"><span class='ocrx_word' id='word_1_422' title='bbox 2067 2864 2329 2935; x_wconf 88' lang='lat' dir='ltr'><strong>accipiat;</strong></span> <span class='ocrx_word' id='word_1_423' title='bbox 2362 2863 2612 2917; x_wconf 87' lang='lat' dir='ltr'><strong>humanis</strong></span> <span class='ocrx_word' id='word_1_424' title='bbox 2640 2862 2787 2917; x_wconf 91' lang='lat' dir='ltr'><strong>enim</strong></span> <span class='ocrx_word' id='word_1_425' title='bbox 2811 2860 2996 2915; x_wconf 86' lang='lat' dir='ltr'><strong>divina</strong></span> <span class='ocrx_word' id='word_1_426' title='bbox 3028 2872 3291 2930; x_wconf 68' lang='lat' dir='ltr'><strong>praestare</strong></span> <span class='ocrx_word' id='word_1_427' title='bbox 3318 2876 3423 2913; x_wconf 84' lang='lat' dir='ltr'><strong>non</strong></span> <span class='ocrx_word' id='word_1_428' title='bbox 3451 2858 3674 2914; x_wconf 90' lang='lat' dir='ltr'><strong>dubium</strong></span> 
     </span>
    </p>
   </div>
   <div class='ocr_carea' id='block_1_59' title="bbox 2069 2952 3673 3025">
    <p class='ocr_par' dir='ltr' id='par_1_59' title="bbox 2069 2952 3673 3025">
     <span class='ocr_line' id='line_1_59' title="bbox 2069 2952 3673 3025; baseline -0.004 -13"><span class='ocrx_word' id='word_1_429' title='bbox 2069 2968 2170 3020; x_wconf 86' lang='lat' dir='ltr'><strong>est,</strong></span> <span class='ocrx_word' id='word_1_430' title='bbox 2201 2966 2255 3011; x_wconf 90' lang='lat' dir='ltr'><strong>ct</strong></span> <span class='ocrx_word' id='word_1_431' title='bbox 2281 2955 2663 3025; x_wconf 88' lang='lat' dir='ltr'><strong>corporalibus</strong></span> <span class='ocrx_word' id='word_1_432' title='bbox 2692 2954 2976 3024; x_wconf 87' lang='lat' dir='ltr'><strong>spiritalia.</strong></span> <span class='ocrx_word' id='word_1_433' title='bbox 3004 2953 3073 3008; x_wconf 88' lang='lat' dir='ltr'><strong>Et</strong></span> <span class='ocrx_word' id='word_1_434' title='bbox 3098 2952 3221 3007; x_wconf 90' lang='lat' dir='ltr'><strong>ideo</strong></span> <span class='ocrx_word' id='word_1_435' title='bbox 3258 2953 3347 3022; x_wconf 87' lang='lat' dir='ltr'><strong>qui</strong></span> <span class='ocrx_word' id='word_1_436' title='bbox 3382 2953 3545 3006; x_wconf 89' lang='lat' dir='ltr'><strong>vitam</strong></span> <span class='ocrx_word' id='word_1_437' title='bbox 3580 2968 3673 3007; x_wconf 89' lang='lat' dir='ltr'><strong>ve-</strong></span> 
     </span>
    </p>
   </div>
   <div class='ocr_carea' id='block_1_60' title="bbox 2069 3041 3675 3115">
    <p class='ocr_par' dir='ltr' id='par_1_60' title="bbox 2069 3041 3675 3115">
     <span class='ocr_line' id='line_1_60' title="bbox 2069 3041 3675 3115; baseline -0.003 -12"><span class='ocrx_word' id='word_1_438' title='bbox 2069 3063 2183 3103; x_wconf 86' lang='lat' dir='ltr'><strong>ram</strong></span> <span class='ocrx_word' id='word_1_439' title='bbox 2212 3047 2510 3113; x_wconf 87' lang='lat' dir='ltr'><strong>desiderat,</strong></span> <span class='ocrx_word' id='word_1_440' title='bbox 2536 3058 2559 3085; x_wconf 79' lang='grc' dir='ltr'><strong>ο</strong></span> <span class='ocrx_word' id='word_1_441' title='bbox 2588 3047 2739 3101; x_wconf 90' lang='lat' dir='ltr'><strong>illum</strong></span> <span class='ocrx_word' id='word_1_442' title='bbox 2769 3060 2961 3115; x_wconf 88' lang='lat' dir='ltr'><strong>panem</strong></span> <span class='ocrx_word' id='word_1_443' title='bbox 2988 3054 3228 3114; x_wconf 79' lang='lat' dir='ltr'><strong>expetat,</strong></span> <span class='ocrx_word' id='word_1_444' title='bbox 3253 3041 3346 3114; x_wconf 89' lang='lat' dir='ltr'><strong>qui</strong></span> <span class='ocrx_word' id='word_1_445' title='bbox 3372 3059 3466 3114; x_wconf 92' lang='lat' dir='ltr'><strong>per</strong></span> <span class='ocrx_word' id='word_1_446' title='bbox 3491 3045 3675 3099; x_wconf 89' lang='lat' dir='ltr'><strong>insen-</strong></span> 
     </span>
    </p>
   </div>
   <div class='ocr_carea' id='block_1_61' title="bbox 2069 3135 3678 3197">
    <p class='ocr_par' dir='ltr' id='par_1_61' title="bbox 2069 3135 3678 3197">
     <span class='ocr_line' id='line_1_61' title="bbox 2069 3135 3678 3197; baseline -0.004 0"><span class='ocrx_word' id='word_1_447' title='bbox 2069 3142 2281 3197; x_wconf 85' lang='lat' dir='ltr'><strong>sibilcm</strong></span> <span class='ocrx_word' id='word_1_448' title='bbox 2312 3140 2675 3197; x_wconf 89' lang='lat' dir='ltr'><strong>substantiam</strong></span> <span class='ocrx_word' id='word_1_449' title='bbox 2709 3140 2941 3194; x_wconf 88' lang='lat' dir='ltr'><strong>humana</strong></span> <span class='ocrx_word' id='word_1_450' title='bbox 2974 3138 3139 3192; x_wconf 90' lang='lat' dir='ltr'><strong>corda</strong></span> <span class='ocrx_word' id='word_1_451' title='bbox 3164 3139 3475 3192; x_wconf 89' lang='lat' dir='ltr'><strong>conlirmat.</strong></span> <span class='ocrx_word' id='word_1_452' title='bbox 3502 3135 3678 3193; x_wconf 89' lang='lat' dir='ltr'><strong>Simul</strong></span> 
     </span>
    </p>
   </div>
   <div class='ocr_carea' id='block_1_62' title="bbox 354 3230 3676 3313">
    <p class='ocr_par' dir='ltr' id='par_1_62' title="bbox 354 3230 3676 3313">
     <span class='ocr_line' id='line_1_62' title="bbox 354 3230 3676 3313; baseline -0.001 -26"><span class='ocrx_word' id='word_1_453' title='bbox 354 3231 510 3287; x_wconf 89' lang='lat' dir='ltr'><strong>fraus</strong></span> <span class='ocrx_word' id='word_1_454' title='bbox 558 3243 679 3297; x_wconf 91' lang='lat' dir='ltr'><strong>est;</strong></span> <span class='ocrx_word' id='word_1_455' title='bbox 711 3240 769 3286; x_wconf 92' lang='lat' dir='ltr'><strong>ut</strong></span> <span class='ocrx_word' id='word_1_456' title='bbox 807 3232 859 3287; x_wconf 92' lang='lat' dir='ltr'><strong>in</strong></span> <span class='ocrx_word' id='word_1_457' title='bbox 902 3248 1011 3303; x_wconf 90' lang='lat' dir='ltr'><strong>quo</strong></span> <span class='ocrx_word' id='word_1_458' title='bbox 1048 3233 1297 3287; x_wconf 88' lang='lat' dir='ltr'><strong>diabolus</strong></span> <span class='ocrx_word' id='word_1_459' title='bbox 1337 3234 1545 3303; x_wconf 88' lang='lat' dir='ltr'><strong>majora</strong></span> <span class='ocrx_word' id='word_1_460' title='bbox 1579 3242 1826 3290; x_wconf 89' lang='lat' dir='ltr'><strong>metuens</strong></span> <span class='ocrx_word' id='word_1_461' title='bbox 1852 3233 1964 3304; x_wconf 87' lang='lat' dir='ltr'><strong>jam</strong></span> <span class='ocrx_word' id='word_1_462' title='bbox 1995 3248 2041 3313; x_wconf 71' lang='grc' dir='ltr'>ο</span> <span class='ocrx_word' id='word_1_463' title='bbox 2072 3253 2193 3293; x_wconf 92' lang='lat' dir='ltr'><strong>cum</strong></span> <span class='ocrx_word' id='word_1_464' title='bbox 2223 3236 2355 3291; x_wconf 92' lang='lat' dir='ltr'><strong>dicit</strong></span> <span class='ocrx_word' id='word_1_465' title='bbox 2387 3253 2399 3291; x_wconf 92' lang='lat'><strong>:</strong></span> <span class='ocrx_word' id='word_1_466' title='bbox 2434 3234 2557 3289; x_wconf 88' lang='lat' dir='ltr'><strong>Non</strong></span> <span class='ocrx_word' id='word_1_467' title='bbox 2582 3236 2637 3289; x_wconf 87' lang='lat' dir='ltr'><strong>in</strong></span> <span class='ocrx_word' id='word_1_468' title='bbox 2670 3248 2803 3304; x_wconf 86' lang='lat' dir='ltr'><strong>pane</strong></span> <span class='ocrx_word' id='word_1_469' title='bbox 2829 3233 2941 3287; x_wconf 85' lang='lat' dir='ltr'><strong>solo</strong></span> <span class='ocrx_word' id='word_1_470' title='bbox 2960 3231 3080 3285; x_wconf 74' lang='lat' dir='ltr'><strong>vivit</strong></span> <span class='ocrx_word' id='word_1_471' title='bbox 3103 3231 3277 3295; x_wconf 85' lang='lat' dir='ltr'><strong>homo,</strong></span> <span class='ocrx_word' id='word_1_472' title='bbox 3308 3230 3549 3285; x_wconf 89' lang='lat' dir='ltr'><strong>ostendit</strong></span> <span class='ocrx_word' id='word_1_473' title='bbox 3576 3230 3676 3284; x_wconf 87' lang='lat' dir='ltr'><strong>bo-</strong></span> 
     </span>
    </p>
   </div>
   <div class='ocr_carea' id='block_1_63' title="bbox 353 3325 1962 3397">
    <p class='ocr_par' dir='ltr' id='par_1_63' title="bbox 353 3325 1962 3397">
     <span class='ocr_line' id='line_1_63' title="bbox 353 3325 1962 3397; baseline 0.003 -19"><span class='ocrx_word' id='word_1_474' title='bbox 353 3325 611 3390; x_wconf 88' lang='lat' dir='ltr'><strong>cavebat,</strong></span> <span class='ocrx_word' id='word_1_475' title='bbox 644 3335 669 3361; x_wconf 73' lang='grc'><strong>³·</strong></span> <span class='ocrx_word' id='word_1_476' title='bbox 686 3325 847 3381; x_wconf 87' lang='lat' dir='ltr'><strong>famis</strong></span> <span class='ocrx_word' id='word_1_477' title='bbox 865 3327 1046 3397; x_wconf 91' lang='lat' dir='ltr'><strong>specie</strong></span> <span class='ocrx_word' id='word_1_478' title='bbox 1069 3328 1300 3383; x_wconf 90' lang='lat' dir='ltr'><strong>Iactatus</strong></span> <span class='ocrx_word' id='word_1_479' title='bbox 1328 3338 1558 3383; x_wconf 91' lang='lat' dir='ltr'><strong>tentaret</strong></span> <span class='ocrx_word' id='word_1_480' title='bbox 1583 3339 1638 3383; x_wconf 95' lang='lat' dir='ltr'><strong>ut</strong></span> <span class='ocrx_word' id='word_1_481' title='bbox 1664 3329 1962 3396; x_wconf 86' lang='lat' dir='ltr'><strong>hominem,</strong></span> 
     </span>
    </p>
   </div>
   <div class='ocr_carea' id='block_1_64' title="bbox 355 3418 1966 3492">
    <p class='ocr_par' dir='ltr' id='par_1_64' title="bbox 355 3418 1966 3492">
     <span class='ocr_line' id='line_1_64' title="bbox 355 3418 1966 3492; baseline 0.004 -19"><span class='ocrx_word' id='word_1_482' title='bbox 355 3434 425 3475; x_wconf 93' lang='lat' dir='ltr'><strong>ne</strong></span> <span class='ocrx_word' id='word_1_483' title='bbox 462 3418 674 3490; x_wconf 76' lang='lat'><strong>1339</strong></span> <span class='ocrx_word' id='word_1_484' title='bbox 701 3420 1056 3488; x_wconf 89' lang='lat' dir='ltr'><strong>impediretur</strong></span> <span class='ocrx_word' id='word_1_485' title='bbox 1098 3421 1425 3492; x_wconf 91' lang='lat' dir='ltr'><strong>triumphus.</strong></span> <span class='ocrx_word' id='word_1_486' title='bbox 1460 3422 1631 3478; x_wconf 89' lang='lat' dir='ltr'><strong>Simul</strong></span> <span class='ocrx_word' id='word_1_487' title='bbox 1660 3422 1793 3478; x_wconf 90' lang='lat' dir='ltr'><strong>illud</strong></span> <span class='ocrx_word' id='word_1_488' title='bbox 1816 3423 1966 3479; x_wconf 90' lang='lat' dir='ltr'><strong>disce</strong></span> 
     </span>
    </p>
   </div>
   <div class='ocr_carea' id='block_1_65' title="bbox 352 3512 1967 3584">
    <p class='ocr_par' dir='ltr' id='par_1_65' title="bbox 352 3512 1967 3584">
     <span class='ocr_line' id='line_1_65' title="bbox 352 3512 1967 3584; baseline 0.003 -17"><span class='ocrx_word' id='word_1_489' title='bbox 352 3514 708 3583; x_wconf 84' lang='lat' dir='ltr'><strong>mysterium,</strong></span> <span class='ocrx_word' id='word_1_490' title='bbox 740 3514 912 3566; x_wconf 90' lang='lat' dir='ltr'><strong>sancti</strong></span> <span class='ocrx_word' id='word_1_491' title='bbox 946 3512 1182 3583; x_wconf 89' lang='lat' dir='ltr'><strong>Spiritus</strong></span> <span class='ocrx_word' id='word_1_492' title='bbox 1228 3528 1365 3584; x_wconf 90' lang='lat' dir='ltr'><strong>opus</strong></span> <span class='ocrx_word' id='word_1_493' title='bbox 1395 3515 1496 3570; x_wconf 91' lang='lat' dir='ltr'><strong>hoc</strong></span> <span class='ocrx_word' id='word_1_494' title='bbox 1524 3516 1768 3572; x_wconf 90' lang='lat' dir='ltr'><strong>divinum</strong></span> <span class='ocrx_word' id='word_1_495' title='bbox 1799 3516 1967 3572; x_wconf 84' lang='lat' dir='ltr'><strong>fuisse</strong></span> 
     </span>
    </p>
   </div>
   <div class='ocr_carea' id='block_1_66' title="bbox 349 3603 1963 3673">
    <p class='ocr_par' dir='ltr' id='par_1_66' title="bbox 349 3603 1963 3673">
     <span class='ocr_line' id='line_1_66' title="bbox 349 3603 1963 3673; baseline 0.002 -14"><span class='ocrx_word' id='word_1_496' title='bbox 349 3603 616 3673; x_wconf 86' lang='lat' dir='ltr'><strong>judicium</strong></span> <span class='ocrx_word' id='word_1_497' title='bbox 639 3620 653 3669; x_wconf 88' lang='lat'><strong>;</strong></span> <span class='ocrx_word' id='word_1_498' title='bbox 681 3613 741 3658; x_wconf 91' lang='lat' dir='ltr'><strong>ut</strong></span> <span class='ocrx_word' id='word_1_499' title='bbox 768 3604 1097 3660; x_wconf 86' lang='lat' dir='ltr'><strong>tendandum</strong></span> <span class='ocrx_word' id='word_1_500' title='bbox 1128 3620 1186 3661; x_wconf 92' lang='lat' dir='ltr'><strong>se</strong></span> <span class='ocrx_word' id='word_1_501' title='bbox 1209 3606 1426 3662; x_wconf 86' lang='lat' dir='ltr'><strong>diabolo</strong></span> <span class='ocrx_word' id='word_1_502' title='bbox 1454 3608 1700 3664; x_wconf 87' lang='lat' dir='ltr'><strong>Christtts</strong></span> <span class='ocrx_word' id='word_1_503' title='bbox 1722 3608 1963 3665; x_wconf 79' lang='lat' dir='ltr'><strong>oll’erret.</strong></span> 
     </span>
    </p>
   </div>
   <div class='ocr_carea' id='block_1_67' title="bbox 429 3693 1969 3766">
    <p class='ocr_par' dir='ltr' id='par_1_67' title="bbox 429 3693 1969 3766">
     <span class='ocr_line' id='line_1_67' title="bbox 429 3693 1969 3766; baseline 0.003 -16"><span class='ocrx_word' id='word_1_504' title='bbox 429 3694 610 3766; x_wconf 81' lang='lat' dir='ltr'><strong>(Vers.</strong></span> <span class='ocrx_word' id='word_1_505' title='bbox 657 3694 743 3765; x_wconf 78' lang='lat'><strong>5.)</strong></span> <span class='ocrx_word' id='word_1_506' title='bbox 774 3693 922 3750; x_wconf 71' lang='lat' dir='ltr'><strong>Dixit</strong></span> <span class='ocrx_word' id='word_1_507' title='bbox 956 3702 1137 3750; x_wconf 81' lang='lat' dir='ltr'><strong>autem</strong></span> <span class='ocrx_word' id='word_1_508' title='bbox 1157 3698 1236 3752; x_wconf 85' lang='lat' dir='ltr'><strong>illi</strong></span> <span class='ocrx_word' id='word_1_509' title='bbox 1278 3698 1554 3754; x_wconf 84' lang='lat' dir='ltr'><strong>diabolus:</strong></span> <span class='ocrx_word' id='word_1_510' title='bbox 1584 3699 1644 3755; x_wconf 86' lang='lat' dir='ltr'><strong>Si</strong></span> <span class='ocrx_word' id='word_1_511' title='bbox 1673 3700 1842 3756; x_wconf 81' lang='lat' dir='ltr'><strong>Filius</strong></span> <span class='ocrx_word' id='word_1_512' title='bbox 1871 3700 1969 3755; x_wconf 93' lang='lat' dir='ltr'><strong>Dei</strong></span> 
     </span>
    </p>
   </div>
   <div class='ocr_carea' id='block_1_68' title="bbox 356 3787 1278 3860">
    <p class='ocr_par' dir='ltr' id='par_1_68' title="bbox 356 3787 1278 3860">
     <span class='ocr_line' id='line_1_68' title="bbox 356 3787 1278 3860; baseline 0.003 -19"><span class='ocrx_word' id='word_1_513' title='bbox 356 3803 429 3853; x_wconf 85' lang='lat' dir='ltr'><strong>es,</strong></span> <span class='ocrx_word' id='word_1_514' title='bbox 466 3787 550 3839; x_wconf 84' lang='lat' dir='ltr'><strong>dic</strong></span> <span class='ocrx_word' id='word_1_515' title='bbox 576 3787 744 3855; x_wconf 80' lang='lat' dir='ltr'><strong>lapidi</strong></span> <span class='ocrx_word' id='word_1_516' title='bbox 766 3788 888 3842; x_wconf 86' lang='lat' dir='ltr'><strong>huic</strong></span> <span class='ocrx_word' id='word_1_517' title='bbox 906 3800 961 3843; x_wconf 88' lang='lat' dir='ltr'><strong>ut</strong></span> <span class='ocrx_word' id='word_1_518' title='bbox 987 3790 1137 3860; x_wconf 84' lang='lat' dir='ltr'><strong>panis</strong></span> <span class='ocrx_word' id='word_1_519' title='bbox 1165 3792 1278 3859; x_wconf 81' lang='lat' dir='ltr'><strong>ﬁat.</strong></span> 
     </span>
    </p>
   </div>
   <div class='ocr_carea' id='block_1_69' title="bbox 402 3878 1971 3958">
    <p class='ocr_par' dir='ltr' id='par_1_69' title="bbox 402 3878 1971 3958">
     <span class='ocr_line' id='line_1_69' title="bbox 402 3878 1971 3958; baseline 0.006 -25"><span class='ocrx_word' id='word_1_520' title='bbox 402 3879 522 3933; x_wconf 74' lang='lat'><strong>&#39;17.</strong></span> <span class='ocrx_word' id='word_1_521' title='bbox 559 3878 685 3933; x_wconf 88' lang='lat' dir='ltr'><strong>Tria</strong></span> <span class='ocrx_word' id='word_1_522' title='bbox 718 3882 991 3951; x_wconf 86' lang='lat' dir='ltr'><strong>praecipue</strong></span> <span class='ocrx_word' id='word_1_523' title='bbox 1017 3882 1279 3939; x_wconf 90' lang='lat' dir='ltr'><strong>docemur</strong></span> <span class='ocrx_word' id='word_1_524' title='bbox 1300 3900 1423 3941; x_wconf 90' lang='lat' dir='ltr'><strong>esse</strong></span> <span class='ocrx_word' id='word_1_525' title='bbox 1455 3886 1560 3941; x_wconf 88' lang='lat' dir='ltr'><strong>tela</strong></span> <span class='ocrx_word' id='word_1_526' title='bbox 1593 3886 1819 3953; x_wconf 89' lang='lat' dir='ltr'><strong>diaboli,</strong></span> <span class='ocrx_word' id='word_1_527' title='bbox 1851 3889 1971 3958; x_wconf 87' lang='lat' dir='ltr'><strong>qui-</strong></span> 
     </span>
    </p>
   </div>
   <div class='ocr_carea' id='block_1_70' title="bbox 357 3970 1971 4038">
    <p class='ocr_par' dir='ltr' id='par_1_70' title="bbox 357 3970 1971 4038">
     <span class='ocr_line' id='line_1_70' title="bbox 357 3970 1971 4038; baseline 0.007 -12"><span class='ocrx_word' id='word_1_528' title='bbox 357 3970 463 4026; x_wconf 88' lang='lat' dir='ltr'><strong>bus</strong></span> <span class='ocrx_word' id='word_1_529' title='bbox 492 3971 560 4026; x_wconf 89' lang='lat' dir='ltr'><strong>ad</strong></span> <span class='ocrx_word' id='word_1_530' title='bbox 602 3974 1109 4030; x_wconf 73' lang='lat' dir='ltr'><strong>comninerandam</strong></span> <span class='ocrx_word' id='word_1_531' title='bbox 1152 3987 1388 4033; x_wconf 90' lang='lat' dir='ltr'><strong>mentem</strong></span> <span class='ocrx_word' id='word_1_532' title='bbox 1419 3979 1659 4035; x_wconf 90' lang='lat' dir='ltr'><strong>hominis</strong></span> <span class='ocrx_word' id='word_1_533' title='bbox 1688 3980 1971 4038; x_wconf 88' lang='lat' dir='ltr'><strong>consuevit</strong></span> 
     </span>
    </p>
   </div>
   <div class='ocr_carea' id='block_1_71' title="bbox 359 4066 1971 4140">
    <p class='ocr_par' dir='ltr' id='par_1_71' title="bbox 359 4066 1971 4140">
     <span class='ocr_line' id='line_1_71' title="bbox 359 4066 1971 4140; baseline 0.006 -19"><span class='ocrx_word' id='word_1_534' title='bbox 359 4066 593 4121; x_wconf 85' lang='lat' dir='ltr'><strong>armari:</strong></span> <span class='ocrx_word' id='word_1_535' title='bbox 624 4067 765 4136; x_wconf 73' lang='lat' dir='ltr'><strong>gula:</strong></span> <span class='ocrx_word' id='word_1_536' title='bbox 792 4083 981 4133; x_wconf 88' lang='lat' dir='ltr'><strong>unum,</strong></span> <span class='ocrx_word' id='word_1_537' title='bbox 1013 4068 1160 4124; x_wconf 90' lang='lat' dir='ltr'><strong>aliud</strong></span> <span class='ocrx_word' id='word_1_538' title='bbox 1189 4072 1489 4140; x_wconf 69' lang='lat' dir='ltr'><strong>jactantite,</strong></span> <span class='ocrx_word' id='word_1_539' title='bbox 1517 4073 1828 4129; x_wconf 87' lang='lat' dir='ltr'><strong>ambitionis</strong></span> <span class='ocrx_word' id='word_1_540' title='bbox 1855 4083 1971 4129; x_wconf 87' lang='lat' dir='ltr'><strong>ter-</strong></span> 
     </span>
    </p>
   </div>
   <div class='ocr_carea' id='block_1_72' title="bbox 363 4163 1971 4236">
    <p class='ocr_par' dir='ltr' id='par_1_72' title="bbox 363 4163 1971 4236">
     <span class='ocr_line' id='line_1_72' title="bbox 363 4163 1971 4236; baseline 0.005 -19"><span class='ocrx_word' id='word_1_541' title='bbox 363 4163 518 4218; x_wconf 90' lang='lat' dir='ltr'><strong>tium.</strong></span> <span class='ocrx_word' id='word_1_542' title='bbox 548 4164 679 4219; x_wconf 89' lang='lat' dir='ltr'><strong>Inde</strong></span> <span class='ocrx_word' id='word_1_543' title='bbox 701 4173 881 4219; x_wconf 87' lang='lat' dir='ltr'><strong>autem</strong></span> <span class='ocrx_word' id='word_1_544' title='bbox 908 4166 1098 4235; x_wconf 61' lang='lat' dir='ltr'><strong>carpit,</strong></span> <span class='ocrx_word' id='word_1_545' title='bbox 1131 4167 1273 4221; x_wconf 88' lang='lat' dir='ltr'><strong>unde</strong></span> <span class='ocrx_word' id='word_1_546' title='bbox 1297 4167 1409 4236; x_wconf 86' lang='lat' dir='ltr'><strong>jam</strong></span> <span class='ocrx_word' id='word_1_547' title='bbox 1437 4167 1586 4221; x_wconf 91' lang='lat' dir='ltr'><strong>vicit.</strong></span> <span class='ocrx_word' id='word_1_548' title='bbox 1615 4168 1675 4222; x_wconf 86' lang='lat' dir='ltr'><strong>Et</strong></span> <span class='ocrx_word' id='word_1_549' title='bbox 1705 4168 1826 4225; x_wconf 93' lang='lat' dir='ltr'><strong>idco</strong></span> <span class='ocrx_word' id='word_1_550' title='bbox 1846 4170 1971 4225; x_wconf 89' lang='lat' dir='ltr'><strong>inde</strong></span> 
     </span>
    </p>
   </div>
   <div class='ocr_carea' id='block_1_73' title="bbox 360 4257 1969 4328">
    <p class='ocr_par' dir='ltr' id='par_1_73' title="bbox 360 4257 1969 4328">
     <span class='ocr_line' id='line_1_73' title="bbox 360 4257 1969 4328; baseline 0.003 -15"><span class='ocrx_word' id='word_1_551' title='bbox 360 4258 565 4327; x_wconf 89' lang='lat' dir='ltr'><strong>incipio</strong></span> <span class='ocrx_word' id='word_1_552' title='bbox 589 4259 640 4311; x_wconf 92' lang='lat' dir='ltr'><strong>in</strong></span> <span class='ocrx_word' id='word_1_553' title='bbox 667 4257 883 4313; x_wconf 84' lang='lat' dir='ltr'><strong>Christo</strong></span> <span class='ocrx_word' id='word_1_554' title='bbox 904 4261 1143 4326; x_wconf 88' lang='lat' dir='ltr'><strong>vincere,</strong></span> <span class='ocrx_word' id='word_1_555' title='bbox 1177 4260 1320 4315; x_wconf 89' lang='lat' dir='ltr'><strong>unde</strong></span> <span class='ocrx_word' id='word_1_556' title='bbox 1347 4260 1398 4315; x_wconf 93' lang='lat' dir='ltr'><strong>in</strong></span> <span class='ocrx_word' id='word_1_557' title='bbox 1429 4262 1600 4315; x_wconf 83' lang='lat' dir='ltr'><strong>Adam</strong></span> <span class='ocrx_word' id='word_1_558' title='bbox 1628 4262 1805 4318; x_wconf 89' lang='lat' dir='ltr'><strong>victus</strong></span> <span class='ocrx_word' id='word_1_559' title='bbox 1828 4278 1969 4328; x_wconf 91' lang='lat' dir='ltr'><strong>sum;</strong></span> 
     </span>
    </p>
   </div>
   <div class='ocr_carea' id='block_1_74' title="bbox 362 4351 1975 4425">
    <p class='ocr_par' dir='ltr' id='par_1_74' title="bbox 362 4351 1975 4425">
     <span class='ocr_line' id='line_1_74' title="bbox 362 4351 1975 4425; baseline 0.004 -19"><span class='ocrx_word' id='word_1_560' title='bbox 362 4354 407 4406; x_wconf 91' lang='lat' dir='ltr'><strong>si</strong></span> <span class='ocrx_word' id='word_1_561' title='bbox 440 4354 623 4407; x_wconf 86' lang='lat' dir='ltr'><strong>tamen</strong></span> <span class='ocrx_word' id='word_1_562' title='bbox 655 4353 790 4407; x_wconf 90' lang='lat' dir='ltr'><strong>mihi</strong></span> <span class='ocrx_word' id='word_1_563' title='bbox 819 4351 1068 4409; x_wconf 84' lang='lat' dir='ltr'><strong>Christus</strong></span> <span class='ocrx_word' id='word_1_564' title='bbox 1105 4356 1281 4425; x_wconf 88' lang='lat' dir='ltr'><strong>imago</strong></span> <span class='ocrx_word' id='word_1_565' title='bbox 1311 4354 1515 4423; x_wconf 87' lang='lat' dir='ltr'><strong>Patris,</strong></span> <span class='ocrx_word' id='word_1_566' title='bbox 1544 4357 1758 4413; x_wconf 89' lang='lat' dir='ltr'><strong>virtutis</strong></span> <span class='ocrx_word' id='word_1_567' title='bbox 1789 4374 1975 4413; x_wconf 83' lang='lat' dir='ltr'><strong>exem-</strong></span> 
     </span>
    </p>
   </div>
   <div class='ocr_carea' id='block_1_75' title="bbox 363 4438 1975 4517">
    <p class='ocr_par' dir='ltr' id='par_1_75' title="bbox 363 4438 1975 4517">
     <span class='ocr_line' id='line_1_75' title="bbox 363 4438 1975 4517; baseline 0.004 -18"><span class='ocrx_word' id='word_1_568' title='bbox 363 4447 512 4515; x_wconf 90' lang='lat' dir='ltr'><strong>plum</strong></span> <span class='ocrx_word' id='word_1_569' title='bbox 535 4448 630 4501; x_wconf 86' lang='lat' dir='ltr'><strong>sit.</strong></span> <span class='ocrx_word' id='word_1_570' title='bbox 650 4438 935 4501; x_wconf 84' lang='lat' dir='ltr'><strong>Discamus</strong></span> <span class='ocrx_word' id='word_1_571' title='bbox 966 4448 1126 4516; x_wconf 89' lang='lat' dir='ltr'><strong>igitur</strong></span> <span class='ocrx_word' id='word_1_572' title='bbox 1152 4463 1347 4503; x_wconf 87' lang='lat' dir='ltr'><strong>cavere</strong></span> <span class='ocrx_word' id='word_1_573' title='bbox 1375 4449 1580 4517; x_wconf 81' lang='lat' dir='ltr'><strong>gulam,</strong></span> <span class='ocrx_word' id='word_1_574' title='bbox 1599 4464 1794 4507; x_wconf 89' lang='lat' dir='ltr'><strong>cavere</strong></span> <span class='ocrx_word' id='word_1_575' title='bbox 1817 4451 1975 4506; x_wconf 82' lang='lat' dir='ltr'><strong>luxu-</strong></span> 
     </span>
    </p>
   </div>
   <div class='ocr_carea' id='block_1_76' title="bbox 366 4538 1971 4612">
    <p class='ocr_par' dir='ltr' id='par_1_76' title="bbox 366 4538 1971 4612">
     <span class='ocr_line' id='line_1_76' title="bbox 366 4538 1971 4612; baseline 0.002 -19"><span class='ocrx_word' id='word_1_576' title='bbox 366 4539 534 4606; x_wconf 86' lang='lat' dir='ltr'><strong>riam,</strong></span> <span class='ocrx_word' id='word_1_577' title='bbox 566 4540 690 4609; x_wconf 90' lang='lat' dir='ltr'><strong>quia</strong></span> <span class='ocrx_word' id='word_1_578' title='bbox 739 4538 903 4593; x_wconf 89' lang='lat' dir='ltr'><strong>telum</strong></span> <span class='ocrx_word' id='word_1_579' title='bbox 945 4549 1027 4595; x_wconf 90' lang='lat' dir='ltr'><strong>est</strong></span> <span class='ocrx_word' id='word_1_580' title='bbox 1053 4538 1274 4594; x_wconf 90' lang='lat' dir='ltr'><strong>diaboli.</strong></span> <span class='ocrx_word' id='word_1_581' title='bbox 1305 4540 1555 4612; x_wconf 87' lang='lat' dir='ltr'><strong>Laqueus</strong></span> <span class='ocrx_word' id='word_1_582' title='bbox 1581 4541 1820 4596; x_wconf 89' lang='lat' dir='ltr'><strong>tenditur</strong></span> <span class='ocrx_word' id='word_1_583' title='bbox 1849 4557 1971 4597; x_wconf 91' lang='lat' dir='ltr'><strong>cum</strong></span> 
     </span>
    </p>
   </div>
   <div class='ocr_carea' id='block_1_77' title="bbox 2070 3325 3678 3394">
    <p class='ocr_par' dir='ltr' id='par_1_77' title="bbox 2070 3325 3678 3394">
     <span class='ocr_line' id='line_1_77' title="bbox 2070 3325 3678 3394; baseline -0.006 -8"><span class='ocrx_word' id='word_1_584' title='bbox 2070 3330 2268 3386; x_wconf 88' lang='lat' dir='ltr'><strong>minem</strong></span> <span class='ocrx_word' id='word_1_585' title='bbox 2285 3344 2410 3386; x_wconf 91' lang='lat' dir='ltr'><strong>esse</strong></span> <span class='ocrx_word' id='word_1_586' title='bbox 2423 3336 2713 3392; x_wconf 85' lang='lat' dir='ltr'><strong>tentatum,</strong></span> <span class='ocrx_word' id='word_1_587' title='bbox 2734 3326 2836 3383; x_wconf 90' lang='lat' dir='ltr'><strong>hoc</strong></span> <span class='ocrx_word' id='word_1_588' title='bbox 2856 3333 2963 3391; x_wconf 91' lang='lat' dir='ltr'><strong>est,</strong></span> <span class='ocrx_word' id='word_1_589' title='bbox 2987 3325 3391 3394; x_wconf 86' lang='lat' dir='ltr'><strong>susceptionem</strong></span> <span class='ocrx_word' id='word_1_590' title='bbox 3410 3333 3678 3391; x_wconf 82' lang='lat' dir='ltr'><strong>nostram,</strong></span> 
     </span>
    </p>
   </div>
   <div class='ocr_carea' id='block_1_78' title="bbox 2070 3424 2755 3481">
    <p class='ocr_par' dir='ltr' id='par_1_78' title="bbox 2070 3424 2755 3481">
     <span class='ocr_line' id='line_1_78' title="bbox 2070 3424 2755 3481; baseline -0.007 -1"><span class='ocrx_word' id='word_1_591' title='bbox 2070 3442 2178 3481; x_wconf 92' lang='lat' dir='ltr'><strong>non</strong></span> <span class='ocrx_word' id='word_1_592' title='bbox 2210 3441 2364 3479; x_wconf 89' lang='lat' dir='ltr'><strong>suam</strong></span> <span class='ocrx_word' id='word_1_593' title='bbox 2392 3424 2755 3479; x_wconf 87' lang='lat' dir='ltr'><strong>divinitatem.</strong></span> 
     </span>
    </p>
   </div>
   <div class='ocr_carea' id='block_1_79' title="bbox 2148 3511 3673 3590">
    <p class='ocr_par' dir='ltr' id='par_1_79' title="bbox 2148 3511 3673 3590">
     <span class='ocr_line' id='line_1_79' title="bbox 2148 3511 3673 3590; baseline -0.01 -12"><span class='ocrx_word' id='word_1_594' title='bbox 2148 3516 2361 3590; x_wconf 62' lang='lat'><strong>1340</strong></span> <span class='ocrx_word' id='word_1_595' title='bbox 2401 3517 2493 3571; x_wconf 67' lang='lat'><strong>21.</strong></span> <span class='ocrx_word' id='word_1_596' title='bbox 2526 3513 2551 3551; x_wconf 74' lang='grc' dir='ltr'>ἀ</span> <span class='ocrx_word' id='word_1_597' title='bbox 2584 3514 2843 3586; x_wconf 89' lang='lat' dir='ltr'><strong>Sequitur</strong></span> <span class='ocrx_word' id='word_1_598' title='bbox 2879 3511 3162 3584; x_wconf 58' lang='lat' dir='ltr'><strong>iactantiae</strong></span> <span class='ocrx_word' id='word_1_599' title='bbox 3191 3511 3379 3577; x_wconf 89' lang='lat' dir='ltr'><strong>telum,</strong></span> <span class='ocrx_word' id='word_1_600' title='bbox 3413 3526 3522 3582; x_wconf 91' lang='lat' dir='ltr'><strong>quo</strong></span> <span class='ocrx_word' id='word_1_601' title='bbox 3547 3527 3673 3582; x_wconf 85' lang='lat' dir='ltr'><strong>pro-</strong></span> 
     </span>
    </p>
   </div>
   <div class='ocr_carea' id='block_1_80' title="bbox 2070 3603 3679 3680">
    <p class='ocr_par' dir='ltr' id='par_1_80' title="bbox 2070 3603 3679 3680">
     <span class='ocr_line' id='line_1_80' title="bbox 2070 3603 3679 3680; baseline -0.006 -14"><span class='ocrx_word' id='word_1_602' title='bbox 2070 3612 2209 3666; x_wconf 87' lang='lat' dir='ltr'><strong>clive</strong></span> <span class='ocrx_word' id='word_1_603' title='bbox 2247 3608 2617 3680; x_wconf 89' lang='lat' dir='ltr'><strong>delinquitur;</strong></span> <span class='ocrx_word' id='word_1_604' title='bbox 2650 3607 2776 3677; x_wconf 89' lang='lat' dir='ltr'><strong>quia</strong></span> <span class='ocrx_word' id='word_1_605' title='bbox 2807 3605 2939 3661; x_wconf 90' lang='lat' dir='ltr'><strong>dum</strong></span> <span class='ocrx_word' id='word_1_606' title='bbox 2973 3603 3222 3660; x_wconf 90' lang='lat' dir='ltr'><strong>homines</strong></span> <span class='ocrx_word' id='word_1_607' title='bbox 3252 3604 3477 3675; x_wconf 85' lang='lat' dir='ltr'><strong>gloriam</strong></span> <span class='ocrx_word' id='word_1_608' title='bbox 3507 3604 3679 3658; x_wconf 90' lang='lat' dir='ltr'><strong>virtu-</strong></span> 
     </span>
    </p>
   </div>
   <div class='ocr_carea' id='block_1_81' title="bbox 2071 3698 3678 3774">
    <p class='ocr_par' dir='ltr' id='par_1_81' title="bbox 2071 3698 3678 3774">
     <span class='ocr_line' id='line_1_81' title="bbox 2071 3698 3678 3774; baseline -0.005 -15"><span class='ocrx_word' id='word_1_609' title='bbox 2071 3708 2142 3759; x_wconf 88' lang='lat' dir='ltr'><strong>tis</strong></span> <span class='ocrx_word' id='word_1_610' title='bbox 2182 3720 2296 3758; x_wconf 87' lang='lat' dir='ltr'><strong>suae</strong></span> <span class='ocrx_word' id='word_1_611' title='bbox 2321 3703 2529 3774; x_wconf 87' lang='lat' dir='ltr'><strong>jactare</strong></span> <span class='ocrx_word' id='word_1_612' title='bbox 2572 3700 2913 3766; x_wconf 90' lang='lat' dir='ltr'><strong>desiderant,</strong></span> <span class='ocrx_word' id='word_1_613' title='bbox 2942 3699 3011 3754; x_wconf 91' lang='lat' dir='ltr'><strong>de</strong></span> <span class='ocrx_word' id='word_1_614' title='bbox 3040 3698 3164 3753; x_wconf 92' lang='lat' dir='ltr'><strong>loco</strong></span> <span class='ocrx_word' id='word_1_615' title='bbox 3199 3698 3520 3753; x_wconf 89' lang='lat' dir='ltr'><strong>meritorum</strong></span> <span class='ocrx_word' id='word_1_616' title='bbox 3550 3710 3678 3752; x_wconf 87' lang='lat' dir='ltr'><strong>suo-</strong></span> 
     </span>
    </p>
   </div>
   <div class='ocr_carea' id='block_1_82' title="bbox 2071 3792 2851 3853">
    <p class='ocr_par' dir='ltr' id='par_1_82' title="bbox 2071 3792 2851 3853">
     <span class='ocr_line' id='line_1_82' title="bbox 2071 3792 2851 3853; baseline -0.009 0"><span class='ocrx_word' id='word_1_617' title='bbox 2071 3813 2192 3853; x_wconf 87' lang='lat' dir='ltr'><strong>rum</strong></span> <span class='ocrx_word' id='word_1_618' title='bbox 2222 3805 2274 3850; x_wconf 91' lang='lat' dir='ltr'><strong>et</strong></span> <span class='ocrx_word' id='word_1_619' title='bbox 2302 3797 2536 3851; x_wconf 88' lang='lat' dir='ltr'><strong>statione</strong></span> <span class='ocrx_word' id='word_1_620' title='bbox 2561 3792 2851 3849; x_wconf 89' lang='lat' dir='ltr'><strong>decedunt.</strong></span> 
     </span>
    </p>
   </div>
   <div class='ocr_carea' id='block_1_83' title="bbox 2148 3879 3680 3960">
    <p class='ocr_par' dir='ltr' id='par_1_83' title="bbox 2148 3879 3680 3960">
     <span class='ocr_line' id='line_1_83' title="bbox 2148 3879 3680 3960; baseline -0.003 -19"><span class='ocrx_word' id='word_1_621' title='bbox 2148 3888 2327 3960; x_wconf 85' lang='lat' dir='ltr'><strong>(Vers.</strong></span> <span class='ocrx_word' id='word_1_622' title='bbox 2360 3886 2439 3958; x_wconf 83' lang='lat'><strong>9.)</strong></span> <span class='ocrx_word' id='word_1_623' title='bbox 2471 3886 2538 3940; x_wconf 85' lang='lat' dir='ltr'><strong>Et</strong></span> <span class='ocrx_word' id='word_1_624' title='bbox 2568 3886 2718 3939; x_wconf 78' lang='lat' dir='ltr'><strong>duxit</strong></span> <span class='ocrx_word' id='word_1_625' title='bbox 2744 3884 2917 3949; x_wconf 82' lang='lat' dir='ltr'><strong>illum,</strong></span> <span class='ocrx_word' id='word_1_626' title='bbox 2943 3881 3138 3953; x_wconf 89' lang='lat' dir='ltr'><strong>inquit,</strong></span> <span class='ocrx_word' id='word_1_627' title='bbox 3161 3881 3215 3935; x_wconf 84' lang='lat' dir='ltr'><strong>in</strong></span> <span class='ocrx_word' id='word_1_628' title='bbox 3250 3879 3602 3949; x_wconf 76' lang='lat' dir='ltr'><strong>Hierusalem,</strong></span> <span class='ocrx_word' id='word_1_629' title='bbox 3632 3891 3680 3936; x_wconf 85' lang='lat' dir='ltr'><strong>et</strong></span> 
     </span>
    </p>
   </div>
   <div class='ocr_carea' id='block_1_84' title="bbox 2073 3976 3047 4050">
    <p class='ocr_par' dir='ltr' id='par_1_84' title="bbox 2073 3976 3047 4050">
     <span class='ocr_line' id='line_1_84' title="bbox 2073 3976 3047 4050; baseline -0.006 -14"><span class='ocrx_word' id='word_1_630' title='bbox 2073 3983 2247 4036; x_wconf 88' lang='lat' dir='ltr'><strong>statuit</strong></span> <span class='ocrx_word' id='word_1_631' title='bbox 2279 3997 2398 4033; x_wconf 84' lang='lat' dir='ltr'><strong>eum</strong></span> <span class='ocrx_word' id='word_1_632' title='bbox 2422 3995 2583 4050; x_wconf 87' lang='lat' dir='ltr'><strong>supra</strong></span> <span class='ocrx_word' id='word_1_633' title='bbox 2609 3978 2823 4046; x_wconf 86' lang='lat' dir='ltr'><strong>pinnam</strong></span> <span class='ocrx_word' id='word_1_634' title='bbox 2849 3976 3047 4045; x_wconf 85' lang='lat' dir='ltr'><strong>templi.</strong></span> 
     </span>
    </p>
   </div>
   <div class='ocr_carea' id='block_1_85' title="bbox 2144 4066 3679 4139">
    <p class='ocr_par' dir='ltr' id='par_1_85' title="bbox 2144 4066 3679 4139">
     <span class='ocr_line' id='line_1_85' title="bbox 2144 4066 3679 4139; baseline -0.003 -12"><span class='ocrx_word' id='word_1_635' title='bbox 2144 4073 2234 4127; x_wconf 69' lang='lat'><strong>2‘2.</strong></span> <span class='ocrx_word' id='word_1_636' title='bbox 2267 4072 2343 4127; x_wconf 83' lang='lat' dir='ltr'><strong>lta</strong></span> <span class='ocrx_word' id='word_1_637' title='bbox 2382 4082 2467 4127; x_wconf 88' lang='lat' dir='ltr'><strong>est</strong></span> <span class='ocrx_word' id='word_1_638' title='bbox 2509 4072 2653 4125; x_wconf 89' lang='lat' dir='ltr'><strong>enim</strong></span> <span class='ocrx_word' id='word_1_639' title='bbox 2687 4068 2969 4139; x_wconf 79' lang='lat' dir='ltr'><strong>jactantia,</strong></span> <span class='ocrx_word' id='word_1_640' title='bbox 3004 4080 3061 4121; x_wconf 91' lang='lat' dir='ltr'><strong>ut</strong></span> <span class='ocrx_word' id='word_1_641' title='bbox 3091 4066 3219 4122; x_wconf 92' lang='lat' dir='ltr'><strong>dum</strong></span> <span class='ocrx_word' id='word_1_642' title='bbox 3246 4081 3307 4121; x_wconf 88' lang='lat' dir='ltr'><strong>se</strong></span> <span class='ocrx_word' id='word_1_643' title='bbox 3334 4075 3485 4136; x_wconf 87' lang='lat' dir='ltr'><strong>putat</strong></span> <span class='ocrx_word' id='word_1_644' title='bbox 3512 4081 3679 4123; x_wconf 89' lang='lat' dir='ltr'><strong>unus-</strong></span> 
     </span>
    </p>
   </div>
   <div class='ocr_carea' id='block_1_86' title="bbox 2075 4164 3682 4240">
    <p class='ocr_par' dir='ltr' id='par_1_86' title="bbox 2075 4164 3682 4240">
     <span class='ocr_line' id='line_1_86' title="bbox 2075 4164 3682 4240; baseline -0.003 -15"><span class='ocrx_word' id='word_1_645' title='bbox 2075 4168 2303 4240; x_wconf 89' lang='lat' dir='ltr'><strong>quisque</strong></span> <span class='ocrx_word' id='word_1_646' title='bbox 2339 4167 2406 4223; x_wconf 89' lang='lat' dir='ltr'><strong>ad</strong></span> <span class='ocrx_word' id='word_1_647' title='bbox 2452 4168 2646 4223; x_wconf 88' lang='lat' dir='ltr'><strong>altiora</strong></span> <span class='ocrx_word' id='word_1_648' title='bbox 2677 4166 3070 4227; x_wconf 88' lang='lat' dir='ltr'><strong>conscendere,</strong></span> <span class='ocrx_word' id='word_1_649' title='bbox 3099 4164 3413 4220; x_wconf 91' lang='lat' dir='ltr'><strong>sublimium</strong></span> <span class='ocrx_word' id='word_1_650' title='bbox 3451 4179 3682 4237; x_wconf 85' lang='lat' dir='ltr'><strong>usurpa-</strong></span> 
     </span>
    </p>
   </div>
   <div class='ocr_carea' id='block_1_87' title="bbox 2077 4259 3207 4316">
    <p class='ocr_par' dir='ltr' id='par_1_87' title="bbox 2077 4259 3207 4316">
     <span class='ocr_line' id='line_1_87' title="bbox 2077 4259 3207 4316; baseline -0.004 0"><span class='ocrx_word' id='word_1_651' title='bbox 2077 4262 2223 4316; x_wconf 91' lang='lat' dir='ltr'><strong>tione</strong></span> <span class='ocrx_word' id='word_1_652' title='bbox 2260 4260 2526 4316; x_wconf 79' lang='lat' dir='ltr'><strong>l‘acturum</strong></span> <span class='ocrx_word' id='word_1_653' title='bbox 2558 4265 2623 4314; x_wconf 92' lang='lat' dir='ltr'><strong>ad</strong></span> <span class='ocrx_word' id='word_1_654' title='bbox 2658 4259 2909 4314; x_wconf 81' lang='lat' dir='ltr'><strong>inferiora</strong></span> <span class='ocrx_word' id='word_1_655' title='bbox 2940 4259 3207 4314; x_wconf 89' lang='lat' dir='ltr'><strong>trudatur.</strong></span> 
     </span>
    </p>
   </div>
   <div class='ocr_carea' id='block_1_88' title="bbox 2150 4349 3583 4415">
    <p class='ocr_par' dir='ltr' id='par_1_88' title="bbox 2150 4349 3583 4415">
     <span class='ocr_line' id='line_1_88' title="bbox 2150 4349 3583 4415; baseline -0.001 -8"><span class='ocrx_word' id='word_1_656' title='bbox 2150 4352 2219 4407; x_wconf 84' lang='lat' dir='ltr'><strong>Et</strong></span> <span class='ocrx_word' id='word_1_657' title='bbox 2252 4353 2382 4408; x_wconf 74' lang='lat' dir='ltr'><strong>dixit</strong></span> <span class='ocrx_word' id='word_1_658' title='bbox 2406 4354 2487 4407; x_wconf 83' lang='lat' dir='ltr'><strong>illi</strong></span> <span class='ocrx_word' id='word_1_659' title='bbox 2516 4370 2533 4407; x_wconf 91' lang='lat'><strong><em>:</em></strong></span> <span class='ocrx_word' id='word_1_660' title='bbox 2564 4352 2625 4407; x_wconf 87' lang='lat' dir='ltr'><strong>Si</strong></span> <span class='ocrx_word' id='word_1_661' title='bbox 2660 4351 2830 4405; x_wconf 82' lang='lat' dir='ltr'><strong>Filius</strong></span> <span class='ocrx_word' id='word_1_662' title='bbox 2851 4349 2950 4405; x_wconf 76' lang='lat' dir='ltr'><strong>Dei</strong></span> <span class='ocrx_word' id='word_1_663' title='bbox 2978 4367 3052 4415; x_wconf 81' lang='lat' dir='ltr'><strong>es,</strong></span> <span class='ocrx_word' id='word_1_664' title='bbox 3080 4352 3223 4405; x_wconf 87' lang='lat' dir='ltr'><strong>mitte</strong></span> <span class='ocrx_word' id='word_1_665' title='bbox 3249 4360 3297 4405; x_wconf 88' lang='lat' dir='ltr'><strong>te</strong></span> <span class='ocrx_word' id='word_1_666' title='bbox 3319 4351 3583 4406; x_wconf 83' lang='lat' dir='ltr'><strong>deorsum.</strong></span> 
     </span>
    </p>
   </div>
   <div class='ocr_carea' id='block_1_89' title="bbox 2148 4445 3682 4516">
    <p class='ocr_par' dir='ltr' id='par_1_89' title="bbox 2148 4445 3682 4516">
     <span class='ocr_line' id='line_1_89' title="bbox 2148 4445 3682 4516; baseline 0.001 -14"><span class='ocrx_word' id='word_1_667' title='bbox 2148 4448 2239 4504; x_wconf 76' lang='grc'><strong>25.</strong></span> <span class='ocrx_word' id='word_1_668' title='bbox 2287 4446 2427 4503; x_wconf 78' lang='lat' dir='ltr'><strong>Vere</strong></span> <span class='ocrx_word' id='word_1_669' title='bbox 2456 4446 2723 4502; x_wconf 84' lang='lat' dir='ltr'><strong>diabolica</strong></span> <span class='ocrx_word' id='word_1_670' title='bbox 2766 4462 2893 4511; x_wconf 83' lang='lat' dir='ltr'><strong>vox,</strong></span> <span class='ocrx_word' id='word_1_671' title='bbox 2926 4462 3047 4516; x_wconf 73' lang='lat' dir='ltr'><strong>qua:</strong></span> <span class='ocrx_word' id='word_1_672' title='bbox 3078 4454 3316 4500; x_wconf 87' lang='lat' dir='ltr'><strong>tuentem</strong></span> <span class='ocrx_word' id='word_1_673' title='bbox 3349 4445 3587 4500; x_wconf 88' lang='lat' dir='ltr'><strong>hominis</strong></span> <span class='ocrx_word' id='word_1_674' title='bbox 3611 4446 3682 4503; x_wconf 87' lang='lat' dir='ltr'><strong>de</strong></span> 
     </span>
    </p>
   </div>
   <div class='ocr_carea' id='block_1_90' title="bbox 2079 4538 3681 4611">
    <p class='ocr_par' dir='ltr' id='par_1_90' title="bbox 2079 4538 3681 4611">
     <span class='ocr_line' id='line_1_90' title="bbox 2079 4538 3681 4611; baseline -0.001 -16"><span class='ocrx_word' id='word_1_675' title='bbox 2079 4541 2250 4611; x_wconf 84' lang='lat' dir='ltr'><strong>gradu</strong></span> <span class='ocrx_word' id='word_1_676' title='bbox 2280 4541 2475 4595; x_wconf 90' lang='lat' dir='ltr'><strong>altiore</strong></span> <span class='ocrx_word' id='word_1_677' title='bbox 2509 4540 2825 4593; x_wconf 88' lang='lat' dir='ltr'><strong>meritorum</strong></span> <span class='ocrx_word' id='word_1_678' title='bbox 2850 4540 3189 4609; x_wconf 72' lang='lat' dir='ltr'><strong>prmcipitare</strong></span> <span class='ocrx_word' id='word_1_679' title='bbox 3209 4538 3509 4594; x_wconf 89' lang='lat' dir='ltr'><strong>contendit.</strong></span> <span class='ocrx_word' id='word_1_680' title='bbox 3539 4539 3681 4607; x_wconf 85' lang='lat' dir='ltr'><strong>Quid</strong></span> 
     </span>
    </p>
   </div>
   <div class='ocr_carea' id='block_1_91' title="bbox 368 4631 3685 4711">
    <p class='ocr_par' dir='ltr' id='par_1_91' title="bbox 368 4631 3685 4711">
     <span class='ocr_line' id='line_1_91' title="bbox 368 4631 3685 4711; baseline 0.001 -25"><span class='ocrx_word' id='word_1_681' title='bbox 368 4646 555 4687; x_wconf 87' lang='lat' dir='ltr'><strong>mensa</strong></span> <span class='ocrx_word' id='word_1_682' title='bbox 588 4632 787 4700; x_wconf 81' lang='lat' dir='ltr'><strong>regalis</strong></span> <span class='ocrx_word' id='word_1_683' title='bbox 810 4631 1050 4689; x_wconf 90' lang='lat' dir='ltr'><strong>convivii</strong></span> <span class='ocrx_word' id='word_1_684' title='bbox 1087 4644 1437 4703; x_wconf 75' lang='lat' dir='ltr'><strong>pra-paratur,</strong></span> <span class='ocrx_word' id='word_1_685' title='bbox 1462 4650 1582 4705; x_wconf 66' lang='lat' dir='ltr'><strong>quae</strong></span> <span class='ocrx_word' id='word_1_686' title='bbox 1609 4637 1969 4692; x_wconf 89' lang='lat' dir='ltr'><strong>constantiam</strong></span> <span class='ocrx_word' id='word_1_687' title='bbox 1998 4648 2050 4711; x_wconf 76' lang='grc' dir='ltr'>ι)</span> <span class='ocrx_word' id='word_1_688' title='bbox 2076 4636 2220 4691; x_wconf 89' lang='lat' dir='ltr'><strong>enim</strong></span> <span class='ocrx_word' id='word_1_689' title='bbox 2247 4644 2352 4687; x_wconf 92' lang='lat' dir='ltr'><strong>tam</strong></span> <span class='ocrx_word' id='word_1_690' title='bbox 2386 4633 2664 4702; x_wconf 88' lang='lat' dir='ltr'><strong>pr0prium</strong></span> <span class='ocrx_word' id='word_1_691' title='bbox 2688 4632 2945 4698; x_wconf 88' lang='lat' dir='ltr'><strong>diabolo,</strong></span> <span class='ocrx_word' id='word_1_692' title='bbox 2976 4647 3137 4702; x_wconf 87' lang='lat' dir='ltr'><strong>quam</strong></span> <span class='ocrx_word' id='word_1_693' title='bbox 3178 4631 3409 4688; x_wconf 87' lang='lat' dir='ltr'><strong>suadere</strong></span> <span class='ocrx_word' id='word_1_694' title='bbox 3430 4644 3488 4688; x_wconf 89' lang='lat' dir='ltr'><strong>ut</strong></span> <span class='ocrx_word' id='word_1_695' title='bbox 3516 4648 3685 4690; x_wconf 84' lang='lat' dir='ltr'><strong>unus-</strong></span> 
     </span>
    </p>
   </div>
   <div class='ocr_carea' id='block_1_92' title="bbox 368 4723 1970 4793">
    <p class='ocr_par' dir='ltr' id='par_1_92' title="bbox 368 4723 1970 4793">
     <span class='ocr_line' id='line_1_92' title="bbox 368 4723 1970 4793; baseline 0.002 -15"><span class='ocrx_word' id='word_1_696' title='bbox 368 4739 515 4793; x_wconf 67' lang='lat' dir='ltr'><strong>saape</strong></span> <span class='ocrx_word' id='word_1_697' title='bbox 546 4725 741 4778; x_wconf 85' lang='lat' dir='ltr'><strong>mentis</strong></span> <span class='ocrx_word' id='word_1_698' title='bbox 772 4723 1013 4779; x_wconf 90' lang='lat' dir='ltr'><strong>inclinat.</strong></span> <span class='ocrx_word' id='word_1_699' title='bbox 1048 4724 1164 4778; x_wconf 82' lang='lat' dir='ltr'><strong>Non</strong></span> <span class='ocrx_word' id='word_1_700' title='bbox 1187 4727 1359 4780; x_wconf 92' lang='lat' dir='ltr'><strong>solum</strong></span> <span class='ocrx_word' id='word_1_701' title='bbox 1387 4727 1531 4781; x_wconf 91' lang='lat' dir='ltr'><strong>enim</strong></span> <span class='ocrx_word' id='word_1_702' title='bbox 1561 4742 1684 4783; x_wconf 90' lang='lat' dir='ltr'><strong>cum</strong></span> <span class='ocrx_word' id='word_1_703' title='bbox 1717 4727 1970 4783; x_wconf 87' lang='lat' dir='ltr'><strong>audimus</strong></span> 
     </span>
    </p>
   </div>
   <div class='ocr_carea' id='block_1_93' title="bbox 369 4816 1967 4890">
    <p class='ocr_par' dir='ltr' id='par_1_93' title="bbox 369 4816 1967 4890">
     <span class='ocr_line' id='line_1_93' title="bbox 369 4816 1967 4890; baseline 0.003 -20"><span class='ocrx_word' id='word_1_704' title='bbox 369 4818 534 4871; x_wconf 86' lang='lat' dir='ltr'><strong>verba</strong></span> <span class='ocrx_word' id='word_1_705' title='bbox 581 4816 816 4883; x_wconf 90' lang='lat' dir='ltr'><strong>diaboli,</strong></span> <span class='ocrx_word' id='word_1_706' title='bbox 847 4817 943 4872; x_wconf 90' lang='lat' dir='ltr'><strong>sed</strong></span> <span class='ocrx_word' id='word_1_707' title='bbox 976 4818 1138 4873; x_wconf 90' lang='lat' dir='ltr'><strong>etiam</strong></span> <span class='ocrx_word' id='word_1_708' title='bbox 1176 4833 1297 4873; x_wconf 91' lang='lat' dir='ltr'><strong>cum</strong></span> <span class='ocrx_word' id='word_1_709' title='bbox 1330 4819 1576 4875; x_wconf 90' lang='lat' dir='ltr'><strong>videmus</strong></span> <span class='ocrx_word' id='word_1_710' title='bbox 1606 4821 1723 4889; x_wconf 89' lang='lat' dir='ltr'><strong>ejus</strong></span> <span class='ocrx_word' id='word_1_711' title='bbox 1758 4821 1967 4890; x_wconf 88' lang='lat' dir='ltr'><strong>copias,</strong></span> 
     </span>
    </p>
   </div>
   <div class='ocr_carea' id='block_1_94' title="bbox 371 4910 1974 4982">
    <p class='ocr_par' dir='ltr' id='par_1_94' title="bbox 371 4910 1974 4982">
     <span class='ocr_line' id='line_1_94' title="bbox 371 4910 1974 4982; baseline 0.002 -17"><span class='ocrx_word' id='word_1_712' title='bbox 371 4912 619 4979; x_wconf 87' lang='lat' dir='ltr'><strong>laqueum</strong></span> <span class='ocrx_word' id='word_1_713' title='bbox 652 4910 827 4965; x_wconf 84' lang='lat' dir='ltr'><strong>vitare</strong></span> <span class='ocrx_word' id='word_1_714' title='bbox 855 4910 1140 4966; x_wconf 90' lang='lat' dir='ltr'><strong>debemus.</strong></span> <span class='ocrx_word' id='word_1_715' title='bbox 1172 4910 1417 4966; x_wconf 90' lang='lat' dir='ltr'><strong>Didicisti</strong></span> <span class='ocrx_word' id='word_1_716' title='bbox 1458 4913 1621 4982; x_wconf 86' lang='lat' dir='ltr'><strong>igitur</strong></span> <span class='ocrx_word' id='word_1_717' title='bbox 1664 4912 1866 4969; x_wconf 91' lang='lat' dir='ltr'><strong>diaboli</strong></span> <span class='ocrx_word' id='word_1_718' title='bbox 1894 4923 1974 4969; x_wconf 91' lang='lat' dir='ltr'><strong>te-</strong></span> 
     </span>
    </p>
   </div>
   <div class='ocr_carea' id='block_1_95' title="bbox 374 5003 1753 5070">
    <p class='ocr_par' dir='ltr' id='par_1_95' title="bbox 374 5003 1753 5070">
     <span class='ocr_line' id='line_1_95' title="bbox 374 5003 1753 5070; baseline 0.001 -13"><span class='ocrx_word' id='word_1_719' title='bbox 374 5004 506 5069; x_wconf 90' lang='lat' dir='ltr'><strong>lum,</strong></span> <span class='ocrx_word' id='word_1_720' title='bbox 534 5020 688 5058; x_wconf 89' lang='lat' dir='ltr'><strong>sume</strong></span> <span class='ocrx_word' id='word_1_721' title='bbox 709 5013 922 5059; x_wconf 89' lang='lat' dir='ltr'><strong>scutum</strong></span> <span class='ocrx_word' id='word_1_722' title='bbox 957 5003 1103 5070; x_wconf 86' lang='lat' dir='ltr'><strong>ﬁdei,</strong></span> <span class='ocrx_word' id='word_1_723' title='bbox 1139 5004 1360 5059; x_wconf 90' lang='lat' dir='ltr'><strong>loricam</strong></span> <span class='ocrx_word' id='word_1_724' title='bbox 1392 5005 1753 5061; x_wconf 66' lang='lat' dir='ltr'><strong>abstinentim.</strong></span> 
     </span>
    </p>
   </div>
   <div class='ocr_carea' id='block_1_96' title="bbox 446 5096 1975 5167">
    <p class='ocr_par' dir='ltr' id='par_1_96' title="bbox 446 5096 1975 5167">
     <span class='ocr_line' id='line_1_96' title="bbox 446 5096 1975 5167; baseline 0.003 -14"><span class='ocrx_word' id='word_1_725' title='bbox 446 5096 533 5153; x_wconf 84' lang='grc'><strong>18.</strong></span> <span class='ocrx_word' id='word_1_726' title='bbox 568 5097 678 5152; x_wconf 89' lang='lat' dir='ltr'><strong>Sed</strong></span> <span class='ocrx_word' id='word_1_727' title='bbox 716 5098 847 5167; x_wconf 88' lang='lat' dir='ltr'><strong>quid</strong></span> <span class='ocrx_word' id='word_1_728' title='bbox 876 5098 977 5153; x_wconf 92' lang='lat' dir='ltr'><strong>sibi</strong></span> <span class='ocrx_word' id='word_1_729' title='bbox 1008 5098 1124 5153; x_wconf 88' lang='lat' dir='ltr'><strong>vult</strong></span> <span class='ocrx_word' id='word_1_730' title='bbox 1154 5100 1276 5153; x_wconf 88' lang='lat' dir='ltr'><strong>talis</strong></span> <span class='ocrx_word' id='word_1_731' title='bbox 1301 5100 1577 5155; x_wconf 87' lang='lat' dir='ltr'><strong>sermonis</strong></span> <span class='ocrx_word' id='word_1_732' title='bbox 1603 5116 1833 5157; x_wconf 80' lang='lat' dir='ltr'><strong>exorsus</strong></span> <span class='ocrx_word' id='word_1_733' title='bbox 1862 5121 1875 5157; x_wconf 90' lang='lat'>:</span> <span class='ocrx_word' id='word_1_734' title='bbox 1913 5102 1975 5157; x_wconf 87' lang='lat' dir='ltr'><strong>Si</strong></span> 
     </span>
    </p>
   </div>
   <div class='ocr_carea' id='block_1_97' title="bbox 374 5188 1981 5265">
    <p class='ocr_par' dir='ltr' id='par_1_97' title="bbox 374 5188 1981 5265">
     <span class='ocr_line' id='line_1_97' title="bbox 374 5188 1981 5265; baseline 0.004 -21"><span class='ocrx_word' id='word_1_735' title='bbox 374 5188 544 5245; x_wconf 84' lang='lat' dir='ltr'><strong>Filius</strong></span> <span class='ocrx_word' id='word_1_736' title='bbox 586 5190 681 5245; x_wconf 83' lang='lat' dir='ltr'><strong>Dei</strong></span> <span class='ocrx_word' id='word_1_737' title='bbox 726 5207 813 5255; x_wconf 87' lang='lat' dir='ltr'><strong>es;</strong></span> <span class='ocrx_word' id='word_1_738' title='bbox 844 5191 945 5246; x_wconf 90' lang='lat' dir='ltr'><strong>nisi</strong></span> <span class='ocrx_word' id='word_1_739' title='bbox 976 5192 1099 5262; x_wconf 86' lang='lat' dir='ltr'><strong>quia</strong></span> <span class='ocrx_word' id='word_1_740' title='bbox 1133 5203 1466 5265; x_wconf 90' lang='lat' dir='ltr'><strong>cognoverat</strong></span> <span class='ocrx_word' id='word_1_741' title='bbox 1502 5194 1597 5250; x_wconf 91' lang='lat' dir='ltr'><strong>Dei</strong></span> <span class='ocrx_word' id='word_1_742' title='bbox 1632 5194 1826 5250; x_wconf 79' lang='lat' dir='ltr'><strong>Filium</strong></span> <span class='ocrx_word' id='word_1_743' title='bbox 1858 5211 1981 5251; x_wconf 90' lang='lat' dir='ltr'><strong>esse</strong></span> 
     </span>
    </p>
   </div>
   <div class='ocr_carea' id='block_1_98' title="bbox 374 5284 1985 5360">
    <p class='ocr_par' dir='ltr' id='par_1_98' title="bbox 374 5284 1985 5360">
     <span class='ocr_line' id='line_1_98' title="bbox 374 5284 1985 5360; baseline 0.006 -25"><span class='ocrx_word' id='word_1_744' title='bbox 374 5293 654 5339; x_wconf 81' lang='lat' dir='ltr'><strong>venturum</strong></span> <span class='ocrx_word' id='word_1_745' title='bbox 687 5284 712 5337; x_wconf 72' lang='grc' dir='ltr'><em>ἲ</em></span> <span class='ocrx_word' id='word_1_746' title='bbox 742 5284 835 5340; x_wconf 90' lang='lat' dir='ltr'><strong>sed</strong></span> <span class='ocrx_word' id='word_1_747' title='bbox 868 5284 1083 5341; x_wconf 85' lang='lat' dir='ltr'><strong>venisse</strong></span> <span class='ocrx_word' id='word_1_748' title='bbox 1109 5300 1207 5356; x_wconf 90' lang='lat' dir='ltr'><strong>per</strong></span> <span class='ocrx_word' id='word_1_749' title='bbox 1229 5286 1371 5345; x_wconf 87' lang='lat' dir='ltr'><strong>hanc</strong></span> <span class='ocrx_word' id='word_1_750' title='bbox 1401 5287 1766 5343; x_wconf 87' lang='lat' dir='ltr'><strong>inﬁrmitatem</strong></span> <span class='ocrx_word' id='word_1_751' title='bbox 1789 5303 1985 5360; x_wconf 82' lang='lat' dir='ltr'><strong>corpo-</strong></span> 
     </span>
    </p>
   </div>
   <div class='ocr_carea' id='block_1_99' title="bbox 446 5491 2009 5566">
    <p class='ocr_par' dir='ltr' id='par_1_99' title="bbox 446 5491 2009 5566">
     <span class='ocr_line' id='line_1_99' title="bbox 446 5491 2009 5566; baseline 0.003 -23"><span class='ocrx_word' id='word_1_752' title='bbox 446 5491 636 5566; x_wconf 58' lang='lat' dir='ltr'><strong>f__Ms_s_.</strong></span> <span class='ocrx_word' id='word_1_753' title='bbox 685 5491 914 5566; x_wconf 85' lang='lat' dir='ltr'><strong>aliquot,</strong></span> <span class='ocrx_word' id='word_1_754' title='bbox 947 5491 1101 5563; x_wconf 79' lang='lat' dir='ltr'><strong>famis</strong></span> <span class='ocrx_word' id='word_1_755' title='bbox 1131 5494 1299 5565; x_wconf 78' lang='lat' dir='ltr'><strong>specie</strong></span> <span class='ocrx_word' id='word_1_756' title='bbox 1332 5496 1585 5566; x_wconf 82' lang='lat' dir='ltr'><strong>jactatus.</strong></span> <span class='ocrx_word' id='word_1_757' title='bbox 1614 5492 1809 5566; x_wconf 78' lang='lat' dir='ltr'><strong>Melius</strong></span> <span class='ocrx_word' id='word_1_758' title='bbox 1840 5508 1975 5566; x_wconf 87' lang='lat' dir='ltr'><strong>non-</strong></span> <span class='ocrx_word' id='word_1_759' title='bbox 2006 5539 2009 5542; x_wconf 84' lang='lat'><strong>.</strong></span> 
     </span>
    </p>
   </div>
   <div class='ocr_carea' id='block_1_100' title="bbox 372 5561 1970 5634">
    <p class='ocr_par' dir='ltr' id='par_1_100' title="bbox 372 5561 1970 5634">
     <span class='ocr_line' id='line_1_100' title="bbox 372 5561 1970 5634; baseline 0.001 -17"><span class='ocrx_word' id='word_1_760' title='bbox 372 5561 510 5617; x_wconf 88' lang='lat' dir='ltr'><strong>nulli</strong></span> <span class='ocrx_word' id='word_1_761' title='bbox 549 5562 638 5617; x_wconf 91' lang='lat' dir='ltr'><strong>alii</strong></span> <span class='ocrx_word' id='word_1_762' title='bbox 668 5603 683 5625; x_wconf 92' lang='lat'><strong>,</strong></span> <span class='ocrx_word' id='word_1_763' title='bbox 716 5561 956 5617; x_wconf 62' lang='lat' dir='ltr'><strong>laetatus.</strong></span> <span class='ocrx_word' id='word_1_764' title='bbox 989 5561 1220 5634; x_wconf 34' lang='lat' dir='ltr'><strong>Optime.</strong></span> <span class='ocrx_word' id='word_1_765' title='bbox 1243 5561 1423 5618; x_wconf 80' lang='lat' dir='ltr'><strong>autem</strong></span> <span class='ocrx_word' id='word_1_766' title='bbox 1456 5564 1653 5633; x_wconf 86' lang='lat' dir='ltr'><strong>reliqui</strong></span> <span class='ocrx_word' id='word_1_767' title='bbox 1684 5580 1803 5618; x_wconf 84' lang='lat' dir='ltr'><strong>cum</strong></span> <span class='ocrx_word' id='word_1_768' title='bbox 1839 5565 1970 5619; x_wconf 89' lang='lat' dir='ltr'><strong>edit.</strong></span> 
     </span>
    </p>
   </div>
   <div class='ocr_carea' id='block_1_101' title="bbox 372 5635 1978 5705">
    <p class='ocr_par' dir='ltr' id='par_1_101' title="bbox 372 5635 1978 5705">
     <span class='ocr_line' id='line_1_101' title="bbox 372 5635 1978 5705; baseline -0.001 -16"><span class='ocrx_word' id='word_1_769' title='bbox 372 5635 613 5689; x_wconf 79' lang='lat' dir='ltr'><strong>Iactatus.</strong></span> <span class='ocrx_word' id='word_1_770' title='bbox 652 5635 729 5705; x_wconf 16' lang='lat' dir='ltr'><strong>Et;</strong></span> <span class='ocrx_word' id='word_1_771' title='bbox 761 5643 882 5703; x_wconf 80' lang='lat' dir='ltr'><strong>post</strong></span> <span class='ocrx_word' id='word_1_772' title='bbox 926 5648 1094 5704; x_wconf 86' lang='lat' dir='ltr'><strong>pauca</strong></span> <span class='ocrx_word' id='word_1_773' title='bbox 1134 5635 1265 5689; x_wconf 91' lang='lat' dir='ltr'><strong>edit.</strong></span> <span class='ocrx_word' id='word_1_774' title='bbox 1300 5636 1425 5689; x_wconf 66' lang='lat' dir='ltr'><strong>lim.</strong></span> <span class='ocrx_word' id='word_1_775' title='bbox 1459 5645 1513 5689; x_wconf 91' lang='lat' dir='ltr'><strong>et</strong></span> <span class='ocrx_word' id='word_1_776' title='bbox 1542 5651 1659 5705; x_wconf 86' lang='lat' dir='ltr'><strong>seq.</strong></span> <span class='ocrx_word' id='word_1_777' title='bbox 1690 5650 1811 5691; x_wconf 86' lang='lat' dir='ltr'><strong>cum</strong></span> <span class='ocrx_word' id='word_1_778' title='bbox 1844 5636 1978 5688; x_wconf 89' lang='lat' dir='ltr'><strong>dno-</strong></span> 
     </span>
    </p>
   </div>
   <div class='ocr_carea' id='block_1_102' title="bbox 370 5703 1974 5774">
    <p class='ocr_par' dir='ltr' id='par_1_102' title="bbox 370 5703 1974 5774">
     <span class='ocr_line' id='line_1_102' title="bbox 370 5703 1974 5774; baseline 0.001 -14"><span class='ocrx_word' id='word_1_779' title='bbox 370 5706 479 5760; x_wconf 80' lang='lat' dir='ltr'><strong>bus</strong></span> <span class='ocrx_word' id='word_1_780' title='bbox 512 5716 672 5769; x_wconf 78' lang='lat' dir='ltr'><strong>mss.,‘</strong></span> <span class='ocrx_word' id='word_1_781' title='bbox 702 5703 939 5774; x_wconf 81' lang='lat' dir='ltr'><strong>Spiritus</strong></span> <span class='ocrx_word' id='word_1_782' title='bbox 966 5723 1117 5769; x_wconf 83' lang='lat' dir='ltr'><strong>opus,</strong></span> <span class='ocrx_word' id='word_1_783' title='bbox 1156 5707 1251 5759; x_wconf 86' lang='lat' dir='ltr'><strong>hoc</strong></span> <span class='ocrx_word' id='word_1_784' title='bbox 1281 5718 1374 5765; x_wconf 83' lang='lat' dir='ltr'><strong>est.</strong></span> <span class='ocrx_word' id='word_1_785' title='bbox 1409 5703 1663 5773; x_wconf 81' lang='lat' dir='ltr'><strong>divinum,</strong></span> <span class='ocrx_word' id='word_1_786' title='bbox 1691 5716 1796 5761; x_wconf 92' lang='lat' dir='ltr'><strong>etc.</strong></span> <span class='ocrx_word' id='word_1_787' title='bbox 1829 5706 1974 5762; x_wconf 90' lang='lat' dir='ltr'><strong>Edit.</strong></span> 
     </span>
    </p>
   </div>
   <div class='ocr_carea' id='block_1_103' title="bbox 372 5775 1668 5847">
    <p class='ocr_par' dir='ltr' id='par_1_103' title="bbox 372 5775 1668 5847">
     <span class='ocr_line' id='line_1_103' title="bbox 372 5775 1668 5847; baseline 0 -16"><span class='ocrx_word' id='word_1_788' title='bbox 372 5778 600 5831; x_wconf 81' lang='lat' dir='ltr'><strong>Anierb.</strong></span> <span class='ocrx_word' id='word_1_789' title='bbox 629 5792 751 5831; x_wconf 89' lang='lat' dir='ltr'><strong>cum</strong></span> <span class='ocrx_word' id='word_1_790' title='bbox 785 5777 910 5832; x_wconf 86' lang='lat' dir='ltr'><strong>aliis</strong></span> <span class='ocrx_word' id='word_1_791' title='bbox 936 5777 1153 5847; x_wconf 82' lang='lat' dir='ltr'><strong>scriptis</strong></span> <span class='ocrx_word' id='word_1_792' title='bbox 1175 5775 1299 5832; x_wconf 90' lang='lat' dir='ltr'><strong>cod.</strong></span> <span class='ocrx_word' id='word_1_793' title='bbox 1333 5786 1391 5832; x_wconf 90' lang='lat' dir='ltr'><strong>ut</strong></span> <span class='ocrx_word' id='word_1_794' title='bbox 1413 5779 1465 5832; x_wconf 90' lang='lat' dir='ltr'><strong>in</strong></span> <span class='ocrx_word' id='word_1_795' title='bbox 1498 5788 1668 5834; x_wconf 79' lang='lat' dir='ltr'><strong>textu.</strong></span> 
     </span>
    </p>
   </div>
   <div class='ocr_carea' id='block_1_104' title="bbox 361 5866 1977 5949">
    <p class='ocr_par' dir='ltr' id='par_1_104' title="bbox 361 5866 1977 5949">
     <span class='ocr_line' id='line_1_104' title="bbox 361 5866 1977 5949; baseline 0 -26"><span class='ocrx_word' id='word_1_796' title='bbox 361 5942 369 5948; x_wconf 27' lang='grc' dir='ltr'><strong>Ι</strong></span> <span class='ocrx_word' id='word_1_797' title='bbox 450 5867 479 5905; x_wconf 72' lang='grc' dir='ltr'><strong>ι’</strong></span> <span class='ocrx_word' id='word_1_798' title='bbox 508 5868 650 5923; x_wconf 83' lang='lat' dir='ltr'><strong>Edit.</strong></span> <span class='ocrx_word' id='word_1_799' title='bbox 683 5867 927 5939; x_wconf 69' lang='lat' dir='ltr'><strong>qumdatn</strong></span> <span class='ocrx_word' id='word_1_800' title='bbox 960 5868 1158 5935; x_wconf 82' lang='lat' dir='ltr'><strong>Paris.,</strong></span> <span class='ocrx_word' id='word_1_801' title='bbox 1184 5866 1370 5924; x_wconf 80' lang='lat' dir='ltr'><strong>Merito</strong></span> <span class='ocrx_word' id='word_1_802' title='bbox 1392 5884 1512 5949; x_wconf 77' lang='lat' dir='ltr'><strong>ergo</strong></span> <span class='ocrx_word' id='word_1_803' title='bbox 1538 5869 1817 5939; x_wconf 73' lang='lat' dir='ltr'><strong>responait.</strong></span> <span class='ocrx_word' id='word_1_804' title='bbox 1844 5868 1977 5923; x_wconf 76' lang='lat' dir='ltr'><strong>Alize</strong></span> 
     </span>
    </p>
   </div>
   <div class='ocr_carea' id='block_1_105' title="bbox 2080 4723 2926 4796">
    <p class='ocr_par' dir='ltr' id='par_1_105' title="bbox 2080 4723 2926 4796">
     <span class='ocr_line' id='line_1_105' title="bbox 2080 4723 2926 4796; baseline -0.006 -15"><span class='ocrx_word' id='word_1_805' title='bbox 2080 4726 2307 4796; x_wconf 89' lang='lat' dir='ltr'><strong>quisque</strong></span> <span class='ocrx_word' id='word_1_806' title='bbox 2338 4740 2396 4779; x_wconf 89' lang='lat' dir='ltr'><strong>se</strong></span> <span class='ocrx_word' id='word_1_807' title='bbox 2428 4724 2607 4778; x_wconf 89' lang='lat' dir='ltr'><strong>mittat</strong></span> <span class='ocrx_word' id='word_1_808' title='bbox 2635 4723 2926 4779; x_wconf 85' lang='lat' dir='ltr'><strong>deorsum?</strong></span> 
     </span>
    </p>
   </div>
   <div class='ocr_carea' id='block_1_106' title="bbox 2153 4817 3684 4889">
    <p class='ocr_par' dir='ltr' id='par_1_106' title="bbox 2153 4817 3684 4889">
     <span class='ocr_line' id='line_1_106' title="bbox 2153 4817 3684 4889; baseline 0.001 -15"><span class='ocrx_word' id='word_1_809' title='bbox 2153 4820 2244 4874; x_wconf 66' lang='lat'><strong>24.</strong></span> <span class='ocrx_word' id='word_1_810' title='bbox 2301 4819 2457 4874; x_wconf 89' lang='lat' dir='ltr'><strong>Disce</strong></span> <span class='ocrx_word' id='word_1_811' title='bbox 2486 4834 2619 4889; x_wconf 86' lang='lat' dir='ltr'><strong>ergo</strong></span> <span class='ocrx_word' id='word_1_812' title='bbox 2664 4829 2720 4874; x_wconf 90' lang='lat' dir='ltr'><strong>et</strong></span> <span class='ocrx_word' id='word_1_813' title='bbox 2767 4828 2821 4872; x_wconf 92' lang='lat' dir='ltr'><strong>lu</strong></span> <span class='ocrx_word' id='word_1_814' title='bbox 2868 4818 3147 4873; x_wconf 87' lang='lat' dir='ltr'><strong>diabolum</strong></span> <span class='ocrx_word' id='word_1_815' title='bbox 3194 4817 3430 4875; x_wconf 83' lang='lat' dir='ltr'><strong>vincere.</strong></span> <span class='ocrx_word' id='word_1_816' title='bbox 3463 4819 3588 4889; x_wconf 80' lang='lat' dir='ltr'><strong>Agit</strong></span> <span class='ocrx_word' id='word_1_817' title='bbox 3630 4827 3684 4876; x_wconf 86' lang='lat' dir='ltr'><strong>te</strong></span> 
     </span>
    </p>
   </div>
   <div class='ocr_carea' id='block_1_107' title="bbox 2083 4909 3690 4983">
    <p class='ocr_par' dir='ltr' id='par_1_107' title="bbox 2083 4909 3690 4983">
     <span class='ocr_line' id='line_1_107' title="bbox 2083 4909 3690 4983; baseline -0.001 -16"><span class='ocrx_word' id='word_1_818' title='bbox 2083 4912 2325 4983; x_wconf 89' lang='lat' dir='ltr'><strong>spiritus,</strong></span> <span class='ocrx_word' id='word_1_819' title='bbox 2350 4926 2579 4981; x_wconf 90' lang='lat' dir='ltr'><strong>sequere</strong></span> <span class='ocrx_word' id='word_1_820' title='bbox 2611 4910 2860 4979; x_wconf 88' lang='lat' dir='ltr'><strong>spiritum</strong></span> <span class='ocrx_word' id='word_1_821' title='bbox 2888 4927 2901 4962; x_wconf 91' lang='lat'><strong>:</strong></span> <span class='ocrx_word' id='word_1_822' title='bbox 2935 4909 3049 4963; x_wconf 81' lang='lat' dir='ltr'><strong>Non</strong></span> <span class='ocrx_word' id='word_1_823' title='bbox 3084 4918 3137 4965; x_wconf 90' lang='lat' dir='ltr'><strong>te</strong></span> <span class='ocrx_word' id='word_1_824' title='bbox 3162 4920 3381 4965; x_wconf 90' lang='lat' dir='ltr'><strong>revocet</strong></span> <span class='ocrx_word' id='word_1_825' title='bbox 3409 4910 3593 4965; x_wconf 90' lang='lat' dir='ltr'><strong>carnis</strong></span> <span class='ocrx_word' id='word_1_826' title='bbox 3624 4910 3690 4965; x_wconf 90' lang='lat' dir='ltr'><strong>il-</strong></span> 
     </span>
    </p>
   </div>
   <div class='ocr_carea' id='block_1_108' title="bbox 2084 5003 3682 5077">
    <p class='ocr_par' dir='ltr' id='par_1_108' title="bbox 2084 5003 3682 5077">
     <span class='ocr_line' id='line_1_108' title="bbox 2084 5003 3682 5077; baseline 0 -18"><span class='ocrx_word' id='word_1_827' title='bbox 2084 5005 2323 5070; x_wconf 86' lang='lat' dir='ltr'><strong>lecebra,</strong></span> <span class='ocrx_word' id='word_1_828' title='bbox 2354 5006 2547 5074; x_wconf 90' lang='lat' dir='ltr'><strong>spiritu</strong></span> <span class='ocrx_word' id='word_1_829' title='bbox 2580 5004 2769 5073; x_wconf 91' lang='lat' dir='ltr'><strong>plenus</strong></span> <span class='ocrx_word' id='word_1_830' title='bbox 2795 5003 2945 5059; x_wconf 89' lang='lat' dir='ltr'><strong>disce</strong></span> <span class='ocrx_word' id='word_1_831' title='bbox 2966 5013 3316 5077; x_wconf 82' lang='lat' dir='ltr'><strong>contemnere</strong></span> <span class='ocrx_word' id='word_1_832' title='bbox 3348 5004 3682 5075; x_wconf 88' lang='lat' dir='ltr'><strong>voluptates.</strong></span> 
     </span>
    </p>
   </div>
   <div class='ocr_carea' id='block_1_109' title="bbox 2084 5090 3687 5169">
    <p class='ocr_par' dir='ltr' id='par_1_109' title="bbox 2084 5090 3687 5169">
     <span class='ocr_line' id='line_1_109' title="bbox 2084 5090 3687 5169; baseline -0.002 -15"><span class='ocrx_word' id='word_1_833' title='bbox 2084 5097 2298 5169; x_wconf 84' lang='lat' dir='ltr'><strong>Jejuoa,</strong></span> <span class='ocrx_word' id='word_1_834' title='bbox 2331 5100 2375 5153; x_wconf 89' lang='lat' dir='ltr'><strong>si</strong></span> <span class='ocrx_word' id='word_1_835' title='bbox 2418 5098 2499 5152; x_wconf 89' lang='lat' dir='ltr'><strong>vis</strong></span> <span class='ocrx_word' id='word_1_836' title='bbox 2531 5090 2770 5153; x_wconf 76' lang='lat' dir='ltr'><strong>vinCere.</strong></span> <span class='ocrx_word' id='word_1_837' title='bbox 2803 5098 3161 5168; x_wconf 89' lang='lat' dir='ltr'><strong>Consequens</strong></span> <span class='ocrx_word' id='word_1_838' title='bbox 3188 5107 3271 5153; x_wconf 91' lang='lat' dir='ltr'><strong>est</strong></span> <span class='ocrx_word' id='word_1_839' title='bbox 3302 5108 3358 5153; x_wconf 91' lang='lat' dir='ltr'><strong>ut</strong></span> <span class='ocrx_word' id='word_1_840' title='bbox 3383 5113 3481 5169; x_wconf 88' lang='lat' dir='ltr'><strong>per</strong></span> <span class='ocrx_word' id='word_1_841' title='bbox 3511 5098 3687 5153; x_wconf 82' lang='lat' dir='ltr'><strong>homi-</strong></span> 
     </span>
    </p>
   </div>
   <div class='ocr_carea' id='block_1_110' title="bbox 2083 5196 3689 5267">
    <p class='ocr_par' dir='ltr' id='par_1_110' title="bbox 2083 5196 3689 5267">
     <span class='ocr_line' id='line_1_110' title="bbox 2083 5196 3689 5267; baseline 0.002 -17"><span class='ocrx_word' id='word_1_842' title='bbox 2083 5212 2207 5251; x_wconf 90' lang='lat' dir='ltr'><strong>nem</strong></span> <span class='ocrx_word' id='word_1_843' title='bbox 2257 5196 2504 5251; x_wconf 89' lang='lat' dir='ltr'><strong>diabolus</strong></span> <span class='ocrx_word' id='word_1_844' title='bbox 2552 5205 2604 5252; x_wconf 90' lang='lat' dir='ltr'><strong>te</strong></span> <span class='ocrx_word' id='word_1_845' title='bbox 2652 5204 2804 5267; x_wconf 91' lang='lat' dir='ltr'><strong>putet</strong></span> <span class='ocrx_word' id='word_1_846' title='bbox 2841 5211 2962 5253; x_wconf 91' lang='lat' dir='ltr'><strong>esse</strong></span> <span class='ocrx_word' id='word_1_847' title='bbox 3005 5196 3326 5253; x_wconf 88' lang='lat' dir='ltr'><strong>tentandum</strong></span> <span class='ocrx_word' id='word_1_848' title='bbox 3371 5214 3384 5252; x_wconf 90' lang='lat'>:</span> <span class='ocrx_word' id='word_1_849' title='bbox 3438 5196 3689 5253; x_wconf 84' lang='lat' dir='ltr'><strong>Christus</strong></span> 
     </span>
    </p>
   </div>
   <div class='ocr_carea' id='block_1_111' title="bbox 2085 5288 3687 5363">
    <p class='ocr_par' dir='ltr' id='par_1_111' title="bbox 2085 5288 3687 5363">
     <span class='ocr_line' id='line_1_111' title="bbox 2085 5288 3687 5363; baseline 0.002 -19"><span class='ocrx_word' id='word_1_850' title='bbox 2085 5289 2241 5361; x_wconf 90' lang='lat' dir='ltr'><strong>quasi</strong></span> <span class='ocrx_word' id='word_1_851' title='bbox 2270 5288 2459 5347; x_wconf 81' lang='lat' dir='ltr'><strong>fortior</strong></span> <span class='ocrx_word' id='word_1_852' title='bbox 2478 5333 2491 5356; x_wconf 93' lang='lat'><strong>,</strong></span> <span class='ocrx_word' id='word_1_853' title='bbox 2521 5290 2658 5348; x_wconf 89' lang='lat' dir='ltr'><strong>facie</strong></span> <span class='ocrx_word' id='word_1_854' title='bbox 2683 5292 2749 5347; x_wconf 90' lang='lat' dir='ltr'><strong>ad</strong></span> <span class='ocrx_word' id='word_1_855' title='bbox 2780 5290 2975 5348; x_wconf 82' lang='lat' dir='ltr'><strong>faciem</strong></span> <span class='ocrx_word' id='word_1_856' title='bbox 3020 5300 3277 5359; x_wconf 86' lang='lat' dir='ltr'><strong>tentatur,</strong></span> <span class='ocrx_word' id='word_1_857' title='bbox 3302 5301 3358 5348; x_wconf 92' lang='lat' dir='ltr'><strong>tu</strong></span> <span class='ocrx_word' id='word_1_858' title='bbox 3390 5306 3486 5363; x_wconf 89' lang='lat' dir='ltr'><strong>per</strong></span> <span class='ocrx_word' id='word_1_859' title='bbox 3512 5291 3687 5348; x_wconf 85' lang='lat' dir='ltr'><strong>homi-</strong></span> 
     </span>
    </p>
   </div>
   <div class='ocr_carea' id='block_1_112' title="bbox 2083 5488 3689 5556">
    <p class='ocr_par' dir='ltr' id='par_1_112' title="bbox 2083 5488 3689 5556">
     <span class='ocr_line' id='line_1_112' title="bbox 2083 5488 3689 5556; baseline 0 -11"><span class='ocrx_word' id='word_1_860' title='bbox 2083 5500 2137 5545; x_wconf 89' lang='lat' dir='ltr'><strong>et</strong></span> <span class='ocrx_word' id='word_1_861' title='bbox 2166 5491 2347 5545; x_wconf 91' lang='lat' dir='ltr'><strong>cuncti</strong></span> <span class='ocrx_word' id='word_1_862' title='bbox 2395 5506 2528 5546; x_wconf 82' lang='lat' dir='ltr'><strong>mss.</strong></span> <span class='ocrx_word' id='word_1_863' title='bbox 2555 5489 2922 5555; x_wconf 81' lang='lat' dir='ltr'><strong>commodius,</strong></span> <span class='ocrx_word' id='word_1_864' title='bbox 2958 5488 3154 5556; x_wconf 72' lang='lat' dir='ltr'><strong>Medic,</strong></span> <span class='ocrx_word' id='word_1_865' title='bbox 3184 5498 3316 5555; x_wconf 79' lang='lat' dir='ltr'><strong>etc.,</strong></span> <span class='ocrx_word' id='word_1_866' title='bbox 3344 5488 3398 5545; x_wconf 92' lang='lat' dir='ltr'><strong>id</strong></span> <span class='ocrx_word' id='word_1_867' title='bbox 3433 5498 3550 5556; x_wconf 88' lang='lat' dir='ltr'><strong>est,</strong></span> <span class='ocrx_word' id='word_1_868' title='bbox 3600 5504 3689 5545; x_wconf 84' lang='lat' dir='ltr'><strong>re-</strong></span> 
     </span>
    </p>
   </div>
   <div class='ocr_carea' id='block_1_113' title="bbox 2084 5561 3686 5629">
    <p class='ocr_par' dir='ltr' id='par_1_113' title="bbox 2084 5561 3686 5629">
     <span class='ocr_line' id='line_1_113' title="bbox 2084 5561 3686 5629; baseline 0.002 -14"><span class='ocrx_word' id='word_1_869' title='bbox 2084 5563 2433 5629; x_wconf 81' lang='lat' dir='ltr'><strong>spoiisionem</strong></span> <span class='ocrx_word' id='word_1_870' title='bbox 2458 5564 2536 5617; x_wconf 81' lang='lat' dir='ltr'><strong>sic</strong></span> <span class='ocrx_word' id='word_1_871' title='bbox 2563 5561 2926 5627; x_wconf 85' lang='lat' dir='ltr'><strong>temperavit,</strong></span> <span class='ocrx_word' id='word_1_872' title='bbox 2959 5572 3018 5615; x_wconf 92' lang='lat' dir='ltr'><strong>ut</strong></span> <span class='ocrx_word' id='word_1_873' title='bbox 3046 5574 3102 5617; x_wconf 86' lang='lat' dir='ltr'><strong>et</strong></span> <span class='ocrx_word' id='word_1_874' title='bbox 3125 5561 3397 5617; x_wconf 88' lang='lat' dir='ltr'><strong>diabolum</strong></span> <span class='ocrx_word' id='word_1_875' title='bbox 3421 5562 3686 5629; x_wconf 86' lang='lat' dir='ltr'><strong>vinceret,</strong></span> 
     </span>
    </p>
   </div>
   <div class='ocr_carea' id='block_1_114' title="bbox 2086 5634 3032 5703">
    <p class='ocr_par' dir='ltr' id='par_1_114' title="bbox 2086 5634 3032 5703">
     <span class='ocr_line' id='line_1_114' title="bbox 2086 5634 3032 5703; baseline -0.003 -15"><span class='ocrx_word' id='word_1_876' title='bbox 2086 5649 2186 5688; x_wconf 88' lang='lat' dir='ltr'><strong>nec</strong></span> <span class='ocrx_word' id='word_1_877' title='bbox 2216 5649 2369 5688; x_wconf 87' lang='lat' dir='ltr'><strong>suam</strong></span> <span class='ocrx_word' id='word_1_878' title='bbox 2403 5635 2641 5703; x_wconf 88' lang='lat' dir='ltr'><strong>aperiret</strong></span> <span class='ocrx_word' id='word_1_879' title='bbox 2671 5634 3032 5687; x_wconf 69' lang='lat' dir='ltr'><strong>divinitatem.</strong></span> 
     </span>
    </p>
   </div>
   <div class='ocr_carea' id='block_1_115' title="bbox 2163 5724 3691 5795">
    <p class='ocr_par' dir='ltr' id='par_1_115' title="bbox 2163 5724 3691 5795">
     <span class='ocr_line' id='line_1_115' title="bbox 2163 5724 3691 5795; baseline 0.002 -16"><span class='ocrx_word' id='word_1_880' title='bbox 2163 5736 2185 5763; x_wconf 73' lang='grc' dir='ltr'><strong>ο</strong></span> <span class='ocrx_word' id='word_1_881' title='bbox 2221 5725 2348 5781; x_wconf 82' lang='lat' dir='ltr'><strong>Mss.</strong></span> <span class='ocrx_word' id='word_1_882' title='bbox 2402 5728 2539 5781; x_wconf 89' lang='lat' dir='ltr'><strong>bene</strong></span> <span class='ocrx_word' id='word_1_883' title='bbox 2589 5728 2742 5780; x_wconf 86' lang='lat' dir='ltr'><strong>multi</strong></span> <span class='ocrx_word' id='word_1_884' title='bbox 2766 5768 2781 5791; x_wconf 93' lang='lat'><strong>,</strong></span> <span class='ocrx_word' id='word_1_885' title='bbox 2817 5724 2965 5779; x_wconf 85' lang='lat' dir='ltr'><strong>illum</strong></span> <span class='ocrx_word' id='word_1_886' title='bbox 3004 5742 3188 5793; x_wconf 71' lang='lat' dir='ltr'><strong>panem</strong></span> <span class='ocrx_word' id='word_1_887' title='bbox 3228 5735 3523 5795; x_wconf 78' lang='lat' dir='ltr'><strong>exspectat,</strong></span> <span class='ocrx_word' id='word_1_888' title='bbox 3552 5741 3691 5782; x_wconf 51' lang='lat' dir='ltr'><strong>none</strong></span> 
     </span>
    </p>
   </div>
   <div class='ocr_carea' id='block_1_116' title="bbox 2088 5796 3659 5871">
    <p class='ocr_par' dir='ltr' id='par_1_116' title="bbox 2088 5796 3659 5871">
     <span class='ocr_line' id='line_1_116' title="bbox 2088 5796 3659 5871; baseline -0.001 -18"><span class='ocrx_word' id='word_1_889' title='bbox 2088 5796 2227 5871; x_wconf 78' lang='lat' dir='ltr'><strong>nulli</strong></span> <span class='ocrx_word' id='word_1_890' title='bbox 2257 5837 2269 5851; x_wconf 91' lang='lat'><strong>.</strong></span> <span class='ocrx_word' id='word_1_891' title='bbox 2300 5839 2313 5853; x_wconf 92' lang='lat'><strong>.</strong></span> <span class='ocrx_word' id='word_1_892' title='bbox 2342 5837 2355 5851; x_wconf 93' lang='lat'><strong>.</strong></span> <span class='ocrx_word' id='word_1_893' title='bbox 2383 5837 2397 5850; x_wconf 95' lang='lat'><strong>.</strong></span> <span class='ocrx_word' id='word_1_894' title='bbox 2432 5808 2702 5871; x_wconf 71' lang='lat' dir='ltr'><strong>exspectet.</strong></span> <span class='ocrx_word' id='word_1_895' title='bbox 2738 5799 2866 5864; x_wconf 83' lang='lat' dir='ltr'><strong>Alii,</strong></span> <span class='ocrx_word' id='word_1_896' title='bbox 2898 5814 2960 5852; x_wconf 87' lang='lat' dir='ltr'><strong>ac</strong></span> <span class='ocrx_word' id='word_1_897' title='bbox 2988 5797 3146 5862; x_wconf 88' lang='lat' dir='ltr'><strong>etlit.,</strong></span> <span class='ocrx_word' id='word_1_898' title='bbox 3178 5840 3191 5852; x_wconf 94' lang='lat'><strong>.</strong></span> <span class='ocrx_word' id='word_1_899' title='bbox 3226 5838 3243 5871; x_wconf 87' lang='lat'><strong>.</strong></span> <span class='ocrx_word' id='word_1_900' title='bbox 3270 5837 3286 5852; x_wconf 93' lang='lat'><strong>.</strong></span> <span class='ocrx_word' id='word_1_901' title='bbox 3316 5808 3539 5871; x_wconf 63' lang='lat' dir='ltr'><strong>expetat.</strong></span> <span class='ocrx_word' id='word_1_902' title='bbox 3656 5866 3659 5867; x_wconf 17' lang='grc' dir='ltr'><em>ν</em></span> 
     </span>
    </p>
   </div>
   <div class='ocr_carea' id='block_1_117' title="bbox 2159 5866 3684 5940">
    <p class='ocr_par' dir='ltr' id='par_1_117' title="bbox 2159 5866 3684 5940">
     <span class='ocr_line' id='line_1_117' title="bbox 2159 5866 3684 5940; baseline -0.004 -15"><span class='ocrx_word' id='word_1_903' title='bbox 2159 5866 2186 5906; x_wconf 69' lang='grc' dir='ltr'><strong><em>ἀ</em></strong></span> <span class='ocrx_word' id='word_1_904' title='bbox 2207 5870 2365 5925; x_wconf 81' lang='lat' dir='ltr'><strong>Rom.</strong></span> <span class='ocrx_word' id='word_1_905' title='bbox 2389 5866 2542 5936; x_wconf 61' lang='lat' dir='ltr'><strong>edit,</strong></span> <span class='ocrx_word' id='word_1_906' title='bbox 2577 5868 2690 5923; x_wconf 85' lang='lat' dir='ltr'><strong>Hoc</strong></span> <span class='ocrx_word' id='word_1_907' title='bbox 2712 5871 2915 5940; x_wconf 77' lang='lat' dir='ltr'><strong>quidem</strong></span> <span class='ocrx_word' id='word_1_908' title='bbox 2939 5870 3314 5938; x_wconf 74' lang='lat' dir='ltr'><strong>nstjactantia&#39;,</strong></span> <span class='ocrx_word' id='word_1_909' title='bbox 3332 5866 3388 5922; x_wconf 84' lang='lat' dir='ltr'><strong>ut</strong></span> <span class='ocrx_word' id='word_1_910' title='bbox 3410 5867 3558 5933; x_wconf 85' lang='lat' dir='ltr'><strong>duln,</strong></span> <span class='ocrx_word' id='word_1_911' title='bbox 3578 5866 3684 5924; x_wconf 74' lang='lat' dir='ltr'><strong>etc:</strong></span> 
     </span>
    </p>
   </div>
  </div>
