3960 6306
341 307 480 364 Mli)

1691 303 1768 363 SA
1780 306 1938 363 NCT]
1976 303 2296 366 AMBROSII

3509 309 3530 364 1
3544 306 3652 361 6Ξο

327 441 473 481 netu.
504 425 572 480 Et
599 424 732 481 illud
758 422 959 480 diaboli
992 422 1212 478 verbum
1245 427 1350 486 est,
1381 429 1407 457 ἰ
1431 435 1554 477 cum
1575 419 1707 476 dicit
1729 420 1890 475 homo
1918 439 1932 476 :
1961 425 2016 486 Α
2041 424 2306 480 Dominus
2338 425 2620 494 respondit
2648 424 2696 478 ci
2727 443 2737 478 ;
2775 423 3140 480 Nonetentabis
3167 424 3447 479 Dominum
3480 420 3654 476 Deum

329 517 513 573 Fortis
537 531 618 580 es.
654 517 916 572 manduca
949 524 1004 570 et
1035 515 1180 580 bibe,
1209 526 1262 569 et
1298 515 1495 569 similis
1523 531 1700 570 mane.
1733 515 1852 570 Noli
1883 527 1936 571 te

334 611 431 664 tibi
463 609 721 675 credere,
757 625 863 662 non
893 609 1185 662 erubescas
1214 622 1374 676 egere
1405 609 1705 676 prtesidiis,
1734 609 1936 678 quibus

331 713 442 758 non
478 703 670 770 egebat
690 701 977 764 Christus;
1009 708 1064 754 et
1089 709 1268 753 tamen
1293 715 1354 754 ea
1376 716 1482 755 non
1512 699 1838 771 ttegligcbat,
1877 711 1934 754 ut

335 808 389 850 te
429 795 653 849 doceret
698 793 886 848 dicens
913 809 925 846 :
956 790 1140 847 Cavete
1176 808 1241 846 ne
1259 802 1500 862 gravetur
1529 809 1618 846 cor
1640 803 1858 846 uestrum
1881 793 1936 846 in

331 888 451 941 vino
489 885 794 952 et'crapula
823 882 977 952 (Luc.
1008 899 1129 948 ut,
1162 885 1278 954 54).
1315 883 1430 939 Non
1465 885 1678 940 erubuit
1708 885 1932 950 Paulus,

331 982 421 1050 qui
450 981 526 1035 uit
551 995 565 1032 :
599 979 690 1034 Sic
719 991 880 1045 certo,
905 994 1007 1032 non
1037 988 1089 1032 ut
1112 995 1234 1032 aera
1257 978 1458 1033 credens
1485 979 1533 1048 (l
1555 977 1676 1034 Cor.
1701 995 1776 1046 ιι,
1809 979 1930 1048 26).

331 1076 477 1128 Aera
521 1071 741 1142 quidem
775 1086 878 1126 non
920 1070 1168 1126 cadebat
1197 1071 1529 1141 Apostolus:
1563 1073 1657 1126 sed
1690 1083 1932 1142 potesta-

331 1174 414 1222 tes
461 1167 602 1221 aeris
655 1165 998 1220 verberabat.
1055 1165 1165 1220 Sed
1205 1165 1434 1238 castigo,
1487 1165 1704 1236 inquit,
1745 1183 1934 1236 corpus

331 1242 530 1322 meum,
562 1267 608 1312 et
638 1259 868 1312 servituti
889 1256 1099 1327 redigo;
1128 1272 1190 1312 ne
1217 1259 1348 1326 forte
1377 1273 1492 1310 cum
1529 1259 1648 1312 aliis
1679 1257 1935 1328 praedica-

331 1353 511 1418 verim,
539 1353 649 1422 ipse
673 1349 922 1422 reprobus
950 1351 1183 1405 inveniar
1209 1348 1401 1422 (Ibid.,
1426 1351 1544 1422 '27).

403 1445 492 1500 25.
523 1445 691 1500 Suuul
717 1445 1086 1499 inﬁrmitatem
1108 1458 1263 1498 suam
1286 1443 1534 1498 diabolus
1559 1443 1933 1512 malitiamque

331 1539 612 1609 designat;
642 1537 669 1576 δ
706 1539 833 1608 quia
865 1537 1070 1592 nemini
1097 1545 1271 1607 potest
1301 1551 1500 1592 nocere
1525 1536 1798 1603 diabolus,
1827 1536 1930 1590 nisi

330 1636 449 1704 ipse
499 1648 559 1690 se
606 1635 835 1689 miserit.
871 1633 1008 1689 Nam
1048 1635 1140 1704 qui
1173 1634 1381 1688 relictis
1409 1633 1750 1697 cmlestibus,
1779 1634 1934 1704 eligit

327 1736 541 1782 terrena
561 1769 576 1795 ,
608 1727 968 1781 voluntarium
1001 1725 1274 1796 quoddam
1312 1725 1673 1795 praecipitium
1700 1725 1825 1779 vita:
1855 1725 1933 1780 la-

2040 529 2202 570 tuum.
2235 517 2293 572 1n
2333 533 2440 588 quo
2479 528 2533 573 et
2578 518 2867 572 Dominum
2911 529 2965 573 et
3003 519 3176 574 Deum
3222 518 3502 574 Christum
3539 534 3554 571 :
3596 523 3654 571 et

2042 609 2254 664 Patrem
2298 621 2352 664 et.
2394 610 2586 664 Filium
2631 613 2914 680 potestatis
2957 613 3117 666 unius
3159 626 3280 667 esse
3317 609 3644 680 cognoscis,

2032 701 2186 772 juxta
2219 703 2361 772 quod
2395 706 2654 772 scriptum
2685 714 2807 759 est:
2847 704 2959 775 Ego
2987 714 3034 757 et
3068 702 3227 758 Pater
3263 719 3426 758 unum
3467 715 3654 757 sumus

2038 795 2228 868 (Joan.
2268 814 2296 850 κ
2319 840 2333 863 ,
2367 797 2496 868 50).
2533 799 2595 852 Et
2628 799 2748 853 ideo
2778 799 2824 853 si
2861 797 3036 853 Unum
3065 797 3314 852 obtendit
3354 795 3643 862 diabolus,

2036 903 2266 943 occurre
2310 891 2358 944 ei
2410 891 2533 958 quia
2581 891 2845 957 scriptum
2892 899 3014 944 est:
3062 887 3176 960 Ego
3215 899 3260 944 et
3295 887 3459 942 Pater
3486 903 3647 941 unum

2035 996 2232 1035 sumus.
2269 981 2337 1034 Et
2365 981 2640 1050 distingue
2672 981 2875 1048 Unum,
2915 984 2938 1012 ⁸
2971 998 3041 1036 ne
3065 991 3404 1050 potestatem
3431 980 3646 1034 discer-

2036 1090 2164 1128 nas:
2189 1076 2461 1146 distingue
2487 1075 2682 1143 Unum,
2710 1093 2774 1131 ne
2798 1076 3014 1130 Patrem
3038 1075 3344 1146 Filiumque
3363 1088 3646 1129 secernas.

2105 1169 2291 1240 (Vers.
2323 1170 2406 1240 5.)
2431 1169 2496 1224 Et
2523 1171 2670 1224 duxit
2697 1171 2846 1224 illum
2869 1170 3107 1223 diabolus
3131 1170 3317 1223 iterum
3344 1169 3402 1222 in
3425 1177 3649 1222 montem

2035 1262 2343 1317 altissimum
2363 1303 2378 1328 ,
2411 1273 2457 1317 et
2484 1263 2708 1318 ostendit
2739 1263 2821 1316 illi
2852 1263 3028 1316 omnia
3058 1270 3218 1333 regna
3247 1261 3387 1316 orbis
3417 1270 3569 1315 teme
3594 1259 3649 1314 in

2037 1365 2292 1409 momento
2326 1356 2592 1421 temporis.

2105 1445 2198 1500 28.
2233 1445 2376 1500 Bene
2418 1451 2471 1500 tn
2513 1451 2791 1499 momento
2836 1445 3099 1514 temporis
3128 1444 3418 1500 «scalaria
3447 1454 3504 1500 et
3537 1453 3647 1501 ter-

2037 1553 2167 1593 rena
2200 1547 2596 1592 monstrantur.
2631 1537 2748 1592 Non
2780 1539 2925 1592 enim
2959 1547 3068 1592 tam
3099 1547 3427 1608 conspectus
3453 1538 3648 1594 celeri-

2037 1640 2118 1685 tas
2146 1631 2439 1698 indicatur,
2472 1646 2634 1701 quam
2665 1630 2888 1686 caduca:
2920 1630 3186 1701 fragilitas
3218 1632 3507 1699 potestatis
3545 1646 3648 1686 ex-

2037 1724 2328 1792 primitur;
2362 1725 2416 1778 in
2449 1733 2733 1778 momento
2762 1724 2907 1778 enim
2939 1733 3135 1778 cuncta
3168 1723 3258 1778 illa
3289 1733 3646 1794 prmtereunt,

328 1823 506 1878 beatis
539 1822 785 1877 incurrit.
810 1821 984 1876 Simul
1015 1821 1271 1890 quoniam
1303 1821 1469 1876 telum
1497 1835 1653 1874 suum
1681 1819 1928 1873 diabolus
1957 1825 2006 1886 B
2034 1826 2090 1872 et
2117 1832 2262 1886 saepe
2294 1816 2468 1871 honor
2509 1818 2692 1872 steculi
2724 1817 2836 1871 abit
2883 1827 3171 1886 antequam
3221 1818 3457 1887 venerit.
3509 1817 3648 1884 Quid

330 1917 462 1970 vidit
489 1916 776 1980 obtusum,
808 1915 899 1985 qui
925 1920 1118 1969 omnes
1145 1913 1392 1968 homines
1421 1914 1654 1981 proprias
1684 1911 1934 1980 subjcce-

329 2020 413 2062 rat
457 2008 738 2076 petcstati,
769 2006 1094 2075 plus'cmpit
1142 2019 1302 2075 qttam
1353 2004 1624 2058 hominem
1661 2003 1927 2071 judicare.

327 2099 434 2153 Sed
476 2098 740 2153 Dominus
771 2112 956 2152 rursus
995 2111 1094 2151 nec
1122 2111 1185 2151 ea
1223 2095 1439 2165 quidem
1479 2110 1598 2164 qua:
1624 2095 1694 2149 de
1722 2110 1781 2148 se
1809 2093 1931 2148 fue-

327 2198 451 2246 rant
498 2189 814 2259 prophetale
863 2188 930 2243 ad
975 2187 1261 2243 arbitrium
1308 2187 1510 2242 diaboli
1562 2188 1769 2257 putavit
1809 2201 1934 2242 esse

326 2281 571 2337 facienda
600 2300 614 2336 :
643 2282 739 2337 sed
765 2281 1066 2336 divinitatis
1093 2281 1329 2350 propria:
1350 2278 1673 2334 auctoritate
1694 2287 1930 2344 servata,

329 2372 585 2429 versutia:
625 2374 740 2444 ejus
772 2376 1046 2438 occurrit;
1073 2385 1130 2428 ut
1159 2374 1284 2442 quia
1313 2372 1716 2443 Scripturarum
1741 2386 1935 2425 exeru-

329 2466 478 2537 plum
527 2467 910 2536 praetenderat,
953 2466 1358 2537 Scripturarum
1401 2466 1714 2521 vinceretur
1743 2478 1932 2518 exeru-

332 2565 456 2637 plis.
493 2566 740 2621 Potestas
778 2565 924 2620 enim
958 2564 1072 2619 Deo
1111 2565 1352 2628 vincere,
1398 2571 1422 2601 ο
1463 2563 1554 2632 qui
1583 2559 1930 2615 mihivincit.

401 2663 493 2717 26.
529 2664 684 2717 Disce
725 2662 813 2715 hic
842 2675 1058 2731 quoque
1086 2659 1208 2727 quia
1236 2657 1469 2713 Satanas
1495 2654 1843 2725 transfigurat
1872 2666 1932 2707 se

330 2757 478 2811 velut
516 2755 767 2824 angelum
815 2755 982 2819 lucis,
1026 2763 1081 2808 et
1120 2752 1190 2807 de
1223 2751 1528 2820 Scripturis
1559 2750 1690 2819 ipsis
1733 2747 1932 2802 divinis

329 2862 478 2917 saepe
520 2849 771 2918 laqueum
823 2847 1075 2901 lidelibus
1119 2853 1291 2915 parat.
1339 2844 1429 2899 Sic
1461 2843 1749 2897 luereticos
1779 2839 1931 2908 facit,

330 2947 410 3000 sic
439 2945 706 3000 eviscerat
734 2943 919 3006 fidem,
953 2942 1031 2995 sic
1054 2940 1178 3009 jura
1206 2940 1422 3008 pictatis
1453 2938 1756 3007 impugnat.
1789 2936 1933 3006 Ergo

331 3055 440 3096 non
479 3049 532 3095 te
570 3039 749 3109 cupiat
797 3036 1117 3105 lmreticps;
1147 3034 1270 3102 quia
1315 3041 1492 3100 potest
1521 3032 1588 3086 de
1629 3032 1932 3098 Scripturis

331 3139 507 3208 aliqua
538 3133 784 3200 exeutpla
821 3127 1089 3200 proferre,
1123 3140 1222 3180 nec
1250 3125 1352 3177 sibi
1385 3133 1603 3191 arroget
1627 3122 1770 3190 quod
1801 3122 1932 3176 doc-

2037 1911 2181 1966 enim
2205 1910 2387 1964 saiculi
2413 1913 2594 1979 potest
2615 1924 2736 1965 esse
2757 1910 3095 1977 diuturnum,
3115 1926 3235 1964 cum
3259 1913 3374 1980 ipsa
3392 1911 3648 1966 diuturna
3723 1972 3730 1976 τ

2040 2019 2145 2055 non
2167 2004 2274 2055 sint
2296 2003 2518 2057 saecula?
2536 2002 2808 2058 Docemur
2827 2001 2917 2057 hic
2943 2003 3115 2057 inanis
3138 2003 3457 2058 ambitionis
3481 2002 3648 2057 ﬂabra

2036 2094 2320 2164 despicere
2342 2135 2358 2160 ,
2388 2095 2534 2164 quod
2566 2096 2743 2149 omnis
2771 2095 3008 2165 dignitas
3037 2094 3319 2153 saecularis
3359 2095 3650 2151 diaboliczu

2037 2188 2316 2258 subjaceat
2347 2189 2640 2258 patestati:
2674 2188 2741 2242 ad
2777 2203 2933 2243 usum
2975 2188 3225 2258 fragilis,
3266 2197 3320 2244 et
3357 2187 3539 2243 inanis
3580 2188 3648 2243 ad

2039 2281 2298 2336 fructum.

2108 2374 2200 2429 29.
2234 2374 2342 2430 Sed
2373 2373 2646 2444 quomodo
2675 2373 2761 2428 hic
2787 2373 2882 2429 dat
2910 2373 3163 2429 diabolus
3191 2383 3520 2443 potestatem
3547 2394 3560 2428 :
3593 2385 3649 2432 et

2037 2466 2167 2520 alibi
2199 2466 2418 2536 legitur,
2451 2467 2573 2536 quia
2608 2465 2789 2520 Omnis
2833 2477 3057 2534 potestas
3101 2484 3134 2520 a
3173 2465 3284 2521 Deo
3325 2476 3402 2520 est
3443 2466 3640 2538 (Rom.

2041 2575 2175 2626 xm,
2212 2561 2308 2629 1)?
2337 2557 2608 2629 Numquid
2641 2568 2824 2628 potest
2852 2559 2973 2630 quis
3016 2560 3225 2614 duobus
3255 2559 3498 2614 dominis
3527 2575 3645 2614 ser-

2005 2653 2155 2707 ~vire
2181 2691 2194 2717 ,
2227 2661 2320 2707 aut
2348 2668 2378 2707 a
2410 2652 2622 2708 duobus
2660 2654 2912 2723 accipere
2956 2653 3328 2723 potestatem?
3372 2652 3646 2724 Numquid

2038 2762 2170 2815 ergo
2197 2726 2534 2802 contrarium
2567 2748 2692 2802 est?
2723 2747 2960 2802 Minime.
2993 2748 3104 2803 Sed
3133 2748 3256 2804 vide
3294 2749 3420 2819 quia
3464 2750 3645 2803 omnia

2037 2859 2065 2892 a
2101 2841 2250 2904 Deo;
2283 2856 2458 2911 neque
2483 2843 2626 2896 enim
2652 2842 2771 2907 sine
2805 2841 2916 2896 Deo
2945 2841 3217 2906 mundus;
3249 2843 3372 2909 quia
3405 2841 3470 2895 Et
3496 2858 3644 2896 mun-

2037 2933 2133 2988 dus
2163 2951 2252 3003 per
2280 2933 2449 3001 ipsum
2481 2937 2650 3004 factus
2690 2946 2762 2987 est
2804 2933 2986 3002 (Joan.
3018 2950 3072 2998 1,
3115 2934 3184 2990 10
3209 2932 3226 3005 )
3254 2951 3270 2990 :
3312 2935 3411 2990 sed
3453 2936 3585 2990 licet
3613 2951 3642 2990 a

2041 3026 2152 3078 Deo
2182 3023 2356 3080 factus
2384 3027 2498 3091 sit;
2534 3036 2713 3080 tamen
2744 3041 2912 3095 opera
2967 3029 3088 3096 ejus
3138 3027 3276 3081 mala
3299 3069 3314 3093 ,
3368 3030 3496 3097 quia
3538 3044 3638 3082 sa:-

2036 3118 2214 3171 culum
2249 3119 2298 3171 in
2335 3118 2572 3187 maligno
2601 3119 2834 3188 positum
2862 3129 2982 3185 est;
3013 3127 3072 3174 et
3096 3120 3370 3176 ordinatio
3402 3121 3587 3176 mundi
3614 3137 3642 3176 a

333 3242 421 3284 tus
468 3229 700 3282 videtur.
737 3222 916 3280 Utitur
956 3229 1011 3274 et
1037 3216 1285 3272 diabolus
1317 3215 1640 3268 testimoniis
1688 3212 1934 3281 Scriptu—
1961 3216 2006 3280 C
2039 3211 2182 3279 Deo,
2217 3227 2381 3281 opera
2414 3214 2599 3268 tnundi
2629 3230 2657 3266 a
2689 3215 2829 3268 malo
2862 3212 3042 3285 (Joan.
3078 3229 3131 3281 ν,
3166 3213 3276 3283 19),
3316 3215 3390 3268 lia
3418 3217 3580 3270 eum"
3611 3232 3640 3270 a

330 3338 512 3378 rarum
543 3336 648 3374 non
681 3327 738 3372 ut
767 3318 980 3378 doceat,
1009 3311 1104 3367 sed
1139 3320 1198 3363 ut
1230 3307 1643 3363 circumscribat
1675 3316 1730 3360 et
1756 3304 1925 3358 fallat.

333 3413 596 3483 Cognovit
628 3411 862 3480 aliquem
893 3416 1158 3460 attentum
1195 3401 1466 3470 religioni,
1498 3398 1788 3453 virtutibus
1817 3398 1930 3451 cla-

332 3521 473 3568 rum,
498 3503 662 3573 signis
686 3509 742 3554 et
763 3499 1020 3570 operibus
1051 3505 1441 3566 praepotentem
1469 3507 1482 3544 :
1508 3491 1784 3560 jactantiat
1811 3499 1930 3544 ten-

329 3601 410 3656 dit
459 3600 733 3668 laqueum,
789 3604 846 3648 ut
895 3591 1203 3661 huiusmodi
1250 3588 1424 3642 virum
1476 3585 1627 3640 inﬂet
1676 3593 1924 3645 tumore;

337 3691 546 3766 13a]
578 3705 685 3761 quo
715 3687 897 3758 pietati
929 3699 990 3739 se
1018 3699 1126 3738 non
1151 3681 1360 3745 credat,
1394 3677 1490 3732 sed
1519 3676 1930 3744 credatjactan-

329 3790 420 3842 tiae
445 3805 456 3838 :
485 3801 584 3840 nec
613 3784 722 3838 Deo
743 3783 984 3850 deputet,
1020 3777 1114 3833 sed
1137 3775 1240 3830 sibi
1270 3779 1506 3842 arroget.
1542 3770 1778 3840 ldquoe
1797 3783 1931 3838 apo-

328 3881 454 3934 stoli
489 3892 596 3932 non
625 3877 677 3929 iu
701 3889 822 3939 suo,
847 3871 942 3927 sed
967 3871 1018 3925 in
1041 3868 1242 3925 Christi
1273 3867 1494 3921 nomine
1522 3861 1808 3918 daemoniis
1831 3863 1930 3914 itit-

329 3973 637 4042 perabaot;
678 3985 744 4023 tle
792 3979 1051 4035 arrogare
1091 3961 1196 4016 sibi
1226 3959 1428 4030 aliquid
1464 3957 1803 4013 viderentur.
1838 3953 1930 4010 Sic

333 4065 528 4119 Petrus
548 4059 577 4100 ἀ
626 4060 981 4130 parslyticum
1010 4065 1166 4110 curat
1194 4055 1382 4108 dicens
1420 4069 1434 4106 :
1467 4049 1534 4104 In
1573 4050 1778 4104 nomine
1802 4045 1931 4102 Iesu

250 4130 259 4136 ἢ
335 4156 600 4210 Nazareni
647 4168 818 4222 surge,
862 4159 909 4204 et
941 4150 1146 4202 ambula
1176 4146 1316 4220 (Act.
1361 4162 1441 4209 ttt,
1470 4143 1548 4212 ὓ).
1581 4145 1736 4198 Disce
1760 4145 1928 4198 etiam

335 4251 405 4305 de
455 4247 619 4303 Paulo
644 4243 958 4311 jactantiam
991 4241 1198 4311 fugere.
1229 4240 1382 4302 Scio,
1411 4237 1607 4306 inquit,
1634 4235 1926 4300 hominem,

331 4343 438 4396 sive
465 4341 518 4393 in
565 4352 812 4406 corpore,
841 4335 944 4390 siste
983 4345 1130 4387 extra
1156 4346 1348 4396 corpus
1380 4329 1548 4383 nescio
1567 4367 1584 4394 ,
1620 4326 1762 4380 Deus
1801 4327 1928 4390 scit,

330 4435 571 4506 quoniam
589 4441 772 4500 raptus
798 4439 870 4484 est
891 4427 945 4482 in
969 4427 1291 4498 paradisum,
1328 4431 1378 4478 et
1399 4421 1598 4475 audivit
1625 4420 1774 4474 verba
1798 4421 1930 4487 inef-
1966 4480 1974 4488 .

331 4527 511 4598 [abitio
535 4564 551 4592 ,
588 4538 703 4593 qua:
755 4539 858 4575 non
896 4522 1013 4575 licet
1058 4517 1256 4573 homini
1279 4515 1439 4586 loqui.
1488 4513 1598 4568 Pro
1629 4510 1931 4585 Itujusntodi

2036 3306 2145 3358 Deo
2175 3313 2503 3374 potestatum
2535 3305 2808 3361 ordinatio
2838 3324 2852 3360 :
2884 3322 2913 3360 a
2947 3307 3090 3361 malo
3130 3307 3359 3362 ambitio
3404 3318 3641 3375 potesta-

2035 3401 2126 3454 tis.
2159 3401 2438 3472 Denique:
2476 3400 2600 3456 Non
2632 3410 2745 3468 est,
2789 3401 3000 3471 inquit,
3043 3411 3263 3471 potestas
3305 3404 3407 3457 nisi
3432 3416 3463 3458 a
3492 3401 3643 3458 Deo:

2033 3509 2146 3562 qua:
2170 3505 2342 3547 autent
2368 3503 2519 3555 sunt.
2550 3511 2581 3547 a
2611 3493 2716 3547 Deo
2741 3495 2994 3549 ordinata:
3018 3505 3138 3548 sunt
3163 3493 3341 3565 (Rom.
3378 3510 3512 3560 aut,
3551 3498 3602 3563 i)
3627 3512 3642 3560 ;

2035 3601 2139 3640 non
2173 3586 2314 3640 data:
2337 3627 2350 3649 ,
2381 3586 2475 3640 sed
2508 3587 2814 3640 ordinatas:
2847 3596 2938 3652 et,
2985 3586 3085 3650 Qui
3122 3587 3315 3640 resistit
3359 3590 3642 3656 potestati,

2033 3677 2132 3732 Dei
2150 3720 2164 3741 ,
2197 3679 2367 3747 inquit
2386 3719 2400 3742 ,
2424 3679 2738 3732 ordinationi
2764 3680 2954 3733 resistit
2981 3677 3170 3750 (lbid.,
3192 3678 3269 3749 Ξ).
3290 3679 3397 3740 Hic
3421 3695 3643 3751 quoque

2035 3771 2163 3825 licet
2193 3771 2341 3825 dicat
2369 3770 2500 3825 dare
2531 3785 2590 3825 se
2632 3771 2882 3826 diabolus
2929 3779 3251 3841 potestatem
3278 3814 3290 3835 ,
3332 3775 3521 3826 omnia
3565 3785 3643 3827 ta-

2034 3879 2157 3918 men
2189 3865 2280 3918 illa
2311 3863 2378 3918 ad
2413 3873 2624 3934 tempus
2659 3867 2923 3933 permissa
2964 3865 3069 3918 sibi
3112 3879 3236 3919 esse
3276 3879 3385 3918 non
3427 3865 3639 3919 abnuit.

2036 3959 2218 4028 Itaque
2263 3959 2352 4028 qui
2389 3957 2673 4027 permisit,
2705 3957 3016 4012 ordinavit:
3049 3973 3151 4012 nec
3181 3968 3422 4028 potestas
3457 3961 3597 4014 mala
3624 4001 3639 4026 ,

2033 4053 2130 4107 scd
2161 4053 2208 4106 is
2235 4053 2328 4122 qui
2370 4052 2511 4106 male
2553 4052 2720 4107 utitur
2761 4061 3051 4122 potestate.
3101 4044 3378 4122 Denique,
3421 4052 3512 4108 Vis
3541 4070 3644 4107 non

2039 4142 2251 4216 1342
2291 4145 2468 4198 tintere
2510 4145 2856 4215 potestatem?
2900 4141 3014 4197 Fac
3062 4145 3282 4211 bonum,
3333 4154 3381 4198 et
3431 4145 3645 4200 habebis

2034 4237 2240 4291 laudent
2270 4253 2335 4290 ex
2363 4237 2457 4290 illa
2485 4235 2693 4308 (Ibid.,
2726 4237 2760 4290 3
2779 4242 2819 4306 ).
2863 4235 2978 4290 Non
3009 4251 3142 4307 ergo
3173 4247 3414 4306 potestas
3458 4239 3600 4291 mala
3625 4277 3641 4303 ,

2033 4331 2130 4387 sed
2159 4330 2404 4385 ambitio.
2443 4330 2684 4398 Denique
2711 4345 2777 4384 eo
2807 4345 2976 4400 usque
3005 4346 3035 4383 a
3070 4329 3180 4384 Deo
3218 4329 3495 4384 ordinatio
3540 4345 3638 4400 po-

2035 4425 2247 4480 testatis
2277 4439 2292 4489 ;
2327 4434 2384 4478 ut
2417 4423 2510 4478 Dei
2542 4423 2792 4478 minister
2821 4423 2890 4477 sit
2916 4463 2930 4488 ,
2961 4423 3052 4492 qui
3085 4423 3223 4477 bene
3249 4425 3421 4477 utitur
3463 4434 3643 4493 pates-

2036 4528 2146 4574 tate
2171 4537 2184 4572 :
2218 4515 2315 4573 Dei
2335 4557 2352 4584 ,
2398 4518 2605 4588 inquit,
2637 4518 2870 4571 minister
2896 4525 2968 4570 est
2997 4517 3088 4570 tibi
3116 4517 3168 4570 in
3202 4517 3393 4570 bonum
3423 4516 3442 4590 (
3472 4517 3636 4583 lbid.,

331 4589 616 4695 gloriabor,
645 4633 738 4689 pro
766 4633 846 4670 me
879 4625 1051 4669 autem
1074 4628 1174 4666 non
1203 4609 1489 4684 gloriabor,
1515 4608 1615 4663 nisi
1639 4607 1691 4662 in
1711 4606 1934 4675 in/irnti-
1959 4589 2009 4650 Ῑ)
2037 4614 2070 4668 4
2090 4614 2130 4686 ),
2164 4613 2282 4669 Non
2313 4629 2444 4690 ergo
2476 4613 2720 4667 muneris
2751 4613 2929 4678 aliqua
2962 4610 3118 4682 culpa
3148 4621 3233 4667 est
3254 4653 3268 4675 ,
3301 4611 3399 4667 sed
3436 4589 3640 4667 minis.

286 4764 297 4771 .
325 4715 513 4767 tatibus
539 4711 662 4764 meis
695 4707 760 4780 (ll
781 4705 901 4762 Cor.
935 4721 1029 4772 xu,
1055 4703 1200 4774 5-5).

397 4805 490 4859 27.
527 4803 667 4872 Ergo
696 4811 752 4856 et
779 4800 865 4854 hic
891 4799 1173 4862 diabolus,
1203 4795 1461 4866 quoniam
1494 4793 1689 4865 fortem
1722 4791 1924 4858 sensit,

318 4896 636 4969 jactantiam
667 4892 980 4965 praetendit,
1011 4903 1133 4962 quae
1165 4890 1326 4945 etiam
1357 4886 1530 4943 fortes
1560 4885 1797 4956 decipit:
1830 4886 1927 4941 sed

398 5041 424 5071 ιι
453 5034 655 5088 Omnes
687 5029 820 5086 edit.
845 5043 917 5083 ac.
941 5041 1073 5081 mss.
1093 5022 1363 5088 nonnulli,
1384 5037 1497 5076 cunt
1524 5021 1650 5076 dicit
1676 5040 1688 5076 :
1727 5021 1916 5089 Homo,

327 5107 473 5179 fortis
511 5111 638 5169 esto,
686 5112 734 5179 et
769 5101 954 5179 similis
986 5112 1155 5179 mane,
1189 5097 1395 5179 ultimae
1418 5094 1590 5179 Paris.
1616 5094 1848 5177 edi.t.,.et
1877 5095 1922 5148 si

321 5166 472 5231 inalis
501 5166 668 5230 mane.
703 5173 811 5227 Sed
853 5186 984 5226 mss.
1015 5169 1084 5223 de
1115 5167 1328 5221 meliori
1364 5173 1491 5220 nota
1527 5175 1582 5219 et
1605 5166 1794 5235 majori
1823 5183 1925 5221 nu-

321 5265 494 5314 mei-o,
540 5263 655 5302 cum
696 5245 817 5300 dicit
852 5243 1014 5314 (homo
1043 5255 1061 5296 :
1087 5235 1286 5314 _Forlis
1313 5253 1387 5314 es,
1419 5249 1525 5314 etc.
1568 5237 1792 5302 Melius;
1820 5238 1926 5298 hoc

325 5305 493 5373 enim'
527 5317 760 5372 refertur
798 5313 864 5367 ad
915 5312 1165 5382 superius
1207 5307 1338 5362 illud
1367 5323 1378 5360 :
1415 5305 1737 5382 Consequens
1765 5319 1836 5363 est
1869 5319 1923 5364 ut

327 5408 416 5460 per
447 5389 701 5460 hominem
722 5385 965 5460 diabolus
986 5380 1042 5437 te
1067 5389 1204 5460 putet
1233 5396 1339 5460 esse
1361 5380 1682 5433 tentandum.

398 5460 426 5499 δ
463 5459 623 5514 Rom.
668 5449 1188 5529 edit.'(sola,';_q'uittJ
1205 5451 1490 5521 neminem...
1515 5461 1678 5520 potest
1728 5449 1926 5507 mittere

327 5532 590 5586 deorsum.

399 5611 420 5638 ο
452 5604 656 5654 Uinnes
692 5597 825 5653 edit.
869 5612 932 5651 ac
959 5610 1090 5650 mss.
1127 5610 1232 5648 non
1268 5593 1447 5663 pauci,
1479 5591 1756 5662 Scriptura
1793 5591 1921 5645 mihi

322 5672 493 5725 vincit.
527 5672 597 5724 At
622 5685 751 5721 mss.
789 5667 1029 5723 melioris
1059 5675 1224 5729 nota),
1255 5667 1341 5732 qui
1374 5663 1498 5716 nti/ti
1530 5664 1704 5716 vincit.

393 5739 419 5778 ἀ
451 5743 542 5795 Sic
570 5747 904 5794 oumesmss.
935 5752 998 5790 ac
1027 5745 1130 5790 vet.
1161 5737 1291 5789 edit.
1323 5735 1478 5789 ltom.
1509 5732 1923 5800 vero,rlaudutn

323 5831 493 5886 curato
522 5809 629 5866 Sed
657 5819 783 5886 quid
810 5821 856 5874 si
886 5837 1007 5878 eum
1037 5841 1106 5880 ex
1144 5827 1416 5898 paralysi,
1456 5842 1553 5892 seu
1587 5827 1923 5888 resolutione

2037 4709 2142 4762 tri:
2177 4722 2279 4762 nec
2310 4707 2404 4761 Dci
2436 4714 2616 4776 potest
2643 4705 2914 4760 ordinatio
2954 4705 3246 4775 displicere
3269 4747 3282 4770 ,
3326 4705 3421 4760 sed
3464 4705 3640 4760 admi-

2036 4799 2318 4854 nistrantis
2363 4801 2525 4854 actio.
2578 4797 2710 4853 Nam
2751 4809 2808 4852 ut
2847 4799 2914 4854 de
2955 4799 3272 4854 coelestibus
3311 4798 3377 4852 ad
3425 4809 3636 4854 terrena

2034 4891 2343 4946 derivemus
2372 4889 2716 4960 exemplum,
2767 4890 2860 4945 dat
2907 4890 3169 4945 honorem
3217 4889 3536 4959 imperator,
3584 4900 3641 4946 et

2027 5041 2315 5082 nervorum
2354 5024 2689 5080 claudicassc
2734 5033 2883 5078 ratus
2929 5029 3013 5077 est
3058 5031 3241 5076 noster
3269 5022 3641 5080 Ambrosius?

2111 5106 2133 5134 ε
2172 5097 2313 5151 Edit.
2359 5097 2551 5161 liom.,
2599 5111 2699 5149 non
2747 5105 2805 5149 ut
2856 5101 3155 5166 potestatem
3205 5095 3503 5162 discernas,
3549 5097 3638 5150 sed

2028 5179 2083 5223 ut
2112 5167 2322 5222 Patrem
2350 5167 2650 5237 Filiumque
2675 5183 2932 5222 secernas.
2975 5166 3300 5235 Perspicuus
3335 5181 3563 5228 sensus.
3592 5170 3638 5222 si

2031 5255 2139 5310 quo
2179 5255 2312 5296 mss.
2351 5241 2698 5310 autaliarum
2725 5238 2859 5293 edit.
2892 5238 3144 5306 praesidio
3175 5239 3638 5310 lirmaretur.‘Ve-

2032 5307 2200 5366 terem
2245 5312 2405 5380 igitur
2447 5309 2733 5365 lectionem
2777 5310 3202 5378 interpretamur
3230 5307 3296 5380 in
3341 5310 3489 5362 hunc
3522 5325 3636 5363 tuo-

2032 5384 2159 5437 dum
2190 5402 2201 5435 :
2236 5378 2433 5450 A'ccipe
2471 5397 2662 5436 vocem
2687 5421 2700 5444 ,
2741 5396 2941 5444 unum,
2984 5396 3050 5433 eo
3089 5378 3319 5433 consilio
3362 5382 3630 5448 positam,

2031 5468 2100 5509 ne
2132 5453 2307 5507 Patris
2336 5449 2400 5508 ac
2428 5452 2546 5506 Filii
2593 5461 2916 5520 potestatem
2960 5449 3300 5520 distinguas,
3347 5452 3432 5504 vel
3473 5452 3630 5506 aliam

2031 5489 2064 5508 ..
2132 5489 2307 5507 ...κισ
2336 5489 2400 5508 ..ν
2428 5489 2546 5506 ιι...
2629 5489 2916 5505 "mum...
2960 5489 3123 5506 ...ουκ
3170 5489 3265 5504 ιη...
3354 5489 3432 5504 ω.
3473 5489 3630 5506 -.......

2007 5489 2312 5592 personam
2345 5524 2411 5579 ab
2441 5524 2545 5577 alia
2575 5489 2842 5592 slepares;
2879 5538 2998 5575 nam
3046 5531 3100 5574 ut
3130 5489 3215 5574 git
3258 5489 3430 5576 liilar.
3462 5537 3533 5577 vn
3565 5523 3631 5578 de

2023 5593 2222 5651 Tt‘init.
2253 5614 2264 5648 :
2298 5593 2365 5648 In
2395 5593 2585 5649 divinis
2615 5593 2850 5666 personis
2878 5593 3339 5666 nihildivcrsunt:
3366 5632 3380 5645 .
3411 5637 3424 5648 .
3446 5632 3468 5666 ν.
3502 5592 3631 5666 nihil

2024 5667 2336 5732 separabile,
2366 5676 2498 5732 etc.,
2531 5657 2654 5720 cum
2689 5663 2847 5719 Pater
2881 5665 2932 5717 in
2965 5662 3130 5730 Filio,
3153 5673 3208 5717 et
3242 5657 3412 5719 Filius
3440 5665 3494 5719 in
3527 5665 3627 5718 Pa-

2025 5747 2107 5819 t‘re
2135 5737 2209 5819 sit
2240 5738 2448 5819 unitate
2477 5747 2706 5819 naturai.
2733 5736 2872 5819 _Qu:c
2902 5733 3076 5819 fusius
3112 5735 3354 5805 explicat
3397 5735 3626 5819 ipsemet

2024 5806 2348 5880 Ambrosius
2377 5807 2469 5865 lib.
2503 5823 2519 5864 1
2551 5807 2618 5864 de
2649 5805 2806 5876 Fide,
2833 5821 2953 5881 cap.
2991 5806 3048 5865 2.
