3960 6298
232 320 352 383 1621

1168 311 1531 372 EXPOSITIO
1566 312 1828 374 EVANG.
1868 312 2024 373 διο.
2064 311 2225 371 LUC.
2266 313 2399 371 LIB.
2440 313 2535 370 IV.

3365 317 3523 411 1823.

225 439 375 495 habet
396 433 627 491 laudem.
650 423 803 500 Quod
828 431 873 487 si
894 430 1018 502 quis
1039 429 1179 486 male
1207 430 1417 484 honore
1444 441 1575 484 usus
1605 426 1793 496 fuerit,
1824 430 1880 491 Α
1903 426 2181 484 radicibus
2219 427 2404 484 nullus
2442 440 2676 485 occasus
2699 436 2783 485 est
2812 445 2825 485 ε
2856 437 2911 485 at
2944 428 3001 485 in
3038 429 3174 486 mari
3202 429 3506 491 furentibus

222 546 320 588 non
365 525 705 598 imperatoris
750 534 835 580 est
877 523 1069 593 culpa,
1104 530 1131 561 ι
1170 521 1268 577 sed
1314 518 1534 589 iudicis.
1588 519 1803 575 Habent

220 637 361 680 reum
391 634 544 677 suum
574 619 800 674 crimina
826 660 841 684 ,
874 631 980 672 non
1010 617 1135 688 quia
1167 624 1411 687 potestas
1441 629 1800 686 unumquem-

217 729 313 788 que
333 756 347 780 ,
372 715 463 768 sed
496 711 697 767 malitia
728 726 823 766 sua
855 709 1119 780 implicat.

280 810 365 866 30.
395 806 533 876 Quid
563 804 740 876 ergo?
769 804 979 859 Bonum
1010 809 1097 859 est
1124 802 1203 857 uti
1234 808 1536 872 potestate,
1577 799 1801 855 studere

217 898 440 959 honori?
469 900 674 955 Bonum
706 899 751 954 si
786 897 1084 963 deferatur,
1126 911 1234 951 non
1274 894 1559 964 eripiatur.
1593 892 1799 948 Distino

216 1011 309 1069 gue
337 1004 515 1050 tamen
549 993 650 1049 hoc
680 992 855 1061 ipsum
888 992 1112 1047 bonum.
1146 988 1301 1044 Alius
1343 986 1490 1042 enim
1534 985 1712 1041 bonus
1742 984 1795 1039 in

217 1088 428 1155 saeculo,
478 1085 620 1142 alius
669 1085 925 1156 perfectis
973 1082 1406 1148 virtutisusus;
1456 1081 1658 1137 bonum
1712 1086 1801 1135 est

218 1179 345 1236 enim
374 1177 768 1249 cognoscendae
795 1176 1092 1232 divinitatis
1123 1173 1359 1230 studium
1381 1214 1397 1239 ,
1440 1172 1608 1227 nullis
1636 1186 1799 1227 occu-

215 1254 805 1343 patintilbtls‘impediri.
841 1269 974 1325 Nam
1016 1268 1119 1324 etsi
1163 1266 1330 1322 multa
1371 1267 1546 1329 bona,
1580 1279 1684 1319 una
1719 1272 1794 1318 ta-

213 1380 321 1421 men
349 1374 429 1420 est
455 1363 566 1420 vita
596 1374 801 1419 aeterna
827 1380 840 1416 :
877 1362 1004 1417 Hac
1035 1371 1110 1417 est
1140 1371 1312 1416 autem
1340 1361 1451 1414 uita
1475 1367 1706 1427 reterns,
1738 1365 1796 1412 ut

212 1468 495 1529 cognoscant
525 1467 585 1512 te
606 1458 776 1511 solum
801 1472 975 1511 verum
1004 1450 1207 1522 Deum,
1238 1464 1285 1508 et
1310 1469 1460 1523 quem
1487 1452 1673 1506 misisti
1697 1451 1794 1506 Je-

210 1569 308 1608 διατι
332 1550 592 1608 Christum
621 1552 639 1621 (
657 1549 815 1605 Joau.
848 1552 996 1615 κνῆ,
1029 1546 1120 1619 ὅ).
1157 1548 1222 1602 Et
1270 1547 1395 1602 ideo
1423 1546 1547 1601 vita:
1574 1553 1797 1601 :eterna:

209 1649 452 1703 maximus
491 1645 744 1711 fructus,
775 1650 833 1699 et
870 1644 1026 1699 solus
1069 1643 1213 1697 Deus
1251 1643 1377 1696 vitae
1418 1646 1798 1695 remuneratur

208 1748 404 1798 aeterna:
431 1749 539 1795 est.
569 1739 764 1795 Solum
790 1736 963 1793 Deum
991 1744 1050 1793 et
1072 1734 1360 1790 Dominum
1389 1743 1636 1789 nostrum
1666 1731 1799 1787 ado-

1902 524 2116 588 ventis,
2159 523 2262 579 etsi
2305 536 2412 578 non
2455 523 2697 579 omnium
2740 522 3112 595 naufragium.
3143 525 3386 583 omnium
3429 535 3511 581 tu-

1890 612 2026 672 'mcn
2059 616 2356 686 periculum
2383 625 2490 672 est.
2515 616 2594 671 lta
2621 615 2769 671 enim
2797 615 3041 673 adversis
3068 616 3288 674 ﬂatibus
3316 619 3510 689 nequi.

1901 710 1990 765 tia:
2017 708 2296 779 spiritalis,
2328 709 2508 764 nullus
2532 709 2584 762 in
2610 723 2777 764 arena
2806 710 2889 764 vel
2920 709 2974 765 in
3005 709 3122 764 salo
3148 718 3300 767 tutus
3328 719 3432 776 est,
3456 717 3516 769 et

1902 820 2069 860 naves
2103 804 2331 860 Tharsis
2365 804 2681 861 vehementi
2716 818 2864 874 stupe
2901 803 3095 875 spiritu
3125 813 3507 862 conteruntur.

1900 897 2030 953 Hinc
2070 899 2373 953 moraliter.
3025 879 3036 893 ’

1971 990 2060 1044 55.
2094 990 2364 1045 Caeterum
2394 988 2537 1060 quod
2568 988 2633 1043 ad
2664 989 2954 1059 mysticum
2986 988 3238 1046 ordinem
3269 997 3506 1059 spectat,

1899 1084 2080 1140 cernis
2110 1082 2310 1164 vetusti
2336 1083 2540 1137 erroris
2570 1081 2781 1137 vincula
2812 1082 2923 1137 suis
2953 1081 3192 1145 resoluta
3223 1080 3464 1152 vestigiis
3489 1097 3505 1147 ;

1897 1187 1957 1232 ut
1988 1177 2163 1245 primo
2187 1176 2331 1247 gula:
2349 1214 2365 1242 ,
2397 1183 2420 1212 ε
2445 1174 2687 1230 secundo
2719 1173 2994 1230 facilitatis
3017 1213 3033 1240 ,
3061 1175 3221 1231 tertio
3248 1176 3503 1231 ambitio-

1897 1271 1983 1325 nis
2012 1270 2239 1340 laqueus
2265 1269 2593 1324 solveretur.
2630 1267 2906 1324 Peilectus
2934 1276 3019 1323 est
3046 1268 3192 1323 enim
3224 1268 3396 1324 Adam
3424 1268 3509 1324 ci-

1897 1363 2007 1419 bo:
2046 1358 2066 1401 ἲ
2098 1374 2152 1419 et
2184 1364 2236 1417 in
2268 1363 2448 1417 locum
2474 1360 2780 1417 interdictae
2819 1360 3034 1416 arboris
3062 1361 3350 1417 sententiae
3377 1358 3512 1416 faci-

1896 1455 2048 1511 litate
2076 1463 2420 1523 trangressus
2440 1494 2455 1520 ,
2490 1453 2793 1509 temerariae
2816 1467 3035 1523 quoque
3059 1452 3376 1509 ambitionis
3404 1453 3511 1507 cri—

1897 1563 2021 1604 men
2061 1548 2312 1613 incurrit,
2337 1546 2464 1601 dum
2492 1544 2908 1601 similitudinem
2939 1543 3242 1600 divinitatis
3264 1542 3503 1598 aﬂ‘ectat.

1898 1640 1967 1695 Et
1993 1637 2114 1693 ideo
2145 1637 2295 1709 prius
2326 1636 2588 1692 Dominus
2615 1636 2818 1692 veteris
2850 1651 3022 1692 nexus
3052 1635 3217 1691 solvit
3249 1616 3506 1704 injuriae;

1899 1740 1959 1787 ut
2000 1745 2101 1786 nos
2142 1730 2277 1801 jugo
2318 1729 2652 1799 captivitatis
2696 1742 2967 1794 excusso,
3014 1728 3235 1784 vincere
3275 1726 3509 1786 crimina

206 1848 401 1897 remus,
432 1840 489 1886 et
532 1830 643 1902 ipsi
691 1831 795 1886 soli
845 1828 1192 1893 serviamus;
1239 1838 1296 1882 ut
1337 1827 1486 1882 solus
1531 1826 1648 1896 ipse
1694 1839 1795 1880 nos
1825 1832 1875 1895 Β
1901 1822 2307 1899 Scripturarum
2336 1818 2594 1891 praesidio
2622 1817 2986 1874 disceremus.

204 1925 361 1981 fructu
389 1930 709 1979 remuneret
733 1922 1090 1993 amplissimo.
1132 1921 1425 1993 Fugiamus
1454 1918 1637 1975 omnia
1669 1934 1790 1989 quas

203 2015 458 2073 diabolica
503 2015 802 2085 subiacent
846 2014 1138 2084 potestati;
1183 2028 1252 2068 ne
1299 2020 1573 2080 tamquam
1619 2010 1793 2065 malus

206 2122 441 2184 tyrannus
468 2111 534 2167 in
562 2124 680 2174 eos,
714 2123 853 2179 quos
879 2109 1022 2165 intra
1049 2124 1207 2165 suum
1238 2122 1461 2179 regnum
1491 2105 1790 2174 invenerit,

204 2212 414 2274 accepta:
443 2202 662 2259 smvitia
692 2201 977 2272 potestatis
1005 2209 1211 2256 utatur.

264 2295 346 2350 5i.
373 2294 493 2351 Non
533 2308 669 2365 ergo
695 2307 724 2347 a
751 2293 970 2349 diabolo
997 2300 1237 2364 potestas
1274 2298 1357 2346 est
1380 2332 1396 2357 ,
1431 2288 1529 2345 sed
1555 2287 1793 2346 obnoxia

206 2394 363 2443 tamen
394 2386 616 2444 insidiis
642 2387 869 2443 diaboli.
901 2386 1015 2442 Nec
1042 2394 1224 2441 tamen
1254 2385 1376 2440 ideo
1404 2384 1546 2439 mala
1573 2383 1795 2438 ordina-

208 2483 272 2536 tio
304 2466 635 2552 potestatum
656 2521 672 2547 ,
707 2480 835 2552 quia
872 2483 1017 2536 maio
1053 2479 1305 2536 obnoxia:
1342 2487 1657 2550 potestates.
1688 2477 1796 2533 Bo-

207 2590 315 2629 uum
362 2585 442 2631 est
487 2574 640 2631 enim
686 2575 854 2630 Deum
897 2588 1182 2644 quaerere,
1230 2572 1327 2628 sed
1367 2571 1584 2642 quidam
1624 2571 1795 2641 ipsius

207 2666 556 2733 inquisitionis
593 2666 871 2723 anfractus
909 2674 968 2722 et
1001 2682 1159 2723 error
1196 2666 1432 2736 obrepit.
1461 2664 1596 2720 Nam
1632 2664 1794 2720 si'in-

204 2761 416 2829 quisitor
437 2765 492 2817 in
519 2760 862 2830 sacrilegium
887 2775 1029 2815 saeva
1054 2760 1503 2830 interpretatione
1525 2768 1789 2826 vertatur,

206 2852 253 2906 iu
277 2853 509 2908 deterius
539 2851 773 2908 vertitur
798 2852 1092 2922 quaerentis
1112 2848 1140 2888 ι’
1162 2848 1392 2914 oiieusa,
1420 2863 1582 2920 quam
1610 2850 1655 2904 si
1681 2864 1791 2905 non

204 2947 469 3016 quasisset
498 2963 513 3000 :
547 2952 649 3001 nec
677 2953 858 3001 tamen
907 2942 1320 3014 inquisitionis,
1362 2941 1457 2998 sed
1484 2939 1793 3012 quaesitoris

206 3047 280 3094 est
312 3040 466 3109 culpa
493 3026 519 3094 τ’
551 3053 656 3094 nec
696 3037 976 3107 inquisitio
1017 3035 1255 3092 obnoxia
1297 3033 1465 3100 malo,
1508 3033 1605 3089 sed
1644 3048 1791 3104 quaer

204 3132 358 3187 rentis
383 3132 635 3188 aﬂ'ectus.
664 3130 821 3200 Quod
846 3131 892 3186 si
921 3130 968 3184 is
992 3131 1085 3199 qui
1114 3129 1278 3183 Deum
1304 3126 1502 3198 quaerit
1521 3162 1537 3193 ,
1569 3133 1792 3197 propter

203 3222 536 3295 fragilitatem
568 3224 785 3289 carnis,
822 3231 887 3278 et
914 3223 1115 3277 mentis
1140 3220 1414 3291 angustias
1441 3234 1587 3289 saepe
1613 3228 1786 3274 tenta-

206 3322 307 3383 tur;
332 3328 538 3389 quanto
563 3320 738 3389 magis
762 3318 853 3387 qui
881 3314 1141 3372 steculum
1166 3316 1364 3385 qtncrit
1381 3313 1648 3369 obnoxius
1672 3314 1785 3368 esti

205 3408 363 3480 Atque
397 3412 504 3466 hoc
544 3412 665 3481 ipso
704 3408 1062 3479 perniciosior
1100 3404 1363 3473 ambitio,
1406 3403 1789 3476 quod_blanda

205 3504 432 3574 quaedam
456 3514 539 3561 est
558 3502 989 3560 couciliatricula
1011 3501 1330 3571 dignitatum
1356 3516 1372 3564 ;
1399 3509 1454 3554 et
1482 3512 1629 3568 saepe
1651 3512 1790 3568 quos

208 3607 228 3632 ε
253 3598 372 3653 vitia
399 3598 544 3653 nulla
573 3594 851 3652 delectant
872 3637 886 3662 ,
917 3608 1055 3666 quos
1080 3594 1222 3648 nulla
1252 3590 1428 3663 putuit
1454 3605 1672 3646 movere
1707 3590 1789 3645 lu-

204 3693 363 3756 xuria,
390 3691 537 3747 nulla
567 3691 795 3746 avaritia
818 3690 1139 3745 subvertere
1155 3728 1170 3756 ,
1198 3686 1329 3741 facit
1350 3686 1575 3742 ambitio
1599 3686 1787 3741 crimi-

205 3800 371 3841 nosus.
407 3785 581 3843 liabet
616 3786 764 3840 enim
802 3784 1075 3839 forensem
1112 3780 1341 3851 gratiam
1367 3821 1382 3847 ,
1421 3779 1779 3834 domesticum

204 3878 369 3933 scelus
395 3895 410 3933 :
438 3885 495 3933 et
520 3887 575 3932 ut
598 3876 912 3932 dominetur
936 3874 1060 3930 aliis
1077 3910 1093 3941 ,
1124 3872 1274 3942 prius
1301 3871 1491 3927 servit.
1518 3869 1787 3927 Curvatur

205 3969 473 4044 obsequio,
501 3982 563 4027 ut
586 3973 798 4027 honore
812 3969 1046 4025 donetur
1070 3990 1084 4026 :
1110 3964 1139 4006 δ
1155 3972 1209 4023 et
1226 3967 1355 4022 dum
1379 3966 1494 4020 vult
1512 3978 1634 4021 esse
1660 3963 1788 4019 sub-

204 4061 370 4121 limior
407 4064 657 4121 simulata
710 4063 1051 4126 humilitate,
1092 4061 1151 4117 fit
1186 4060 1371 4127 vilior,
1407 4068 1462 4114 et
1502 4060 1561 4113 iit
1599 4058 1792 4114 remis-n

205 4158 338 4226 sior;
365 4176 485 4216 cum
511 4162 564 4215 in
592 4159 708 4230 ipsa
738 4166 1031 4228 potestate,
1055 4156 1199 4227 quod
1229 4153 1522 4225 praecellit,
1551 4153 1788 4208 alienum

206 4251 303 4317 sit;
331 4252 539 4321 legibus
563 4253 711 4307 enim
737 4250 1006 4318 imperat,
1037 4247 1142 4304 sibi
1166 4247 1357 4302 servit.

268 4343 355 4399 32.
385 4343 537 4399 Dicet
568 4342 801 4398 fortasse
834 4340 1068 4411 aliquis,
1108 4339 1233 4410 quia
1270 4338 1423 4393 solus
1455 4336 1546 4405 qui
1582 4334 1784 4391 malum

208 4433 415 4504 fecerit,
456 4439 647 4502 timet;
679 4445 857 4489 tamen
886 4433 977 4504 qui
1006 4447 1154 4487 mare
1179 4430 1429 4501 navigat,
1456 4429 1580 4500 plus
1611 4428 1784 4484 timet.

210 4526 268 4581 Et
285 4539 463 4599 contra
490 4531 544 4584 in
573 4526 842 4583 immobili
868 4534 1136 4580 terrarum
1165 4524 1401 4578 statione
1427 4519 1637 4594 1353
1657 4536 1789 4575 con-

210 4619 389 4676 sistens
410 4661 425 4688 ,
453 4636 561 4677 non
590 4604 734 4676 solet
759 4620 955 4674 timere
989 4614 1330 4686 naufragium
1361 4631 1374 4666 :
1415 4623 1472 4669 at
1504 4614 1551 4669 si
1583 4612 1785 4668 mobile

210 4714 522 4768 conscendat
572 4712 949 4775 elementum,
1003 4706 1460 4778 frequentioribus
1513 4704 1782 4760 obnoxius

212 4800 269 4857 ﬁt
291 4805 547 4874 periculis.
573 4805 724 4876 Fuge
758 4819 890 4874 ergo
912 4802 1098 4858 saeculi
1137 4816 1320 4865 mare,
1353 4807 1411 4855 et
1442 4796 1782 4868 naufragium

214 4912 310 4952 non
336 4897 559 4957 titu'ebis.
592 4899 661 4955 Et
694 4899 746 4953 si—
778 4898 1088 4968 frequenter
1123 4894 1378 4950 arborum
1414 4891 1647 4946 vertices
1682 4891 1785 4960 spi-

214 4994 426 5051 rantium
456 4995 748 5052 verberent
772 4991 941 5048 ﬂabra
969 4999 1254 5046 ventorum
1280 5004 1296 5053 ;
1324 4984 1574 5043 solidatis
1602 4993 1781 5041 tamen

282 5142 307 5171 ⁸
329 5132 476 5193 Rom.
510 5134 646 5193 edit.
677 5133 796 5190 sola
818 5174 834 5195 ,
862 5131 952 5186 sed
980 5131 1185 5185 utentis.
1219 5128 1293 5183 At
1319 5120 1407 5182 hic
1434 5125 1519 5197 agi
1550 5123 1619 5181 de
1644 5121 1789 5195 judi-

214 5204 360 5277 ciaria
389 5216 653 5277 potestate
683 5202 890 5277 liquido
916 5203 1151 5277 probant
1174 5200 1481 5277 superiora.

282 5274 308 5313 δ
333 5266 449 5337 [lese
475 5281 638 5336 verba
663 5318 678 5345 ,
709 5266 881 5343 Quam
910 5266 955 5345 Si
984 5291 1084 5329 non
1114 5266 1377 5345 quiuisset
1400 5285 1419 5334 ,'
1447 5277 1501 5324 et
1529 5266 1791 5345 inferiora

220 5344 330 5411 illa,
355 5351 597 5408 curiosius
627 5338 750 5415 est:
769 5347 903 5402 edit.
929 5342 1089 5400 Rom.
1124 5338 1425 5413 reiecerat;
1456 5339 1550 5415 sed
1584 5353 1705 5393 cum
1740 5338 1791 5392 in

223 5429 320 5470 vet.
349 5423 471 5476 edit.
503 5438 566 5481 ac
595 5412 735 5476 mss.
762 5414 1014 5475 omnibus
1047 5412 1418 5479 inveniantur,
1450 5412 1643 5468 eadem
1686 5423 1793 5465 non

221 5494 477 5548 restituere
502 5496 555 5547 in
582 5495 854 5562 integrum
883 5486 1071 5562 religio
1094 5486 1212 5562 iuit.
1314 5556 1344 5562 __
1428 5552 1439 5562 .
1484 5502 1543 5562 _'

292 5572 308 5597 ε
336 5563 520 5620 Eadem
552 5552 729 5620 Rom:
741 5562 875 5616 edit.
903 5552 1018 5615 ευιῖ.
1037 5602 1052 5623 ,
1084 5560 1206 5614 uitia
1235 5556 1379 5610 nulla
1404 5552 1718 5621 deﬂectunt;
1747 5559 1802 5607 et

228 5645 329 5699 post
369 5652 525 5700 pauca
568 5651 690 5691 cum
737 5634 963 5702 reliquis
1002 5631 1139 5687 edit.
1180 5645 1243 5702 ac
1288 5627 1474 5698 paucis
1514 5639 1673 5702 tuss..
1706 5623 1802 5677 do-

232 5697 467 5776 mesticum
509 5706 789 5776 periculum
818 5697 963 5776 ;'set_i
1011 5718 1144 5758 mss.
1190 5697 1380 5776 plures
1423 5706 1479 5752 et
1522 5697 1800 5776 potiores,

238 5747 789 5857 4...;:.;j.,..'.".:.tzr.j:'
813 5747 983 5846 agat.
1011 5747 1802 5845 ;'.:,:..tt.‘aa'.a.;.u..na;

242 5841 345 5903 facit
371 5850 568 5913 ambitio
590 5841 917 5915 criminosas.

1965 1914 2054 1972 54.
2096 1913 2251 1982 Quod
2291 1914 2337 1969 si
2377 1911 2640 1967 Dominus
2676 1909 2836 1967 Jesus
2889 1908 3122 1980 propria'
3153 1922 3261 1966 non
3287 1907 3508 1965 deside-

1893 2009 2031 2065 ravit
2052 2048 2066 2073 ,
2099 2017 2156 2062 tu
2184 2006 2358 2062 aliena
2389 2019 2488 2059 cur
2516 2002 2770 2080 quaeras?
2797 2002 2853 2057 Si
2881 2010 3096 2057 creator
3124 2000 3366 2057 omnium
3398 2016 3505 2056 sae-

1892 2101 1999 2159 culi
2025 2097 2275 2172 gioriam,
2303 2095 2600 2153 subeundae
2628 2095 2963 2167 paupertatis
2980 2095 3509 2166 virtutezcomtemp-

1893 2196 2008 2251 sit:
2050 2208 2147 2250 cur
2187 2201 2245 2248 tu
2282 2189 2527 2247 fastidias
2564 2188 2709 2261 quod
2751 2197 2908 2243 natus
2949 2202 3048 2256 es,
3088 2197 3315 2259 appetas
3353 2187 3508 2259 quod

1893 2285 2192 2342 indebitum
2221 2282 2351 2339 est?
2387 2282 2499 2339 Cur
2535 2295 2599 2337 ea
2639 2295 2762 2351 quas
2800 2278 2869 2335 ad
2908 2293 3066 2339 usum
3108 2278 3207 2335 tibi
3245 2278 3503 2337 diuturna

1894 2397 2016 2440 esse
2042 2396 2149 2436 non
2180 2385 2441 2449 possunt,
2469 2375 2539 2432 ad
2567 2374 2894 2446 supplicium
2920 2372 3175 2429 diuturna
3200 2369 3510 2445 deposcas?

1894 2475 2039 2532 Cave
2086 2470 2341 2535 insidias,
2395 2483 2528 2524 cave
2574 2466 2812 2525 fraudes.
2866 2466 2935 2521 Et
2961 2465 3066 2522 hoc
3094 2459 3215 2536 ipso
3251 2466 3396 2537 quod
3435 2465 3505 2520 ad

1894 2567 2266 2626 subruendum
2295 2565 2572 2622 hominem
2609 2553 2781 2618 totum
2813 2569 3030 2617 versuta
3050 2559 3317 2645 .diabolus
3349 2576 3507 2614 mun-

1894 2662 2022 2718 dum
2054 2661 2245 2716 fraude
2283 2658 2597 2723 concutiat,
2641 2655 2808 2711 totius
2847 2653 3032 2710 saeculi
3073 2662 3277 2724 pugnet
3316 2652 3504 2709 illece-

1895 2755 2006 2811 bris
2027 2794 2041 2821 ,
2068 2754 2187 2825 ejus
2215 2752 2307 2809 tibi
2339 2749 2596 2806 blanditia
2625 2748 2747 2818 plus
2771 2745 3011 2803 cavenda
3042 2753 3146 2801 est.
3181 2743 3300 2801 Non
3328 2743 3498 2801 Evam

1894 2847 2047 2903 cibus
2082 2844 2399 2910 inﬂexerat,
2430 2855 2539 2897 non
2571 2838 2953 2896 mandatorum
2993 2835 3197 2892 oblivio
3235 2834 3501 2893 destitue-

1895 2945 2016 2994 rat:
2050 2937 2144 2994 sed
2178 2934 2434 3007 promissi
2464 2932 2688 2988 honoris
2717 2929 2946 2987 ambitio
2984 2928 3305 2985 illecebrosa
3344 2926 3506 2984 dece-

1895 3034 1993 3105 pit.
2027 3032 2158 3100 Quu:
2190 3031 2234 3085 si
2263 3030 2436 3084 solum
2485 3027 2772 3083 Dominum
2813 3023 3045 3079 adorare
3080 3022 3376 3088 voluisset,
3418 3022 3503 3081 itt-

1894 3127 2075 3183 debita
2108 3139 2214 3180 nou
2248 3122 2554 3193 quaesisset.
2588 3119 2658 3175 Et
2696 3119 2817 3174 ideo
2857 3116 3159 3173 remedium
3198 3115 3358 3171 datur
3396 3129 3505 3185 quo

1897 3222 2064 3278 telum
2093 3216 2404 3274 ambitionis
2434 3212 2706 3271 obtundas
2727 3252 2742 3279 ,
2776 3220 2837 3267 ut
2873 3209 2995 3267 soli'
3018 3210 3251 3267 Domino
3291 3210 3500 3267 servia-

1893 3330 2052 3380 mus;
2085 3319 2235 3368 caret
2263 3310 2409 3369 enim
2438 3308 2739 3365 ambitione
2769 3305 3024 3378 religiosa
3054 3303 3291 3361 devotio.

1963 3405 2161 3479 (Vcrs.
2196 3404 2283 3460 15.
2310 3410 2329 3473 )
2363 3399 2429 3456 Et
2460 3406 2819 3456 consummata
2848 3397 2989 3452 omni
3020 3396 3302 3452 teutationc
3323 3435 3338 3461 ,
3379 3393 3500 3465 dia-

1890 3500 2038 3554 boias
2064 3497 2272 3553 recessit
2301 3495 2365 3550 ab
2397 3493 2490 3548 illo
2522 3507 2682 3564 usque
2712 3491 2783 3545 ad
2811 3500 3030 3562 temrtus.

1962 3590 2051 3648 55.
2083 3589 2259 3659 Pr0pe
2288 3586 2531 3643 omnium
2570 3583 2861 3640 criminum
2893 3580 3077 3637 fontes
3107 3580 3225 3635 lucc
3264 3579 3369 3637 tria
3406 3594 3502 3652 ge—

1884 3700 2013 3741 nera
2046 3683 2489 3739 demonstrantur
2517 3693 2639 3734 esse
2667 3678 2942 3732 vitiorum.
2962 3674 3152 3745 Neque
3180 3674 3328 3729 enim
3359 3687 3496 3729 con-

1883 3786 2207 3837 summatam
2238 3789 2455 3830 omnem
2501 3771 2855 3828 tentationem
2900 3767 3180 3837 Scriptura
3224 3765 3496 3833 dixisset;

1884 3872 1987 3928 nisi
2019 3872 2072 3927 in
2106 3870 2190 3924 his
2218 3868 2391 3923 tribus
2418 3875 2564 3922 esset
2595 3863 2841 3919 omnium
2872 3859 3097 3914 materia
3129 3857 3495 3929 delictorum,

1888 3979 2116 4037 quarunt
2149 3962 2356 4017 semina
2388 3959 2443 4014 in
2472 3941 2825 4029 ipsa'origine
2867 3960 2995 4007 sunt
3036 3948 3296 4006 cavenda.
3328 3947 3497 4017 .Finis

1889 4073 2021 4129 ergo
2050 4055 2406 4111 tentatiouum
2425 4091 2441 4118 ,
2476 4048 2599 4104 finis
2626 4058 2713 4103 est
2740 4044 3132 4116 cupiditatum;
3161 4041 3286 4111 quia
3315 4054 3496 4097 causa!

1894 4148 2255 4207 tentatiouum
2281 4158 2462 4201 causa:
2491 4141 2849 4214 cupiditatum
2893 4145 3038 4193 sunt.
3079 4135 3270 4189 Causae
3309 4144 3493 4191 autem

1886 4240 2238 4312 cupiditatum
2268 4247 2394 4295 sunt
2423 4235 2607 4293 carnis
2646 4231 2940 4289 oblectatio
2961 4271 2978 4299 ,
3011 4228 3224 4301 species
3260 4227 3450 4298 gloria:
3472 4262 3490 4295 ,

1887 4335 2118 4391 aviditas
2172 4332 2450 4405 potentiae
2504 4331 2677 4396 Quam
2732 4326 3048 4396 religiosum
3106 4321 3320 4382 videtur
3363 4328 3422 4375 ut
3467 4327 3495 4375 κ

1887 4422 2371 4485 commorationem
2422 4421 2739 4478 christiana:
2790 4417 3011 4473 femina!
3065 4429 3177 4469 non
3232 4412 3491 4469 recuses!

1887 4521 1995 4579 Sed
2042 4522 2233 4577 crebra
2279 4518 2403 4574 inde
2448 4514 2697 4572 teutatio.
2752 4511 2808 4568 Si
2855 4516 3096 4565 attentos
3143 4507 3259 4563 Deo
3304 4504 3501 4562 tiderit

1887 4615 2168 4680 diabolus,
2210 4610 2451 4682 suggerit
2491 4618 2549 4664 ut
2585 4606 2862 4677 decipiat:
2905 4601 3001 4658 sed
3042 4607 3102 4656 tu
3141 4600 3390 4671 quamvis
3429 4598 3499 4656 de

1890 4706 2172 4777 proposito
2200 4716 2533 4774 praesumas,
2567 4712 2699 4754 cave
2741 4693 3097 4750 tentationem
3124 4731 3139 4757 ,
3180 4690 3360 4745 sciens
3401 4704 3496 4743 ua—

1888 4806 2084 4853 turatn.
2127 4794 2256 4850 Haec
2306 4793 2443 4857 tria,
2488 4790 2533 4844 si
2575 4785 2917 4851 recorderis,
2961 4781 3125 4838 etiam
3164 4780 3365 4836 Paulus
3404 4793 3497 4836 ca-

1886 4889 2061 4944 venda
2105 4882 2443 4955 prtescribit,
2488 4879 2781 4948 designans
2820 4884 2931 4929 tres
2970 4886 3092 4928 esse
3131 4873 3343 4941 species
3372 4884 3500 4940 pec-

1888 4992 2154 5047 catorum,
2182 4994 2212 5032 a
2244 4975 2439 5049 quibus
2465 4973 2602 5029 liber
2632 4976 2916 5042 exspectat
2950 4964 3177 5038 juStitiae
3214 4976 3496 5018 coronam.

1962 5112 1988 5155 ά
2022 5115 2171 5171 Edit.
2216 5125 2407 5168 omnes
2445 5120 2510 5164 ac
2549 5122 2681 5163 mss.
2725 5103 2964 5174 aliquot,
3009 5099 3075 5156 Et
3102 5099 3361 5174 deminuit
3385 5112 3498 5155 eus

1895 5191 2186 5251 sublimior,
2234 5185 2290 5253 ﬁt
2331 5182 2613 5253 remissior.
2661 5173 2965 5253 Qute’vero
3004 5173 3429 5241 interjiciuntur,
3466 5180 3499 5227 e

1896 5275 2090 5318 novem
2118 5248 2339 5326 optimis
2368 5252 2649 5326 codicibus
2677 5248 3099 5326 restitutansunt.

1972 5311 2279 5385 é"Secundo
2340 5322 2625 5398 facilitatis.
2684 5320 2786 5374 i’er
2845 5316 3157 5398 facilitatem
3217 5311 3494 5398 designari

1893 5384 2211 5476 jactantiatu
2242 5412 2304 5451 ac
2334 5384 2624 5476 itanitatem
2656 5406 2718 5445 ex
2749 5388 3121 5476 superioribus
3146 5384 3497 5476 manifestum

1900 5457 1983 5532 est
2010 5495 2022 5530 :
2056 5486 2156 5525 nec
2183 5470 2457 5524 immerito
2486 5478 2655 5528 sane;
2686 5457 2832 5515 cum’
2852 5461 2953 5513 ltoc
2986 5459 3174 5512 vitium
3205 5472 3236 5511 e
3264 5457 3498 5527 quadam

1904 5544 2070 5602 animi
2104 5541 2359 5596 facilitate
2389 5536 2716 5602 ievitateque
2741 5532 2966 5586 oriatur.

1984 5615 2001 5655 ί
2023 5618 2098 5671 ita
2115 5626 2244 5667 mss.
2262 5620 2420 5680 atque
2447 5616 2561 5661 aut.
2574 5606 2706 5680 edit.
2722 5606 2773 5656 in
2787 5609 3017 5680 corpore
3031 5614 3244 5680 summo
3267 5610 3503 5680 conseri-3

1908 5706 1994 5745 su.
2013 5668 2171 5742 ﬁunt.
2188 5668 2390 5745 autem,
2404 5686 2450 5735 et
2468 5680 2517 5732 in
2532 5691 2677 5731 esum
2690 5668 2976 5728 interdicta:
2995 5668 3504 5745 arboris,etc.;qttod

1910 5744 2000 5818 illa
2029 5776 2059 5813 e
2089 5753 2333 5826 margine
2365 5744 2857 5826 edit.Era.ac_Gill.
2877 5745 3152 5826 transtulit
3178 5744 3231 5797 in
3261 5751 3501 5826 testem.

1988 5812 2012 5880 tt
2040 5812 2170 5887 MSS.
2211 5812 2459 5884 nonnulli
2493 5835 2616 5879 cum
2644 5819 2777 5878 edit.
2807 5817 3056 5886 Amerb.,
3078 5816 3200 5873 Era.
3229 5825 3284 5870 et
3309 5812 3482 5871 Paris.
3500 5850 3519 5881 .
