3960 6304
457 305 601 363 1625

1797 299 2045 358 SANCTI
2071 297 2398 391 AMBliOSIl

3604 298 3731 353 1024

455 423 636 494 Neque
665 424 800 480 enim
820 466 834 491 ,
868 424 1074 495 inquit,
1108 424 1162 477 in
1187 422 1338 478 verba
1367 408 1682 476 adulationis
1711 420 1926 491 fuimus,
1960 435 2047 472 ne-
2075 419 2126 477 Α
2157 426 2243 480 te;
2275 417 2473 472 mentis
2495 416 2640 472 enim
2669 414 2870 486 pariter
2892 423 2944 470 et
2969 414 3212 485 corporis
3236 422 3435 486 pugnat
3458 413 3730 471 ulceribus.

450 533 548 585 que
575 516 629 570 in
659 517 927 571 occasione
946 516 1178 570 avarititc
1195 555 1209 580 ,
1243 513 1383 568 Deus
1408 515 1548 569 testis
1575 523 1687 580 est,
1721 510 1935 584 13M
1958 527 2048 565 ne-

451 625 550 677 que
576 609 798 680 gloriam
823 617 1102 679 querentes
1131 607 1194 661 ab
1226 607 1518 661 hominibus
1545 607 1605 676 (l
1635 605 1814 660 Thess.
1842 621 1911 672 ιι,
1948 605 1980 660 5
2001 615 2052 659 ct

387 773 391 776 .
450 701 560 772 6);
593 712 647 754 et
676 699 800 754 ideo
829 699 1102 754 diabolum
1134 699 1294 762 vicit,
1329 713 1584 755 coronam
1619 699 1828 768 petivit.

521 794 612 850 56.
650 793 815 848 Vides
855 808 988 865 ergo
1028 793 1204 860 ipsum
1246 793 1521 847 diabolum
1567 808 1672 846 non
1700 807 1825 848 esse
1852 792 1904 846 in
1933 801 2051 846 stu-

449 887 541 941 dio
591 885 960 956 pertinacem,
1011 885 1210 941 cedere
1255 885 1436 940 solere
1481 900 1622 939 vera:
1650 884 1856 938 virtuti.
1901 884 1968 938 Et
2007 883 2050 938 si

449 977 698 1032 invidere
727 993 832 1032 non
860 977 1110 1044 desinat,
1142 990 1321 1031 tamen
1352 978 1560 1032 instare
1597 975 1887 1041 formidat;
1926 975 2054 1046 quia

448 1069 792 1140 frequentius
835 1070 1036 1141 refugit
1079 1069 1422 1141 triumphari.
1482 1070 1700 1124 Audito
1729 1070 1911 1139 itaque
1958 1068 2052 1124 Dei

449 1164 707 1228 nomine,
741 1162 1006 1229 Recessit,
1040 1164 1246 1233 inquit,
1279 1180 1436 1234 usque
1473 1164 1540 1216 ad
1582 1173 1822 1233 tempus;
1865 1171 2052 1232 postea

449 1258 596 1313 enim
651 1274 758 1313 non
813 1268 1152 1326 tentaturus,
1205 1259 1298 1315 sed
1345 1272 1529 1331 aperte
1579 1269 1913 1330 pugnaturus
1958 1256 2052 1312 ad-

448 1350 620 1405 venit.

518 1445 608 1500 37.
637 1444 802 1499 Docet
825 1444 984 1514 igitur
1012 1454 1062 1500 te
1089 1445 1365 1515 Scriptura
1395 1445 1574 1500 divina
1603 1461 1712 1500 non
1745 1445 1838 1500 tibi
1863 1454 2051 1500 contra

446 1550 667 1590 carnem
699 1545 755 1590 et
785 1535 1101 1605 sanguinem
1122 1580 1137 1604 ,
1172 1537 1266 1592 sed
1295 1545 1484 1592 contra
1518 1537 1742 1592 insidias
1780 1537 2053 1607 spiritales

446 1642 568 1683 esse
597 1639 877 1683 certamen
904 1627 1120 1700 (Epltes.
1151 1645 1205 1683 vs
1227 1671 1242 1695 ,
1269 1628 1381 1702 12).
1408 1629 1572 1685 Vides
1600 1630 2050 1701 magnificentiam

446 1720 730 1777 christiani
758 1721 895 1787 viri,
929 1721 1024 1791 qui
1051 1730 1224 1776 certat
1250 1737 1372 1777 cum
1404 1722 1707 1794 rectoribus
1737 1723 1922 1777 mundi
1949 1740 1964 1777 :
1997 1730 2050 1777 et

2157 509 2454 565 Diversitas
2493 525 2709 580 quoque
2749 509 2862 579 ipsa
2905 509 3258 564 tentationum
3303 525 3400 579 pro
3441 508 3735 566 diversitate

2156 601 2480 656 certantium
2509 609 2615 656 est.
2645 600 2900 654 Avaritia:
2923 601 3122 655 damno
3149 600 3299 655 dives
3326 609 3570 671 urgetur,
3599 611 3735 670 pater

2155 694 2441 765 dispendio
2479 694 2712 749 filiorum
2733 735 2746 760 ,
2789 693 2950 750 homo
2984 693 3266 750 doloribus
3289 735 3303 756 .
3331 709 3527 764 corpus
3554 694 3736 750 ulceri~

2157 788 2279 843 bus.
2317 786 2528 856 Quanta
2559 789 2674 842 lucc
2703 788 2843 843 tela!
2877 787 3028 844 Unde
3057 789 3316 843 Dominus
3343 788 3516 844 noluit
3552 788 3735 844 habere

2157 880 2297 950 quod
2325 881 2576 950 perderet
2600 896 2614 946 ;
2645 890 2698 936 et
2724 880 2847 936 ideo
2877 896 3078 950 pauper
3102 880 3207 936 huc
3231 881 3407 949 venit,
3439 896 3506 936 ne
3530 881 3738 937 haberet

2156 971 2436 1037 diabolus,
2467 973 2610 1044 quod
2647 971 2904 1028 auferret.
2937 973 3031 1029 Vis
3064 973 3206 1029 scire
3243 989 3403 1044 quam
3432 988 3614 1034 verum
3643 975 3739 1028 sit?

2159 1065 2336 1136 Ipsum
2381 1067 2670 1122 Dominum
2696 1055 2973 1123 'dicentem
3003 1068 3127 1122 audi
3158 1086 3170 1120 :
3210 1066 3355 1122 Venit
3387 1070 3546 1142 hujus
3577 1069 3743 1124 mundi

2158 1161 2424 1229 princeps,
2468 1171 2514 1215 et
2555 1162 2608 1215 in
2650 1177 2728 1216 me
2759 1161 2952 1216 invenit
2987 1159 3117 1216 nihil
3153 1160 3335 1232 (Joan.
3366 1177 3475 1226 xw,
3503 1147 3616 1232 30).
3642 1160 3742 1216 No-

2159 1253 2257 1308 luit
2287 1255 2452 1308 etiam
2497 1270 2790 1324 paucorum
2832 1270 2952 1312 esse
2992 1265 3165 1324 pater,
3208 1267 3265 1310 ut
3305 1263 3453 1312 esset
3489 1255 3741 1311 omnium.

2159 1346 2384 1403 Frustra
2430 1358 2608 1403 autem
2657 1350 2906 1420 corporis
2955 1358 3259 1405 tentaretur
3309 1349 3622 1415 ulceribus,
3661 1349 3742 1421 qui

2156 1451 2539 1499 Contemneret
2581 1459 2773 1500 omnes
2821 1445 3066 1514 corporis
3117 1446 3441 1514 passiones:
3491 1444 3645 1499 simul
3695 1453 3748 1499 ut

2157 1534 2473 1591 ostenderet
2514 1536 2672 1592 nobis
2711 1536 2853 1605 quod
2897 1537 3270 1601 immaculata,
3314 1536 3563 1606 corporis
3604 1535 3745 1591 hoste

2161 1629 2414 1699 depulso,
2445 1630 2666 1686 victoria
2692 1631 2793 1686 sibi
2821 1630 3132 1687 deberetur.
3163 1631 3268 1687 Sed
3300 1631 3390 1685 ille
3413 1629 3568 1701 quasi
3595 1629 3744 1685 homo

2156 1723 2270 1778 suis
2317 1733 2575 1790 tentatur,
2618 1724 2703 1778 hic
2746 1724 3017 1794 publicis:
3047 1724 3119 1778 illi
3150 1723 3540 1794 patrimonium
3581 1722 3747 1777 aufer-

445 1813 922 1868 licetconstitutus
945 1815 997 1868 in
1023 1815 1200 1877 terris,
1227 1815 1490 1870 adversus
1513 1815 1774 1885 Spiritalia
1799 1816 2052 1885 nequitia:
2082 1809 2130 1870 B
2159 1807 2264 1882 tur,
2317 1816 2444 1871 huic
2483 1832 2707 1886 regnum
2750 1817 2898 1872 orbis
2937 1815 3185 1872 oll‘ertur.
3226 1816 3336 1871 Nec
3375 1823 3520 1870 lotus
3550 1813 3748 1888 1355

445 1923 566 1977 qua:
595 1915 721 1961 sunt
750 1906 803 1960 in
832 1906 1148 1962 cmlestibus
1170 1948 1183 1972 ,
1213 1907 1382 1961 animi
1413 1907 1608 1962 virtute
1633 1906 1900 1963 decernit.
1931 1907 2046 1962 Non

447 2003 592 2055 enim
623 2001 692 2055 de
720 2000 949 2055 terrenis
977 1999 1352 2054 contendimus
1372 2040 1388 2066 ,
1423 2011 1480 2054 ut
1506 1999 1826 2056 dimicemus
1855 2001 1907 2055 in
1941 2009 2049 2055 ter-

451 2110 507 2148 ra
537 2113 549 2147 :
583 2095 677 2150 sed
700 2095 1032 2165 spiritalibus
1053 2095 1345 2166 propositis
1377 2097 1633 2164 praemiis,
1663 2097 1731 2152 de
1758 2111 1926 2166 regno
1955 2096 2046 2151 Dei

449 2198 504 2242 et
535 2187 732 2242 Christi
763 2187 1081 2244 haereditate
1111 2203 1336 2243 necesse
1364 2199 1445 2244 est
1477 2189 1740 2259 Spirilalia
1773 2190 1923 2260 prius
1951 2191 2049 2244 im-

447 2279 759 2350 pedimenta
791 2289 1140 2352 superentur.
1175 2279 1390 2336 Corona
1434 2283 1710 2352 preposita
1749 2293 1869 2349 est,
1922 2283 2049 2338 sub-

447 2373 954 2428 eundacertamina
985 2384 1126 2428 sunt.
1163 2373 1332 2428 Nemo
1361 2383 1560 2444 potest,
1589 2374 1692 2430 nisi
1723 2375 1934 2443 vicerit,
1957 2392 2050 2431 co-

447 2466 629 2521 ronari
657 2485 669 2520 :
702 2481 862 2521 nemo
893 2475 1074 2538 potest
1117 2467 1370 2533 vincere,
1419 2468 1521 2523 nisi
1564 2477 1689 2524 ante
1733 2471 2042 2526 certaverit.

445 2560 620 2630 Ipsius
652 2578 867 2634 quoque
897 2578 1118 2618 coronze
1147 2563 1318 2632 major
1347 2572 1432 2618 est
1469 2563 1708 2631 fructus,
1743 2563 1832 2618 ubi
1875 2563 2050 2633 major

445 2665 530 2710 est
557 2655 712 2712 labor
737 2674 750 2710 :
783 2657 940 2712 Arctu
970 2657 1119 2712 enim
1150 2666 1200 2711 et
1229 2667 1450 2727 angusta
1481 2667 1553 2710 est
1592 2658 1673 2711 via
1693 2699 1708 2724 ,
1751 2673 1866 2726 qua:
1905 2656 2049 2711 ducit

446 2750 515 2802 ad
543 2749 698 2802 vitam
729 2789 741 2802 .
779 2791 792 2804 .
827 2791 839 2804 .
875 2789 887 2803 .
922 2752 1026 2805 lata
1058 2767 1176 2804 vero
1223 2759 1270 2804 et
1315 2752 1578 2821 spatiosa,
1629 2767 1745 2819 qua:
1791 2751 1935 2806 ducit
1979 2751 2049 2806 ad

445 2849 662 2893 mortem
695 2839 713 2910 (
739 2839 928 2894 Matth.
960 2857 1066 2906 vn,
1099 2840 1167 2896 14
1195 2855 1242 2897 et
1277 2843 1342 2898 15
1366 2842 1404 2912 ).
1440 2843 1510 2897 Et
1540 2842 1662 2898 ideo
1691 2844 2045 2899 tentationem

445 2932 763 3001 neutiquam
805 2934 999 2988 timere
1037 2933 1337 3000 debemus;
1369 2942 1450 2989 est
1489 2934 1632 2990 enim
1671 2950 1834 2991 causa
1876 2935 2047 2990 victo~

446 3027 579 3092 rite,
617 3028 839 3082 materia
874 3027 1292 3098 triumphorum.

520 3121 610 3176 58.
644 3120 806 3175 Dives
836 3120 926 3176 ille
949 3161 963 3186 ,
996 3121 1084 3192 qui
1119 3121 1473 3177 tentationem
1503 3137 1610 3178 non
1650 3125 1820 3180 sensit
1862 3125 1914 3179 in
1946 3140 2047 3180 sa:-

2155 1911 2274 1964 sinc
2301 1909 2490 1964 fraude
2518 1910 2800 1977 diabolus,
2833 1911 2920 1981 qui
2945 1924 3275 1980 exasperare
3307 1909 3404 1965 Dei
3434 1907 3631 1964 Filium
3661 1923 3748 1961 vc-

2154 2014 2415 2058 re‘retur:
2461 2003 2612 2058 illum
2657 2004 2871 2074 injuriis
2913 2013 3121 2070 tentat,
3165 2003 3305 2062 hunc
3353 2003 3613 2073 praemiis.
3663 2000 3747 2056 Ille

2152 2097 2306 2166 quasi
2333 2096 2584 2150 servulus
2613 2096 2748 2152 dicit
2775 2115 2788 2150 :
2819 2095 3071 2151 Dominus
3097 2096 3272 2160 dedit,
3303 2095 3560 2150 Dominus
3588 2094 3748 2148 abstu-

2153 2189 2212 2244 lit
2265 2188 2423 2261 (Job.
2455 2207 2503 2256 ι,
2534 2190 2596 2245 21
2628 2191 2646 2261 )
2677 2209 2688 2246 :
2725 2189 2813 2245 hic
2865 2202 3072 2244 natura:
3115 2204 3226 2244 sua:
3276 2187 3748 2258 dispositionisque

2152 2284 2406 2338 conscius
2435 2297 2530 2336 sua
2564 2283 2668 2336 sibi
2699 2282 2841 2337 ridet
2867 2281 3075 2337 oﬂ'erri.
3122 2265 3190 2334 Et
3220 2287 3282 2334 ut
3307 2279 3374 2335 ad
3405 2279 3537 2333 illud
3570 2293 3744 2334 rever-

2154 2383 2352 2436 tamur.
2395 2374 2601 2443 ingruit
2629 2375 2853 2430 nuntius
2885 2388 3051 2444 super
3080 2371 3329 2427 nuntium
3371 2369 3391 2444 (
3417 2368 3586 2436 Ibid.,
3618 2369 3680 2426 14
3705 2379 3749 2424 et

2151 2465 2295 2538 seq.)
2319 2507 2332 2531 ,
2364 2469 2752 2539 congeminant
2781 2468 3008 2522 vulnera
3035 2485 3047 2520 :
3081 2476 3379 2522 nectamen
3401 2463 3746 2520 lortisathle-

2155 2568 2205 2614 ta
2247 2568 2434 2615 mente
2479 2561 2752 2616 turbatur.
2779 2560 3085 2617 Adhibetur
3108 2560 3304 2615 mulier
3327 2559 3520 2628 prima:
3554 2557 3746 2614 fraudis

2153 2651 2413 2707 illecebra
2445 2651 2587 2723 (Job.
2617 2668 2687 2719 ιι,
2713 2655 2772 2723 9)
2799 2672 2811 2707 :
2849 2654 2935 2708 hic
2968 2670 3062 2724 per
3097 2652 3364 2723 virginem
3396 2665 3557 2708 natus
3584 2652 3746 2709 errori

2151 2742 2444 2798 obnoxiam
2478 2761 2583 2800 non
2612 2746 2864 2802 habebat.
2897 2745 3071 2801 Amici
3100 2745 3430 2801 adhibentur
3458 2747 3552 2816 qui
3582 2744 3745 2816 pravis

2151 2836 2398 2892 consiliis
2448 2838 2759 2910 opprimant
2814 2840 3198 2895 reluctantem.
3256 2837 3363 2894 Sed
3411 2838 3466 2891 in
3525 2837 3746 2893 omnibus

2151 2945 2266 2998 qua:
2295 2930 2595 2985 acciderunt
2634 2932 2713 2994 ei,
2757 2948 3012 3003 nusquam
3049 2931 3278 3002 peccavit
3315 2928 3418 2985 Job
3458 2929 3612 2984 labiis
3648 2927 3747 2984 suis

2149 3023 2203 3076 in
2235 3036 2509 3096 conspectu
2542 3024 2635 3080 Dei
2667 3025 2855 3097 (Ibid.,
2889 3025 3002 3095 10).
3433 3024 3439 3032 ’

2231 3121 2323 3176 40.
2392 3118 2526 3174 Nam
2565 3117 2710 3188 quod
2758 3117 3032 3173 maledicit
3073 3117 3225 3184 diei,
3276 3117 3515 3173 dicens:
3576 3115 3746 3170 Pereat

447 3213 594 3278 culo,
626 3213 681 3268 in
713 3214 888 3283 poenis
917 3224 1000 3270 est
1020 3215 1160 3285 apud
1189 3214 1394 3271 inferos
1419 3234 1432 3270 :
1468 3231 1672 3288 pauper
1703 3218 1792 3273 ille
1813 3217 2048 3275 Lazarus
2075 3200 2122 3264 (ἶ
2155 3219 2263 3274 dies
2287 3215 2380 3270 illa
2419 3216 2473 3269 in
2502 3231 2605 3285 qua
2631 3223 2784 3269 natus
2807 3230 2921 3268 sum
2951 3211 3074 3283 (Job
3102 3229 3194 3280 ιιι,
3224 3211 3318 3284 5);
3351 3222 3408 3268 et
3453 3212 3596 3267 infra
3625 3229 3639 3266 :
3690 3207 3748 3262 Et

446 3308 540 3377 qui
573 3307 646 3363 ita
677 3317 993 3378 paupertate
1018 3310 1316 3380 morboque
1345 3309 1578 3366 afflictus
1605 3320 1689 3366 est
1715 3324 1766 3367 et
1797 3314 2047 3380 attritus,

451 3408 509 3452 ut
542 3398 751 3453 vibices
791 3399 908 3469 ejus
950 3416 980 3454 a
1019 3402 1248 3457 canibus
1291 3402 1682 3469 lambereutur,
1729 3406 1856 3460 vitae
1896 3406 2049 3461 istius

447 3491 636 3547 labore
667 3492 1023 3559 miserabilis,
1053 3509 1313 3550 coronam
1340 3495 1528 3565 glorise
1556 3497 1805 3566 quaesivit
1832 3506 2049 3554 aeternae

453 3582 609 3655 (Luc.
639 3599 761 3650 xvr,
790 3585 904 3656 22).
953 3585 1136 3641 Multa:
1163 3587 1306 3642 enim
1347 3588 1736 3659 tribulationes,
1769 3607 1875 3647 non
1916 3609 2050 3663 quo-

447 3693 806 3748 rumcumque
827 3720 841 3744 ,
878 3679 972 3734 sed
994 3681 1258 3748 iustorum
1285 3681 1466 3753 (Psal.
1501 3699 1700 3752 χχχιιι,
1731 3684 1847 3758 20).
1891 3687 2051 3742 Deni-

409 3794 414 3798 ·
451 3786 560 3842 quc
577 3785 712 3840 quos
733 3771 912 3842 diligit
931 3772 1214 3838 Dominus,
1235 3789 1378 3844 szepe
1395 3776 1624 3846 castigat
1643 3776 1828 3847 (Hebr.
1849 3795 1948 3844 xu,
1967 3780 2046 3852 6).

447 3863 647 3920 Petrus
679 3873 913 3920 tentatus
941 3876 1058 3932 est,
1103 3878 1160 3922 ut
1191 3879 1414 3939 negaret
1444 3888 1457 3924 :
1505 3873 1753 3942 negavit,
1799 3882 1857 3928 ut
1895 3873 2052 3930 ﬂeret

451 3957 622 4031 (Luc.
651 3975 764 4014 χχιι
783 4001 796 4025 ,
822 3960 889 4015 57
917 3970 966 4014 et
993 3978 1096 4030 seq.
1124 3961 1165 4033 ).
1214 3963 1281 4017 Et
1320 3963 1447 4032 quid
1479 3963 1546 4020 de
1573 3967 1787 4021 czeteris
1830 3966 2052 4022 dicam?

449 4051 658 4121 Nempe
686 4052 790 4108 Job
818 4063 933 4107 erat
979 4055 1236 4123 probatus
1281 4055 1434 4110 Deo:
1479 4058 1574 4112 sed
1620 4057 1744 4114 licet
1791 4061 2051 4129 probatus

452 4153 609 4206 erat;
642 4145 821 4208 victor,
856 4154 1036 4198 tamen
1079 4161 1184 4199 non
1226 4157 1345 4200 erat
1374 4148 1537 4217 (Job.
1569 4166 1615 4216 ι,
1647 4151 1748 4216 12,
1776 4163 1822 4206 et
1854 4169 1921 4219 ιι,
1951 4153 2046 4223 6).

450 4235 686 4290 Probata
715 4245 834 4291 erat
863 4236 1120 4301 devotio;
1155 4237 1367 4293 virtutis
1409 4249 1586 4296 tamen
1614 4247 1897 4310 praemium
1940 4262 2048 4302 non

451 4328 708 4384 habebat.
759 4329 824 4383 Et
871 4328 992 4384 ideo
1038 4329 1328 4384 lentandus
1369 4331 1617 4401 offertur,
1661 4344 1720 4389 ut
1759 4338 2052 4406 gloriosior

451 4420 798 4478 redderetur.

525 4515 614 4570 '59.
666 4513 814 4569 illius
865 4528 1082 4584 quoque
1133 4516 1448 4570 certaminis
1497 4515 1682 4572 refert'
1713 4528 1771 4574 ut
1822 4520 2047 4590 gradum

2153 3309 2426 3367 maledicat
2468 3308 2512 3362 ei
2569 3308 2616 3361 is
2665 3308 2755 3378 qui
2802 3307 3070 3362 maledixit
3100 3306 3235 3360 diem
3275 3305 3454 3371 illam,
3491 3305 3580 3374 qui
3607 3301 3750 3356 habet

2155 3419 2396 3476 maguum
2422 3411 2589 3455 cetum
2625 3401 2916 3472 opprimere
2943 3398 3110 3471 (Ibid.
3134 3440 3149 3462 .
3187 3397 3269 3470 8),
3302 3399 3371 3454 ad
3414 3397 3749 3469 prOphetiam

2155 3499 2516 3570 pertinet;eeo
2543 3494 2686 3565 quod
2711 3494 2986 3549 diabolum
3022 3503 3296 3564 tamquam
3326 3491 3623 3564 procellosi
3651 3504 3748 3546 sa:-

2154 3590 2258 3646 culi
2288 3586 2444 3642 istius
2481 3595 2658 3641 cetum
2685 3585 2948 3640 Dominus
2973 3592 3159 3638 noster
3183 3582 3344 3638 Jesus
3378 3579 3635 3636 Christus
3664 3595 3753 3650 op-

2156 3681 2395 3755 pressit:
2425 3688 2482 3734 et
2517 3678 2888 3749 generationis
2931 3693 3046 3734 sua:
3094 3676 3329 3733 carnalis
3375 3675 3524 3731 diem
3579 3674 3752 3746 perire

2154 3773 2428 3831 desiderat
2459 3788 2474 3837 ;
2509 3782 2564 3825 ut
2593 3771 2715 3827 dies
2743 3771 2860 3842 ejus
2888 3772 2939 3826 in
2968 3773 3386 3841 regeneratione
3415 3778 3751 3825 numeretur.

2155 3870 2368 3936 Pereat,
2399 3869 2592 3940 inquit,
2627 3865 2746 3922 dies
2777 3865 3072 3929 saecularis,
3104 3874 3164 3918 ut
3188 3863 3308 3918 dies
3334 3862 3601 3934 spiritalis
3623 3858 3756 3915 oria-

2156 3975 2260 4020 tur.
2294 3965 2436 4034 Ergo
2479 3963 2531 4016 in
2566 3959 2866 4016 tentatione
2896 3967 3116 4012 sanctus
3143 3955 3247 4011 Joh
3276 3955 3537 4028 mysteria
3562 3953 3756 4025 loque-

2155 4057 2342 4124 batur;
2377 4057 2467 4128 qui
2493 4055 2640 4112 enim
2692 4051 2946 4108 vincebat
2990 4050 3247 4106 saeculum
3285 4090 3299 4115 ,
3353 4047 3635 4104 Christum
3683 4047 3757 4102 vi-

2155 4153 2337 4208 debat.

2226 4245 2318 4299 41.
2359 4241 2468 4298 Nos
2493 4242 2659 4312 igitur
2689 4255 2794 4296 non
2824 4239 3109 4294 timeamus
3137 4236 3492 4298 tentationes,
3526 4235 3625 4291 sed
3646 4249 3756 4290 ma-

2153 4339 2237 4410 gis
2267 4335 2654 4393 tentatiouibus
2677 4333 2994 4405 gloriemur,
3027 4331 3272 4386 dicentes
3300 4347 3313 4384 :
3351 4329 3486 4399 Cum
3519 4328 3756 4384 infirma-

2155 4450 2298 4499 mur,
2327 4441 2456 4487 tunc
2479 4440 2729 4501 potentes
2756 4443 2978 4491 sumus;
3008 4435 3135 4481 tunc
3155 4425 3302 4479 enim
3337 4423 3577 4480 nectitur
3601 4435 3755 4477 coro-

2156 4545 2222 4584 na
2247 4528 2468 4599 justitim
2500 4526 2568 4598 (ll
2598 4522 2722 4580 Cor.
2747 4539 2852 4588 xu,
2892 4520 3006 4593 10).
3049 4519 3156 4576 Sed
3187 4519 3278 4574 illa
3304 4517 3476 4573 Paulo
3509 4509 3756 4572 fortassis

450 4618 686 4677 spectes.
727 4607 843 4662 Non
885 4623 1051 4662 unum
1089 4610 1252 4663 telum
1291 4608 1537 4666 diabolus
1567 4611 1764 4680 habet,
1797 4614 2050 4686 frequcn-
2077 4593 2133 4656 Ῑ)
2157 4593 2551 4681 accommoda:
2584 4635 2683 4676 nos
2713 4626 2896 4673 autem
2943 4616 3072 4686 quia
3101 4614 3286 4686 plures
3331 4627 3554 4669 coronae
3605 4617 3754 4674 sunt,

451 4707 532 4754 tat
563 4699 766 4768 spicula
792 4715 807 4765 ;
842 4708 899 4754 ut
925 4708 1018 4754 aut
1044 4701 1269 4770 praemio
1292 4703 1495 4769 vincat,
1527 4715 1619 4759 aut
1643 4707 1821 4762 taedio.
1865 4710 2048 4767 Primo

454 4792 750 4863 cupiditate
773 4791 1315 4859 vulnerat,secundo
1354 4795 1589 4866 pietate,
1640 4800 1800 4856 tertio
1841 4805 2048 4860 sanita-

456 4996 987 5054 commemorationem
1016 4995 1309 5050 cltristianw
1337 4995 1559 5065 femime.
1588 4997 1939 5058 Commodius
1967 5021 2054 5060 re-

456 5071 588 5145 liqui
615 5069 754 5145 :cod.
795 5068 985 5145 scripti
1022 5081 1084 5145 ac
1119 5066 1249 5121 editi
1272 5071 1804 5145 2commorationem,
1846 5075 1896 5128 id
1936 5087 2053 5145 est,

449 5137 825 5224 frequentiora
853 5146 910 5194 et
937 5138 1178 5208 longiora
1203 5137 1470 5208 colloquia
1497 5184 1512 5208 ,
1544 5143 1875 5214 nimiamque
1904 5137 2057 5203 fami;

447 5213 758 5267 liaritatem.

527 5294 554 5320 ει
592 5283 820 5348 Quidam
855 5280 1178 5348 interpretes
1207 5281 1261 5336 in
1283 5280 1508 5348 Psal.,v,
1536 5299 1682 5339 vers.
1716 5288 1805 5352 15,
1838 5290 2057 5347 tradunt

455 5364 578 5424 post
615 5355 674 5408 1).
702 5355 963 5412 Thomam
994 5353 1047 5406 in
1083 5367 1235 5408 more
1265 5353 1498 5423 antiquis
1532 5355 1726 5421 fuisse,
1754 5372 1809 5412 ιιι
1846 5361 1896 5416 in
1930 5376 2055 5416 cur-

457 5441 520 5480 ru
553 5426 780 5480 victores
827 5433 980 5478 scuto
1030 5424 1192 5492 capiti
1242 5425 1590 5501 superposito
1637 5443 2052 5501 coronarentur,

451 5507 742 5565 antequam
772 5510 1094 5549 coronarum
1119 5509 1245 5548 usus
1272 5495 1604 5552 inoleviss'et.
1630 5499 1735 5554 Sed
1764 5517 1885 5556 cum
1918 5495 2066 5560 rara"

454 5566 614 5635 hujus
645 5568 719 5620 rei
760 5573 974 5620 exstent
1011 5567 1256 5634 vestigia,
1299 5570 1570 5636 quomodo
1597 5582 1806 5626 scutum
1836 5590 2039 5630 corona

451 5638 683 5712 dicatur,
715 5636 898 5712 multis
932 5636 1099 5712 haeret
1137 5652 1294 5706 aqua.
1327 5639 1389 5712 _Et
1416 5650 1564 5692 certe
1595 5643 1950 5712 Hieronymus
1985 5648 2036 5701 in

453 5709 704 5761 eunidcm
734 5708 914 5784 locum
943 5710 1166 5784 diserte,
1196 5709 1336 5784 apud
1361 5711 1628 5784 sarculum,
1657 5708 1850 5784 inquit,
1891 5718 2040 5770 aliud

449 5787 523 5828 est
573 5787 794 5852 scutum,
844 5779 1240 5852 aliud‘corona.
1267 5779 1445 5852 _Unde
1485 5796 1608 5835 cum
1658 5779 1773 5852 ipse
1804 5779 1912 5839 tum
1944 5788 2036 5842 alii

446 5853 572 5915 post
623 5847 906 5915 Origenem
955 5843 1021 5901 ad
1073 5848 1369 5917 spiritalem
1425 5855 1643 5908 sensium
1680 5843 2032 5926 Iconfugiunt.

2154 4732 2552 4790 quamcumque
2581 4727 2802 4783 Sperare
2826 4709 3106 4766 debemus.
3136 4707 3193 4762 In
3222 4706 3424 4763 sarculo
3449 4707 3639 4761 laurus
3669 4719 3756 4759 co-

2155 4825 2287 4866 rona
2315 4819 2422 4876 est,
2454 4816 2480 4845 λ
2509 4820 2709 4862 corona
2756 4811 2843 4860 est
2877 4811 3113 4858 scutum.
3164 4801 3229 4856 At
3259 4813 3391 4856 vero
3422 4799 3522 4856 tibi
3556 4812 3758 4870 propo-

2162 5009 2485 5065 Ambrosius
2517 5019 2697 5063 tamen
2727 5023 2836 5062 non
2865 5007 3037 5062 solum
3071 5006 3175 5064 hoc
3199 5009 3341 5076 loco,
3370 5011 3465 5065 sed
3494 5020 3548 5066 et
3572 5011 3674 5067 lib.
3707 5028 3760 5068 ιιι

2163 5081 2420 5135 Hexaem.
2448 5095 2567 5150 cap.
2601 5078 2688 5145 H,
2717 5095 2864 5132 num.
2887 5079 2977 5143 60,
3011 5089 3222 5134 scutum
3246 5085 3488 5144 coronis,
3517 5083 3626 5138 hoc
3656 5094 3760 5149 est,

2161 5152 2400 5224 victoriae
2430 5152 3056 5224 przemiis,_annumerat._
3090 5150 3213 5224 Illic,
3232 5151 3374 5206 enim
3402 5163 3758 5224 posteaquam

2161 5225 2284 5275 vitis
2341 5222 2525 5277 folium
2579 5220 2718 5276 scuti
2774 5221 3133 5276 similitudine
3185 5223 3502 5288 descripsit,
3574 5220 3760 5282 subdit

2160 5293 2358 5348 deinde
2385 5311 2396 5346 :
2433 5293 2638 5346 Etenim
2669 5293 2828 5346 bravii
2849 5296 3068 5366 speciem
3096 5294 3295 5366 videtur
3314 5295 3651 5366 ψηφῖδα..
3683 5300 3763 5351 in-

2161 5367 2388 5439 nascitur
2419 5366 2611 5439 species
2638 5373 2687 5417 et
2719 5365 3065 5433 prterogatiua
3091 5365 3337 5439 uictorite.
3369 5365 3566 5421 Secum
3599 5369 3762 5439 igitur

2159 5435 2308 5489 habet
2324 5435 2554 5489 bravium
2568 5452 2718 5488 suum
2739 5451 2837 5505 quo
2861 5447 2904 5488 et
2929 5439 3184 5488 munimen
3201 5436 3298 5490 sibi
3329 5435 3756 5506 pmbeturfetc.

2147 5506 2214 5560 Et
2250 5507 2352 5560 huc
2383 5508 2546 5560 etiam
2594 5507 2740 5569 facit,
2793 5507 2935 5571 quod
2971 5509 3022 5560 in
3071 5507 3322 5562 eumdem
3370 5509 3526 5572 citati
3555 5511 3757 5566 Psalmi

2146 5591 2361 5630 versum
2410 5577 2539 5630 dicit
2579 5575 2959 5651 Cassiodorus,
3013 5577 3234 5651 Clypeus
3283 5581 3554 5651 impositus
3596 5583 3760 5651 capiti

2143 5663 2331 5700 corona
2361 5658 2458 5710 est,
2491 5658 2695 5716 aptatus
2730 5649 2873 5701 cordi
2891 5650 3154 5715 defensio.
3185 5649 3294 5704 Nec
3323 5650 3460 5706 forte
3491 5649 3762 5709 aliam-ob

2142 5732 2359 5794 causam
2391 5731 2544 5794 scuta
2591 5720 2642 5794 in
2671 5720 2922 5794 columna
2973 5719 3190 5794 Trajaui
3231 5723 3447 5794 coronis
3493 5721 3760 5794 insignita

2143 5790 2411 5854 visuntur,
2447 5790 2571 5844 licet
2600 5791 2759 5860 hujus
2782 5792 2859 5845 rei
2889 5791 3156 5845 rationem
3197 5793 3442 5849 nonnihil
3473 5790 3756 5851 diversam

2142 5860 2338 5915 reddat
2363 5861 2579 5930 Lipsius
2610 5861 2664 5917 iu
2691 5863 2848 5917 Anal.
2883 5862 2950 5918 ad
2980 5862 3072 5919 lib.
3102 5863 3171 5918 de
3194 5864 3371 5934 Magn.
3398 5863 3561 5922 Rom.
