3960 6296
1723 115 1748 135 ο

195 326 335 382 102ῗὶ

1167 324 1536 385 EXPOSITIO
1575 329 1832 387 EVANG.
1875 331 2026 388 SEC.
2071 332 2222 391 LUC.
2269 332 2398 390 LIB.
2441 333 2528 391 IV.

3363 341 3505 397 1626

187 447 289 502 sita
317 455 404 501 est
445 458 651 501 corona
678 445 994 502 deliciarum
1023 464 1035 500 :
1067 446 1274 502 Corona
1303 447 1446 502 enim
1487 447 1790 503 deliciarum
1818 454 1872 514 Α
1895 451 2154 523 obsequia
2176 494 2190 520 ,
2236 461 2295 506 ut
2325 467 2392 510 ne
2441 453 2664 511 lectoris
2692 457 2910 528 quidem
2952 469 3340 532 aspernaretur
3378 462 3502 518 ofﬁ-

191 539 513 593 obumbrabit
551 548 601 593 te
644 537 829 609 (Prov.
861 555 933 603 iv,
965 538 1046 611 9).
1082 539 1147 594 Et
1178 539 1307 594 alibi
1342 555 1357 593 :
1390 540 1554 594 Scuto
1580 539 1726 596 bona:
1767 549 1793 578 ⁸

187 631 470 685 voluntatis
510 646 621 684 sum
669 631 1006 685 circumdabit
1053 627 1394 702 te(Psal.v,
1445 631 1559 700 15).
1609 630 1794 686 Gloria

187 736 405 792 quoque
435 728 491 775 et
533 720 743 776 honore
774 738 933 791 quem
978 723 1168 777 dilexit
1197 721 1486 788 Dominus,
1515 722 1799 778 coronavit

191 813 364 884 (Psal.
392 829 517 880 vni,
548 812 628 886 6).
653 814 795 885 Ergo
822 816 912 884 qui
939 815 1056 870 vult
1077 829 1334 870 coronam
1357 815 1513 882 dare,
1544 813 1828 871 tentatio-'

182 922 285 964 nes
305 908 566 978 suggerit.
594 908 662 962 Et
696 909 741 963 si
765 909 982 978 quando
1005 907 1328 973 tentaberis,
1361 923 1634 978 cognosce
1663 909 1794 980 quia

186 1011 410 1072 paratur
455 1015 680 1055 corona.
729 999 886 1057 Tolle
929 1010 1228 1073 martyrum
1272 1001 1590 1068 certamina,
1621 999 1795 1056 tulisti

184 1108 418 1151 coronas
447 1111 462 1147 :
497 1093 631 1150 tolle
657 1095 952 1160 cruciatus,
991 1094 1167 1149 tulisti
1193 1094 1578 1151 beatitudines.

256 1187 346 1243 42.
387 1185 582 1243 Nonne
629 1189 858 1243 tentatio
908 1185 1110 1258 Joseph
1143 1186 1170 1226 δ
1220 1189 1438 1245 virtutis
1477 1198 1562 1244 est
1601 1204 1795 1245 conse-

184 1279 391 1336 cratio?
417 1280 611 1336 Nonne
647 1280 847 1352 injuria
875 1283 1118 1338 carceris
1143 1295 1346 1339 corona
1374 1292 1459 1339 est
1480 1284 1794 1340 castitatis?

185 1374 654 1442 Quemadmodum
684 1375 836 1446 regni
871 1376 923 1430 in
951 1375 1190 1448 Egypto
1211 1377 1548 1432 consortium
1576 1378 1790 1449 potuis-

182 1475 267 1523 set
293 1467 546 1538 adipisci,
580 1468 684 1524 nisi
715 1469 969 1524 venditus
1011 1469 1204 1526 fuisset
1228 1486 1258 1524 a
1300 1470 1596 1526 fratribus?
1636 1472 1790 1538 Quod

182 1559 278 1616 Dei
335 1560 538 1615 factum
592 1560 860 1627 arbitrio,
910 1571 968 1614 ut
1013 1561 1194 1630 justus
1250 1561 1612 1631 probaretur,
1673 1562 1791 1633 ipse

182 1653 525 1724 monstravit,
545 1652 773 1708 dicens:
803 1653 1255 1721 Quemadmodum
1277 1654 1488 1724 ﬁeretin
1516 1654 1784 1721 hodierno,

180 1755 238 1800 ut
259 1755 562 1815 posceretur
587 1745 813 1816 populus
835 1745 1024 1799 untftus
1047 1743 1202 1817 (Gen.
1239 1762 1296 1810 1.,
1323 1744 1456 1816 20)?
1480 1745 1594 1800 Non
1624 1745 1790 1802 debe-

1897 545 2039 600 cium
2069 564 2082 600 :
2113 561 2211 602 nos
2242 562 2374 603 vero
2415 547 2591 618 impii,
2615 552 2705 621 qui
2732 549 3038 608 divinitatis
3068 553 3499 622 fidem,miracu-

1897 641 1965 696 lis
1986 656 2209 711 operum
2243 642 2601 716 colligendam
2629 647 3092 716 contemplatione
3121 648 3371 720 corporis
3397 663 3501 705 ne-

1898 734 2179 802 gabamtts.

1976 828 2158 898 (νει-ς.
2187 829 2308 900 24.)
2347 831 2510 886 Amen
2554 831 2670 886 dico
2713 833 2853 888 vobis
2892 833 3030 905 quod
3057 849 3205 888 nemo
3248 833 3500 905 prapheta

1896 931 2136 990 acceptus
2161 934 2238 977 est
2272 925 2324 978 in
2355 926 2530 997 patria
2556 942 2672 980 sua.

1966 1013 2058 1067 46.
2103 1015 2218 1069 Non
2252 1016 2605 1072 mediocriter
2630 1017 2833 1074 invidia
2864 1019 3135 1089 proditor,
3161 1035 3282 1091 quae
3308 1021 3498 1077 civica)

1895 1107 2178 1163 charitatis
2207 1109 2393 1177 oblita,
2418 1110 2472 1165 in
2498 1112 2692 1166 acerba
2715 1111 2835 1167 odia
2861 1126 3053 1167 causas
3079 1112 3281 1168 amoris
3306 1113 3495 1168 innec.

1895 1204 1980 1257 tit.
2015 1200 2185 1256 Simul
2220 1201 2322 1256 hoc
2369 1201 2621 1272 exemplo
2669 1203 2871 1272 pariter
2898 1213 2954 1259 et
2996 1203 3221 1259 oraculo
3248 1204 3494 1260 declara-

1894 1299 1984 1346 tur
2006 1292 2150 1362 quod
2182 1293 2378 1348 frustra
2407 1308 2564 1362 opem
2599 1294 2986 1350 misericordiae
3006 1295 3249 1352 cmlestis
3271 1310 3498 1365 exspec-

1897 1391 1998 1448 tes,
2031 1383 2076 1437 si
2104 1384 2296 1438 alienae
2327 1383 2592 1441 fructibus
2615 1386 2832 1441 virtutis
2863 1386 3146 1454 invideas;
3175 1396 3497 1456 aspernator

1894 1476 2037 1532 enim
2061 1477 2324 1556 Dominus
2349 1478 2655 1534 invidorum
2682 1489 2785 1545 est,
2812 1487 2870 1535 et
2904 1479 2972 1534 ab
2997 1481 3064 1536 iis
3089 1480 3177 1550 qui
3200 1479 3380 1535 divina
3411 1481 3498 1537 be-

1893 1568 2082 1624 neﬁcia
2117 1569 2167 1622 in
2199 1569 2319 1624 aliis
2343 1581 2760 1642 persequuntur,
2791 1567 3051 1628 miracula
3072 1586 3186 1628 sua:
3211 1573 3499 1643 potestatis

1890 1647 2106 1717 avertit.
2161 1662 2452 1718 Dominica
2500 1665 2700 1735 quippe
2754 1667 2934 1721 carnis
2993 1675 3147 1721 actus
3193 1665 3495 1724 divinitatis

1892 1757 2199 1824 exemplum
2227 1766 2348 1813 est:
2388 1768 2442 1812 et
2473 1758 2764 1814 invisibilia
2805 1759 2960 1816 nobis
2986 1761 3106 1831 ejus
3136 1775 3231 1831 per
3262 1775 3326 1816 ea
3371 1775 3495 1832 quae

181 1853 301 1894 mus
329 1839 494 1910 igitur
525 1841 856 1894 tentationes
893 1839 1078 1895 saeculi
1109 1853 1207 1909 pro
1235 1839 1392 1894 malis
1421 1839 1633 1905 timere,
1666 1841 1786 1909 qui-

1907 1860 2018 1908 ;unt
2045 1851 2278 1907 visibilia
2305 1851 2771 1909 demonstrantur.

179 1931 282 1987 bus
325 1933 462 1988 bona
497 1931 719 2000 prwmia
751 1941 1180 2002 comparantur:
1229 1931 1325 1987 sed
1378 1933 1547 2002 magis
1597 1946 1792 2001 rOgare

175 2024 643 2094 contemplatione
673 2023 1005 2079 conditionis
1035 2023 1326 2087 humanae;
1373 2032 1430 2078 ut
1477 2038 1571 2077 cas
1618 2032 1792 2079 tenta-

179 2117 356 2172 tiones
381 2117 698 2183 subeamus,
728 2130 864 2184 quas
887 2114 1030 2171 ferre
1059 2117 1353 2186 possimus.

252 2208 434 2281 (V'ers.
461 2209 581 2280 14.)
623 2206 690 2262 Et
726 2224 991 2281 regressus
1019 2217 1094 2263 est
1121 2206 1278 2262 Jesns
1310 2208 1362 2260 in
1398 2205 1584 2262 virtute
1613 2205 1789 2274 Spiri-

180 2314 264 2359 tus
284 2343 301 2368 ,
329 2303 382 2356 in
411 2300 706 2357 Galilwam.

251 2397 346 2453 43.
385 2397 704 2467 Completur
733 2398 836 2451 hoc
859 2396 981 2450 loco
1003 2396 1289 2467 praphetia
1318 2395 1494 2452 Esaiae
1516 2393 1785 2450 dicentis:

178 2490 348 2562 Regio
374 2489 636 2555 Zabulon,
653 2497 700 2543 et
723 2499 860 2542 terra
875 2487 1238 2560 Nephthalim,
1255 2497 1304 2542 et
1336 2489 1508 2543 caueri
1530 2487 1788 2558 paraliam

179 2582 552 2647 inhabitantes,
584 2591 607 2620 ο
633 2590 677 2636 et
707 2582 794 2652 qui
820 2597 965 2636 secus
994 2582 1252 2635 maritima
1271 2622 1286 2647 ,
1322 2593 1370 2636 et
1409 2579 1623 2653 13m
1650 2589 1790 2634 trans

178 2677 470 2732 Iordanem
488 2674 723 2732 Catilina!
738 2677 990 2747 gentium,
1023 2676 1244 2747 populus
1266 2681 1354 2745 qui
1373 2675 1578 2730 sedebat
1605 2675 1657 2728 in
1675 2689 1791 2726 um-

181 2771 274 2825 bra
304 2771 505 2837 mortis,
534 2770 699 2824 lucem
727 2769 966 2824 uiderunt
988 2786 1226 2841 magnam
1254 2768 1426 2842 (Esai.
1456 2785 1508 2824 ix
1528 2810 1543 2834 ,
1572 2769 1593 2821 ‘l
1625 2776 1674 2820 et
1703 2767 1785 2838 2).

181 2862 321 2930 Quis
351 2873 435 2918 est
461 2864 608 2918 enim
635 2863 725 2918 lux
754 2877 969 2934 magna,
1001 2862 1105 2917 nisi
1133 2861 1384 2918 Christus
1405 2861 1496 2932 qui
1521 2861 1791 2916 illuminat

181 2969 405 3011 omnem
437 2953 714 3011 hominem
746 2955 1053 3012 venientem
1084 2957 1136 3011 in
1172 2955 1316 3011 hunc
1347 2953 1645 3009 mundum?

255 3045 350 3101 Η.
393 3045 571 3118 (Vers.
625 3048 741 3116 17.)
778 3047 986 3103 Deinde
1031 3047 1227 3102 librum
1255 3047 1487 3117 accepit,
1518 3056 1577 3100 ut
1607 3053 1792 3101 osten-

184 3139 346 3195 deret
371 3154 432 3194 se
455 3139 632 3210 ipsum
680 3154 803 3194 esse
841 3141 930 3209 qui
964 3140 1178 3195 locutus
1221 3147 1306 3195 est
1351 3139 1405 3193 in
1453 3137 1785 3208 Prophetis:

1964 1944 2054 1998 47.
2098 1942 2214 1998 Non
2244 1943 2418 1999 otiose
2450 1944 2631 2016 itaque
2661 1946 2899 2002 salvator
2920 1956 3143 2003 excusat
3172 1947 3315 2019 quod
3346 1947 3494 2004 nulla

1895 2037 1948 2091 in
1979 2037 2150 2106 patria
2192 2053 2288 2092 sua
2320 2039 2581 2095 miracula
2614 2041 2833 2096 virtutis
2869 2050 3126 2112 operatus
3152 2042 3257 2108 sit;
3289 2057 3356 2097 ne
3385 2041 3498 2097 foro

1893 2129 2054 2182 lassis
2084 2129 2282 2199 aliquis
2314 2131 2561 2186 viliorem
2607 2135 2796 2202 patriae
2825 2134 2984 2189 nobis
3025 2149 3146 2190 csse
3172 2134 3374 2190 debere
3401 2149 3497 2205 pu-

1894 2229 2032 2275 taret
2053 2219 2324 2275 all'ectum.
2351 2221 2540 2292 Neque
2568 2224 2714 2278 enim
2746 2225 2895 2281 cives
2915 2232 3129 2296 poterat
3148 2240 3254 2281 non
3283 2240 3494 2292 amare,

1891 2311 1981 2381 qui
2011 2323 2477 2380 amaret'omnes;
2518 2315 2612 2370 sed
2646 2315 2744 2388 ipsi
2776 2331 2836 2372 se
2861 2317 3128 2374 charitate
3165 2319 3375 2388 patrizr,
3403 2319 3494 2389 qui

1893 2403 2158 2470 invident,
2176 2405 2520 2473 abdicarunt;
2542 2407 2782 2463 Charitas
2805 2411 2950 2466 enim
2972 2427 3073 2466 non
3094 2412 3412 2468 inmutatur“

1893 2512 1997 2551 non
2025 2499 2236 2568 inﬂatur
2263 2497 2307 2571 (ι
2338 2497 2458 2554 Car.
2485 2516 2610 2567 χιιι,
2644 2500 2726 2572 4).
2767 2501 2875 2558 Nec
2899 2513 3076 2558 tamen
3102 2519 3294 2559 exsors
3323 2503 3493 2559 bene-

1893 2591 2143 2648 ﬁciorum
2175 2594 2345 2662 patria
2375 2593 2683 2648 divinorum
2705 2605 2810 2650 est.
2840 2595 2995 2664 Quod
3023 2596 3167 2651 enim
3193 2596 3366 2666 majus
3392 2596 3494 2651 mi-

1894 2686 2160 2752 raculum,
2192 2702 2352 2756 quam
2381 2687 2525 2756 quod
2555 2684 2580 2722 σι
2607 2688 2660 2740 in
2681 2701 2744 2742 ea
2777 2697 2935 2741 natus
2963 2686 3173 2759 135.7
3197 2696 3280 2742 est
3301 2686 3492 2743 Chris-

1895 2778 2024 2834 tus?
2052 2777 2245 2833 Videte
2299 2779 2465 2848 igitur
2501 2779 2628 2849 quid
2671 2780 2798 2834 mali
2847 2779 3050 2834 invidia
3099 2778 3314 2834 afferat.
3349 2778 3493 2833 Indi-

1891 2885 1998 2942 gna
2028 2880 2251 2940 propter
2282 2869 2537 2926 invidiam
2567 2871 2740 2940 patria
2782 2870 3080 2941 judicatur,
3123 2872 3174 2925 in
3219 2885 3321 2940 qua
3359 2870 3494 2926 civis

1892 2971 2167 3032 operetur,
2197 2977 2320 3032 qua:
2347 2961 2510 3034 digna
2539 2961 2640 3017 fuit
2673 2972 2695 3000 ο
2729 2962 2782 3017 in
2820 2977 2924 3032 qua
2970 2962 3062 3017 Dei
3106 2959 3273 3016 Filius
3305 2975 3496 3018 nasce-

1892 3067 2063 3113 retur.

1964 3149 2144 3220 (Vers.
2186 3149 2306 3221 25.)
2347 3147 2416 3203 In
2465 3152 2675 3206 ueritate
2721 3151 2838 3206 dico
2866 3150 3041 3205 vobis:
3104 3149 3285 3204 Multa:
3327 3149 3507 3204 viduar-

183 3240 236 3286 et
261 3242 570 3287 removeret
601 3232 882 3302 sacrilegia
916 3231 1268 3302 perﬁdorum,
1306 3231 1398 3302 qui
1423 3231 1604 3286 alium.
1624 3233 1786 3306 Deum
1816 3246 1862 3309 ρ
1894 3242 2103 3314 [uerum
2126 3243 2181 3296 ίη
2211 3243 2389 3298 diebus
2419 3243 2572 3299 Ειξω,

182 3324 376 3380 dicunt
406 3325 609 3380 veteris
636 3325 1200 3388 'l‘estameuti,-alium
1249 3325 1374 3380 novi
1408 3341 1421 3378 :
1449 3324 1532 3379 vel
1569 3324 1659 3394 qui
1693 3323 1793 3378 ini-

179 3419 319 3473 tium
357 3413 562 3473 Christi
588 3418 777 3474 dicunt
803 3434 926 3475 esse
953 3419 1021 3474 de
1047 3419 1254 3490 virgine
1283 3436 1296 3473 :
1338 3419 1614 3490 quomodo
1644 3417 1790 3473 enim

177 3509 351 3580 cepit
377 3525 443 3564 ex
471 3509 704 3580 virgine,
735 3511 825 3581 qui
855 3521 982 3566 ante
1011 3511 1278 3581 virginem
1320 3509 1684 3580 loquebatur?

249 3604 439 3676 (Vers.
472 3604 586 3675 l8.)
629 3604 862 3676 Spiritus
885 3603 1097 3659 Domini
1119 3620 1278 3675 super
1310 3619 1409 3657 me.

248 3695 346 3752 45.
375 3695 538 3751 Vides
566 3696 895 3752 Trinitatem
921 3705 1251 3752 coarternam
1279 3703 1443 3766 atque
1471 3693 1790 3765 perfectam.

175 3791 363 3862 Ipsum
394 3791 635 3861 loquitur
658 3791 945 3859 Scriptura
970 3789 1154 3845 Jesnm
1177 3789 1347 3844 Deum
1377 3787 1791 3857 hominemque,

176 3887 232 3942 in
263 3893 506 3954 utroque
532 3883 874 3956 perfectum:
909 3885 1076 3940 Deum
1114 3884 1353 3954 loquitur
1381 3891 1436 3937 et
1463 3881 1706 3946 Patrem,
1736 3889 1793 3936 et

177 3980 448 4051 Spiritum
477 3987 746 4035 sanctum.
781 3979 1017 4049 Spiritus
1044 3977 1186 4032 enim
1217 3985 1439 4032 sanctus
1468 3984 1792 4043 cooperator

176 4071 523 4140 ostenditur,
569 4072 788 4144 quando
831 4072 1102 4142 corporali
1148 4073 1330 4141 specie
1373 4071 1514 4125 sicut
1543 4067 1792 4123 columba

175 4165 470 4222 descendit
499 4166 551 4219 in
597 4163 912 4229 Christum;
939 4179 1060 4220 cum
1107 4165 1199 4220 Dei
1230 4164 1398 4219 Filius
1431 4163 1795 4233 baptizaretur

178 4263 234 4318 in
258 4261 452 4326 fluvio,
479 4261 642 4316 Pater
671 4261 984 4331 loqueretur
1004 4275 1036 4316 e
1063 4261 1223 4316 coelo.
1255 4259 1409 4328 Quod
1434 4258 1598 4328 igitur
1621 4255 1792 4325 majus

178 4353 484 4426 quaerimus
513 4353 906 4419 testimonium,
931 4368 1091 4422 quam
1113 4351 1254 4422 quod
1297 4366 1357 4406 se
1381 4350 1547 4404 fuisse
1576 4348 1667 4419 qui
1707 4349 1790 4403 lo-

177 4461 345 4507 cutus
371 4460 457 4506 est
482 4452 535 4506 in
564 4450 880 4522 Pr0phetis,
909 4450 1126 4521 propria
1161 4463 1299 4504 voce
1324 4447 1597 4518 signavit?
1623 4444 1789 4515 Ungi.

178 4554 272 4600 tur
299 4547 426 4600 oleo
455 4544 712 4614 spiritali,
742 4553 798 4599 et
819 4545 1019 4598 virtute
1046 4541 1294 4608 caelesti;
1324 4550 1384 4595 ut
1414 4545 1792 4611 paupertatem

1967 3335 2056 3390 48.
2104 3335 2220 3391 Non
2247 3337 2372 3407 quia
2411 3337 2542 3393 Elite
2586 3336 2706 3392 dies
2760 3337 2998 3404 fuerunt,
3053 3330 3146 3393 sed
3203 3338 3256 3392 in
3303 3337 3499 3408 quibus

1897 3425 2048 3482 Elias
2074 3437 2332 3497 operatus
2355 3441 2437 3484 εει
2479 3446 2494 3484 :
2528 3440 2619 3484 aut
2658 3431 2782 3500 quia
2827 3429 2944 3485 dies
2984 3430 3217 3485 faciebat
3244 3430 3384 3497 illis,
3408 3430 3499 3499 qui

1898 3519 1952 3576 in
2010 3520 2128 3590 ejus
2175 3522 2434 3592 operibus
2465 3523 2640 3579 lucem
2688 3524 2946 3580 videbant
2987 3525 3173 3595 gratia:
3214 3523 3498 3594 spiritalis,

1895 3624 1949 3671 et
1973 3617 2436 3672 convertebantur
2467 3617 2533 3672 ad
2565 3618 2877 3675 Dominum.
2914 3619 2982 3674 Et
3009 3619 3135 3674 ideo
3155 3620 3500 3688 aperiebatur

1895 3707 2092 3763 caelum
2117 3707 2428 3766 videntibus
2455 3719 2660 3766 aeterna
2702 3720 2758 3766 et
2805 3712 2983 3766 divina
3014 3714 3270 3782 mysteria
3303 3729 3316 3766 :
3354 3711 3502 3766 clau-

1895 3799 2124 3855 debatur
2152 3801 2371 3871 quando
2399 3802 2569 3858 fames
2586 3815 2700 3858 erat
2725 3821 2739 3870 ;
2768 3806 2897 3874 quia
2926 3804 3072 3858 nulla
3117 3815 3236 3858 erat
3273 3819 3502 3873 cognos-

1895 3892 2084 3947 cendae
2138 3891 2441 3948 divinitatis
2501 3894 2741 3950 ubertas.
2809 3895 2916 3950 Sed
2973 3894 3043 3950 de
3112 3894 3216 3950 hoc
3291 3896 3503 3965 plenius

1895 3983 2214 4053 scripsimus
2235 4025 2250 4051 ,
2273 3999 2395 4040 cum
2426 3985 2494 4040 de
2523 3983 2711 4040 Viduis
2746 3987 3113 4043 scriberemus
3144 3985 3281 4058 (Lib.
3315 3987 3378 4041 de
3405 3985 3504 4042 Vi-

1897 4077 2064 4147 duis).

1967 4170 2146 4244 (Vers.
2177 4172 2300 4245 27.)
2341 4173 2408 4227 Et
2431 4176 2580 4230 multi
2602 4177 2795 4247 leprosi
2825 4186 2971 4232 erant
3001 4178 3054 4231 in
3085 4175 3278 4231 Iudaea
3310 4185 3504 4250 tempo-

1897 4264 2039 4318 ribus
2078 4262 2580 4336 Elisrcipmphetw:
2619 4279 2667 4322 et
2693 4286 2842 4324 nemo
2872 4281 3050 4325 eorum
3084 4269 3364 4325 mundatus
3395 4280 3466 4325 est
3487 4311 3503 4336 ,

1899 4358 2000 4412 nisi
2030 4356 2277 4412 Nauman
2310 4359 2501 4430 Syrus.

1923 4441 1930 4447 ’
1969 4451 2060 4506 49.
2104 4452 2404 4510 Evidentcr
2431 4456 2521 4512 hic
2543 4473 2728 4513 sermo
2758 4473 2856 4512 nos
2901 4458 3111 4513 Domini
3145 4457 3395 4512 salutaris
3426 4457 3506 4510 in-

1898 4543 2114 4612 format,
2145 4553 2203 4600 et
2224 4546 2290 4600 ad
2339 4547 2577 4602 studium
2608 4550 2932 4605 venerandae
2979 4550 3279 4605 divinitatis
3323 4548 3506 4603 horta-

177 4636 520 4693 conditionis
563 4637 814 4692 humana:
846 4636 1101 4691 thesauro
1143 4631 1567 4689 resurrectionis
1596 4631 1798 4700 rigaret
1825 4641 1874 4703 υ
1901 4643 2009 4701 tur,
2064 4636 2209 4706 quod
2267 4653 2430 4693 nemo
2479 4651 2702 4695 sanatus
2755 4641 3082 4709 ostenditur,
3142 4650 3198 4696 et
3245 4641 3504 4696 maculosi

176 4742 414 4796 aeterno,
470 4730 840 4801 captivitatem
882 4729 1080 4786 mentis
1131 4735 1438 4791 averteret,
1493 4726 1793 4781 czvcitatem

176 4826 523 4881 illuminaret
545 4827 875 4892 anitnorum,
909 4839 1110 4879 annum
1142 4822 1354 4877 Domini
1391 4820 1666 4891 perpetuis
1692 4817 1793 4872 dif-

175 4917 364 4976 fusum
397 4921 728 4992 temporibus
753 4921 1099 4992 praedicaret,
1129 4919 1222 4990 qui
1267 4917 1450 4972 redire
1505 4917 1557 4970 in
1603 4914 1792 4969 orbem

175 5013 390 5070 laboris
414 5019 640 5082 nesciat,
673 5015 1140 5071 continuationem
1163 5012 1372 5068 fructus
1401 5007 1712 5065 hominibus
1740 5015 1797 5062 et

177 5107 390 5179 quietis
413 5107 709 5180 indulgeat.
733 5108 914 5180 Atque
945 5107 1035 5163 ille
1063 5107 1135 5162 ita
1167 5105 1234 5160 ad
1260 5103 1442 5161 omnia
1458 5117 1519 5158 se
1543 5101 1797 5156 curvavit

258 5303 288 5332 ι
329 5293 490 5348 Rom.
522 5291 654 5346 edit.
674 5331 690 5356 ,
723 5287 999 5344 voluntatis
1021 5296 1124 5341 tua:
1153 5281 1408 5338 coronasti
1437 5294 1530 5334 nos
1553 5295 1572 5332 :
1595 5285 1642 5332 et
1673 5291 1792 5329 scu-

181 5377 240 5424 to
271 5363 619 5420 circumdabit
651 5371 719 5416 te.
823 5431 853 5433 μ
1013 5431 1022 5433 _
1139 5429 1150 5433 _
1374 5423 1434 5433 η
1536 5423 1547 5433 ,

257 5437 291 5477 Β
346 5437 548 5490 Eadem
579 5434 740 5488 Rom.
771 5431 903 5486 edit.
927 5473 940 5493 ,
975 5429 1177 5504 uirtutis
1207 5435 1290 5504 est
1309 5423 1601 5504 celebratio.

267 5520 295 5548 ο
338 5506 408 5561 Et
429 5507 516 5575 qui
545 5522 690 5560 secus
735 5491 1000 5576 maritima
1056 5502 1230 5576 deleta
1264 5496 1478 5576 fuerant
1634 5491 1792 5576 Rom.

179 5581 330 5639 edit.
350 5621 366 5644 ,
401 5562 576 5646 neque
601 5577 831 5646 omnino
857 5574 1021 5637 male,
1053 5587 1175 5646 cum
1208 5570 1258 5646 in
1287 5565 1656 5646 superioribus
1689 5562 1794 5617 illis

180 5636 455 5724 parafiam
481 5636 846 5724 inhabitantes,
875 5636 1442 5724 comprehendantur;
1473 5636 1576 5724 sed.
1616 5647 1790 5724 tamen

175 5709 547 5796 reperiuntur
576 5721 627 5774 in
657 5709 910 5796 omnibus
930 5709 1074 5796 mss.
1117 5729 1180 5768 ac
1201 5724 1308 5796 vet.
1338 5711 1483 5796 edit._
1625 5709 1795 5796 potuit

171 5789 524 5854 Ambrosius
545 5807 668 5862 qua:
697 5790 886 5846 Gratca
910 5789 1152 5844 dictione
1181 5789 1510 5855 signaverat,
1535 5789 1792 5837 continuo

171 5866 412 5925 {Atinio
438 5863 620 5920 verbis
641 5862 938 5932 explicaret

1901 4735 2094 4790 morbo
2135 4735 2383 4805 corporis
2412 4736 2712 4804 absolutus,
2748 4739 2849 4793 nisi
2895 4739 2989 4809 qui
3038 4738 3295 4807 religioso
3324 4737 3505 4791 ofﬁcio

1897 4825 2104 4880 studuit
2150 4828 2389 4882 sanitati.
2438 4828 2554 4884 Non
2597 4831 2741 4886 enim
2772 4831 3170 4887 dormientibus
3200 4831 3380 4886 divina
3409 4830 3506 4887 be-

1898 4919 2110 4986 neticia,
2151 4919 2245 4974 sed
2276 4921 2691 4978 observantibus
2721 4922 3064 4979 deferuntur.
3108 4923 3170 4977 Et
3215 4923 3353 4978 bene
3375 4931 3504 4992 apto

1896 5011 2322 5079 comparationis
2345 5015 2596 5084 exemplo
2623 5017 2931 5086 arrogantia
2963 5016 3163 5078 civium
3196 5014 3504 5070 retunditur

1897 5101 2232 5168 invidorum,
2285 5103 2736 5177 Dominicumque
2767 5108 2966 5164 factum
3006 5106 3307 5177 Scripturis
3342 5105 3500 5161 doce-

1945 5273 2191 5361 .d._Qtl9d
2223 5279 2472 5361 Christus
2499 5289 2568 5344 de
2594 5289 2764 5358 patria
2800 5289 2852 5342 in
2882 5302 2985 5361 qua
3017 5286 3280 5341 educatus
3304 5284 3500 5352 fuerat,

1904 5345 2055 5409 dicit,
2093 5350 2144 5405 id
2193 5354 2354 5409 etiam
2400 5358 2466 5413 ad
2502 5345 2728 5429 patriam
2784 5345 2914 5428 qua;
2959 5359 3132 5426 ipsum
3191 5345 3501 5412 nascentem

1905 5435 2240 5498 susceperat,
2272 5432 2514 5486 estendit
2561 5432 2900 5487 Ambrosius.
2955 5429 3063 5483 Nec
3104 5445 3237 5484 sane
3277 5430 3499 5498 injuria,

1903 5497 2118 5562 quando
2141 5496 2253 5552 illic
2275 5503 2438 5555 etiam
2473 5505 2676 5559 nullum
2710 5518 2739 5556 a
2764 5501 2983 5558 Christo
3013 5496 3344 5556 miraculum
3361 5501 3501 5571 lega-

1904 5583 2022 5622 Inus
2065 5581 2459 5639 perpetratum.

1977 5649 2000 5677 ε
2040 5640 2198 5694 Rom.
2231 5643 2396 5712 edit.,
2433 5658 2489 5702 ut
2513 5646 2612 5703 Dei
2655 5645 2826 5701 Filius
2856 5648 3250 5716 conciperetur;
3277 5644 3394 5697 alia:
3437 5660 3500 5701 ac

1899 5726 2031 5840 mss:
2061 5728 2250 5840 0t|mtes
2430 5730 2749 5775 nasceretur.
2772 5721 2914 5776 Sane
2935 5717 3219 5790 conceptio
3248 5716 3498 5773 nativitas

1899 5797 1959 5840 es
2010 5799 2099 5840 mc
2122 5797 2283 5840 ioata.

1898 5793 1983 5841 est
2010 5793 2283 5844 inctroata.
