3960 6304
495 339 514 392 i
528 335 629 390 627

1857 311 2106 372 SANCTI
2141 309 2236 366 AM
2246 308 2464 366 BROSII

3651 299 3777 358 1628

489 454 575 500 tur
628 443 902 501 veteribus
955 438 1249 496 convenire
1275 478 1290 502 ,
1348 434 1492 506 quod
1559 433 1611 487 in
1671 424 1832 485 libris
1871 443 2088 499 quoque
2113 427 2167 490 Α
2193 439 2342 495 pere,
2369 424 2537 494 gratis
2565 421 2695 478 dare
2731 438 2744 475 :
2779 417 2878 477 nec
2899 419 3134 477 vendere
3162 419 3548 482 ministerium,
3579 418 3671 474 sed
3705 423 3777 470 ot-

488 539 801 611 Regnorum
827 536 1053 605 legimus
1080 531 1334 602 gentilem
1367 529 1541 583 virum
1569 525 1810 580 Naaman
1844 522 2081 592 protube-

491 634 598 688 tice
623 631 844 687 oraculo
870 629 1034 695 lepra:
1056 624 1283 680 maculis
1302 621 1634 685 absolutum,
1666 633 1788 673 cum
1819 617 2084 686 plurimos

488 725 796 781 Iudaeorum
828 724 975 790 lepra
1004 718 1253 788 corporis
1285 716 1484 786 pariter
1518 723 1572 769 et
1601 714 1798 768 mentis
1835 712 2086 765 absume-

489 827 572 872 ret
612 815 702 890 (Ν
732 815 860 886 Reg.
895 829 951 880 v,
986 811 1098 882 Μ).
1140 809 1416 880 Siquidem
1447 814 1678 877 quatuor
1724 805 1846 859 illos
1872 802 1962 872 qui
1992 814 2085 856 co-

489 917 648 979 gente
679 907 840 971 fame,
870 905 924 960 in
951 907 1127 959 castra
1158 903 1303 972 regis
1329 901 1500 972 Syriae
1530 899 1688 966 primi
1714 895 2083 961 tetenderunt,

491 1001 653 1056 tradit
681 998 907 1054 historia
947 998 1115 1052 fuisse
1155 996 1401 1065 leprosos
1437 991 1692 1064 (lVJieg.
1718 1005 1822 1052 vu,
1854 990 1933 1060 ὅ).
1974 986 2085 1044 Cur

491 1093 656 1163 igitur
694 1108 800 1146 non
830 1089 1056 1146 curabat
1085 1087 1303 1150 fratres,
1335 1101 1442 1142 non
1488 1084 1714 1140 curabat
1760 1084 1928 1148 cives,
1978 1095 2084 1136 non

491 1181 726 1239 sanabat
741 1181 1006 1253 propheta
1030 1187 1338 1243 consortes;
1362 1193 1484 1234 cum
1499 1184 1716 1232 sanaret
1735 1175 1965 1242 alienos,
1993 1189 2085 1230 sa-

496 1284 653 1330 naret
679 1288 775 1330 eos
801 1272 892 1344 qui
916 1272 1312 1328 observantiam
1343 1269 1527 1340 Legis,
1553 1278 1609 1324 et
1639 1268 1917 1338 religionis
1950 1282 2086 1322 con-

493 1369 723 1425 sortium
748 1383 854 1422 non
879 1366 1151 1424 habebant
1179 1383 1193 1421 :
1222 1366 1324 1421 nisi
1352 1366 1478 1435 quia
1505 1361 1798 1418 voluntatis
1814 1370 1896 1416 est
1917 1359 2092 1416 medi-
2125 1357 2133 1363 ”

495 1466 636 1526 cina,
669 1477 776 1517 non
817 1463 1032 1534 gentis;
1077 1471 1134 1516 et
1162 1461 1407 1516 divinum
1440 1473 1638 1514 munus
1673 1459 1813 1513 votis
1849 1458 2087 1528 eligitur,

497 1570 602 1610 non
634 1563 844 1610 natura:
862 1554 986 1624 jure
1010 1552 1290 1608 defertur?
1332 1552 1507 1617 Disce,
1539 1551 1866 1615 Christiane,
1898 1565 2091 1620 rogare

493 1648 635 1717 quod
663 1645 850 1716 cupias
889 1648 1180 1716 impetrare
1209 1663 1222 1700 :
1257 1643 1572 1700 fastidiosos
1616 1645 1762 1698 viros
1788 1644 2090 1700 caelestium

492 1739 769 1810 profectus
793 1753 1077 1794 munerum
1099 1753 1205 1792 non
1233 1744 1550 1808 sequuntur.

2188 522 2328 576 ferre
2359 518 2576 589 (Matth.
2631 533 2687 584 x,
2716 513 2796 586 8).
2847 514 2964 570 Non
3005 514 3149 569 enim
3194 512 3370 583 pretio
3422 520 3640 568 taxatur
3686 510 3776 566 Dei

2185 613 2379 684 gratia,
2411 625 2510 666 nec
2540 611 2592 664 in
2617 607 2972 665 sacramentis
3010 605 3220 661 lucrum
3248 605 3534 676 qua'ritur,
3561 603 3659 658 sed
3690 603 3782 658 ob-

2186 705 2431 775 sequium
2457 700 2781 758 sacerdotis.

2257 799 2341 854 53.
2386 797 2504 853 Non
2536 807 2713 851 tamen
2743 795 2877 848 satis
2903 803 2987 849 est
3017 793 3061 848 si
3105 792 3318 847 lucrum
3349 791 3464 860 ipse
3493 803 3605 844 non
3632 803 3777 858 quae-

2188 907 2312 948 ras:
2365 890 2583 946 familia:
2613 904 2829 959 quoque
2874 897 2980 942 tuae
3021 884 3342 941 cohibendre
3387 891 3514 937 sunt
3544 897 3781 938 manus:

2189 1003 2290 1044 nec
2329 987 2432 1042 hoc
2460 987 2633 1040 solum
2674 982 3044 1053 exposcimus,
3075 988 3132 1035 ut
3161 986 3215 1035 te
3241 978 3417 1033 solum
3444 986 3658 1032 castum
3691 976 3788 1032 im-

2188 1081 2626 1148 maculatumque
2656 1075 2949 1132 cusmdias.
2983 1073 3099 1128 Non
3127 1072 3268 1128 enim
3298 1070 3433 1125 dixit
3467 1069 3784 1140 Apostolus,

2187 1182 2241 1229 te
2263 1173 2481 1227 solum:
2511 1171 2629 1236 sed,
2665 1169 2734 1224 Te
2761 1170 2932 1239 ipsum
2976 1176 3175 1220 castum
3218 1163 3420 1219 custodi
3467 1162 3510 1235 (l
3543 1161 3682 1218 Tim.
3734 1177 3784 1226 v,

2188 1269 2302 1340 22).
2332 1267 2605 1336 Quaeritur
2653 1279 2792 1335 ergo
2836 1279 2943 1318 non
2995 1262 3172 1318 solum
3224 1268 3312 1315 tua
3351 1259 3422 1313 ab
3475 1254 3786 1326 huiusmodi

2191 1361 2464 1424 nundinis,
2521 1359 2616 1414 sed
2663 1359 2828 1414 etiam
2879 1357 3072 1411 domus
3113 1367 3218 1408 tua:
3261 1352 3524 1408 castitas:
3575 1350 3791 1419 Oportet

2191 1455 2334 1510 enim
2379 1451 2875 1525 irreprehensibilem
2913 1463 3019 1503 esse
3063 1447 3502 1506 sacerdotem.....
3553 1459 3664 1498 sua:
3693 1444 3788 1497 do-

2191 1550 2297 1603 mui
2344 1548 2468 1602 bene
2496 1545 2866 1617 praepositum,
2907 1542 3045 1612 ﬁlios
3075 1541 3342 1595 habentem
3370 1536 3604 1593 subditos
3627 1576 3644 1601 ,
3676 1553 3791 1590 cum

2195 1641 2336 1696 omni
2386 1641 2642 1694 castitate.
2679 1638 2742 1692 Si
2791 1637 2905 1702 quis
2955 1645 3124 1688 autem
3195 1631 3372 1686 domui
3401 1646 3512 1685 sum
3573 1644 3796 1697 pt'a'esse

2195 1735 2382 1798 nescit,
2426 1731 2679 1805 quomodo
2749 1729 3000 1784 Ecclesia:
3062 1725 3162 1781 Dei
3205 1725 3534 1796 diligentiam
3590 1723 3791 1777 habebit

564 1835 652 1889 50.
693 1834 799 1890 Sed
831 1833 1077 1905 quamvis
1120 1834 1353 1903 simplex
1397 1834 1668 1903 expositio
1715 1834 1977 1889 moralem
2013 1835 2094 1888 in-
2123 1813 2170 1874 Β
2200 1824 2496 1895 (lTim.tu,
2528 1821 2696 1893 2-5)?
2721 1821 2934 1876 lnstrue
2963 1834 3094 1889 ergo
3117 1816 3375 1872 familiam
3405 1825 3576 1881 tuam,
3612 1816 3790 1870 horta-

491 1925 688 1981 formet
711 1925 1000 1992 affectum;
1033 1925 1205 1996 gratia
1234 1933 1413 1988 tamen
1445 1941 1550 1980 non
1582 1935 1667 1981 est
1690 1926 1904 1980 occulta
1943 1940 2093 1997 mys-

494 2020 638 2074 terii.
672 2019 887 2075 Etenim
916 2035 1040 2075 cum
1070 2021 1368 2090 posteriora
1401 2035 1429 2074 a
1451 2020 1824 2090 superioribus
1841 2021 2097 2076 deriven-

499 2123 610 2176 tur,
664 2122 777 2166 tum
808 2114 973 2167 etiam
1020 2113 1299 2183 superiora
1346 2112 1736 2182 posterioribus
1777 2123 2096 2168 astruuntur

497 2201 640 2268 (Lib.
675 2203 738 2257 de
775 2202 1002 2273 Viduis).
1038 2203 1283 2258 Diximus
1311 2203 1456 2259 enim
1504 2205 1556 2259 in
1594 2202 1734 2259 libro
1777 2205 1901 2271 alio,
1938 2205 1990 2259 in
2017 2205 2096 2258 vi-

495 2293 598 2348 dua
625 2294 712 2348 illa
744 2294 811 2349 ad
842 2309 1000 2365 quam
1036 2294 1182 2349 Elias
1207 2294 1448 2352 directus
1470 2303 1572 2362 est,
1617 2303 1800 2366 typum
1831 2296 2093 2352 Ecclesia:

497 2387 857 2456 praemissum.
884 2395 909 2424 ει
933 2386 1494 2458 Ροῃυιυείεοοιεείπηι
1514 2388 1784 2457 congruit,
1815 2398 1873 2442 ut
1898 2402 2094 2459 sequa‘

497 2491 603 2533 tur.
630 2479 866 2558 Populus
891 2480 981 2536 ille
1006 2497 1074 2535 ex
1105 2481 1425 2552 alienigenis
1455 2490 1832 2552 congregatus,
1863 2482 2093 2552 populus

493 2571 586 2626 ille
615 2579 740 2626 autc
766 2572 1034 2640 leprosus,
1062 2573 1291 2643 populus
1315 2573 1406 2627 ille
1435 2580 1564 2628 ante
1599 2573 1903 2628 maculosus
1945 2573 2094 2643 prius

498 2679 658 2734 quam
685 2666 917 2736 mystico
940 2665 1307 2736 baptizaretur
1339 2668 1390 2721 in
1423 2666 1667 2731 ﬂumine,
1693 2667 1833 2722 idem
1858 2676 1975 2737 post
2007 2682 2092 2722 sa-

493 2770 769 2812 cramenta
801 2760 1139 2830 baptismatis
1168 2760 1396 2816 maculis
1419 2762 1668 2831 corporis
1690 2770 1744 2816 et
1770 2762 1967 2816 mentis
1993 2761 2091 2816 ab-

494 2850 662 2918 lutus,
689 2852 800 2921 jam
849 2867 954 2907 non
1003 2855 1175 2922 lepra,
1211 2855 1306 2910 sed
1351 2855 1697 2910 immaculata
1738 2856 1890 2926 virgo
1927 2855 2093 2925 cmpit

489 2959 610 2998 esse
639 2946 757 2999 sine
789 2961 942 3015 ruga.
971 2947 1162 3002 Merito
1201 2963 1330 3018 ergo
1357 2965 1580 3020 magnus
1601 2949 1838 3006 Naaman
1879 2953 1931 3006 in
1962 2966 2092 3007 con-

490 3047 677 3107 spectu
709 3039 916 3094 Domini
950 3039 1058 3105 sui,
1105 3049 1160 3094 et
1188 3041 1518 3095 admirabilis
1549 3042 1684 3098 facie
1724 3042 2088 3110 describitur;

489 3132 746 3200 quoniam
788 3132 839 3186 itt
870 3131 990 3201 ejus
1019 3142 1150 3203 typo
1179 3133 1326 3187 salus
1358 3133 1533 3187 futura
1569 3134 1818 3202 gentibus
1845 3133 2090 3190 declara-

2199 1934 2281 1984 re,
2332 1917 2582 1973 custodi:
2630 1925 2684 1971 et
2715 1915 2780 1970 si
2824 1921 2878 1969 te
2909 1911 3164 1968 fefellerit
3191 1909 3438 1964 servulus
3471 1906 3790 1980 (humanam

2199 2012 2340 2066 enim
2370 2025 2479 2065 non
2511 2009 2723 2078 excipio
2760 2006 3100 2073 facultatem)
3139 2001 3456 2073 prophetico
3483 1998 3796 2068 deprehen-

2197 2120 2291 2161 sus
2314 2104 2628 2174 repudietur
2657 2099 2930 2168 exemplo.
2958 2097 3079 2153 Cito
3111 2096 3170 2168 (i,
3197 2113 3247 2164 ᾳ.
3277 2111 3316 2160 ι,
3358 2110 3479 2160 cap.
3514 2090 3653 2163 Cito)
3680 2101 3794 2146 tur-

2198 2213 2318 2268 pem
2349 2197 2594 2266 sequitur
2639 2195 2787 2264 lepra
2836 2189 3167 2256 mercedem,
3216 2197 3270 2243 et
3319 2187 3550 2258 pecunia
3597 2201 3794 2255 corpus

2196 2292 2542 2360 animumque
2589 2289 2729 2342 male
2793 2285 3016 2357 quaesita
3073 2282 3454 2338 commaculat.
3503 2281 3792 2352 Accepisti,

2199 2385 2392 2454 inqttit,
2444 2382 2736 2452 pecuniam,
2789 2387 2836 2433 et
2873 2376 3158 2447 possidebis
3196 2389 3260 2428 ea:
3297 2390 3356 2428 ea
3384 2389 3592 2443 agrum,
3642 2384 3696 2426 et
3727 2373 3795 2426 vi-

2196 2491 2368 2540 neam,
2397 2486 2443 2528 et
2471 2474 2682 2537 oliveta,
2710 2480 2755 2526 et
2784 2484 2959 2542 greges
2991 2485 3010 2522 :
3059 2478 3082 2506 α
3108 2478 3155 2521 et
3183 2466 3330 2535 lepra
3358 2463 3407 2518 Ν
3413 2477 3601 2518 anman
3619 2463 3795 2533 appli~

2196 2570 2329 2625 cabit
2353 2585 2405 2623 se
2427 2569 2480 2624 in
2506 2577 2572 2631 te,
2598 2575 2643 2620 et
2671 2567 2855 2621 semini
2875 2575 2964 2617 tuo
2993 2577 3150 2632 usque
3176 2560 3231 2614 in
3255 2557 3631 2628 wtcrnum‘UV
3661 2556 3791 2628 Reg.

2195 2684 2248 2734 v,
2276 2666 2348 2722 αθ
2373 2673 2420 2721 et
2437 2664 2554 2736 ‘27).
2575 2663 2737 2718 Vides
2763 2660 2885 2731 quia
2906 2659 3046 2713 facto
3073 2656 3312 2711 auctoris
3338 2654 3615 2708 successio
3643 2651 3794 2706 dam-

2197 2767 2358 2817 natur
2416 2757 2652 2814 heredis.
2690 2751 3036 2823 Inexpiabilis
3079 2760 3163 2804 est
3207 2748 3352 2804 enim
3392 2744 3600 2800 venditi
3636 2745 3794 2813 culpa

2195 2853 2462 2927 mysterii,
2492 2862 2547 2906 et
2569 2851 2754 2920 gratia:
2780 2846 3024 2901 vindicta
3043 2842 3281 2898 cmlestis
3307 2838 3584 2894 transitad
3616 2847 3797 2906 poste-

2194 2963 2302 3004 ros.
2348 2946 2585 3016 Denique
2630 2941 2878 2998 Moabitae
2925 2937 3190 2993 etcieteri
3245 2950 3354 2990 non
3410 2930 3696 2987 intrabunt
3742 2931 3796 2986 in

2195 3046 2490 3102 Ecclesiain
2527 3043 2615 3096 Dei
2649 3054 2817 3109 usque
2847 3035 2914 3093 ad
2957 3038 3168 3090 tertiam
3199 3042 3254 3087 et
3279 3038 3532 3101 quartam
3565 3041 3795 3098 genera-

2196 3141 2394 3194 tionem
2431 3135 2612 3208 (Deut.
2643 3147 2806 3198 xxttt,
2832 3129 2888 3202 5)
2915 3149 2928 3185 :
2965 3127 3166 3182 tamdiu
3197 3124 3452 3178 videlicet.
3473 3121 3557 3191 (ut
3589 3120 3799 3188 simpli-

491 3234 599 3291 tur,
631 3222 656 3261 δ
685 3225 776 3295 qui
805 3229 996 3280 soluta:
1025 3225 1252 3281 consilio
1281 3226 1494 3295 puellae,
1519 3201 1639 3296 qua:
1669 3226 1856 3281 fractis
1882 3228 2088 3285 viribus
2113 3201 2160 3264 (δ
2193 3233 2308 3288 cius
2340 3201 2786 3298 interpretemur)
2824 3201 2997 3278 donec
3027 3219 3243 3288 culpam
3285 3223 3576 3269 auctorum
3608 3210 3797 3266 multi-

488 3317 708 3384 civium,
760 3318 813 3371 in
847 3317 1094 3372 hostilcm
1143 3317 1354 3387 captiva
1399 3327 1625 3374 venerat
1669 3328 2016 3389 potestatem,
2060 3338 2088 3374 a

490 3407 755 3476 propheta
783 3409 1010 3464 salutem
1057 3407 1268 3481 1348
1314 3424 1540 3480 sperare
1581 3412 1945 3467 commonitus
1993 3411 2087 3483 (iV
2138 3447 2143 3460 ι

491 3498 626 3569 Reg.
653 3515 707 3566 v,
736 3500 820 3570 2),
854 3516 960 3554 non
1006 3504 1209 3556 terreni
1265 3506 1408 3572 regis
1440 3504 1691 3573 imperio,
1746 3504 1842 3560 sed
1892 3505 2090 3561 divinas

491 3593 880 3649 misericordia:
911 3593 1239 3650 liberalitate
1267 3603 1510 3651 sanatur.

563 3687 656 3742 51.
698 3687 807 3742 Cur
855 3689 1088 3758 mystico
1135 3704 1365 3744 numero
1412 3704 1659 3760 mergere
1684 3689 1941 3760 jubelurf
1983 3690 2091 3745 Cur

487 3777 742 3835 Iordanis
769 3778 966 3834 ﬂuvius
996 3780 1262 3852 eligitur?
1292 3780 1479 3836 Nonne
1509 3782 1648 3850 boni,
1680 3783 1874 3850 inquit,
1909 3782 2089 3837 Abana

489 3880 536 3924 et
568 3865 846 3941 Pharphar
869 3873 1015 3942 ﬂuuii
1045 3871 1292 3928 Damasci
1319 3891 1429 3946 pra:
1445 3873 1680 3929 Iordane
1711 3873 1876 3947 (Ibid.
1900 3917 1914 3940 ,
1950 3876 2089 3946 £9)?

489 3962 594 4017 Sed
628 3965 799 4019 iratus
828 3964 928 4021 hos
955 3968 1216 4036 prmtuiit,
1245 3967 1538 4023 Jordanem
1569 3969 1859 4024 meditatus
1881 3969 2082 4037 elegit;

490 4057 665 4110 nescit
692 4057 838 4110 enim
883 4059 958 4112 ira
1013 4062 1350 4130 mysterium,
1399 4061 1533 4117 ﬁdes
1563 4063 1733 4117 novit.
1765 4062 1925 4118 Disce
1956 4063 2088 4132 hap-

489 4149 721 4200 tismatis
740 4149 966 4216 gratiam
995 4151 1252 4205 salutaris
1276 4169 1289 4204 :
1318 4153 1409 4221 qui
1436 4153 1682 4222 leprosus
1715 4166 1999 4221 merserat,
2027 4155 2091 4210 fi-

489 4237 627 4292 delis
665 4239 912 4294 emersit.
965 4239 1120 4296 Disce
1162 4243 1426 4312 spiritalia
1469 4245 1814 4302 sacramenta
1843 4250 2085 4318 signari:

490 4334 736 4401 corporis
782 4334 1080 4389 remedium
1132 4337 1353 4405 petitur,
1400 4339 1598 4393 mentis
1626 4341 1947 4410 acquiritur.
1978 4342 2091 4397 Ab-

490 4424 657 4478 iuitur
683 4439 828 4490 caro,
864 4424 1092 4481 affectus
1123 4427 1380 4483 abluitur.
1408 4428 1527 4484 Non
1555 4431 1701 4486 enim
1745 4435 1918 4503 magis
1963 4449 2087 4490 cor-

490 4517 636 4587 poris
659 4533 821 4588 quatn
853 4519 1048 4575 mentis
1091 4520 1298 4591 lepram
1329 4522 1489 4578 video
1532 4524 1700 4581 fuisse
1737 4526 2086 4595 ntundatam;

490 4612 708 4680 quando
738 4625 860 4682 post
888 4613 1240 4682 baptismum,
1290 4617 1488 4672 veteris
1529 4619 1734 4674 erroris
1781 4619 2086 4676 colluvione

488 4703 726 4770 detersa,
755 4715 916 4778 negat
935 4722 995 4762 se
1014 4707 1118 4764 diis
1142 4709 1339 4765 alienis
1363 4710 1592 4780 hostias,
1621 4727 1756 4784 quas
1782 4715 2090 4785 spoponde-

491 4809 578 4855 rat
609 4801 860 4868 Domino,
894 4801 1169 4858 litaturum
1210 4802 1371 4868 (Ibid.
1393 4847 1408 4871 ,
1439 4805 1549 4879 l7).

562 4893 654 4949 52.
699 4895 860 4951 Disce
888 4896 1049 4951 etiam
1075 4911 1333 4967 congruas
1366 4908 1633 4969 pratcepta
1655 4900 1908 4956 virtutis:
1956 4915 2088 4972 pro-

492 4987 848 5056 bavitlidem,
894 4989 987 5060 qui
1043 4992 1260 5060 praemia
1311 4995 1604 5048 recusavit.
1652 4994 1812 5050 Disce
1857 5002 2089 5066 utroque

490 5080 762 5137 dictorum
789 5081 1159 5153 factorumque
1190 5084 1502 5155 magisterio
1522 5087 1650 5157 quid
1681 5089 1950 5160 sequaris.
1982 5089 2086 5145 Ha-

491 5173 588 5256 bes
616 5175 828 5230 Domini
855 5188 1206 5246 praeceptum,
1233 5179 1372 5234 vatis
1397 5181 1727 5252 exemplum,
1753 5185 1920 5253 gratis
1944 5186 2086 5241 acci-

566 5344 592 5372 ι
634 5334 999 5413 Ειιίιερωηβε
1045 5353 1166 5392 cum
1200 5352 1332 5392 mss.
1361 5346 1607 5413 quatuor
1645 5342 1845 5399 infimae
1892 5345 2090 5413 aetatis,

496 5404 733 5488 Papulas
762 5407 1056 5488 ls-‘cclesiart-
1065 5404 1412 5488 congregavit.
1426 5411 1530 5488 Alii
1556 5429 1752 5488 magno
1768 5404 2088 5482 numern,..:

494 5480 750 5548 congruit.
784 5480 990 5535 Melius.
1036 5481 1149 5535 Non
1171 5480 1323 5536 enim
1358 5481 1585 5549 pepultts
1615 5480 1912 5541 Ecclesium
1952 5480 2088 5542 cnn-

497 5564 748 5633 greg‘asse
779 5561 928 5633 recte
948 5552 1424 5633 dici‘pmeat,’_c_uiu
1448 5569 1512 5633 ex
1540 5558 1742 5624 populo
1770 5569 2092 5628 congregata

497 5623 566 5673 sit
596 5620 861 5673 Ecclesia.
892 5622 995 5676 Sed
1033 5622 1266 5698 Populus
1291 5620 1576 5698 Ecclesium
1614 5620 1902 5698 summa.“
1921 5620 2098 5685 αἴδε-

499 5699 950 5774 gitana-asenatu:
979 5694 1286 5774 expeditum
1309 5696 1576 5774 praeferet,
1599 5699 1641 5752 si
1664 5694 2098 5770 trajectis-verbis

503 5765 872 5846 itaﬁet't‘plices,
908 5772 1141 5846 congruit
1173 5784 1225 5826 ut
1249 5765 1471 5846 populus
1513 5765 1798 5829 Ecclesium
1837 5783 2098 5846 sequatur.

573 5831 601 5872 ι)
642 5833 800 5924 Boni.
855 5831 1023 5891 editf
1052 5841 1166 5896 sola
1192 5881 1207 5910 ,
1249 5831 1366 5914 'qiti
1417 5852 1607 5912 sanctae
1656 5848 1871 5906 consilio
1895 5831 2099 5923 ῥυειιω.

2115 4664 2171 4726 D

2194 3325 2351 3395 plicis
2379 3321 2657 3378 successio
2687 3316 3054 3390 generationis
3087 3313 3354 3368 aboleret.

2265 3417 2354 3472 54.
2395 3415 2499 3470 Sed
2540 3428 2660 3468 cum
2693 3412 2769 3465 illi
2819 3408 2911 3480 qui
2941 3409 2994 3463 in
3027 3406 3194 3460 Deum
3244 3401 3579 3458 idololatriae
3607 3413 3798 3454 errore

2194 3511 2578 3581 deliquerunt,
2633 3507 2683 3560 in
2741 3492 2987 3573 quartam
3040 3499 3450 3570 generationem
3503 3491 3800 3546 videantur

2193 3621 2312 3660 esse
2339 3601 2550 3657 multati
2577 3619 2589 3653 :
2621 3599 2864 3669 profecto
2888 3594 3076 3648 durior
3106 3590 3322 3644 videtur
3343 3601 3467 3641 esse
3493 3585 3796 3649 sententia,

2192 3710 2294 3765 qua
2341 3690 2492 3748 Giezi
2535 3699 2722 3744 semen
2755 3700 2926 3750 usque
2963 3683 3016 3738 in
3049 3691 3314 3736 aeternum
3364 3691 3464 3746 pro
3492 3673 3798 3764 cupiditate

2194 3785 2448 3850 habendi,
2497 3781 2811 3854 prepltetica
2855 3775 3176 3832 auctoritate
3205 3772 3519 3833 damnatur,
3568 3781 3802 3836 praeser-

2194 3883 2287 3937 titn
2312 3893 2435 3935 cum
2470 3876 2726 3930 Dominus
2769 3881 2955 3926 noster
2993 3868 3150 3923 Jesus
3178 3863 3429 3920 Christus
3462 3875 3563 3930 per
3595 3859 3800 3915 lavacri

2194 3971 2663 4045 regenerationem
2710 3967 2964 4022 omnibus
3008 3961 3384 4018 remissionem
3405 3957 3645 4018 .dederit
3675 3969 3804 4023 pec-

2191 4075 2475 4129 catorum;
2508 4061 2612 4117 nisi
2645 4070 2702 4115 ut
2729 4058 2981 4112 vitiorum
3023 4053 3192 4124 ntagis
3239 4065 3399 4121 quam
3437 4048 3664 4119 generis
3708 4061 3801 4102 sc-

2194 4173 2315 4214 men
2350 4157 2641 4226 intelligas.
2701 4149 2910 4226 1359
2949 4148 3099 4204 Sicut
3125 4146 3269 4201 enim
3302 4143 3394 4214 qui
3429 4142 3528 4196 lilii
3563 4140 3807 4210 promis-

2190 4252 2360 4309 sionis
2389 4259 2538 4314 sunt,
2570 4249 2908 4303 mstimantur
2937 4244 2988 4298 in
3016 4253 3208 4296 semen
3241 4241 3441 4294 bonum
3473 4255 3486 4290 :
3521 4238 3596 4290 ita
3631 4237 3802 4290 etiam

2191 4349 2279 4417 qui
2310 4345 2402 4400 lilii
2431 4344 2633 4400 erroris
2662 4352 2810 4406 sunt,
2857 4340 3200 4394 aestimantur
3243 4335 3296 4389 in
3343 4347 3538 4387 semen
3566 4331 3804 4385 malum.

2192 4439 2324 4494 Nam
2356 4447 2409 4493 et
2450 4435 2622 4492 Judaei
2668 4450 2734 4490 ex
2767 4443 2918 4503 patre
2961 4430 3198 4494 diabolo,
3248 4443 3354 4482 non
3400 4425 3591 4495 utique
3622 4421 3808 4479 carnis

2193 4533 2562 4594 suecessione,
2589 4529 2682 4584 sed
2712 4526 2976 4582 criminis.
3012 4524 3155 4592 Ergo
3193 4533 3386 4574 omnes
3425 4517 3641 4587 cupidi,
3685 4532 3810 4571 om-

2197 4642 2293 4683 nes
2321 4625 2468 4680 avari
2500 4622 2652 4679 Giezi
2691 4621 2893 4690 iepram
2937 4631 3058 4671 cum
3089 4613 3298 4668 divitiis
3325 4612 3440 4666 suis
3473 4609 3807 4680 possident:

2195 4729 2251 4776 et
2273 4712 2411 4775 male
2441 4715 2666 4787 qumsita
2695 4709 2964 4775 mercede,
3001 4723 3108 4762 non
3145 4714 3251 4760 tam
3298 4701 3690 4771 patrimonium
3729 4699 3814 4754 fa-

2193 4813 2490 4876 cultatum,
2533 4822 2694 4876 quam
2734 4804 3044 4858 thesaurum
3073 4799 3362 4853 criminum
3392 4803 3813 4865 congregarunt

2191 4916 2398 4960 tetertio
2431 4899 2720 4972 supplicio,
2764 4905 2820 4952 et
2845 4897 2993 4952 brevi
3029 4894 3229 4948 fructu.
3256 4889 3390 4946 Nam
3430 4903 3554 4943 cunt
3587 4887 3811 4942 divitia

2193 4998 2302 5054 sint
2330 4997 2572 5063 caducae,
2604 5008 2760 5065 poena
2787 5000 3045 5062 perpetua
3074 4986 3336 5056 est;quia
3362 4998 3542 5052 neque
3571 4996 3807 5046 avarus,

2191 5106 2367 5160 neque
2395 5092 2676 5152 ebriosus,
2721 5099 2900 5156 neque
2941 5081 3101 5139 idolis
3131 5078 3378 5137 serviens
3418 5089 3652 5144 regnum
3706 5072 3814 5130 Dei

2191 5184 2509 5256 possidebit.

2196 5345 2319 5402 Vet.
2351 5345 2483 5400 edit.
2513 5360 2576 5398 ac
2619 5357 2750 5397 mss.
2789 5340 3042 5396 undecim
3065 5379 3080 5405 ,
3111 5335 3200 5405 qui
3221 5341 3464 5399 sacrata,
3498 5340 3615 5405 etc.
3647 5329 3810 5397 Opti-

2196 5434 2283 5471 me
2310 5434 2440 5471 vero
2468 5415 2684 5470 codices
2704 5404 3071 5479 Corln,Mich.
3092 5404 3144 5460 et
3169 5406 3260 5461 alii
3293 5419 3387 5479 sex
3419 5404 3803 5479 probatiores,

2195 5489 2283 5559 qui
2335 5487 2537 5548 solum,
2593 5497 2697 5559 etc.
2729 5525 2744 5550 ,
2780 5473 2968 5559 idest
3023 5479 3185 5535 nullis
3266 5475 3505 5544 coniugii
3563 5473 3810 5555 vinculis

2199 5546 2473 5614 astrictus:
2527 5546 2610 5613 vel
2641 5558 2686 5611 si
2722 5546 2916 5618 mavis,
2956 5563 3300 5623 paternaru_m
3341 5546 3809 5623 ceremoniarum

2193 5633 2322 5701 jugu
2348 5631 2550 5685 liberm.
2583 5629 2700 5697 Quo
2725 5614 3199 5701 iureque'nomine
3232 5619 3488 5674 Ecclesia:
3527 5627 3713 5686 potest
3749 5614 3812 5669 [i-

2199 5693 2387 5772 gtiratn
2414 5717 2477 5755 ac
2504 5693 2908 5772 similitudinem
2944 5712 3052 5772 prie
3080 5710 3140 5747 se
3170 5693 3331 5746 ferre.

2277 5783 2299 5811 ο
2343 5773 2417 5827 Ita
2447 5789 2606 5827 manu
2634 5771 2842 5827 exarati
2871 5759 3622 5835 codicestnagnuconsensu.
3653 5759 3808 5815 Edit.

2201 5854 2381 5910 autem
2408 5859 2634 5926 omnes,
2664 5841 2734 5922 Et
2764 5842 2910 5920 lepra
2949 5831 3502 5910 Naaman'adhwrcbit
3531 5833 3656 5902 tibi,
3679 5841 3814 5907 etc.
