3960 6300
72 350 188 404 H329

979 345 1342 404 EXPOSITIO
1382 343 1638 402 EVANG.
1679 343 1835 401 εει).
1879 346 2038 404 LUC.
2080 347 2210 403 LIB.
2253 347 2340 403 IV.

3178 351 3318 407 1050

124 465 291 536 (Vers.
323 465 412 531 98,
442 462 572 534 29.)
618 462 688 516 Et
717 464 900 533 repleti
930 472 1052 518 sunt
1081 463 1162 518 ira
1205 479 1379 518 omnes
1405 464 1460 518 in
1485 480 1607 535 syn-
1632 465 1688 526 Δ
1711 465 1805 521 Sed
1833 481 1995 537 supra
2029 467 2226 538 Legem
2279 468 2332 522 in
2381 467 2498 532 ipso
2538 467 2805 537 principio
2835 467 3140 538 designaret
3170 485 3182 522 :
3218 485 3319 526 nec

66 573 238 629 agogtt,
276 557 375 610 [nec
410 557 708 610 audientes:
748 563 794 610 et
835 566 1204 624 surrexerunt,
1248 566 1295 612 et
1345 560 1611 630 ejecerunt

65 653 188 704 illum
213 662 342 704 extra
367 651 636 705 civitatem.

120 742 193 798 5.”).
226 743 503 814 Sacrilegia
533 741 844 798 Jud;eorum
865 785 880 811 ,
911 758 1033 813 quae
1062 743 1236 798 multo
1264 755 1390 799 ante
1419 744 1605 799 Domi-

65 850 147 889 nus
165 834 591 905 prernuntiavcrat
636 849 731 903 per
762 837 1107 906 prophetam,
1141 846 1188 890 et
1223 835 1414 905 pSalmi
1441 837 1612 892 versi-

66 928 162 982 culo
183 928 532 982 declaraverat
553 944 671 998 quae
691 943 952 998 passurus
981 939 1127 984 esset
1153 929 1207 984 in
1226 944 1456 1000 corpore
1477 945 1610 986 con-

64 1022 277 1086 stitutos,
309 1011 492 1075 dicens
525 1039 539 1074 :
576 1019 940 1075 Retribuebant
975 1022 1102 1074 milii
1151 1021 1290 1074 mala
1330 1037 1424 1090 pro
1466 1022 1611 1075 bonis

66 1113 202 1184 (Psal.
230 1129 400 1179 xxxw,
434 1111 544 1184 t2),
577 1115 629 1170 in
652 1113 953 1185 Evangelio
974 1114 1135 1169 docet
1165 1129 1288 1168 esse
1315 1114 1607 1184 completa.

64 1208 170 1263 Nam
194 1223 299 1262 cum
330 1209 443 1278 ipse
470 1225 566 1280 per
595 1211 822 1280 populos
845 1209 1108 1266 beneﬁcia
1139 1209 1498 1275 dill‘underet,
1533 1207 1608 1264 illi

66 1302 246 1370 injurias
270 1301 595 1370 irrogabant.
630 1302 742 1358 Nec
781 1303 977 1357 mirum
1000 1303 1044 1357 si
1079 1302 1433 1374 perdiderunt
1463 1303 1610 1356 salu-

67 1403 166 1457 tem,
192 1393 268 1464 qui
295 1393 571 1463 ejecerunt
600 1393 668 1450 de
697 1397 810 1450 suis
842 1393 1039 1449 ﬁnibus
1067 1394 1404 1450 Salvator'em
1433 1411 1446 1448 :
1492 1407 1609 1448 mo-

66 1486 163 1540 ralis
188 1488 312 1540 enim
344 1483 646 1553 Dominus;
698 1497 752 1543 et
794 1488 884 1558 qui
929 1486 1192 1542 docuerat
1234 1486 1486 1556 exemplo
1526 1485 1608 1540 sui

67 1579 291 1648 apostolos
329 1595 455 1636 suos
496 1583 750 1636 omnibus
780 1582 960 1636 omnia
1016 1581 1127 1636 lieri
1154 1623 1168 1648 ,
1218 1596 1318 1636 nec
1362 1581 1610 1637 volentes

68 1669 284 1739 repudiat,
313 1686 410 1727 nec
436 1672 642 1727 invitos
668 1673 892 1744 alligat,
925 1687 1024 1727 nec
1053 1673 1398 1743 ejicientibus
1429 1671 1608 1727 reluc-

70 1774 206 1830 L‘illlr,
249 1779 339 1819 nec
385 1763 705 1836 rogantibus
754 1766 929 1822 deest.
981 1765 1076 1823 Sic
1123 1765 1432 1822 Gerasenos
1479 1765 1608 1820 alibi

67 1870 156 1908 cum
182 1857 386 1912 virtutes
415 1861 538 1928 ejus
570 1859 846 1915 sustinere
877 1875 983 1914 non
1016 1870 1276 1931 possent,
1325 1860 1478 1930 quasi
1527 1859 1611 1914 in-

70 1949 210 2003 lirmos
233 1959 280 2004 et
303 1952 544 2022 ingratos
574 1952 794 2024 reliquit
825 1951 974 2025 (Luc.
1000 1969 1115 2019 vm,
1149 1954 1266 2026 57).

115 2042 184 2096 56.
215 2041 371 2098 Simul
407 2043 656 2116 intellige
688 2062 795 2100 non
823 2062 886 2102 ex
913 2047 1239 2102 necessuate
1270 2046 1436 2104 fuisse
1460 2090 1475 2116 ,
1515 2047 1613 2103 sed

67 2135 363 2193 voluntariam
392 2141 646 2212 corporis
676 2142 981 2211 passionem
1018 2159 1031 2194 :
1078 2157 1178 2197 nec
1207 2153 1422 2213 captum
1455 2143 1612 2199 a-Jn-

65 2229 195 2294 duis,
231 2232 318 2287 sed
362 2249 390 2288 a
418 2249 479 2289 se
518 2236 638 2304 ipso
665 2233 928 2290 oblatum.
979 2235 1190 2290 Etenim
1222 2236 1439 2306 quando
1499 2235 1612 2291 vult

65 2324 246 2393 capitur,
277 2327 490 2398 quando
525 2328 640 2384 vult
677 2329 911 2385 elabitur
934 2371 950 2396 ,
999 2329 1217 2400 quando
1247 2331 1360 2384 vult
1384 2345 1613 2400 suSpen-

65 2418 206 2482 ditur,
235 2421 437 2490 quando
467 2421 590 2476 vult
619 2436 725 2476 non
759 2431 995 2478 tenetur.
1043 2421 1107 2478 Et
1157 2423 1242 2478 hic
1275 2425 1326 2478 in
1369 2425 1614 2494 superci-

67 2510 160 2562 lium
186 2513 365 2568 montis
398 2515 829 2584 praecipitandus
860 2502 1186 2569 ascenderat
1223 2533 1234 2569 :
1268 2523 1321 2570 et
1349 2531 1478 2570 ecce
1518 2532 1614 2586 per

67 2603 248 2657 medium
275 2605 489 2661 illorum
522 2649 538 2674 ,
571 2616 777 2661 mutata
805 2607 986 2662 subito
1011 2609 1090 2662 vel
1120 2609 1494 2677 obstupefacta
1525 2609 1613 2663 fu-

67 2696 250 2750 rentium
272 2709 444 2753 mente
469 2741 488 2764 ,
527 2696 847 2764 descendit;
897 2698 1134 2754 nondum
1165 2701 1308 2755 enim
1341 2697 1473 2754 hora
1522 2715 1615 2754 ve-

67 2795 179 2840 nerat
219 2791 502 2858 passionis.
554 2790 864 2859 Quinetiam
914 2792 1148 2846 malebat
1195 2791 1370 2846 adhuc
1394 2791 1613 2848 Judmos

65 2893 217 2936 sumre
237 2899 381 2954 quam
415 2885 659 2956 perdere
687 2902 701 2950 ;
733 2897 788 2939 ut
817 2885 1076 2941 ineliicaci
1123 2884 1322 2941 furoris
1350 2887 1494 2942 exitu
1519 2886 1614 2942 dc-

66 2974 252 3030 sinerent
277 2978 429 3045 velle,
460 2979 613 3049 quod
641 2978 871 3050 implere
895 2995 1002 3035 non
1037 2990 1279 3051 possent.
1321 2979 1488 3035 Vides
1515 2980 1614 3050 igi-

10 3103 12 3110 .
66 3073 124 3119 tur
146 3077 192 3122 et
216 3071 290 3126 hic
314 3071 616 3127 divinitatis
644 3085 768 3128 esse
800 3081 826 3110 ιι
854 3072 996 3143 quod
1028 3082 1284 3143 operatus
1313 3082 1433 3138 est,
1464 3083 1517 3128 et
1550 3071 1613 3126 il-

67 3159 112 3211 lic
134 3163 394 3219 voluntatis
423 3180 556 3220 esse
583 3164 725 3234 quod
754 3175 943 3235 captus
970 3174 1071 3220 est.
1102 3165 1232 3220 Nam
1260 3163 1614 3235 quemadmo-

1715 559 1852 614 solvi
1884 559 2104 631 Legem,
2135 560 2228 614 sed
2275 560 2508 629 impleri.
2559 559 2746 630 Neque
2772 561 2915 616 enim
2946 577 3044 630 per
3076 561 3272 632 Legem
3301 601 3319 629 ,

1713 652 1807 707 sed
1844 651 2016 706 Verbo
2047 655 2216 708 lactus
2241 661 2326 707 est
2358 653 2590 707 mundus
2616 694 2630 717 ,
2668 652 2808 707 sicut
2830 653 3060 721 legimus
3092 671 3106 708 :
3154 652 3317 708 Verbo
3337 673 3352 688 ο

1715 743 2257 815 Dominicwli/irntati
2281 758 2398 800 sunt
2417 746 2593 816 (Psal.
2623 761 2792 811 tum,
2827 745 2906 815 6).
2938 743 3056 800 Non
3085 746 3316 800 solvitur
3342 807 3354 814 ,

1714 853 1844 907 ergo
1875 838 1984 892 Lex
2009 880 2024 904 ,
2057 837 2152 894 sed
2182 840 2470 905 impletur;
2521 847 2579 891 ut
2629 837 2721 890 {lat
2765 837 3046 892 renovatio
3075 837 3314 893 hominis

1708 931 1820 999 jam
1850 931 2104 986 labentis.
2165 930 2320 986 Unde
2354 939 2409 985 et
2444 929 2742 1001 Apostolus
2784 931 2860 984 ait
2895 947 2908 984 :
2951 929 3316 1003 Exspatiantes

1711 1039 1798 1077 uos
1825 1033 2041 1077 veterem
2065 1024 2321 1077 hominem
2373 1063 2384 1075 .
2433 1061 2444 1073 .
2491 1062 2503 1075 .
2552 1063 2564 1077 .
2610 1062 2624 1076 .
2665 1023 2862 1076 induite
2889 1039 3071 1076 novum
3104 1025 3192 1091 qui
3229 1039 3314 1078 se-

1713 1117 1937 1171 cundum
1967 1117 2231 1171 Christum
2257 1127 2459 1172 creatus
2497 1127 2570 1171 est
2603 1117 2621 1188 (
2648 1117 2838 1186 Ephes.
2862 1132 2914 1170 tv
2939 1157 2956 1183 ,
2997 1117 3069 1170 εξ
3113 1128 3161 1171 et
3201 1117 3313 1184 εκ

1714 1210 1912 1267 Coloss.
1944 1227 2021 1277 ιιι,
2050 1212 2084 1268 9
2108 1221 2155 1266 et
2175 1212 2288 1283 10).
2323 1212 2386 1266 Et
2419 1192 2556 1266 bene
2585 1211 2816 1266 sabbato
2835 1210 3022 1280 caspit,
3053 1219 3111 1263 ut
3139 1211 3314 1280 ipsum

1712 1319 1773 1358 se
1802 1304 2116 1361 ostenderet
2146 1314 2480 1369 creatorem;
2509 1303 2598 1374 qui
2627 1318 2793 1374 opera
2821 1302 3082 1372 operibus
3109 1303 3316 1358 intexe~

1712 1408 1827 1465 ret,
1861 1408 1916 1453 et
1943 1408 2372 1468 prosequeretur
2405 1413 2540 1468 opus
2578 1397 2720 1468 quod
2754 1396 3003 1466 ipseiam
3032 1404 3311 1465 coeperat:

1713 1499 1771 1545 ut
1799 1491 1842 1546 si
1872 1490 2092 1546 domum
2121 1490 2275 1546 faber
2305 1505 2571 1545 renovare
2600 1488 2851 1557 disponat
2879 1530 2894 1554 ,
2930 1502 3037 1542 non
3069 1503 3098 1541 a
3128 1486 3317 1543 funda-

1712 1584 1910 1639 mentis
1935 1625 1950 1651 ,
2000 1582 2096 1638 sed
2141 1598 2170 1638 a
2212 1582 2540 1638 culminibus
2580 1581 2765 1650 incipit
2819 1580 3032 1635 solvere
3071 1587 3310 1634 vetusta-

1713 1687 1842 1733 tem.
1870 1677 2058 1748 Itaque
2088 1677 2159 1732 lbi
2191 1677 2338 1747 prius
2366 1691 2580 1731 manum
2619 1674 2872 1729 admovet
2899 1713 2914 1738 ,
2949 1672 3040 1727 ubi
3071 1679 3194 1728 ante
3220 1672 3316 1729 de-

1713 1773 1899 1828 sierat.

1639 1857 1688 1920 B
1786 1864 1876 1920 59.
1909 1862 2114 1919 Deinde
2141 1879 2170 1916 a
2199 1862 2500 1917 minoribus
2527 1861 2736 1930 incipit,
2764 1869 2821 1916 ut
2856 1860 2924 1915 ad
2956 1859 3159 1930 majora
3191 1875 3314 1938 pe!-

1719 1958 1918 2012 veniat.
1949 1955 2206 2010 Liberare
2228 1970 2258 2008 a
2284 1953 2529 2008 dis-mone
2559 1963 2612 2008 et
2643 1952 2912 2020 homines,
2943 1951 3038 2008 sed
3070 1952 3123 2006 in
3145 1952 3314 2006 verbo

1720 2050 1814 2105 Dei
1843 2057 2106 2120 possunt;
2136 2049 2592 2104 resurrectionem
2624 2047 2852 2102 mortuis
2880 2049 3148 2117 imperare
3175 2046 3316 2102 divi-

1721 2158 1804 2198 nae
1826 2144 1995 2199 solius
2017 2152 2099 2199 est
2123 2142 2431 2212 petestatis.

1787 2236 1877 2292 60.
1905 2235 2086 2307 (Vcrs.
2111 2234 2226 2308 34.)
2251 2233 2361 2291 Nec
2376 2249 2699 2305 quemquam
2725 2248 2942 2289 movere
2964 2232 3146 2294 debet,
3170 2230 3314 2303 quod

1716 2331 1848 2386 Jesu
1867 2329 2131 2385 Nazareni
2181 2344 2377 2384 nomen
2419 2328 2472 2382 in
2520 2328 2625 2382 hoc
2669 2327 2810 2382 libro
2834 2327 3083 2381 diabolus
3112 2325 3312 2381 dixisse

1718 2425 1924 2493 primus
1955 2423 2249 2479 inducitur.
2298 2421 2409 2476 Nec
2450 2422 2594 2476 enim
2637 2421 2704 2476 ab
2744 2436 2808 2474 eo
2833 2419 3084 2474 Christus
3113 2433 3311 2473 nomen

1717 2517 1966 2585 accepit,
2017 2515 2158 2585 quod
2189 2515 2257 2570 de
2285 2517 2428 2570 cmlo
2455 2514 2680 2583 angelus
2706 2512 2771 2565 nd
2804 2511 3075 2580 Virginem
3121 2509 3314 2564 detulit

1722 2606 1874 2680 (an.
1900 2623 1937 2671 ι,
1964 2608 2074 2672 51).
2110 2607 2201 2662 Est
2228 2601 2371 2662 enim
2405 2605 2562 2674 hujus
2595 2603 2943 2674 impudentia:
2974 2611 3033 2656 ut
3058 2603 3197 2657 inter
3218 2601 3314 2655 ho-

1718 2704 1892 2758 mines
1923 2703 2122 2771 aliqnid
2154 2703 2357 2773 primus
2388 2710 2610 2770 usurpet
2636 2741 2651 2764 ,
2696 2706 2750 2754 et
2783 2698 2850 2752 ad
2882 2697 3130 2752 homines
3158 2696 3314 2768 quasi

1721 2809 1917 2849 novum
1945 2793 2188 2856 deferat.
2242 2807 2350 2864 quo
2395 2801 2662 2847 terrorem
2707 2806 2821 2846 sua:
2851 2790 3134 2860 potestatis
3164 2789 3313 2844 incu-

1720 2887 1838 2943 tiat.
1869 2887 2110 2955 Denique
2139 2898 2190 2940 et
2219 2886 2270 2940 in
2299 2884 2499 2942 Genesi
2532 2884 2736 2954 primus
2767 2884 2935 2938 Deum
2963 2881 3166 2936 homini
3187 2897 3316 2936 nun-

1718 2981 1970 3054 cupavit;
2004 2980 2084 3034 sic
2109 2978 2253 3034 cutim
2297 2977 2505 3032 habes:
2551 2975 2618 3029 Et
2654 2977 2783 3029 dixit
2824 2991 3030 3047 serpens
3071 2975 3316 3032 mulieri:

1722 3073 1858 3142 Quid
1877 3073 2047 3142 utique
2070 3070 2201 3124 dixit
2223 3069 2364 3123 Deus
2388 3085 2449 3122 ne
2468 3069 2632 3122 edatis
2651 3067 2712 3122 ab
2737 3068 2876 3120 omni
2897 3068 3038 3136 ligno
3061 3065 3212 3138 (Gen.
3235 3081 3313 3132 tu,

1721 3168 1774 3235 i)
1801 3168 1823 3219 ‘t
1853 3164 2088 3234 Uterque
2117 3163 2279 3234 igitur
2306 3163 2568 3231 deceptus
2598 3176 2627 3214 a
2653 3159 2870 3215 diabolo
2892 3168 3005 3226 est,
3039 3167 3260 3214 sanatus
3283 3174 3313 3213 ιι

67 3251 155 3303 dum
180 3265 203 3304 a
232 3255 404 3324 paucis
436 3256 621 3312 teneri
651 3258 825 3326 pctuit
849 3298 865 3325 ,
913 3257 1002 3327 qui
1033 3271 1062 3311 a
1095 3257 1294 3327 pepqu
1323 3271 1428 3312 non
1463 3267 1614 3313 tene-
1640 3245 1687 3311 C
1719 3257 1958 3315 Christo.

68 3344 162 3397 tur?
200 3345 293 3402 Sed
322 3349 502 3404 noluit
530 3347 874 3421 sacrilegium
903 3365 1027 3406 esse
1067 3352 1359 3406 multorum
1389 3369 1402 3416 ;
1455 3361 1512 3406 ut
1562 3353 1614 3407 in

12 3451 16 3520 ξ
67 3445 262 3492 auctores
295 3441 467 3510 culpa:
521 3441 698 3496 crucis
749 3441 1006 3497 invidiam
1037 3446 1416 3514 rctorqiteret;
1453 3453 1616 3514 atque

14 3541 18 3607 ί
71 3545 87 3577 a
110 3533 262 3597 paucis
287 3534 516 3604 quidem
561 3520 870 3606 aitigeretur
892 3576 906 3601 ,
940 3535 1034 3592 sed
1070 3551 1166 3607 pro
1195 3545 1311 3592 toto
1341 3539 1474 3592 orbe
1502 3549 1619 3592 mo-

14 3635 18 3698 Il
69 3635 246 3678 teretur.

113 3716 258 3786 (Vers.
287 3722 357 3777 '55
379 3763 394 3788 ,
429 3722 570 3792 58.)
625 3721 691 3776 Et
721 3723 773 3776 in
801 3739 1067 3794 synagoga
1095 3733 1202 3778 erat
1234 3725 1383 3780 homo
1423 3725 1618 3781 habens

67 3808 243 3874 ιρὶτὶιιιηι
262 3814 612 3869 immundum.
641 3814 708 3869 Et
737 3815 876 3870 infra
905 3833 917 3869 :
953 3816 1186 3887 Surgens
1212 3827 1379 3871 autem
1401 3819 1465 3873 de
1497 3835 1619 3890 syn-

69 3917 185 3972 t'goga
226 3907 426 3962 intrauit
453 3911 520 3962 in
548 3909 760 3963 domum
790 3910 1021 3966 Simonis
1050 3921 1097 3964 et
1136 3911 1378 3966 Andreae.
1422 3912 1621 3968 Socrus

70 4007 188 4050 autem
214 4000 435 4057 Simonis
465 4003 742 4058 tenebatur
761 4006 965 4076 magnis
991 4006 1236 4076 febribus.

113 4087 184 4144 57.
211 4093 334 4151 Vide
373 4097 731 4152 clementiam
768 4097 977 4152 Domini
1007 4097 1344 4155 Salvatoris:
1388 4113 1490 4155 nec
1538 4097 1624 4154 in-

70 4178 320 4246 dignatione
346 4199 695 4256 commotus,
726 4204 825 4245 nec
855 4191 1062 4246 scelere
1091 4191 1334 4248 oliensus
1361 4233 1374 4258 ,
1405 4207 1507 4249 nec
1533 4193 1620 4248 in-

68 4270 164 4336 juria
185 4280 400 4337 violatus
424 4281 682 4340 ledaeam
713 4282 958 4341 deserit:
988 4283 1286 4354 quinetiam
1331 4287 1623 4341 immemor

71 4365 249 4438 iniuriae,
282 4389 497 4430 memor
532 4374 866 4441 clementia),
898 4391 1041 4432 nunc
1068 4377 1340 4444 docendo,
1375 4393 1516 4433 nunc
1558 4379 1623 4434 li-

68 4459 273 4531 berando,
300 4484 445 4524 nunc
475 4469 747 4535 sanando,
779 4468 961 4524 inﬁda:
1005 4469 1179 4539 plebis
1217 4469 1379 4525 corda
1402 4471 1620 4527 demul-

69 4565 140 4606 cet.
171 4558 224 4612 Et
256 4559 390 4618 bene
420 4571 651 4619 sanctus
681 4562 858 4618 Lucas
885 4564 1056 4618 virum
1089 4564 1158 4618 ab
1188 4565 1386 4633 spiritu
1433 4566 1623 4634 nequi-

1795 3351 1881 3405 Gl.
1911 3350 2146 3420 Sequere
2175 3359 2393 3414 cretera,
2427 3354 2483 3402 et
2506 3345 2843 3416 Evangelicae
2874 3341 3127 3400 lectionis
3166 3344 3317 3401 disce

1722 3445 2012 3518 mysteria,
2056 3457 2217 3514 atque
2249 3445 2302 3498 in
2349 3444 2578 3499 duorum
2614 3442 2849 3498 sanitate
2881 3441 3108 3511 publicae
3138 3455 3322 3496 sacra-

1723 3551 1964 3596 mentum
1997 3538 2190 3594 salutis
2219 3552 2474 3607 agnosce.
2521 3535 2670 3592 Sicut
2703 3535 2846 3591 enim
2875 3536 2926 3589 in
2955 3535 3120 3589 Adam
3146 3551 3320 3588 omnes

1721 3632 2008 3685 moriuntur
2025 3643 2045 3684 :
2071 3631 2145 3684 ita
2166 3637 2210 3682 et
2230 3629 2283 3682 in
2301 3627 2503 3683 Christo
2525 3643 2699 3682 omnes
2730 3626 3120 3694 viviﬁcabuntur
3137 3626 3181 3697 (Ι
3197 3626 3317 3682 Cor.

1724 3741 1788 3779 xv
1815 3763 1831 3792 ,
1861 3723 1930 3777 92
1954 3724 1991 3793 ).
2028 3723 2159 3789 Quis
2185 3730 2269 3777 est
2294 3723 2385 3776 ille
2407 3721 2496 3791 qui
2526 3722 2577 3775 in
2603 3721 2885 3792 Synagoga
2915 3721 3166 3788 spiritum
3205 3721 3318 3788 dae-

1723 3818 1887 3871 monii
1921 3816 2152 3870 habebat
2177 3815 2514 3868 immundum
2538 3855 2552 3879 ,
2581 3815 2682 3868 nisi
2715 3814 2944 3882 populus
2966 3813 3274 3867 Judarorum
3303 3853 3317 3876 ,

1723 3911 1812 3980 qui
1843 3908 1998 3980 quasi
2028 3907 2361 3978 serpentiuis
2386 3906 2546 3975 spiris
2577 3907 2852 3960 revinctus
2879 3945 2891 3969 ,
2941 3914 2997 3959 ct
3030 3905 3322 3958 innodatns

1693 4001 1695 4004 ⁴
1723 4000 1920 4056 diaboli
1953 4000 2186 4068 laqueis,
2219 3997 2524 4052 simulatam
2556 3997 2804 4065 corporis
2831 3995 3151 4051 munditiam
3183 3995 3323 4051 inte-

1721 4096 1884 4150 rioris
1913 4095 2108 4147 mentis
2134 4091 2386 4146 sordibus
2407 4090 2723 4160 inquinabat
2743 4090 2766 4143 ?
2787 4089 2852 4143 Et
2877 4090 3014 4144 bene
3041 4108 3054 4144 :
3091 4086 3156 4142 In
3181 4088 3322 4159 Syn-

1723 4208 1891 4264 agoga
1941 4188 2096 4244 homo
2137 4197 2246 4243 erat
2287 4188 2374 4257 qui
2413 4188 2650 4256 spiritum
2699 4185 3022 4240 immundum
3062 4185 3322 4251 habebat;

1724 4285 1850 4353 quia
1896 4281 2160 4352 Spiritum
2206 4289 2451 4334 sanctum
2501 4277 2776 4333 amiserat.
2837 4277 3128 4332 lntruierat
3175 4278 3321 4334 enim

1723 4379 1996 4441 diabolus,
2026 4375 2167 4431 unde
2200 4372 2452 4430 Christus
2479 4374 2708 4428 exierat.
2757 4371 2929 4427 Simul
2960 4369 3264 4426 ostenditur
3294 4369 3322 4408 ι)

1725 4480 1914 4526 natura
1945 4467 2147 4523 diaboli
2180 4483 2284 4521 non
2315 4466 2578 4535 improba,
2607 4479 2768 4534 opera
2790 4461 3139 4532 iniqua.Nam
3161 4476 3323 4530 quem

1726 4582 1825 4637 per
1849 4567 2186 4635 superiorem
2218 4569 2465 4615 naturam
2499 4559 2786 4613 Dominum
2817 4556 3127 4619 conﬁtetur,
3159 4567 3326 4623 opere

69 4644 130 4700 Iis:
161 4649 425 4710 liberatum
473 4658 603 4712 ante
643 4657 909 4726 prtemisit
932 4696 948 4722 ,
997 4667 1055 4712 et
1097 4632 1378 4712 substituit
1406 4632 1620 4714 femina:
1645 4632 1698 4694 D
1729 4632 1930 4730 negat;
1965 4657 2030 4712 Et
2061 4658 2113 4711 in
2146 4655 2249 4710 hoc
2279 4662 2506 4722 apparet
2537 4663 2559 4690 ο
2590 4651 2710 4720 ejus
2733 4651 2968 4719 nequitia
2994 4691 3010 4715 ,
3042 4659 3094 4704 et
3123 4649 3326 4717 impro-

67 4740 320 4801 sanitatem.
369 4747 680 4818 Utrumque
718 4749 863 4804 enim
900 4747 1112 4821 1350
1138 4763 1327 4805 sexum
1359 4751 1621 4808 Dominus

66 4843 300 4895 curaturus
319 4843 646 4898 advenerat:
667 4853 721 4899 et
743 4832 888 4913 prior
912 4845 1095 4898 sanari
1121 4843 1329 4909 debuit,
1358 4844 1448 4914 qui
1471 4845 1622 4913 prior

66 4937 232 4987 creatus
254 4946 370 5001 est;
406 4952 508 4992 nec
534 4937 872 5006 praetermitti
902 4937 994 4992 illa
1023 4952 1147 5007 quae
1175 4938 1474 4994 mobilitate
1496 4954 1612 4993 ms-

65 5018 122 5081 είε
141 5026 306 5094 animi,
338 5044 501 5098 quam
523 5031 792 5100 pravitate
822 5042 1162 5102 peccaverat.
1467 5035 1482 5048 '

113 5113 187 5167 58.
210 5119 384 5187 (Vera.
415 5123 542 5193 51.)
563 5123 804 5182 Sabbato
821 5125 1108 5180 medicinae
1132 5125 1428 5181 Dominlczn
1450 5142 1614 5196 opera

65 5213 202 5271 Cmpta
227 5210 530 5282 signiﬁcat;
564 5225 622 5270 ut
649 5216 776 5272 inde
804 5231 939 5272 nova
967 5226 1215 5272 creatura
1249 5219 1498 5288 coeperit,
1523 5220 1613 5274 ubi

64 5307 184 5355 Vetus
208 5319 327 5362 ante
352 5309 553 5364 desivit
579 5327 594 5366 :
642 5325 743 5366 nec
785 5310 888 5366 sub
911 5311 1056 5381 Lege
1089 5326 1211 5367 esse
1253 5311 1347 5366 Dei
1375 5312 1571 5368 Filium
1596 5355 1612 5383 ,

114 5492 134 5520 ⁸
157 5487 342 5566 ρωηθε
368 5492 526 5557 edit.,
557 5493 695 5564 quod
718 5510 823 5549 non
851 5504 1030 5566 captus
1068 5505 1161 5550 est.
1207 5493 1408 5550 Omnes
1433 5511 1565 5553 mss.
1597 5539 1614 5565 ,

63 5557 424 5684 ξέἔῇυοῶεωιω
463 5575 532 5618 est
562 5557 582 5618 ἑ
623 5581 817 5635 nempe
849 5557 1202 5621 mutationem
1232 5570 1284 5622 in
1323 5579 1505 5625 mente
1535 5557 1620 5624 fu;

113 5693 134 5731 δ
170 5697 285 5756 Mss.
312 5704 548 5780 aliquot,
579 5720 763 5761 natura
811 5707 1005 5780 diaboli
1027 5724 1128 5780 non
1148 5705 1426 5780 improbari
1451 5750 1466 5774 ,
1497 5712 1617 5780 qui-

65 5762 176 5851 llam,
218 5789 312 5827 non
340 5762 648 5851 improbare,
678 5797 833 5850 opera
854 5779 1053 5850 iniqua.
1084 5762 1189 5836 Sed
1209 5762 1469 5851 potiorem

65 5837 255 5902 Illorum
280 5885 294 5914 ,
344 5837 565 5908 ac'edit.
612 5837 901 5912 lectionem
942 5837 1116 5930 'patet
1147 5837 1225 5911 δι’
1260 5851 1325 5909 iis
1369 5837 1619 5926 quazise;

1729 4757 1869 4812 bitas
1891 4753 2200 4809 Iuda-orum
2228 4787 2241 4811 ,
2271 4746 2415 4818 quod
2447 4746 2518 4799 ita
2553 4743 2752 4814 popqu
2778 4758 2991 4798 vesana:
3025 4741 3324 4796 caecitatem

1730 4848 1926 4904 mentis
1949 4843 2191 4909 oll'ndit;
2239 4852 2299 4896 ut
2347 4841 2573 4910 populus
2601 4848 2800 4908 neget,
2844 4851 3003 4905 quem
3051 4835 3328 4889 daemones

1723 4940 2070 4996 confitentur.
2114 4936 2158 4989 0
2186 4934 2340 5006 pejor
2379 4933 2644 5002 magistro
2673 4927 3063 4998 discipulorum
3095 4925 3326 4980 haeredi-

1725 5042 1805 5087 tas
1843 5033 1856 5085 !
1911 5030 2006 5085 llle
2035 5029 2199 5084 verbo
2227 5025 2516 5080 Dominutn
2550 5031 2722 5079 tentat
2745 5063 2759 5086 ,
2814 5021 2865 5075 hi
2893 5019 3037 5074 facto
3074 5035 3087 5071 :
3129 5019 3218 5072 ille
3246 5017 3328 5071 di-

1722 5131 1818 5196 cit,
1850 5126 1996 5181 Mitte
2017 5135 2062 5179 te
2089 5123 2242 5197 (Luc.
2277 5138 2349 5190 tv,
2383 5122 2440 5189 9,
2469 5121 2656 5192 supra)
2688 5137 2702 5174 :
2750 5118 2837 5174 isti
2867 5116 3187 5173 adoriuntur
3217 5154 3232 5179 ,
3267 5123 3322 5169 ut

1726 5223 1968 5278 mittant.

1795 5314 1885 5371 62.
1920 5312 1976 5369 Si
2009 5309 2201 5365 altiore
2227 5307 2456 5364 consilio
2483 5307 2584 5363 ista
2615 5317 2935 5378 pensamus,
2965 5302 3131 5358 animi
3159 5300 3328 5357 debe-

2035 5563 2196 5636 Rom.
2224 5565 2359 5628 sola,
2395 5567 2506 5636 ejus
2536 5561 2763 5636 nequitia
2776 5560 3167 5636 etimprobitas,
3189 5561 3328 5630 quod

1722 5642 1794 5694 ita
1824 5639 2013 5710 populo
2036 5635 2363 5700 Judreorum,
2393 5632 2494 5710 etc.
2555 5633 2668 5710 Vet.
2699 5632 2836 5710 edit.
2864 5647 2986 5710 cum
3017 5634 3186 5710 tribus
3212 5647 3326 5710 om.

1723 5704 1856 5766 nino
1887 5704 2017 5764 inss.
2049 5720 2104 5762 ιιι
2135 5710 2187 5761 itt
2216 5718 2393 5762 textu.
2425 5707 2618 5762 (lateri
2645 5706 2766 5760 trod.
2797 5745 2811 5767 ,
2844 5708 2956 5774 ejus
2982 5704 3208 5774 nequitia
3229 5707 3330 5759 imo

1723 5783 1951 5856 probitas
1972 5779 2280 5856 (aditurum
2299 5822 2316 5843 ,
2347 5789 2462 5836 etc.
2516 5779 2630 5833 Non
2659 5779 2729 5832 ita
2769 5778 2908 5856 male
2933 5817 2949 5843 ,
2979 5778 3022 5833 si
3057 5777 3283 5848 nequitia
3310 5821 3325 5848 ,

1723 5849 1970 5922 sumatur
1993 5853 2058 5913 ‘in
2083 5864 2242 5924 sexto
2260 5867 2412 5924 casu,
2443 5867 2542 5929 pro
2573 5866 2663 5924 per
2687 5849 2983 5926 nequitiam.
