3960 6310
580 341 715 400 1651

1936 334 2180 393 SANCTI
2221 333 2548 391 AMBROSII

3738 345 3844 400 16ὅὲ

579 473 703 516 mus
732 455 1036 527 ἰηιειιίεθτθ
1063 462 1118 547 9‘
1140 452 1388 547 corporis
1409 451 1738 547 333m???“
1790 458 1850 547 Ψ
1889 452 2040 547 Prius
2066 451 2183 547 δηί-
2210 448 2260 511 Α
2287 471 2534 531 diabolus
2577 482 2862 531 accusatur
2888 493 2899 529 :
2950 474 3065 530 batc
3108 476 3262 547 quasi
3294 475 3415 531 lena
3461 476 3703 532 vitiorum
3726 521 3739 545 ,
3775 481 3846 538 ille

581 566 704 610 mus
733 553 824 622 qui
853 546 1124 619 serpentis
1160 546 1441 602 laborabat
1468 544 1679 600 insidiis
1705 585 1720 610 ,
1763 543 2044 598 absolutus
2090 545 2180 598 sit.

571 644 781 702 -Anima
811 647 954 697 enim
983 655 1274 710 numquam
1307 654 1584 710 acorpore
1610 641 1937 703 vinceretur,
1975 638 2182 710 1351

584 737 687 792 nisi
714 735 864 807 prius
889 751 917 788 a
957 733 1176 789 diabolo
1206 743 1530 789 tentaretur.
1560 732 1692 788 Nam
1719 748 1844 788 cum
1865 732 2044 814 anima
2075 747 2186 786 cor-

583 844 689 901 pus
715 837 877 899 agat,
905 826 1147 884 vivificet
1174 869 1188 894 ,
1220 835 1275 882 et
1303 829 1606 898 gubernet;
1646 823 2104 898 quemadmodum
2132 825 2186 878 itt

583 922 700 992 ejus
731 921 1017 976 illecebras
1043 922 1254 990 captiva
1285 930 1570 990 raperetur
1590 961 1605 986 ,
1655 919 1758 974 nisi
1800 929 1856 974 et
1885 920 2001 989 ipsa
2027 933 2189 983 supe-

581 1015 745 1070 rioris
789 1013 1020 1082 alicujus
1050 1015 1336 1083 potestatis
1367 1012 1597 1068 vinculis
1626 1009 2038 1082 stringeretur?
2087 1010 2191 1064 De-

583 1108 749 1179 nique
771 1122 879 1162 non
918 1107 1067 1177 prius
1097 1105 1208 1161 Eva
1235 1106 1499 1168 esurivit,
1545 1120 1707 1175 quam
1751 1103 2024 1174 serpentis
2069 1118 2188 1158 eam

583 1202 824 1257 versutia
855 1201 1082 1256 tentavit
1119 1219 1133 1255 :
1166 1211 1220 1256 et
1250 1200 1373 1256 ideo
1401 1199 1663 1255 adversus
1708 1200 1883 1270 ipsum
1911 1208 2189 1254 auctorem

585 1293 792 1363 peccati
818 1293 970 1362 prius
997 1293 1181 1350 debuit
1203 1292 1468 1348 medicina
1496 1293 1689 1348 salutis
1714 1292 1952 1363 operari.

658 1386 748 1441 65.
798 1385 1069 1442 Fortassis
1095 1387 1262 1443 etiam
1295 1388 1346 1442 itt
1381 1394 1509 1459 typo
1549 1387 1792 1442 mulieris
1821 1387 1966 1442 illius
2000 1401 2192 1442 socrus

585 1479 824 1535 Simonis
850 1489 903 1534 et
931 1479 1164 1535 Andreae
1211 1481 1376 1535 variis
1424 1480 1714 1536 criminum
1771 1479 2016 1536 febribus
2062 1496 2194 1535 caro

587 1584 773 1630 nostra
803 1574 1092 1644 languebat
1117 1616 1130 1641 ,
1164 1583 1220 1630 et
1246 1574 1586 1630 diversarum
1611 1559 1968 1645 cupiditatum
1999 1575 2196 1629 immo-

587 1669 725 1726 dicis
751 1669 1020 1726 aestuabat
1044 1669 1341 1724 illecebris.
1376 1668 1484 1725 Nec
1511 1669 1779 1724 minorem
1810 1668 2016 1725 febrem
2046 1683 2198 1722 amo-

586 1764 664 1819 ris
690 1777 813 1819 esse
843 1762 1072 1818 dixerim
1097 1804 1111 1829 ,
1156 1778 1316 1830 quam
1348 1762 1570 1817 caloris.
1616 1761 1800 1832 Itaque
1840 1761 1931 1816 illa
1957 1761 2195 1816 animum

585 1855 756 1913 febris
781 1899 797 1923 ,
851 1857 967 1912 baac
1013 1871 1211 1926 corpus
1241 1855 1559 1912 inflammat.
1610 1855 1803 1911 Febris
1832 1857 1976 1912 enim
2012 1867 2197 1910 nostra
2227 1836 2276 1897 Β

587 1951 814 2006 avaritia
842 1960 956 2016 est,
993 1949 1161 2006 febris
1187 1957 1374 2004 nostra
1398 1949 1568 2004 libido
1589 1959 1672 2005 est
1707 1966 1722 2015 ;
1753 1964 1821 2005 eo
1842 1949 1986 2020 quod
2015 1950 2199 2020 ignitae

589 2043 701 2097 sint
726 2041 1072 2110 cupiditates.
1123 2039 1276 2096 Unde
1305 2051 1360 2095 et
1387 2041 1683 2110 Apostolus
1723 2042 1798 2096 ait
1837 2059 1850 2095 :
1898 2041 1960 2097 Si
1998 2058 2102 2095 non
2147 2057 2202 2096 se

592 2135 850 2189 continent
878 2176 892 2200 ,
923 2133 1159 2199 nubant;
1201 2135 1382 2188 melius
1411 2143 1484 2188 est
1515 2135 1649 2188 enim
1695 2135 1887 2190 nubere
1927 2151 2080 2204 quant
2119 2135 2202 2188 uri

597 2227 642 2301 (l
673 2226 793 2282 Cor.
823 2242 918 2291 vtt,
948 2227 1026 2301 9).
1062 2226 1255 2282 Febris
1298 2236 1484 2283 nostra
1514 2227 1723 2282 luxuria
1757 2237 1842 2282 est
1873 2271 1887 2293 ,
1917 2227 2083 2283 febris
2105 2243 2201 2282 no-

592 2329 706 2376 stra
734 2319 962 2374 ambitio
986 2330 1090 2384 est,
1117 2319 1286 2376 febris
1318 2330 1505 2374 nostra
1532 2320 1809 2376 iracundia
1835 2329 1939 2376 est.
1971 2320 2104 2387 Quae
2134 2321 2200 2374 li-

593 2423 682 2470 cet
705 2415 951 2485 corporis
979 2413 1110 2469 vitia
1141 2415 1253 2469 sint
1277 2455 1293 2473 .
1347 2415 1526 2484 ignem
1572 2422 1752 2470 tamen
1785 2412 1998 2470 ossibus
2022 2413 2203 2483 impli-

589 2519 740 2574 cant,
773 2516 1033 2574 mentem,
1062 2508 1336 2573 animum,
1367 2522 1667 2578 sensusque
1695 2517 2025 2578 pertentant.
2077 2507 2201 2561 Haec

593 2603 746 2674 prior
771 2601 974 2658 diaboli
1022 2601 1350 2657 sollicitatur
1377 2601 1513 2658 arte.
1571 2603 1784 2657 Etenim
1827 2617 1954 2672 ager
1985 2603 2157 2657 bonus
2182 2643 2198 2668 ,

593 2698 783 2763 vestis,
813 2698 1034 2762 monile,
1064 2697 1287 2753 suadela
1315 2697 1589 2768 serpentis
1615 2707 1718 2752 est.
1765 2695 2044 2752 Honorum
2078 2712 2200 2766 gra-

597 2792 691 2854 tia,
725 2790 1030 2844 sublimitas
1063 2800 1391 2860 potestatum
1428 2832 1442 2855 ,
1473 2789 1755 2860 epularum
1789 2790 2025 2844 suavitas
2051 2829 2066 2853 ,
2094 2788 2204 2844 for-

596 2897 683 2937 ma
729 2883 1032 2938 meretricis
1063 2883 1290 2953 laqueus
1321 2892 1405 2938 est
1428 2882 1630 2938 diaboli
1659 2925 1673 2949 ,
1708 2892 1763 2936 et
1807 2883 1957 2952 quasi
1986 2882 2203 2952 quidam

599 2977 856 3047 nequitiae
886 2976 1146 3046 spiritalis
1177 2977 1533 3032 illecebrosas
1558 2975 1772 3039 affatus,
1795 2985 1820 3012 ιι
1843 2975 1933 3046 qui
1968 2990 2064 3044 per
2083 2990 2206 3030 car-

597 3071 680 3124 nis
714 3069 1024 3125 illecebram
1052 3084 1173 3139 quae
1193 3070 1303 3124 cito
1328 3070 1556 3124 feminea
1580 3071 1811 3139 quadam
1837 3071 2052 3125 levitate
2072 3069 2206 3124 mol-

599 3163 750 3228 litur,
779 3163 1019 3219 animum
1059 3177 1276 3232 quoque
1302 3163 1369 3218 de
1397 3162 1566 3232 gradu
1598 3162 1802 3232 dejicit.
1839 3162 2024 3232 Neque
2055 3163 2203 3218 enim

599 3258 828 3314 formam
857 3257 1100 3313 mulieris
1131 3257 1343 3310 animus
1372 3257 1520 3325 prius
1551 3271 1712 3324 quam
1739 3255 1984 3323 corporis
2015 3254 2204 3308 oculus

599 3353 955 3420 concupiscit.
989 3350 1228 3420 Denique
1255 3349 1398 3420 quod
1433 3363 1539 3404 non
1569 3347 1788 3412 videris,
1823 3363 1930 3401 nou
1961 3348 2200 3402 amabis:

601 3445 698 3501 sed
726 3445 812 3499 ubi
839 3460 968 3500 caro
996 3445 1358 3514 concupierit,
1387 3442 1769 3512 compatientis
1798 3457 2010 3513 quoque
2037 3442 2203 3496 animi

602 3537 908 3593 constantia
934 3536 1212 3591 defatiscit
1237 3579 1252 3602 ,
1305 3545 1360 3591 et
1399 3549 1552 3589 mens
1586 3534 1866 3590 consortio
1893 3533 2097 3588 amoris
2126 3537 2206 3588 in-

604 3629 841 3685 flectitur
884 3627 1041 3700 (duo
1089 3628 1230 3682 enim
1282 3628 1334 3681 in
1385 3641 1549 3681 carne
1594 3639 1698 3681 una
1748 3625 2104 3696 sunt)atqne
2134 3627 2205 3678 ita

583 3735 748 3776 ,mors
778 3720 969 3792 irrepit
994 3719 1217 3775 sceleris
1240 3719 1455 3788 effectu,
1493 3728 1734 3775 tentante
1759 3717 1976 3773 diabolo
1997 3760 2012 3785 ,
2041 3733 2207 3774 carne

605 3813 892 3870 suadente.

674 3908 763 3963 64.
797 3907 1189 3964 Vehementior
1219 3917 1397 3962 tamen
1424 3915 1509 3961 est
1535 3905 1702 3961 animi
1727 3947 1740 3970 ,
1772 3921 1934 3976 quam
1962 3905 2208 3974 corporis

602 4001 772 4056 febris
814 4017 828 4055 :
877 4012 934 4057 et
981 4001 1104 4056 ideo
1134 4016 1232 4071 pro
1261 4001 1427 4055 animi
1455 4001 1754 4071 voluptate,
1783 3999 2030 4069 corporis
2061 4000 2208 4056 salus

602 4095 922 4163 plerumque
952 4095 1322 4148 contemnitur
1346 4135 1361 4160 ,
1397 4108 1498 4148 uec
1527 4109 1557 4148 a
1589 4093 1843 4162 periculis
1879 4095 2206 4149 abstinetur.

604 4183 762 4239 Unde
795 4197 902 4236 non
934 4183 1172 4238 alienum
1221 4183 1435 4237 videtur
1465 4195 1715 4250 repetere
1745 4183 2206 4254 quemadmodum

603 4274 926 4331 Tlteotimus
955 4289 1079 4329 cum
1123 4275 1273 4345 gravi
1313 4274 1595 4330 oculorum
1626 4277 1969 4331 incommodo
2001 4278 2211 4333 labora-

604 4377 726 4432 ret,
755 4375 808 4422 et
833 4376 1039 4422 amaret
1071 4381 1293 4420 uxorem
1322 4408 1336 4431 ,
1369 4365 1654 4421 interdicta
1685 4367 1789 4421 sibi
1819 4382 1847 4420 a
1879 4367 2090 4422 medico
2135 4367 2210 4422 fa-

605 4459 806 4513 cultate
833 4459 1086 4524 coeundi,
1119 4457 1434 4528 cupiditatis
1460 4457 1773 4527 impatiens,
1803 4469 1966 4529 atque
2006 4460 2209 4530 impetu

602 4551 848 4606 libidinis
875 4558 1084 4621 raptus,
1120 4566 1180 4606 se
1205 4550 1472 4605 moderari
1502 4550 1826 4621 nequiverit.
1847 4552 2036 4608 Sciens
2064 4553 2206 4607 enim

604 4647 958 4719 prudensque
986 4647 1128 4718 quod
1155 4656 1304 4703 esset
1329 4648 1518 4702 oculos
1543 4649 1864 4716 amissurus,
1897 4650 2207 4721 priusquam

603 4743 919 4797 conveniret
949 4743 1142 4807 uxori,
1175 4742 1230 4796 in
1262 4743 1376 4813 ipso
1419 4752 1552 4796 aestu
1579 4742 1844 4798 ferventis
1863 4744 2173 4814 cupiditatis
2193 4788 2208 4812 ,

607 4842 661 4887 et
689 4833 1101 4888 consuetudinis
1142 4845 1448 4904 apparatu:
1495 4835 1666 4900 Vale,
1711 4835 1926 4906 inquit,
1977 4839 2210 4894 amicum

603 4923 808 4979 lumen.
861 4924 952 4980 Sic
981 4925 1130 4980 febre
1160 4927 1327 4981 libido
1353 4927 1673 4998 flagrantior
1717 4937 1802 4984 est
1825 4970 1839 4994 ,
1891 4931 2214 5003 graviusque

607 5018 907 5088 praecipitat
928 5028 986 5074 et
1009 5019 1330 5076 inflammat.

680 5109 770 5166 65.
805 5110 912 5166 Sed
949 5112 1037 5167 ubi
1065 5112 1184 5182 quis
1220 5114 1511 5188 resipuerit
1559 5131 1589 5169 a
1636 5112 1855 5184 furore,
1907 5126 2035 5173 tunc
2077 5133 2209 5174 con-

609 5205 852 5260 scientiae
883 5206 1156 5262 interioris
1177 5208 1420 5276 aperitur
1442 5209 1612 5275 visus,
1637 5209 1870 5282 factique
1895 5213 2212 5280 pmniteutia

609 5299 885 5365 succedit,
917 5308 973 5354 et
1003 5300 1249 5369 pudenda
1279 5302 1360 5356 sui
1399 5303 1772 5375 unusquisque
1800 5303 2056 5361 facinoris
2083 5322 2215 5362 con-

609 5392 840 5447 scientia
866 5393 1161 5448 erubescit.
1213 5393 1364 5451 Tunc
1407 5396 1547 5451 Deus
1577 5397 1798 5452 timetur
1826 5439 1842 5466 ,
1880 5409 1933 5453 et
1964 5409 2214 5469 peccator

608 5500 668 5541 se
694 5488 843 5556 cupit
869 5487 1071 5554 celare,
1099 5488 1196 5543 sed
1222 5503 1330 5543 non
1362 5499 1576 5559 potest.
1623 5502 1750 5546 tunc
1775 5506 1904 5548 caro
1929 5495 2172 5563 arguitur
2194 5538 2211 5564 ,

675 5637 703 5705 ξι
733 5628 860 5684 Mss.
887 5627 1126 5705 aliquot,
1157 5644 1256 5695 quo
1288 5631 1552 5705 perearni
1577 5631 1844 5688 illecebras
1871 5636 1970 5690 cito
2015 5653 2104 5691 cor
2127 5638 2202 5705 fe-

607 5701 762 5771 minae
778 5701 1003 5771 quadam
1025 5701 1226 5753 levitate
1246 5701 1493 5771 emolliat.

682 5769 899 5847 b_Edit.
936 5775 1058 5847 A_m.
1085 5781 1248 5837 atque
1273 5769 1421 5847 Era.
1467 5788 1589 5847 cum
1634 5789 1763 5830 mss.
1801 5777 1975 5832 tribus
2005 5819 2018 5841 ,
2051 5781 2213 5847 legem

615 5843 762 5910 coepit
804 5840 1067 5911 propriam
1115 5855 1215 5894 non
1245 5842 1440 5898 timere.
1485 5842 1615 5901 Gill.
1647 5861 1768 5900 cum
1794 5840 2014 5904 duobus
2033 5840 2164 5907 mss.
2193 5890 2208 5918 ,

2237 4595 2288 4659 D

2287 571 2439 640 quasi
2472 579 2661 624 auctor
2688 571 2908 625 erroris.
2941 569 3170 626 Patescit
3199 571 3547 638 deformitas;
3576 574 3758 629 nudum
3783 588 3848 633 est

2289 662 2432 718 enim
2462 662 2575 717 Deo
2605 677 2763 718 omne
2793 651 3092 728 secretum,
3117 679 3217 719 nec
3248 664 3390 718 illius
3419 664 3556 719 ficus
3582 665 3742 734 foliis,
3772 667 3851 724 hoc

2290 765 2394 819 est,
2430 757 2662 825 tegmine
2687 757 2980 824 corporali,
3016 758 3094 812 vel
3117 757 3373 827 jactantia
3405 759 3854 832 smculariflagitio-

2291 863 2408 900 rum
2438 856 2647 901 secreta
2680 847 2947 902 velantur.
3000 848 3060 902 Et
3094 848 3466 920 unusquisque
3498 851 3729 906 divinum
3759 871 3857 922 pec-

2291 939 2417 994 eati-
2447 940 2666 994 conscia
2707 939 2961 995 formidat
3007 950 3185 996 mente
3211 941 3475 1013 judicium
3527 945 3738 1000 dicens:
3776 947 3855 1016 Qui

2292 1051 2458 1104 super
2489 1050 2575 1090 me
2599 1047 2810 1090 montes
2839 1035 3033 1090 eadcnt
3059 1055 3072 1090 :
3119 1037 3170 1090 in
3199 1037 3396 1106 quibus
3426 1053 3514 1093 me
3563 1039 3857 1096 abscondam

2300 1125 2510 1199 1352
2538 1128 2791 1182 scissuris
2823 1135 3096 1198 petrarum
3119 1169 3134 1194 ,
3163 1145 3285 1183 cum
3320 1129 3527 1185 venerit
3556 1132 3859 1203 confringere

2295 1231 2492 1277 terram
2516 1223 2538 1276 ?
2564 1223 2716 1278 Tunc
2740 1225 2968 1279 tribulos
2995 1235 3049 1280 et
3069 1227 3253 1298 spinas
3275 1227 3455 1282 animo
3479 1208 3630 1295 caro,
3661 1229 3756 1286 hoc
3776 1241 3858 1296 est,

2231 1343 2242 1356 κ
2294 1331 2548 1373 curarum
2583 1333 2796 1373 morsus
2829 1318 3364 1391 sollieitudinumque
3410 1331 3638 1391 generat
3661 1364 3676 1390 ,
3705 1333 3862 1380 (estus-

2294 1427 2398 1480 qtte
2423 1451 2437 1474 ,
2473 1423 2611 1479 quos
2659 1410 2759 1464 sibi
2802 1425 2897 1480 per
2928 1412 3422 1482 concupiscentiam
3467 1415 3649 1469 carnis
3683 1417 3863 1472 animus

2296 1507 2412 1570 ipse
2454 1501 2835 1556 circumdedit.
2886 1502 3101 1558 Etenim
3152 1505 3307 1575 quasi
3355 1507 3522 1562 clavis
3579 1506 3862 1578 quibusdam

2297 1594 2566 1663 suffigitur
2593 1595 2772 1648 anima
2800 1597 3082 1664 corporeis
3112 1597 3479 1667 Voluptatibus
3523 1619 3535 1654 :
3583 1609 3636 1656 ct
3661 1617 3769 1658 cum
3795 1621 3863 1660 sc-

2298 1688 2405 1742 mel
2439 1687 2733 1743 adlueserit
2767 1689 3153 1760 cupiditatibus
3179 1689 3426 1746 demersa
3473 1697 3699 1750 terrenis
3729 1738 3743 1762 ,
3780 1696 3865 1752 dif-

2305 1781 2444 1836 ficile
2476 1784 2526 1835 in
2557 1783 2722 1836 altum
2755 1791 2934 1852 potest
2971 1783 3114 1839 unde
3147 1783 3470 1854 descendit,
3520 1788 3641 1843 sine
3688 1789 3771 1845 Dei
3805 1790 3865 1844 fa-

2303 1890 2431 1931 vore
2458 1877 2724 1931 revelare.
2758 1877 2986 1937 Actuum
3016 1879 3159 1934 enim
3188 1895 3409 1934 suormu
3440 1882 3623 1937 vincta
3653 1883 3831 1954 laqueis
3851 1927 3863 1948 ,

2302 1977 2359 2023 et
2415 1966 2731 2022 deliciarum
2783 1969 3123 2044 scccularium
3186 1971 3454 2028 illecebris
3504 1975 3732 2031 obnoxia
3774 1976 3865 2046 jam

2304 2071 2537 2117 tenetur.

2377 2175 2466 2230 66.
2503 2175 2654 2233 liunc
2675 2191 2804 2248 ergo
2833 2177 3028 2244 Adam,
3063 2177 3200 2235 hanc
3228 2180 3392 2236 Evam
3421 2182 3686 2241 Dominus
3705 2184 3870 2240 libera-

2304 2279 2457 2325 turus
2478 2270 2696 2326 advenit
2720 2289 2732 2324 :
2763 2287 2993 2341 quorum
3023 2273 3161 2329 alter
3181 2273 3250 2329 ad
3273 2274 3563 2346 imaginem
3587 2278 3678 2334 Dei
3705 2279 3866 2344 factus,

2303 2365 2474 2419 altera
2499 2364 2750 2419 virtuteut
2779 2366 2862 2420 sui
2893 2367 3165 2436 accipiens
3196 2370 3314 2434 viri,
3345 2373 3603 2440 quamdiu
3646 2372 3739 2428 fuit
3761 2372 3867 2429 sub-

2303 2456 2413 2512 dita
2445 2456 2677 2523 fortiori,
2713 2473 2871 2516 unam
2911 2462 3170 2531 gerebant
3201 2462 3254 2516 in
3283 2479 3390 2518 uno
3415 2465 3613 2536 spiritu
3643 2466 3747 2523 Deo
3779 2468 3870 2537 pla-

2303 2553 2464 2608 citam
2508 2553 2875 2608 voluntatem:
2920 2564 2975 2610 et
3022 2555 3072 2610 in
3107 2556 3356 2626 paradiso
3405 2559 3498 2614 Dei
3551 2562 3740 2630 positi,
3770 2562 3870 2614 vita:

2303 2645 2545 2701 caelestis
2577 2645 2942 2716 operabantur
2969 2647 3300 2704 alimoniam.
3351 2649 3546 2706 Postea
3579 2665 3704 2708 vero
3737 2667 3867 2722 quam

2304 2755 2432 2795 caro
2475 2739 2705 2796 suadere
2733 2741 3045 2807 diversum,
3079 2742 3103 2780 δ
3133 2753 3187 2798 et
3221 2743 3396 2813 legem
3425 2747 3592 2816 erepit
3635 2747 3870 2818 propriam

2307 2847 2414 2886 non
2449 2841 2632 2887 tenere
2664 2873 2679 2897 ,
2713 2833 2947 2901 paradisi
2977 2834 3191 2889 exsules
3219 2834 3380 2900 facti,
3413 2836 3466 2892 in
3503 2837 3649 2892 hunc
3685 2838 3871 2893 inferio-

2306 2940 2420 2980 rem
2449 2923 2866 2995 demersnmque
2895 2925 3074 2982 locum
3107 2928 3309 2996 peccati
3343 2929 3540 2985 merito
3571 2929 3870 2986 reciderunt.

2305 3017 2414 3072 Nec
2441 3019 2723 3086 quisquam
2744 3026 2894 3088 putet
2924 3019 3277 3090 incongruum
3303 3036 3448 3087 esse,
3481 3025 3524 3080 si
3551 3024 3724 3079 Adam
3740 3033 3875 3091 atque

2309 3111 2417 3165 Eva
2452 3113 2503 3164 itt
2533 3119 2662 3182 typo
2691 3111 2888 3167 anima:
2920 3122 2975 3168 et
3009 3118 3254 3184 corporis
3281 3117 3661 3185 testimeutur;
3700 3134 3809 3174 cum
3831 3116 3874 3171 itt

2231 3216 2274 3280 ρ
2309 3211 2438 3274 typo
2465 3203 2718 3258 Ecclesia:
2745 3206 3080 3260 aastimentur
3103 3217 3157 3261 et
3183 3208 3407 3264 (.‘ltristi.
3459 3209 3594 3265 Nam
3639 3227 3754 3267 cum
3789 3211 3878 3265 duo

2307 3312 2428 3352 esse
2457 3297 2507 3350 in
2535 3312 2700 3353 carne
2729 3315 2831 3353 una
2859 3299 3152 3367 Apostolus
3177 3301 3404 3367 diceret,
3446 3304 3647 3374 adjecit
3671 3322 3686 3358 :
3716 3303 3879 3358 Satra-

2308 3403 2534 3447 mentum
2559 3435 2574 3460 ,
2606 3395 2815 3466 inquit,
2856 3395 2953 3449 hoc
2984 3413 3226 3468 magnum
3250 3408 3324 3452 est
3349 3414 3368 3452 :
3399 3416 3492 3472 ego
3519 3412 3692 3456 atttem
3713 3401 3818 3454 dico
3839 3402 3880 3452 in

2309 3483 2515 3542 Christo
2546 3498 2591 3542 et
2617 3489 2668 3541 in
2699 3487 2930 3544 Ecclesia
2957 3489 3177 3562 (Ep/tes.
3200 3508 3254 3557 v,
3277 3490 3395 3564 δί).
3426 3494 3495 3564 λιιι
3524 3512 3635 3564 quo
3661 3511 3782 3567 ergo
3810 3511 3883 3549 stt-

2291 3583 2463 3651 ~perni
2495 3582 2610 3648 Dei,
2641 3584 2693 3639 in
2725 3599 2791 3640 eo
2815 3586 2984 3642 multo
3005 3587 3177 3658 magis
3197 3588 3364 3644 animi
3389 3591 3566 3648 nostri
3594 3601 3766 3664 potest
3780 3607 3884 3647 esse

2308 3679 2647 3750 mysterium.

2380 3793 2470 3848 67.
2508 3793 2614 3850 Sed
2641 3793 2842 3860 haeret,
2889 3796 3121 3854 suffixus
3149 3807 3252 3866 est,
3285 3808 3477 3871 captus
3507 3811 3615 3866 est,
3645 3809 3699 3856 et
3721 3811 3891 3867 corpo-

2308 3885 2415 3940 reis
2441 3900 2736 3942 succensus
2765 3889 3026 3956 febribus,
3045 3894 3422 3962 compassione
3447 3895 3634 3949 carnis
3651 3894 3891 3964 :egrescit.

2309 3976 2647 4044 Qtttereudus
2677 3988 2761 4034 est
2789 3981 3048 4036 medicus.
3097 3983 3202 4038 Sed
3251 3986 3372 4055 quis
3420 3985 3524 4040 iate
3567 3995 3750 4041 tantus
3787 3992 3892 4042 est.

2308 4073 2399 4143 qui
2446 4073 2650 4128 sancite
2689 4077 2887 4131 mentis
2915 4077 3182 4132 mediatur
3211 4079 3481 4134 ulceribus
3515 4081 3540 4134 ἲ
3568 4081 3706 4148 Quis
3737 4089 3898 4133 tantus

2310 4175 2394 4220 est
2424 4167 2586 4221 homo
2610 4209 2624 4233 ,
2657 4169 2747 4234 qui
2779 4170 2945 4236 possit
2969 4171 3094 4225 aliis
3124 4173 3415 4227 subvenire
3445 4215 3460 4238 ,
3511 4188 3639 4228 cum
3674 4158 3794 4242 ipse,
3811 4170 3895 4225 sibi

2311 4274 2418 4315 non
2446 4260 2652 4329 possit?
2671 4261 2804 4330 Quis
2830 4263 2950 4318 aliis
2977 4265 3150 4334 possit
3171 4264 3626 4334 vitam~reddere,
3650 4281 3774 4323 cum
3799 4265 3899 4334 ipse

2312 4363 2544 4409 mortem
2575 4370 2685 4410 non
2715 4357 2886 4426 possit
2906 4357 3184 4413 evadere?
3223 4360 3426 4415 Omnes
3469 4361 3618 4432 enim
3663 4361 3715 4414 itt
3746 4359 3900 4412 Adam

2313 4449 2553 4514 mortui;
2600 4451 2723 4520 quia
2769 4449 2872 4506 Per
2909 4468 3065 4506 unum
3102 4453 3359 4508 hominem
3406 4454 3461 4507 in
3495 4455 3640 4509 hunc
3675 4452 3903 4508 mundum

2313 4554 2581 4615 peccatum
2605 4547 2853 4612 introivit,
2883 4557 2932 4602 et
2955 4565 3044 4616 per
3073 4559 3341 4620 peccatum
3366 4565 3540 4604 mors:
3565 4561 3616 4604 et
3645 4526 3717 4604 ita
3737 4551 3787 4602 in
3811 4563 3905 4601 om-

2315 4655 2403 4693 nes
2453 4641 2681 4695 homines
2729 4643 3053 4709 pertransivit
3077 4684 3090 4708 ,
3131 4643 3184 4696 in
3220 4659 3320 4712 quo
3361 4660 3538 4698 omnes
3583 4649 3906 4716 peccaverunt

2319 4731 2364 4805 (l
2391 4733 2512 4787 Cor.
2546 4749 2635 4800 xv,
2666 4734 2780 4804 12).
2829 4733 2976 4790 illius
3000 4735 3163 4805 igitur
3191 4737 3348 4805 culpa
3392 4751 3543 4792 mors
3563 4731 3812 4791 omnium
3836 4740 3909 4786 est

2317 4825 2428 4900 (Cf.
2462 4826 2597 4899 Aug.
2633 4827 2722 4882 lib.
2751 4843 2766 4881 t
2795 4839 2973 4882 contra
2994 4826 3106 4882 Jul.
3148 4828 3354 4900 Pelag.,
3383 4845 3502 4900 cap.
3532 4830 3567 4884 '5
3589 4832 3631 4898 ).
3683 4827 3907 4894 Denique

2318 4919 2469 4974 missi
2497 4930 2628 4975 sunt
2649 4919 2822 4975 sancti
2848 4961 2863 4986 ,
2895 4920 3046 4975 missi
3087 4928 3214 4975 sunt
3243 4929 3297 4974 et
3324 4919 3605 4989 prophetae
3631 4961 3649 4986 ,
3681 4919 3770 4989 qui
3802 4931 3911 4970 ora-

2317 5017 2441 5070 cula
2471 5015 2651 5070 divina
2681 5015 3071 5085 loquerentur;
3121 5029 3217 5069 nec
3254 5013 3549 5084 quidquam
3601 5022 3910 5083 promovere

2320 5114 2636 5180 potuerunt.
2682 5106 3001 5174 Quaeramus
3029 5122 3160 5176 ergo
3184 5105 3422 5176 aliquem
3469 5106 3540 5162 de
3573 5106 3788 5177 angelis
3832 5110 3915 5156 aut

2319 5198 2658 5270 arcltangelis
2688 5199 2978 5254 medicum.
3012 5199 3118 5255 Sed
3147 5200 3608 5269 quemadmodum
3639 5200 3774 5253 mihi
3801 5211 3913 5268 pos-

2321 5302 2450 5347 sunt
2479 5293 2786 5361 przesidium
2819 5293 2982 5359 ferre,
3017 5307 3084 5348 ne
3115 5307 3332 5363 peccem
3359 5310 3373 5358 ;
3399 5307 3524 5346 cum
3553 5295 3678 5363 ipse
3699 5291 3914 5347 archan-

2321 5385 2476 5454 gelus
2523 5400 2554 5439 a
2601 5395 2824 5455 peccato
2873 5399 2978 5441 non
3029 5387 3264 5456 potuerit
3291 5385 3617 5440 abstinere?
3662 5379 3912 5452 Quemad-

2323 5475 2542 5533 modum
2567 5478 2636 5534 ad
2667 5479 2973 5549 paradisum
3012 5479 3233 5551 angelus
3278 5495 3536 5536 revocare
3572 5495 3669 5536 me
3698 5477 3912 5550 poterit;

2311 5638 2475 5708 legem
2513 5639 2661 5709 coepit
2694 5639 2933 5706 primam.
2985 5639 3144 5694 Rom.
3189 5639 3304 5693 sola
3333 5655 3345 5692 :
3379 5639 3546 5709 prima
3588 5656 3700 5694 non
3733 5639 3912 5692 timere.

2323 5709 2566 5783 Denique
2589 5708 2728 5765 ’mss.
2755 5711 3030 5775 undecim,
3055 5711 3110 5766 in
3139 5710 3337 5782 quibus
3366 5708 3532 5767 Corb.
3587 5720 3651 5768 et
3684 5711 3790 5783 alii
3818 5721 3922 5763 me-

2319 5781 2468 5836 lioris
2497 5791 2673 5851 notze,
2705 5792 2763 5836 ttt
2796 5784 2846 5836 itt
2875 5792 3041 5838 textu.
