3960 6296
110 319 229 374 1635

1091 312 1456 373 EXPOSITIO
1495 312 1757 370 EVANG.
1798 311 1943 371 SEC.
1987 315 2140 374 LUC.
2198 316 2324 374 LIB.
2368 317 2460 374 IV.

3210 328 3351 389 1654

106 447 206 487 cum
234 430 340 501 ipse
365 427 584 487 Satanas
614 434 669 484 et
689 427 869 500 angeli
904 429 986 485 sui
1017 431 1204 488 sedem
1232 447 1392 503 quam
1425 447 1651 503 accepc-
1675 440 1727 498 Α
1754 429 1894 499 quod
1942 441 2098 486 natus
2140 433 2232 488 sit.
2282 433 2491 490 Seriem
2543 436 2907 505 generationis
2948 439 3165 510 ignoro,
3201 451 3226 480 α
3255 443 3353 498 sed

106 536 226 588 runt,
258 540 458 581 servare
485 541 590 581 nou
621 527 870 596 possint?

161 617 294 691 (Cap.
322 620 376 672 γ.
401 648 471 660 ——
489 616 644 675 Vers.
675 619 754 692 ὅ.)
783 620 1074 678 Ascendeus
1103 633 1272 677 autem
1295 622 1349 676 in
1372 638 1530 677 unam
1560 639 1652 677 na-

103 711 210 774 rim,
235 729 336 784 qua:
364 722 469 766 erat
499 714 726 770 Simonis
746 756 759 780 ,
795 717 993 788 rogavit
1033 727 1088 770 ut
1116 718 1411 780 indttcercnt
1445 735 1478 772 a
1513 729 1652 773 terra

103 806 453 875 aliquantulum.

158 900 232 955 68.
278 898 372 955 Ubi
405 899 659 957 Dominus
689 901 876 957 multis
907 903 1204 974 impertivit
1251 905 1401 961 varia
1446 903 1646 976 gen'era

101 993 344 1047 sanitatum
371 1033 384 1056 ,
415 1007 514 1048 nec
545 1001 788 1063 tempore
811 1037 824 1059 ,
859 1011 958 1050 nec
1004 997 1122 1051 loco
1152 999 1319 1068 erepit
1359 999 1428 1054 ab
1465 997 1646 1053 studio

101 1086 287 1140 sanandi
317 1087 467 1141 turba
495 1086 757 1143 cohiberi.
803 1086 1010 1159 Vesper
1037 1089 1312 1156 incubuit,
1341 1091 1646 1160 sequeban-

102 1189 170 1232 tur
191 1196 202 1230 :
222 1189 451 1249 stagnum
477 1180 734 1244 occurrit,
767 1181 1049 1251 urgebant.
1083 1181 1148 1235 Et
1174 1183 1296 1237 ideo
1320 1183 1565 1238 ascendit
1589 1183 1642 1238 itt

102 1273 216 1327 Petri
257 1274 442 1327 naVim.
487 1273 610 1328 Haec
640 1283 722 1330 est
753 1273 841 1329 illa
871 1276 1023 1330 navis
1051 1291 1172 1345 qua:
1218 1276 1396 1332 adhuc
1444 1293 1643 1332 secun-

102 1366 199 1420 dum
224 1363 511 1420 Matthzeum
541 1364 764 1423 ﬂuctuat
792 1365 1010 1438 (Mattft.
1044 1383 1134 1422 vut
1155 1410 1170 1432 ,
1197 1366 1315 1440 2i),
1347 1368 1640 1424 secundum

104 1457 262 1512 Lucam
288 1457 518 1527 repletur
550 1458 788 1528 piscibus
817 1475 831 1524 ;
881 1469 939 1514 ut
969 1469 1024 1515 et
1068 1461 1335 1530 principia
1383 1461 1642 1516 Ecclesia:

103 1552 378 1615 ﬂuctuantis,
408 1563 461 1607 et
484 1553 788 1621 posteriora
817 1553 1166 1609 exuberantis
1193 1569 1454 1622 agnoscas
1478 1571 1492 1620 ;
1527 1556 1640 1623 pis-

103 1659 169 1698 ces
191 1645 315 1698 enim
354 1653 520 1710 sunt,
553 1646 645 1711 qui
681 1636 819 1700 hanc
866 1649 1152 1718 enavigant
1199 1645 1408 1719 1353
1451 1647 1638 1701 vitam.

104 1736 159 1791 Ilii
184 1736 332 1792 adhuc
359 1737 640 1809 discipulis
665 1738 915 1794 Christus
953 1738 1150 1793 dormit
1178 1781 1193 1805 ,
1242 1739 1329 1794 hic
1375 1740 1635 1809 praecipit.

1752 523 2130 579 auctoritatem
2161 529 2534 595 generationis
2564 546 2823 598 agnoseo.
2859 531 2974 586 Non
3007 535 3352 590 interfuimus

1751 625 1871 666 cum
1903 627 1932 666 a
1963 613 2125 668 Patte
2161 615 2255 670 Dei
2287 615 2458 672 Filius
2485 630 2840 676 nasceretur:
2884 622 2977 677 scd
3009 624 3354 682 interfuimus

1750 718 1872 758 cum
1900 720 1930 759 a
1956 705 2116 762 Patre
2148 707 2243 763 Dei
2272 709 2442 765 Filius
2469 711 2764 769 diceretur.
2811 715 2867 772 Si
2895 717 3004 771 Deo
3036 734 3143 773 non
3179 719 3354 775 credi-

1750 811 1900 861 mus,
1933 798 2021 852 cui
2057 801 2369 857 credimus?
2399 805 2592 860 Omnia
2615 807 2760 861 enim
2800 824 2920 879 qua:
2945 811 3238 877 credimus,
3267 812 3354 869 vel

1751 891 1870 944 visu
1901 891 2198 960 credimus,
2223 893 2309 950 vel
2335 897 2520 953 auditu
2549 917 2561 951 :
2591 899 2739 956 visus
2767 916 2913 972 saepe
2945 903 3166 970 fallitur,
3199 907 3356 962 audi-

1749 988 1835 1037 tus
1877 983 1928 1036 in
1961 983 2063 1038 fide
2093 994 2196 1040 est.
2242 989 2324 1042 Au
2352 993 2652 1047 asserentis
2684 1009 2916 1063 persona
2946 997 3266 1055 discutitur?
3293 998 3353 1058 Si

1745 1075 1848 1128 viri
1895 1076 2023 1130 boni
2069 1078 2347 1146 dicerent,
2379 1081 2536 1138 nefas
2580 1095 2894 1153 putaremus
2930 1105 3036 1146 non
3084 1093 3348 1150 credere:

1746 1166 1890 1221 Deus
1919 1169 2148 1234 asserit,
2194 1173 2390 1239 probat
2436 1171 2635 1243 Filius,
2681 1178 2954 1249 refugiens
2997 1182 3080 1236 sol
3129 1183 3348 1254 fatetur,

1748 1266 1986 1314 tremens
2029 1270 2172 1316 terra
2207 1271 2457 1320 testatur.
2508 1265 2566 1321 in
2613 1268 2713 1323 hoc
2755 1270 2922 1325 altum
2969 1273 3353 1345 disputationis

1746 1349 1988 1406 Ecclesia
2009 1367 2039 1406 a
2070 1355 2230 1411 Petro
2250 1356 2496 1426 ducitur;
2527 1369 2585 1416 ut
2608 1362 2794 1418 videat
2821 1363 2946 1421 hinc
2973 1381 3350 1439 resurgentem

1746 1442 1841 1498 Dei
1873 1444 2094 1513 Filium,
2123 1449 2251 1505 inde
2275 1451 2533 1521 Spiritum
2562 1465 2808 1513 sanctum
2837 1461 3219 1529 proﬂuentem.

1819 1537 1908 1591 72.
1951 1539 2085 1606 Quae
2122 1552 2250 1598 sunt
2278 1554 2456 1600 autem
2488 1551 2856 1618 apostolorum
2901 1571 3022 1623 qua:
3059 1557 3228 1613 laxari
3261 1559 3351 1630 ju-

1745 1632 1941 1688 bentur
1979 1639 2148 1704 retia,
2189 1639 2290 1694 nisi
2320 1642 2609 1698 verborum
2651 1647 3078 1717 complexiones,
3110 1661 3166 1707 et
3195 1653 3352 1724 quasi

1743 1725 1960 1792 qttidam
2000 1728 2263 1786 orationis
2305 1734 2486 1800 sinus,
2529 1745 2586 1791 et
2630 1737 3055 1808 disputationum
3099 1759 3351 1803 recessus

106 1832 265 1886 Dormit
284 1832 419 1886 enim
452 1833 700 1902 trepidis,
729 1832 985 1902 perfectis
1012 1834 1216 1904 vigilat.
1246 1833 1350 1889 Sed
1383 1832 1646 1905 quemad-

1762 1819 1841 1888 qui
1869 1834 1965 1875 eos
1988 1837 2122 1891 quos
2146 1825 2410 1894 ceperint,
2431 1845 2536 1884 non
2578 1833 2864 1888 amittant?
2894 1836 3108 1910 1354
3124 1839 3188 1894 Ει
3213 1840 3352 1896 bene

107 1924 272 1980 modum
297 1926 517 1982 dormiat
548 1926 798 1983 Christus
819 1970 833 1995 ,
867 1929 1062 2000 audisti
1100 1929 1372 1985 dicentem
1425 1929 1477 1985 in
1504 1929 1641 1986 Pro-

105 2017 258 2086 pheta:
289 2017 390 2090 Ego
414 2019 655 2086 dormivi,
683 2031 732 2074 et
762 2037 849 2075 cor
878 2037 1046 2075 meum
1068 2023 1450 2103 ttigilat.((.ant.
1483 2040 1534 2090 v,
1561 2023 1639 2096 Ξ).

154 2111 224 2168 69.
262 2112 322 2167 Et
344 2121 564 2168 sanctus
594 2114 877 2170 Matthzeus
910 2125 1056 2170 recte
1081 2130 1186 2170 non
1219 2117 1643 2185 praetermitten-

104 2205 199 2258 dum
219 2207 408 2274 putavit
426 2213 649 2261 πίει-ηπ
679 2207 936 2263 iudicimn
964 2209 1267 2277 potestatis,
1301 2210 1392 2266 ubi
1419 2211 1649 2279 imperat

103 2301 237 2353 tentis
261 2298 556 2371 (Matt.vm,
573 2300 689 2372 9.6).
717 2301 830 2354 Non
846 2311 928 2357 est
948 2303 1091 2357 enim
1117 2303 1348 2357 humana
1372 2304 1642 2370 doctrina,

103 2392 211 2446 sicut
239 2393 446 2447 audistis
473 2393 699 2449 Iudaeos
729 2393 946 2458 dicere,
979 2394 1152 2449 verbo
1179 2395 1407 2466 imperat
1442 2397 1645 2467 Spiriti~

103 2482 178 2538 bus
207 2483 350 2556 (Lac.
374 2502 446 2550 tv,
475 2485 548 2542 '56
575 2487 594 2558 )
621 2503 634 2538 :
675 2485 770 2540 sed
803 2485 1041 2541 caelestis
1073 2486 1372 2558 majestatis
1411 2489 1645 2560 insigne.

103 2577 221 2643 Quod
242 2580 491 2635 turbatum
515 2579 745 2634 sedatur
767 2595 938 2645 mare,
962 2588 1018 2636 et
1037 2579 1234 2636 divina:
1248 2583 1396 2637 vocis
1420 2583 1650 2653 imperio

104 2671 417 2743 obsequuntur
466 2674 776 2740 elementa,
829 2684 992 2746 atque
1042 2675 1376 2731 insensibilia
1427 2691 1648 2730 sensum

104 2765 323 2834 accipiunt
341 2765 707 2838 obsequendi;
732 2766 926 2821 divinae
951 2768 1265 2840 mysterium
1288 2768 1476 2838 gratiae
1499 2783 1652 2824 reve-

106 2853 229 2910 lalur.
257 2857 396 2924 Quod
423 2859 626 2914 ﬂuctus
657 2860 949 2915 mitescunt
977 2859 1185 2928 saeculi,
1218 2861 1388 2917 verbo
1419 2862 1651 2916 immun-

105 2946 177 3001 dus
201 2950 402 3020 spiritus
435 2951 816 3022 conquiescit;
851 2967 956 3008 non
988 2955 1220 3008 alterum
1253 2953 1423 3009 altero
1452 2954 1653 3011 refelli-

106 3048 198 3106 tur,
225 3043 308 3099 sed
338 3053 633 3117 utrumque
657 3045 988 3102 celebratur.
1020 3047 1197 3102 Habes
1234 3048 1552 3103 miraculum
1596 3049 1649 3104 in

105 3136 358 3206 elementis,
383 3141 551 3196 habes
576 3139 958 3197 decumentum
991 3142 1042 3196 in
1068 3142 1363 3213 mysteriis.

1745 1913 2045 1980 apostolica
2077 1915 2433 1974 instrumenta
2465 1920 2710 1991 piscandi
2738 1926 2872 1981 retia
2910 1941 3059 1994 sunt,
3089 1946 3210 1999 qua:
3241 1948 3348 1990 non

1746 2014 1936 2073 captos
1971 2008 2272 2075 perimunt,
2311 2013 2408 2066 sed
2438 2024 2756 2083 reservant,
2800 2019 2948 2082 etde
2986 2023 3251 2090 profundo
3281 2024 3351 2080 ad

1746 2097 1928 2153 lumen
1953 2095 2281 2160 extrahunt:
2323 2106 2646 2165 ﬂuctuantes
2673 2110 2742 2167 de
2785 2111 2983 2168 inﬁmis
3013 2115 3079 2171 ad
3111 2131 3352 2188 superna

1749 2191 2056 2256 traducunt.

1821 2285 1910 2340 73.
1936 2286 2030 2341 Est
2059 2297 2112 2344 et
2137 2290 2283 2346 aliud
2307 2295 2664 2363 apostolicum
2687 2299 2928 2369 piscandi
2955 2317 3128 2373 genus
3152 2304 3274 2378 (24,
3299 2324 3352 2379 q.

1752 2376 1806 2444 i,
1835 2394 1882 2432 c.
1912 2377 2009 2434 Est
2035 2383 2254 2455 aliud),
2285 2401 2394 2456 quo
2442 2403 2644 2460 genere
2682 2393 2856 2448 solum
2900 2395 3119 2452 Petrum
3158 2376 3355 2468 piscari

1753 2469 2011 2530 Dominus
2032 2474 2194 2550 jubet,
2216 2477 2405 2534 dicens
2431 2497 2443 2533 :
2491 2481 2641 2537 Mitte
2663 2484 2897 2553 hamum,
2929 2497 2976 2542 et
3023 2507 3137 2545 eum
3164 2493 3357 2562 piscem

1751 2569 1838 2635 qui
1855 2569 2054 2638 primus
2079 2575 2390 2642 ascenderit,
2418 2579 2540 2631 tolle
2567 2577 2783 2652 (Matth.
2807 2597 2937 2648 xvu,
2957 2582 3078 2655 26).
3103 2584 3352 2655 Magnum

1751 2659 1967 2729 quidem
2017 2673 2100 2718 est
2148 2675 2201 2720 et
2247 2668 2488 2736 spiritale
2533 2669 2922 2728 documentum
2957 2676 2976 2747 (
3006 2676 3102 2743 11,
3135 2694 3187 2748 q.
3222 2679 3276 2745 1,
3305 2695 3354 2734 c.

1755 2749 2005 2822 Magnum
2027 2757 2255 2828 quidem)
2275 2800 2288 2823 ,
2319 2760 2462 2829 quod
2492 2760 2776 2818 christiani
2810 2765 2910 2820 viri
2945 2766 3356 2827 sublimioribus

1753 2846 2111 2930 potestatibus
2141 2851 2406 2908 docentur
2441 2854 2642 2911 debere
2682 2871 2804 2913 esse
2839 2859 3102 2930 subjecti;
3136 2878 3208 2917 ne
3233 2863 3360 2933 quis

1752 2927 2195 2996 constitutioItem
2243 2945 2384 3016 regis
2427 2947 2631 3002 terreni
2665 2959 2817 3019 putet
2853 2966 2978 3008 esse
3015 2951 3356 3011 solvendam.

1755 3030 1808 3087 Si
1843 3034 1987 3088 enim
2026 3050 2250 3091 censum
2287 3038 2380 3094 Dei
2411 3039 2579 3096 Filius
2605 3033 2795 3110 solvit,
2826 3046 2949 3115 quis
2981 3055 3038 3102 tu
3067 3058 3250 3106 tantus
3274 3065 3357 3120 es,

1753 3124 1843 3192 qui
1875 3141 1979 3179 non
2007 3137 2160 3194 putes
2187 3144 2308 3185 esse
2337 3131 2702 3196 solvendum?
2731 3135 2798 3190 Et
2828 3137 2918 3192 ille
2947 3153 3169 3195 censum
3198 3142 3362 3198 solvit

155 3229 225 3302 7Q.
262 3231 394 3302 Ergo
419 3234 543 3304 quia
576 3246 797 3288 sanctus
823 3233 1112 3288 Mattlizeus
1133 3233 1221 3288 illa
1251 3233 1646 3303 prmlibavcrat,

1762 3217 1844 3286 qui
1887 3217 2021 3272 nihil
2054 3220 2404 3287 possidebat:
2453 3232 2508 3279 tu
2539 3237 2718 3281 autem
2768 3229 2857 3299 qui
2889 3232 3073 3287 szeculi
3109 3235 3363 3305 sequeris

102 3331 275 3377 sanctus
302 3324 468 3381 Lucas
489 3341 617 3380 eam
660 3325 761 3380 sibi
793 3325 992 3389 navim,
1034 3324 1090 3380 in
1119 3341 1220 3396 qua
1252 3325 1442 3382 Petrus
1475 3325 1648 3395 pisca-

104 3420 246 3480 retur,
272 3416 442 3489 elegit.
473 3418 598 3473 Nnn
639 3418 886 3473 turbatur
928 3419 1024 3473 ista
1068 3435 1188 3489 qua:
1219 3419 1436 3474 Petrum
1467 3418 1650 3483 habet,

103 3509 302 3567 turbatur
328 3513 414 3569 illa
434 3530 561 3586 qua:
585 3511 777 3568 Judam
809 3513 992 3568 habet.
1031 3512 1143 3567 Etsi
1167 3513 1338 3568 multa
1358 3513 1467 3567 illic
1487 3513 1653 3568 disci-

104 3601 304 3666 pulorum
333 3607 519 3661 merita
558 3604 917 3675 navigabant;
965 3614 1143 3659 tamen
1175 3620 1293 3659 eam
1324 3604 1498 3659 adhuc
1527 3620 1652 3675 per-

104 3692 193 3747 ﬁdia
218 3696 494 3766 proditoris
524 3697 787 3768 agitabat.
825 3696 880 3751 in
911 3705 1138 3766 utraque
1168 3697 1358 3752 Petrus
1387 3717 1398 3750 :
1432 3696 1528 3753 sed
1558 3697 1649 3768 qui

104 3787 187 3839 suis
210 3791 401 3844 meritis
441 3790 636 3845 ﬁrmus
671 3797 788 3857 est,
823 3790 1070 3844 turbatur
1094 3789 1308 3844 alienis.
1351 3789 1649 3846 Caveamus

103 3876 224 3946 igitur
251 3883 524 3952 perﬁdum,
563 3896 852 3939 caveamus
877 3883 1242 3954 proditorem;
1265 3898 1334 3938 ne
1364 3897 1457 3952 per
1483 3899 1649 3937 unum

105 3971 274 4036 plurimi
303 3977 651 4034 ﬂuctuemus.
680 3977 822 4048 Ergo
854 3992 958 4032 non
999 3979 1243 4034 turbatur
1272 3977 1388 4032 hmo
1415 3978 1568 4033 navis
1597 3979 1648 4033 in

102 4081 179 4134 qua
213 4071 487 4141 prudentia
533 4073 782 4144 navigat,
812 4073 964 4129 abest
993 4074 1247 4144 perﬁdia,
1293 4073 1425 4130 fides
1456 4075 1646 4143 spirat.

103 4157 514 4224 Quemadmodum
544 4167 691 4222 enim
720 4167 921 4223 turbari
953 4177 1182 4238 poterat,
1208 4169 1294 4224 cui
1324 4178 1551 4238 praeerat
1579 4170 1645 4236 is,

104 4250 142 4306 in
174 4272 264 4326 quo
290 4259 546 4317 Ecclesia:
589 4260 985 4318 ﬁrmamentum
1034 4263 1160 4318 est?
1206 4263 1318 4318 lllic
1359 4279 1488 4334 ergo
1536 4271 1649 4318 tur-

105 4345 240 4419 batio,
270 4355 352 4411 ubi
379 4356 598 4412 modica
636 4356 771 4412 ﬁdes
798 4375 812 4412 :
846 4357 932 4412 hic
958 4357 1256 4425 securitas,
1289 4357 1378 4413 ubi
1411 4357 1646 4428 perfecta

101 4437 294 4503 dilectio.

155 4537 225 4592 7l.
247 4541 422 4611 (Vers.
439 4543 522 4616 ι.)
544 4544 786 4614 Denique
803 4543 904 4600 etsi
932 4544 1052 4625 aliis
1074 4544 1366 4615 imperatur
1381 4554 1437 4599 ut
1464 4545 1648 4600 laxent

1756 3308 1990 3376 lucrum,
2015 3325 2112 3366 cur
2132 3315 2318 3368 saeculi
2349 3309 2668 3387 obsequium
2694 3335 2799 3375 non
2825 3328 3222 3394 recognoscas?
3247 3329 3362 3384 Cur

1757 3409 1808 3456 te
1840 3417 2002 3473 supra
2045 3394 2302 3462 sa-culutn
2339 3409 2573 3479 quadam
2616 3412 2782 3468 animi
2833 3419 3144 3486 arrogantia
3189 3415 3356 3490 feres,

1753 3508 1876 3550 cum
1899 3497 2101 3552 sacculo
2127 3499 2203 3553 sis
2230 3501 2427 3556 misera
2456 3504 2754 3574 cupiditate
2783 3507 3081 3578 subjectus.

1827 3587 1916 3641 74.
1961 3585 2233 3645 Penditur'
2249 3592 2413 3663 igitur
2443 3587 2772 3652 Adidracltma
2798 3640 2813 3665 ,
2845 3601 2986 3668 quod
3017 3615 3150 3658 erat
3174 3601 3202 3641 δ
3234 3618 3359 3674 pre-

1754 3679 1886 3734 tium
1916 3690 2118 3737 ttostrie
2147 3683 2538 3756 redemptionis
2565 3698 2621 3744 et
2660 3691 2908 3761 corporis
2932 3734 2946 3758 ,
2979 3693 3030 3749 in
3058 3694 3201 3767 Lege
3225 3712 3359 3768 pro-

1754 3774 2003 3842 missum,
2039 3777 2091 3832 in
2119 3778 2412 3849 Evangelio
2436 3782 2767 3849 persolutum
2787 3825 2802 3848 ,
2835 3801 2941 3840 non
2971 3788 3146 3844 otiose
3171 3789 3224 3844 in
3259 3807 3359 3850 ore

1754 3866 1921 3936 piscis
1948 3870 2229 3924 inventum
2257 3891 2271 3926 :
2303 3870 2390 3925 Ea:
2409 3888 2497 3927 ore
2517 3873 2652 3927 enim
2673 3884 2760 3929 tuo
2777 3875 3152 3946 justi/icaberis
3174 3880 3356 3951 (Matt.

1751 3975 1850 4026 xu,
1882 3959 2016 4030 57).
2068 3961 2282 4016 Etenim
2314 3963 2549 4029 pretium
2598 3965 3026 4024 immortalitatis
3070 3981 3153 4027 est
3198 3973 3359 4032 nobis

1752 4060 1936 4107 nostra
1966 4053 2277 4121 confessio;
2317 4056 2441 4125 quia
2470 4056 2610 4113 sicut
2636 4058 2900 4131 scriptum
2927 4072 3010 4118 est
3037 4081 3051 4118 :
3085 4064 3188 4122 Ore
3219 4083 3349 4122 con-

1753 4143 1907 4214 fessio
1928 4144 1989 4214 ﬁt
2018 4145 2086 4198 ad
2111 4145 2329 4200 salutent
2361 4147 2538 4216 (Rom.
2567 4165 2624 4216 Χ,
2652 4150 2762 4220 10).
3329 4173 3344 4212 ξ

1824 4237 1914 4292 75.
1958 4237 2023 4292 Et
2050 4238 2282 4294 fortasse
2318 4243 2525 4310 primus
2552 4243 2639 4300 hic
2671 4245 2833 4316 piscis
2865 4251 3073 4320 primus
3098 4264 3182 4311 est
3207 4273 3358 4316 mar-

1753 4337 1859 4401 tyr,
1884 4331 1937 4385 in
1968 4334 2063 4387 o're
2095 4331 2300 4389 habens
2327 4332 2668 4406 didrachma,
2699 4338 2804 4395 hoc
2829 4352 2933 4407 est,
2968 4346 3204 4413 pretium
3230 4365 3362 4406 cen-

1751 4436 1864 4477 sus.
1895 4422 2221 4480 Didracltma
2245 4434 2490 4482 nostrum
2514 4425 2763 4486 Christus
2785 4441 2889 4487 est.
2920 4434 3166 4492 Habebat
3188 4439 3354 4510 igitur

1753 4515 1963 4586 primus
1992 4517 2086 4573 ille
2124 4528 2369 4590 martyr,
2406 4519 2718 4589 Stephanus
2757 4523 2990 4593 scilicet,
3024 4527 3078 4582 itt
3107 4544 3205 4585 ore
3233 4531 3358 4588 the-

101 4629 205 4684 Μία
229 4648 348 4701 sua;
387 4611 513 4692 soli'
537 4611 717 4693 tam“;
748 4637 909 4693 Petro
946 4611 1183 4692 dicitur‘:
1215 4635 1335 4691 Duc
1370 4639 1423 4692 in
1468 4639 1650 4705 auum,
1679 4624 1730 4684 ι)
1756 4623 2012 4680 saurum,
2044 4611 2466 4705 cum_Christum
2493 4612 2548 4668 in
2594 4617 2850 4685 passione
2879 4619 3216 4691 loqueretur.
3248 4625 3358 4683 Sed

103 4717 180 4777 ltoc
195 4736 286 4794 est,
309 4729 360 4784 in
389 4731 716 4801 profundum
739 4731 1186 4801 disputationum.
1215 4730 1352 4800 Quid
1375 4732 1518 4787 enim
1543 4741 1650 4786 tam

100 4812 253 4887 altum,
271 4837 427 4892 quam
456 4824 797 4881 altitudinem
818 4825 1126 4880 divitiarum
1153 4824 1361 4892 videre,
1391 4826 1533 4881 scire
1558 4825 1653 4880 Dei

100 4904 292 4981 Filium,
320 4895 388 4972 et'
420 4917 816 4988 professionem
844 4916 1042 4972 divina:
1087 4918 1454 4988 generationis
1500 4932 1655 4972 assu-

98 5004 252 5058 mere?
277 5007 439 5074 Quam
475 5008 603 5066 licet
649 5025 806 5066 mens
851 5024 958 5065 non
998 5018 1164 5080 queat
1215 5009 1445 5063 humana
1475 5009 1655 5080 plenae

99 5095 291 5152 rationis
321 5099 731 5174 invesugatioue
774 5103 1273 5172 comprehendere;
1319 5102 1442 5158 ﬁdei
1475 5111 1652 5156 tamen

101 5181 339 5252 plenitudo
366 5196 760 5265 complectitur.
791 5195 923 5250 Nam
948 5196 1048 5250 etsi
1079 5211 1185 5251 non
1209 5195 1334 5251 licet
1359 5193 1486 5248 mihi
1509 5193 1653 5250 scire

97 5281 515 5342 quemadmodum
547 5295 703 5342 natus
746 5286 850 5352 sit;
899 5301 1006 5342 non
1047 5287 1174 5342 licet
1215 5296 1393 5342 tamen
1445 5285 1655 5341 nescire

158 5491 180 5519 ἰ
214 5485 315 5541 Sic.
341 5497 448 5545 vet.
481 5491 611 5546 edit.
639 5505 705 5546 ac
733 5489 918 5560 plures
948 5503 1080 5544 mss.
1109 5487 1268 5543 Rom.
1307 5495 1486 5542 autem
1518 5487 1652 5543 edit.

99 5563 199 5642 tutu
216 5573 350 5642 't‘nss.
381 5561 605 5630 aliquot,
628 5562 718 5615 sed
745 5561 1007 5642 auctorem
1038 5562 1380 5642 generationis
1402 5576 1651 5642 agnosco.

157 5624 180 5662 δ
216 5627 361 5685 Rom.
395 5624 550 5697 edit,
579 5635 802 5702 pretium
824 5624 1190 5703 redemptionis
1230 5641 1419 5686 nostra:
1436 5624 1653 5697 animat,

101 5703 139 5747 et
163 5703 396 5777 corporis.
439 5703 543 5759 Sed
586 5709 638 5759 in
671 5705 885 5785 cunctis
929 5704 1083 5764 aliis,
1128 5713 1289 5784 atque
1319 5703 1652 5785 megaleest,

101 5767 304 5825 attitme:
342 5789 460 5842 qua:
501 5791 605 5830 vox
651 5776 875 5856 omnino
907 5767 1367 5856 necessariamon
1393 5772 1656 5856 .videtttr,

103 5850 204 5895 cum
241 5854 408 5900 nostra
434 5847 716 5918 redemptio
762 5845 905 5902 idem
952 5843 1023 5902 sit
1063 5859 1125 5900 ac
1155 5844 1439 5915 redemptio
1475 5844 1662 5898 anima:

1754 4713 2097 4759 revertamur
2125 4703 2192 4759 ad
2219 4705 2558 4775 propositum
2590 4707 2793 4779 locum,
2824 4723 2878 4767 et
2908 4712 3186 4774 discamus
3223 4734 3358 4790 apo-

1693 4834 1710 4850 .
1753 4795 2001 4851 stolicam
2025 4796 2409 4853 humilitatem.

1829 4911 2013 4984 (Vers.
2045 4911 2125 4984 5.)
2167 4912 2498 4985 Prwceptor,
2531 4917 2723 4991 inquit,
2757 4931 3025 5004 perlatam
3053 4935 3255 4982 noctem
3282 4928 3360 4984 ta-

1757 5006 1994 5063 borantes
2025 5009 2157 5064 nihil
2199 5011 2430 5081 cepimus
2455 5030 2472 5067 :
2502 5015 2592 5069 sed
2621 5015 2673 5069 in
2700 5019 2853 5072 verbo
2879 5028 2967 5072 tuo
2990 5018 3178 5076 (amabo
3207 5024 3359 5078 retia.

1830 5101 1918 5155 76.
1964 5101 2034 5156 Et
2088 5118 2219 5173 ego,
2277 5106 2536 5173 Domine,
2585 5109 2703 5165 scio
2750 5111 2875 5182 quia
2917 5127 3023 5168 nox
3069 5116 3200 5171 mihi
3253 5126 3361 5186 est,

1756 5193 1974 5264 quando
2005 5209 2110 5249 non
2144 5196 2403 5266 imperas.
2436 5199 2607 5256 Nemo
2635 5203 2814 5260 adhuc
2853 5221 3049 5260 nomen
3076 5222 3238 5264 suum
3268 5208 3365 5266 de-

1757 5286 1865 5355 dit,
1905 5299 1926 5327 ο
1952 5288 2132 5344 adhuc
2173 5301 2388 5348 noctem
2420 5291 2615 5351 habeo.
2645 5295 2768 5353 Misi
2804 5297 3048 5368 jaculum
3077 5301 3226 5358 vocis
3266 5317 3365 5374 per

1761 5497 1969 5568 nosti-te.
2000 5486 2244 5558 Namque
2266 5489 2542 5568 hominem
2573 5493 2625 5568 in
2659 5495 2838 5568 anima
2861 5499 3206 5568 potissimum
3239 5520 3373 5561 con-

1762 5560 1957 5614 sistere
1991 5574 2188 5627 passtm
2218 5571 2446 5615 testatur
2473 5563 2816 5622 Ambrosius.

1841 5641 1862 5668 ο
1907 5631 2106 5714 Eadem
2129 5631 2290 5714 edit.“
2285 5633 2421 5696 sola,
2442 5635 2628 5714 adhuc
2652 5651 2744 5704 per
2766 5649 2966 5714 noctem
2986 5642 3188 5700 laboro.
3214 5645 3372 5714 Quod

1766 5703 2128 5788 autetn‘adtllit
2159 5701 2216 5759 S.
2252 5702 2453 5788 Praesul
2482 5701 2874 5788 jaeulutn_(est
2896 5713 2955 5788 _id
2980 5717 3119 5788 retis
3146 5701 3374 5788 genus;

1762 5773 2017 5850 iaciendo
2049 5773 2275 5850 dietum)
2317 5775 2414 5850 abs
2439 5792 2500 5830 se
2532 5791 2626 5845 per
2653 5773 2941 5850 epiphania
2976 5786 3108 5840 festa
3146 5773 3372 5848 "missurn

1768 5844 1956 5912 fuisse,
1994 5845 2198 5901 indicat
2226 5846 2490 5906 institisse
2519 5844 2578 5904 sc
2609 5844 2712 5906 non
2744 5844 3060 5929 baptizatis,
3093 5868 3152 5916 ut
3178 5844 3381 5926 nomen
