3960 6310
598 294 735 360 1ῡ55

1957 286 2204 356 sanari
2241 251 2593 356 AMBROSll-

3743 291 3850 358 i636

593 413 922 484 cpiphania,
956 417 1015 471 et
1045 407 1233 466 'adbuc
1265 409 1400 466 nihil
1430 410 1572 481 cepi.
1617 409 1735 466 Misi
1766 424 1862 481 per
1890 410 2033 469 diem
2053 454 2070 480 ,
2099 428 2194 468 ex—
2220 414 2273 476 Α
2342 414 2463 471 ’78.
2505 413 2804 470 Possumus
2845 422 3024 472 tamen
3067 421 3126 472 et
3152 412 3313 472 aliam
3341 411 3642 470 Ecclesium
3682 414 3851 472 intelli-

593 518 784 579 spceto
805 515 866 562 ut
886 506 1078 576 jubeas
1105 521 1117 555 :
1147 505 1201 560 in
1231 505 1398 561 verbo
1422 514 1512 559 tuo
1542 504 1738 560 laxabo
1764 505 1924 560 retia.
1954 506 1998 560 Ο
2027 521 2193 560 vacua

595 597 978 673 priesumptio,
1008 614 1040 652 0
1072 597 1354 653 humilitas
1395 599 1703 653 fructuosa!
1737 599 1836 664 Qui
1879 597 2013 652 nihil
2037 606 2195 654 antea

596 705 850 766 ceperant
873 733 890 761 ,
919 707 1166 762 magnam
1196 691 1248 746 in
1286 690 1456 747 verbo
1487 691 1703 748 Domini
1740 691 2087 758 concludunt}
2115 693 2196 763 pi-

592 790 766 844 scium
819 786 1246 842 multitudinem.
1310 785 1426 841 Non
1474 785 1578 842 hoc
1631 787 1881 842 humanae
1931 784 2195 842 facundia:

593 897 761 952 opus,
812 880 908 937 sed
953 895 1206 950 supernae
1250 879 1555 934 vocationis
1599 889 1683 934 est
1726 893 1942 934 munus.
1985 878 2198 935 Cedunt

591 974 986 1044 dieputatioues
1016 972 1300 1028 hominum
1327 989 1338 1025 :
1370 971 1479 1027 fide
1508 987 1605 1027 sua
1637 971 1792 1042 plebs
1821 972 2012 1028 credit.

666 1068 755 1121 77.
805 1065 997 1136 (Vcrs.
1027 1066 1079 1130 ti,
1109 1064 1208 1134 7'.)
1248 1065 1592 1133 Rumpuntur
1639 1063 1796 1131 retia,
1849 1078 1950 1120 nec
1995 1063 2196 1119 labitur

594 1161 782 1232 piscis.
815 1159 1090 1215 Vocantur
1116 1157 1184 1212 ad
1215 1157 1586 1228 adiumentum
1622 1159 1794 1225 socii,
1823 1159 1912 1228 qui
1942 1167 2101 1213 erant
2138 1159 2193 1214 in

593 1255 698 1310 alia
736 1251 884 1306 navi.
915 1250 1048 1319 Quae
1075 1260 1160 1306 est
1187 1250 1282 1305 illa
1322 1251 1430 1308 alia
1467 1251 1652 1318 navis,
1685 1249 1785 1306 nisi
1814 1249 1956 1305 forte
1985 1249 2193 1318 iudica,

594 1361 662 1401 ex
710 1359 813 1414 qua
841 1341 1085 1399 Joannes
1132 1353 1185 1398 et
1231 1341 1468 1398 Jacobus
1515 1327 1829 1412 eliguntur?
1880 1340 2050 1396 Facta
2096 1353 2190 1416 est,

592 1439 737 1495 enim
767 1436 955 1492 Iudam
985 1437 1329 1506 sanctiﬁcatio
1361 1439 1470 1509 ejus
1489 1435 1676 1506 ,(Psal.
1701 1451 1854 1501 cmi,
1885 1435 1982 1505 2).
2012 1435 2074 1490 Hi
2101 1436 2192 1506 igi-

595 1545 680 1591 tur
712 1534 778 1589 de
811 1534 1095 1605 Synagoga
1123 1531 1189 1588 ad
1224 1547 1416 1587 navem
1446 1529 1625 1597 Petri,
1660 1529 1764 1585 hoc
1787 1539 1888 1596 est,
1919 1529 1985 1584 ad
2011 1530 2194 1585 Eccle-

591 1631 726 1686 siam
757 1635 1167 1691 convenerunt;
1219 1635 1280 1680 ut
1325 1625 1616 1695 implerent
1660 1624 1850 1680 ambas
1893 1623 2191 1679 naviculas.

591 1720 792 1776 Omnes
823 1719 969 1774 enim
1001 1717 1306 1772 in’nomine
1335 1714 1464 1772 Jesu
1494 1730 1636 1785 genu
1663 1715 1886 1770 ﬂectunt
1905 1756 1921 1781 ,
1954 1715 2069 1770 sive
2097 1714 2193 1770 Ju-

588 1813 771 1877 daeus,
805 1801 927 1869 sive
971 1810 1232 1866 Graecus:
1269 1809 1458 1863 Omnia
1498 1818 1545 1863 et
1590 1809 1646 1863 in
1685 1807 1920 1864 omnibus
1954 1807 2192 1864 Christus

591 1907 818 1980 (Coloss.
839 1903 1052 1974 111,11).
1083 1903 1190 1960 Sed
1219 1903 1349 1958 mihi
1381 1903 1630 1958 cumulus
1655 1904 1757 1958 iste
1778 1914 2063 1973 suspectus
2085 1913 2187 1971 est,

591 2016 660 2055 ne
709 1997 1047 2068 plenitudine
1093 1995 1177 2051 sui
1223 2011 1393 2052 naves
1419 2010 1560 2065 pene
1589 2005 1935 2064 mergantur;
1981 2007 2194 2067 Oportet

586 2093 732 2146 enim
762 2099 818 2144 et
861 2089 1098 2144 haereses
1127 2102 1268 2152 esse,
1303 2095 1360 2142 ut
1390 2086 1693 2156 probentur
1717 2086 1870 2143 boni.

587 2226 641 2281 in
691 2225 868 2279 album
914 2223 1426 2279 catechumenorum
1470 2222 1663 2277 referri
1713 2224 2069 2293 postularent.
2122 2227 2188 2280 Et

586 2296 714 2351 hinc
742 2310 846 2350 non
890 2297 1030 2350 male
1069 2295 1330 2360 coniicias
1376 2294 1508 2348 illos
1543 2294 1625 2347 bis
1669 2309 1866 2349 nomen
1898 2309 2056 2349 suum
2087 2295 2186 2352 de~

582 2366 762 2422 disse:
793 2367 849 2422 i°
880 2383 1003 2422 cum
1033 2367 1408 2420 catecltumeni
1435 2366 1656 2430 ﬁerent;
1697 2364 1761 2418 2"
1788 2375 1844 2422 et
1889 2367 2188 2423 solemnius

583 2453 707 2494 eum
750 2438 890 2493 inter
932 2447 1306 2507 competentes
1348 2436 1790 2494 describerentur
1834 2446 1893 2492 ut
1919 2437 2048 2492 alibi
2075 2439 2188 2506 jam

583 2513 913 2565 notavimus.
944 2509 1072 2564 inde
1098 2507 1260 2562 etiam
1291 2523 1478 2562 rursus
1504 2507 1763 2578 colligere
1793 2518 1877 2562 est
1903 2511 2045 2563 hunc
2074 2524 2190 2564 ser-

583 2596 802 2636 monem
833 2581 1050 2636 circiter
1077 2595 1246 2635 saera:
1271 2580 1703 2650 quadrageslmm
1737 2580 1888 2634 initia
1912 2595 2033 2635 esse
2063 2595 2189 2651 pro-

585 2663 910 2716 nuntiatum.

655 2728 680 2757 α
725 2723 879 2780 Rom.
911 2721 1076 2787 edit.,
1121 2721 1283 2777 Verbo
1324 2721 1512 2776 reddit.
1552 2720 1704 2776 [laud
1753 2721 2023 2778 absurdus
2053 2738 2180 2777 sen-

583 2808 696 2850 sus.
726 2794 977 2850 Attamen
1025 2809 1132 2849 non
1178 2794 1317 2848 male
1347 2795 1507 2849 etiam
1535 2793 1655 2847 aliae
1687 2808 1749 2847 ac
1801 2808 1966 2862 mss.,
2016 2791 2184 2849 Verbo

2247 2607 2250 2610 ’
2294 2583 2500 2638 tionem
2545 2580 2894 2636 immu‘tarent
2937 2581 3037 2634 hoc
3080 2581 3243 2635 modo

2299 517 2429 573 gere
2450 545 2465 569 ,
2497 519 2687 559 navem
2723 505 2979 571 alterius;
3020 505 3088 559 ab
3111 521 3218 560 una
3245 505 3389 561 enim
3424 506 3604 575 plures
3632 505 3852 563 Ecclesia

2306 597 2516 670 1355
2553 597 2888 654 derivantur.
2929 598 3073 656 Ecce
3114 600 3219 655 alia
3247 599 3556 656 sollicitudo
3581 599 3753 666 Petri,
3783 601 3849 654 cui

2266 701 2402 743 sua.
2430 689 2541 758 jam
2591 690 2772 760 praeda
2809 699 3063 760 suspecta
3103 699 3210 748 est.
3260 690 3368 747 Sed
3418 691 3568 748 novit
3612 689 3853 761 perfectus

2297 782 3014 852 quemadmodumservare
3064 783 3232 854 possit
3288 784 3633 850 reconditos,
3667 784 3751 854 qui
3773 787 3856 840 scit

2295 875 2760 952 quemadmodum
2819 890 3017 947 capere
3064 876 3237 946 possit
3280 876 3584 946 dispersos.
3641 876 3776 944 Quos
3813 877 3856 931 in

2300 969 2466 1024 verbo
2496 969 2672 1038 capit,
2706 979 2732 1006 ἰ
2763 967 2940 1025 Verbo
2982 967 3159 1024 credit
3189 987 3202 1023 :
3238 978 3399 1041 negat
3427 983 3578 1026 suam
3630 967 3858 1038 praedam,

2287 1069 2464 1131 negat
2489 1076 2644 1116 suum
2675 1075 2889 1118 munus.

2373 1153 2552 1224 (Vers.
2582 1151 2664 1226 8.)
2703 1153 2829 1222 Exi,
2855 1154 3053 1226 inquit,
3084 1172 3119 1210 α
3149 1171 3260 1223 me,
3292 1153 3548 1220 Domine;
3585 1158 3706 1226 quia
3737 1156 3861 1210 homo

2295 1259 2536 1316 peccator
2565 1265 2699 1304 sum.

2372 1342 2462 1398 79.
2489 1341 2876 1398 ‘Admirabatur
2897 1341 3045 1399 enim
3061 1341 3202 1398 dona
3220 1323 3400 1400 divina
3425 1359 3440 1396 :
3473 1350 3532 1398 et
3551 1358 3656 1412 quo
3684 1342 3865 1415 1356

2298 1435 2418 1505 plus
2449 1442 2753 1500 meruerat,
2783 1433 2890 1490 hoc
2925 1435 3290 1503 prmsumebat
3333 1435 3534 1490 minus.
3582 1434 3674 1490 Dic
3699 1446 3748 1491 et
3787 1445 3863 1488 tu:

2298 1525 2402 1580 Exi
2433 1543 2463 1580 a
2492 1543 2590 1592 me,
2627 1524 2882 1592 Domine;
2910 1528 3033 1597 quia
3071 1526 3227 1582 ltonto
3243 1537 3507 1598 .peccator
3536 1544 3681 1592 sum;
3712 1535 3762 1581 ut
3799 1543 3868 1581 re-

2296 1620 2561 1688 stiontieat
2610 1619 2708 1676 tibi
2756 1620 3068 1681 Dominus;
3112 1619 3140 1660 δ
3175 1619 3304 1676 Noli
3350 1621 3548 1676 timere.
3597 1619 3866 1690 indulgenti

2297 1713 2529 1770 Domino
2556 1723 2835 1784 peccatum
2865 1715 3060 1770 fatere.
3087 1713 3208 1769 Noli
3237 1715 3430 1770 timere
3459 1716 3624 1770 etiam
3661 1728 3769 1780 quae
3796 1720 3866 1766 tua

2300 1816 2428 1866 sunt
2457 1806 2690 1864 Domino
2717 1806 2963 1874 deferre;
3009 1807 3136 1878 quia
3175 1822 3297 1876 quae
3324 1823 3422 1861 sua
3456 1814 3588 1862 sunt
3614 1805 3763 1862 nobis
3797 1805 3868 1860 ille

2300 1900 2600 1956 concessit.
2631 1899 2814 1955 Nescit
2834 1898 3100 1965 invidere,
3131 1899 3308 1956 nescit
3336 1900 3577 1969 eripere,
3606 1897 3768 1954 nescit
3788 1911 3868 1950 au-

2301 1992 2472 2050 ferre.
2499 1991 2666 2049 Vides
2693 2007 2854 2063 quam
2878 1991 3054 2047 bonus
3074 1991 3359 2057 Dominus,
3377 1993 3471 2062 qui
3489 2000 3695 2047 tautum
3710 1989 3872 2046 tribuit

2225 2106 2274 2166 Β
2302 2085 2646 2152 hominibus;
2671 2093 2730 2142 ut
2752 2084 3064 2142 vivificandi
3092 2085 3328 2142 habeant
3348 2093 3694 2155 potestatem.

2297 2226 2478 2289 credit,
2499 2224 2714 2295 quidam
2747 2240 2877 2279 mss.
2901 2222 3152 2289 credidit;
3181 2223 3324 2279 idem
3351 2222 3496 2279 enim
3525 2232 3606 2279 εει
3640 2237 3700 2278 ac
3728 2222 3868 2277 Verbo

2297 2301 2506 2350 eiusaue
2532 2297 2774 2350 nrtesidio
2801 2296 3088 2350 committit.

2297 2305 2506 2370 ejusque
2531 2305 2774 2366 praesidio
2801 2305 3088 2350 committit.

2369 2368 2396 2407 δ
2427 2369 2500 2424 ita
2549 2369 2680 2422 edit.
2729 2367 2953 2423 Amerb.
2999 2381 3121 2420 cum
3172 2380 3304 2423 mss.
3351 2365 3469 2422 fere
3511 2366 3865 2424 omnibuszin

2295 2448 2733 2526 qttqrtttndanten
2771 2438 3395 2526 llPllDUiiis'SCl'ibillll'...
3431 2447 3692 2526 peccatum
3716 2438 3861 2508 fateri.

2297 2509 2364 2567 Et
2395 2512 2497 2566 hoc
2526 2511 2578 2564 in
2607 2524 2766 2564 causa
2799 2509 2900 2564 fuit
2926 2524 3023 2563 t'ur
3049 2509 3173 2564 Era.
3195 2519 3248 2564 et
3278 2524 3394 2634 selq.
3421 2509 3554 2563 edit.
3589 2510 3865 2578 interpunc-

2297 2583 2500 2634 tionem
2545 2580 2894 2634 immutarem
2937 2581 3037 2634 hoc
3080 2581 3289 2634 modo:
3380 2581 3454 2634 oli
3497 2581 3676 2633 timere
3718 2580 3865 2633 indul-

3276 2597 3289 2632 :
3323 2580 3454 2634 Noli
3497 2581 3676 2633 timere
3718 2580 3866 2633 indul-

2291 2655 2432 2723 genti
2455 2653 2680 2708 Domt‘no
2702 2663 2967 2722 peccatum
2989 2652 3143 2721 fateri
3161 2657 3184 2707 :'
3199 2652 3346 2723 quod
3376 2652 3562 2709 minus
3591 2651 3724 2709 belle
3749 2666 3862 2722 qua-

2292 2723 2416 2784 drat
2439 2740 2560 2782 cum
2591 2723 2987 2795 superioribus.

1740 2969 2089 3082 LIBER
2162 2996 2731 3109 QUINTUS.

663 3311 875 3388 1355
907 3311 1096 3385 (Vers.
1123 3309 1212 3376 η,
1243 3309 1372 3378 l5.)
1414 3308 1482 3392 Et
1513 3311 1709 3381 factum
1737 3316 1811 3363 est
1831 3325 1947 3362 cum
1973 3310 2182 3362 essetin
2209 3315 2255 3377 α
2289 3309 2622 3380 postulavit:
2653 3320 2708 3368 et
2734 3310 2852 3381 ipsa
2883 3311 3162 3382 religionis
3197 3319 3257 3368 et
3281 3311 3408 3368 ﬁdei
3429 3312 3596 3382 plena
3626 3311 3866 3369 confessio

587 3425 691 3462 una
719 3409 1007 3471 civitatum,
1036 3419 1151 3459 ecce
1186 3403 1262 3457 vir
1290 3403 1472 3474 plenus
1503 3402 1680 3471 lepra,
1713 3400 1985 3471 precidem
2024 3400 2079 3453 in
2107 3399 2185 3468 fa-

582 3502 730 3563 cient,
763 3500 958 3570 rogauit
983 3515 1095 3552 eum
1139 3497 1312 3550 dicens
1344 3512 1362 3549 :
1407 3495 1658 3560 Domine,
1700 3495 1745 3549 si
1781 3495 1876 3560 vis,
1911 3501 2060 3563 potes
2107 3509 2186 3547 me

582 3581 944 3647 mundareEt
978 3589 1252 3644 extendens
1281 3603 1490 3641 manum
1519 3602 1684 3652 suam,
1716 3586 1882 3659 tetigit
1903 3585 2076 3652 illum,
2100 3585 2183 3638 di-

583 3707 702 3746 cens
727 3705 746 3744 :
785 3687 933 3755 Volo,
960 3688 1234 3742 mundare.

658 3785 710 3838 l.
755 3783 904 3839 Bene
927 3782 1016 3837 ubi
1048 3781 1298 3852 leprosus
1320 3779 1637 3846 mundatur,
1659 3787 1847 3835 certus
1870 3793 1976 3834 nOn
2006 3778 2187 3848 expri-

582 3877 751 3934 mitur
779 3876 967 3940 loeus;
1000 3884 1059 3930 ut
1081 3873 1402 3929 ostendatur
1441 3888 1550 3927 non
1582 3887 1745 3926 unum
1777 3872 2032 3942 populum
2061 3887 2186 3941 spe-

580 3972 736 4030 cialis
774 3970 1003 4041 alicujus
1029 3967 1299 4032 civitatis,
1346 3965 1442 4023 sed
1473 3966 1716 4020 omnium
1749 3966 1977 4036 populos
2015 3963 2186 4021 fuisse

581 4073 826 4121 sanatos.
875 4063 1024 4118 Bene
1067 4071 1247 4116 autem
1298 4069 1353 4114 et
1401 4059 1699 4115 secundum
1743 4058 1944 4114 Lucam
1990 4065 2184 4129 quarto

580 4155 740 4223 signo
761 4193 776 4220 ,
819 4169 887 4206 ex
931 4167 1037 4221 quo
1070 4153 1123 4205 in
1153 4149 1537 4220 Capharnaum
1586 4150 1845 4214 Dominus
1876 4149 2052 4215 venit,
2086 4151 2187 4206 iste

580 4254 840 4309 sanatur;
875 4259 998 4298 nam
1019 4244 1064 4298 si
1088 4253 1340 4313 quartum
1367 4242 1508 4297 diem
1532 4241 1648 4297 sole
1673 4242 1997 4296 illuminavit
2027 4241 2180 4312 (Gen.

578 4354 620 4405 ι,
657 4336 771 4408 ll),
795 4346 850 4391 et
877 4335 1169 4390 clariorem
1197 4333 1414 4388 caeteris
1442 4333 1569 4388 fecit
1597 4333 1810 4397 diebus,
1840 4348 1964 4388 cum
1995 4333 2184 4391 illuce-

579 4440 802 4490 scereut
830 4431 1103 4486 elementa
1150 4426 1334 4483 mundi
1366 4445 1379 4481 :
1407 4435 1462 4482 et
1489 4411 1592 4481 hoc
1631 4427 1834 4481 clarius
1864 4440 2001 4495 opus
2031 4428 2180 4481 :estl-

579 4542 731 4583 mare
769 4525 1052 4580 debemus.
1087 4523 1151 4577 Et
1179 4519 1477 4576 secundum
1507 4519 1817 4576 Mattbteum
1849 4520 2056 4589 primus
2095 4519 2181 4576 hic

577 4627 702 4690 post
723 4615 1132 4674 benedictiones
1152 4630 1183 4669 a
1210 4613 1438 4668 Domino
1459 4619 1687 4668 sanatus
1703 4611 1980 4667 inducitur
2000 4612 2178 4684 (Matt.

2287 3409 2391 3456 est.
2429 3400 2492 3458 Si
2529 3403 2605 3457 vis
2626 3443 2642 3469 ,
2676 3404 2883 3474 inquit,
2917 3415 3062 3476 potes
3093 3420 3174 3459 me
3208 3401 3486 3460 mundare.
3507 3404 3588 3460 1n
3619 3406 3866 3461 voluntate

2287 3493 2504 3550 Domini
2535 3495 2726 3552 tribuit
2763 3505 3086 3567 potestatem
3112 3513 3126 3552 :
3155 3497 3225 3552 de
3266 3497 3548 3554 voluntate
3574 3509 3749 3553 autem
3776 3498 3864 3550 Do»

2285 3586 2418 3641 mini
2470 3602 2576 3643 non
2622 3590 2774 3654 quasi
2831 3590 3046 3660 pietatis
3097 3589 3411 3646 incredulus
3462 3590 3754 3655 dubitavit,
3784 3589 3866 3645 sed

2286 3677 2442 3747 quasi
2480 3679 2806 3737 colluviouis
2831 3695 2947 3736 suae
2971 3682 3226 3738 conscius
3257 3697 3364 3739 non
3392 3683 3758 3753 prmsumpsit.
3785 3683 3866 3737 Cui

2286 3773 2482 3828 morali
2509 3773 2739 3843 quadam
2764 3775 3027 3838 Dominus
3052 3785 3078 3814 ⁸
3105 3777 3394 3833 sanctitate
3421 3777 3742 3846 respondit:
3786 3775 3869 3831 Vo-

2287 3866 2340 3922 lo
2354 3907 2368 3933 ,
2397 3867 2668 3922 mundare.
3288 3936 3293 3943 η

2361 3959 2551 4031 (Vers.
2580 3960 2699 4031 i3.)
2737 3959 2810 4036 Et
2835 3962 3078 4017 continuo
3102 3964 3247 4034 lepra
3291 3966 3410 4036 ejus
3439 3966 3679 4020 discessit
3705 3965 3768 4018 ab
3791 3978 3868 4018 eo.

2358 4053 2412 4107 '5.
2457 4051 2604 4106 Nihil
2635 4051 2778 4108 enim
2810 4052 3046 4109 medium
3087 4064 3172 4109 est
3215 4048 3366 4111 inter
3388 4071 3530 4126 opus
3568 4055 3701 4123 Dei,
3728 4065 3871 4124 atque

2287 4155 2652 4216 praeceptum;
2694 4148 2818 4217 quia
2849 4147 2904 4203 in
2935 4158 3208 4218 praecepto
3231 4158 3316 4204 est
3344 4164 3504 4219 opus.
3543 4149 3780 4220 Denique
3806 4147 3873 4200 dio

2284 4239 2377 4303 xit,
2407 4251 2454 4294 et
2483 4242 2626 4310 facta
2648 4250 2767 4294 sunt
2798 4239 2974 4310 (Psal.
2999 4256 3171 4305 xuii,
3193 4242 3285 4312 9).
3319 4242 3529 4298 Videtis
3556 4243 3722 4314 igitur
3744 4237 3870 4312 quod

2284 4328 2524 4385 dubitari
2550 4346 2658 4388 non
2686 4337 2900 4402 potest,
2928 4333 3054 4402 quia
3085 4333 3343 4388 voluntas
3372 4321 3468 4390 Dei
3500 4344 3742 4404 potestas
3779 4342 3869 4388 est.

2285 4421 2342 4476 Si
2369 4438 2502 4494 ergo
2527 4424 2773 4479 voluntas
2798 4425 2917 4495 ejus
2950 4435 3188 4494 potestas
3220 4437 3336 4494 est;
3381 4429 3478 4499 qui
3509 4430 3673 4486 unius
3703 4428 3869 4484 soluu-

2285 4515 2414 4570 tatis
2440 4516 2760 4573 Trinitatem
2782 4528 3055 4587 asserunt,
3093 4520 3254 4576 unius
3284 4521 3475 4591 utique
3503 4534 3758 4580 asserunt
3787 4535 3872 4591 po-

2285 4614 2520 4670 testatis.
2570 4613 2761 4685 Itaque
2809 4617 2988 4670 statim
3037 4616 3185 4686 lepra
3232 4617 3514 4685 discessit;
3566 4618 3781 4692 1353
3823 4625 3873 4670 ut

577 4728 694 4780 vni,
717 4713 824 4781 5);
851 4722 908 4765 ut
937 4711 1064 4780 quia
1103 4708 1316 4763 dixerat
1349 4707 1648 4761 Dominus:
1685 4704 1806 4760 Non
1831 4706 1944 4759 seni
1983 4707 2176 4760 solvere
2202 4710 2256 4772 D
2282 4707 2555 4778 intelligas
2605 4707 2874 4764 medentis
2921 4707 3214 4776 allectum,
3262 4711 3356 4780 qui
3403 4713 3693 4768 veritatem
3731 4708 3873 4780 operi

574 4803 788 4876 Legem,
822 4802 911 4857 sed
935 4801 1219 4870 adimplere
1254 4797 1468 4868 (Matth.
1495 4809 1552 4863 v,
1586 4795 1720 4868 i7);
1752 4796 1844 4853 ille
1870 4797 1960 4867 qui
1991 4796 2176 4852 exciu.

573 4896 806 4956 debatur
833 4911 863 4951 a
898 4894 1041 4966 Lege
1074 4892 1267 4966 (Leuit.
1299 4907 1420 4956 xm,
1451 4889 1559 4963 5),
1606 4889 1830 4962 purgari
1873 4905 1932 4946 se
1964 4890 2172 4946 Domini

573 4999 846 5065 potestate
878 5001 1235 5063 praesumens,
1254 5001 1363 5043 non
1385 5001 1454 5042 ex
1475 4985 1642 5057 Lege,
1672 4983 1769 5042 sed
1796 4999 1960 5056 supra
1977 4985 2173 5056 Legem

571 5099 696 5140 esse
722 5084 950 5155 gratiam
974 5081 1280 5154 iudicaret,
1309 5095 1428 5152 qua:
1460 5077 1664 5150 leprosi
1695 5077 1962 5134 maculam
1990 5087 2174 5150 posset

572 5180 820 5237 abluere.

641 5273 697 5328 2.
743 5271 943 5329 Verum
975 5278 1032 5327 ut
1059 5271 1112 5326 in
1149 5269 1383 5326 Domino
1413 5270 1699 5342 potestatis
1727 5271 2054 5336 auctoritas,
2099 5270 2170 5325 ita

571 5367 625 5420 in
653 5367 747 5420 illo
779 5365 901 5420 fidei
929 5363 1232 5419 constantia
1263 5363 1597 5434 declaratur.
1632 5363 1723 5419 llle
1744 5362 1798 5418 in
1827 5363 2018 5419 faciem
2045 5376 2172 5432 pro-

569 5459 722 5524 cidit,
755 5459 895 5529 quod
924 5457 1251 5513 humilitatis
1281 5465 1365 5514 est
1406 5467 1472 5536 et,
1489 5457 1744 5529 pudoris;
1790 5465 1851 5513 ut
1881 5456 2169 5528 unusquis-

567 5566 672 5621 que
691 5551 756 5605 de
777 5567 888 5606 sure
911 5552 1033 5605 vita:
1053 5550 1282 5606 maculis
1299 5550 1584 5607 erubescat
1607 5569 1621 5603 :
1655 5549 1752 5605 sed
1769 5549 2167 5605 confessionem

569 5643 898 5700 verecundia
923 5659 1029 5700 non
1052 5644 1335 5714 repressit.
1353 5642 1606 5700 Ostendit
1626 5643 1842 5710 vulnus,
1867 5642 2168 5698 remedium

643 5770 667 5796 ιι
707 5761 868 5815 Rom.
901 5758 1070 5825 edit.,
1101 5760 1286 5830 pietate
1313 5760 1595 5830 respondit.
1644 5758 1752 5816 Sed
1783 5773 1891 5814 non
1922 5757 2160 5813 insolens

571 5839 654 5887 est
686 5831 901 5884 Auctori
932 5839 1116 5885 nostro
1148 5837 1204 5882 ut
1229 5829 1551 5885 sanctitatem
1586 5837 1747 5900 ponat
1775 5845 1872 5899 pro
1901 5830 2106 5898 pietate.

2282 4801 2510 4858 addidit.

2353 4894 2410 4950 ι.
2452 4895 2696 4967 Denique
2721 4897 3288 4955 secundum-Marcum
3319 4902 3616 4958 miseratus
3645 4909 3734 4958 est
3759 4913 3871 4957 eunt

2283 4989 2548 5045 Dominus
2591 4990 2802 5061 (Marc.
2834 5006 2876 5058 ι,
2903 4989 2964 5046 41
2989 4992 3048 5064 )z
3082 4993 3226 5063 quod
3259 4993 3487 5063 pulchre
3511 5005 3597 5052 est
3627 4996 3872 5066 positum.

2283 5083 2354 5138 Et
2382 5084 2644 5154 pleraque
2674 5083 2796 5140 talia
2830 5095 3132 5154 posuerunt
3160 5087 3548 5157 evangelista,
3580 5089 3675 5160 qui
3704 5103 3801 5144 nos
3827 5087 3873 5140 in

2283 5186 2515 5243 utroque
2533 5175 2764 5233 fundare
2794 5177 3102 5246 voluerunt,
3134 5177 3513 5238 describentes
3538 5181 3693 5252 signa
3718 5180 3873 5236 virtu.

2281 5269 2353 5324 tis
2383 5267 2450 5323 ad
2479 5268 2663 5334 fidem,
2694 5269 3063 5338 exprimentes
3091 5285 3256 5341 opera
3281 5273 3504 5330 virtutis
3528 5275 3598 5330 ad
3629 5273 3874 5330 imitatio-

2281 5377 2428 5416 nem.
2459 5359 2616 5416 Unde
2637 5371 2690 5416 et
2716 5361 2886 5431 tangit
2917 5377 3023 5416 non
3053 5362 3398 5433 dedignatus,
3433 5373 3491 5420 et
3518 5367 3754 5436 imperat
3775 5380 3868 5419 non

2280 5453 2524 5520 diffisus;
2555 5454 2656 5509 hoc
2677 5453 2821 5513 enim
2846 5463 2931 5511 est
2955 5455 3213 5513 indicium
3237 5458 3554 5528 potestatis,
3577 5462 3707 5530 quia
3729 5457 3870 5530 quasi

2276 5546 2484 5603 habens
2514 5555 2836 5618 potestatem
2858 5548 3114 5616 sanandi,
3143 5559 3199 5605 et
3221 5550 3450 5620 iubendi
3473 5554 3869 5614 auctoritatem,

2276 5640 2538 5712 operandi
2571 5640 2944 5696 testimonium
2968 5656 3078 5696 non
3107 5641 3323 5714 refugit.
3353 5641 3381 5682 ιι
3414 5642 3569 5712 Volo,
3595 5659 3735 5716 ergo
3753 5640 3873 5700 dicit

2339 5753 2365 5792 ι)
2417 5752 2548 5808 Volo
2584 5792 2596 5808 .
2632 5795 2646 5810 .
2679 5796 2690 5808 .
2724 5794 2738 5809 .
2779 5763 2991 5824 propter
3045 5753 3366 5820 Photinum;
3414 5755 3681 5812 Photinus
3736 5755 3867 5811 enim

2275 5826 2374 5882 etsi
2415 5825 2651 5882 Marcelli
2676 5826 3183 5895 AncyraniArianis
3214 5826 3459 5897 partibus
3493 5829 3697 5885 addicti
3721 5826 3874 5883 disci-
