3960 6312
182 301 306 360 1657

1094 303 1465 362 EXPOSITIO
1502 300 1761 362 EVANG.
1804 301 1953 364 SEC.
1995 307 2150 368 LUC.
2195 311 2323 369 LIB.
2366 301 2429 368 ν.

3284 317 3424 377 i638

175 430 372 490 propter
400 417 710 485 Photinum,
759 418 990 491 imperat
1039 432 1262 493 propter
1296 423 1506 489 Arium,
1558 422 1729 492 tangit
1757 421 1806 483 Α
1833 425 2014 491 cedat,
2057 427 2102 480 si
2141 427 2482 483 occultorum
2521 426 2772 496 cognitor
2803 425 2878 483 sit
2916 427 3194 496 sacerdos,
3227 431 3272 486 si
3305 435 3421 502 puri

174 521 370 581 propter
397 510 760 567 Manicheum.

232 605 278 659 5.
318 603 418 659 Nec
444 605 599 659 unius
629 613 833 661 tantum
875 607 1024 678 lepra
1057 616 1314 673 curatur,
1348 608 1446 665 sed
1478 609 1723 664 omnium

173 697 340 768 quibus
355 697 542 751 dicitur
565 714 578 749 :
606 697 728 751 Jam
751 715 838 753 vos
859 701 1038 757 mundi
1062 703 1181 756 estis
1211 711 1418 772 propter
1438 717 1723 757 sermonem

170 807 294 854 quem
317 791 504 843 locutus
529 806 639 844 sum
669 791 810 846 vobis
842 791 1020 862 (Joan.
1048 809 1140 858 xv,
1167 793 1244 866 5).
1279 794 1336 850 Si
1368 794 1526 867 igitur
1558 795 1722 866 lepra:

170 880 402 938 medicina
428 882 648 937 verbum
673 892 757 939 est
783 901 796 939 :
820 895 1165 957 contemptus
1182 886 1368 958 utique
1396 887 1544 944 verbi
1569 889 1719 956 lepra

168 972 334 1028 mentis
357 981 454 1027 est.
486 974 587 1030 Sed
620 992 689 1030 ne
714 975 863 1046 lepra
889 980 1122 1032 transire
1145 979 1317 1050 possit
1349 980 1400 1034 in
1425 979 1718 1046 medicum,

167 1068 497 1137 unusquisque
527 1067 818 1124 Dominicis
859 1068 1181 1126 humilitatis
1216 1073 1466 1142 exemplo
1505 1073 1720 1142 jactan-

165 1159 270 1214 tiam
295 1159 436 1214 vitet.
463 1159 571 1215 Cur
608 1162 753 1217 enim
790 1162 1104 1232 praecipitur
1130 1165 1332 1220 nemini
1363 1165 1580 1230 dicere,
1615 1167 1716 1221 nisi

165 1264 213 1306 ut
235 1254 435 1309 doceret
465 1269 569 1310 non
611 1255 875 1326 vuiganda
905 1267 1091 1314 nostra
1129 1257 1425 1326 beneficia,
1456 1259 1551 1314 sed
1599 1275 1720 1328 pre-

165 1345 354 1410 tuenda;
387 1357 442 1400 ut
473 1361 578 1402 non
606 1347 782 1403 solum
811 1364 838 1402 a
877 1351 1126 1406 mercede
1155 1351 1527 1406 abstineamus
1555 1367 1719 1420 pecu-

163 1441 265 1503 nite,
286 1439 372 1494 sed
391 1441 553 1494 etiam
583 1441 806 1509 gratiae?
835 1446 941 1497 Aut
966 1444 1192 1499 fortasse
1217 1445 1382 1500 etiam
1407 1445 1493 1500 illa
1513 1445 1716 1501 silentii

161 1547 291 1587 causa
318 1544 394 1588 est
423 1531 711 1604 imperati,
745 1537 888 1606 quod
935 1537 1191 1594 meliores
1222 1539 1445 1608 putabat
1474 1542 1565 1610 qui
1612 1540 1718 1597 fide

160 1624 301 1694 magis
323 1633 616 1694 spontanee
635 1667 648 1692 ,
677 1641 840 1698 quam
867 1629 960 1700 qui
1009 1631 1242 1700 speratis
1273 1629 1558 1686 beneficiis
1595 1645 1717 1687 cre-

159 1716 398 1772 didissent.

1833 516 1986 572 testis
2015 515 2239 573 affectus
2272 538 2284 572 :
2317 517 2462 573 unde
2502 526 2682 589 potest
2721 517 2812 571 ille
2843 520 3016 588 magis
3054 520 3310 575 sacerdos
3340 523 3426 576 vi-

1827 605 1945 662 deri
1985 623 2145 677 quem
2191 608 2400 663 occulta
2435 624 2540 662 non
2591 610 2818 669 lateant.
2864 609 2951 664 cui
2997 610 3228 667 dicitur:
3264 611 3341 665 Tu
3371 630 3424 668 es

1825 699 2068 754 sacerdos
2094 701 2149 756 in
2174 709 2422 756 teternum
2456 705 2739 758 secundum
2779 703 3013 758 ordinem
3045 701 3423 761 Melchisedech

1827 772 2001 862 (Psal.
2029 808 2138 861 cu,
2170 795 2249 866 ι).

1898 907 2079 982 (vers.
2115 906 2202 973 18,
2257 909 2370 981 i9.)
2415 908 2482 965 Et
2503 928 2617 967 ecce
2647 915 2742 966 viri
2773 922 3039 986 portantes
3082 916 3133 970 in
3166 915 3293 972 lecto
3319 918 3416 973 Ito-

1827 997 2014 1050 minem
2037 999 2125 1067 qui
2146 998 2318 1067 fuerat
2352 1002 2687 1072 paralyticus,
2715 1013 2764 1056 et
2787 1015 3066 1070 qna‘rentes
3095 1021 3207 1060 eum
3229 1008 3422 1078 inferre

1824 1095 1872 1139 et
1898 1103 2087 1154 ponere
2110 1098 2230 1142 ante
2249 1105 2392 1155 eum;
2422 1100 2466 1144 et
2494 1092 2609 1159 fnan
2640 1093 2948 1149 invenientes
2969 1113 3068 1166 qua
3097 1108 3243 1166 parte
3269 1099 3420 1154 illum

1822 1176 2070 1247 inferrent
2107 1195 2217 1250 prta
2245 1181 2396 1234 turba
2422 1223 2436 1246 ,
2470 1183 2809 1238 ascenderunt
2833 1201 2991 1255 super
3015 1196 3220 1252 tectum,
3255 1200 3304 1244 et
3333 1207 3422 1260 per

1823 1270 2021 1338 tegulas
2065 1270 2412 1326 submiserunt
2447 1273 2595 1326 illum
2626 1275 2678 1328 in
2722 1274 2871 1340 lecto,
2914 1276 2967 1328 in
3009 1278 3257 1344 medium,
3303 1290 3420 1338 ante

1821 1355 2019 1413 Jesum.
2552 1371 2557 1378 ‘

1882 1453 2095 1511 iO.Non
2112 1454 2286 1510 otiosa
2303 1454 2459 1526 hujus
2473 1458 2776 1530 paralytici,
2801 1473 2900 1516 nec
2911 1471 3135 1532 angusta
3152 1464 3419 1521 medicina

1821 1554 1925 1610 est,
1959 1549 2176 1618 quando
2207 1549 2467 1605 Dominus
2489 1558 2545 1606 et
2569 1565 2756 1606 orasse
2781 1555 3147 1622 prannittitur,
3178 1537 3283 1612 non
3316 1561 3419 1613 uti-

1819 1653 1924 1710 que
1973 1651 2197 1713 propter
2246 1643 2602 1714 sufiragium,
2649 1646 2744 1700 sed
2798 1657 3018 1716 propter
3072 1652 3411 1719 exemplum;

1821 1730 2065 1788 imitandi
2113 1735 2258 1789 enim
2305 1736 2582 1804 specimen
2637 1736 2818 1803 dedit,
2864 1748 2887 1776 °
2939 1755 3046 1792 non
3090 1740 3415 1812 impetrandi

212 1810 256 1864 ϐ.
292 1811 489 1867 Offerre
511 1820 696 1868 autem
716 1812 868 1883 juxta
892 1813 1090 1886 Legem
1115 1829 1176 1870 se
1196 1814 1512 1886 prmcipitur
1537 1829 1717 1872 sacer—
1746 1813 1791 1876 Β
1820 1823 2083 1878 ambitum
2117 1825 2418 1903 requisivit.
2467 1827 2530 1881 Et
2569 1828 3017 1884 convenientibus
3039 1845 3105 1884 ex
3133 1810 3276 1886 omni
3309 1831 3416 1888 Ga-

156 1902 276 1967 doti,
320 1919 418 1958 non
452 1914 511 1959 ut
553 1905 719 1960 alium
749 1905 1000 1961 deferat:
1047 1907 1143 1962 sed
1186 1916 1243 1962 ut
1287 1923 1346 1962 se
1393 1908 1570 1978 ipsum
1602 1906 1718 1962 Deo

154 1997 310 2053 oderat
335 1999 574 2068 spiritale
619 1999 979 2066 sacrificium;
1022 2010 1274 2056 uinctus
1302 2001 1568 2073 praeteriti
1596 2000 1714 2055 col-

154 2089 334 2148 iuvione
361 2093 576 2148 detersa
599 2135 614 2158 ,
664 2108 762 2162 per
791 2093 1161 2162 cognitionem
1195 2094 1318 2150 fidei
1344 2103 1400 2149 et
1435 2093 1717 2163 sapientia:

155 2183 456 2253 disciplinam
483 2185 753 2254 placitura
779 2185 890 2242 Deo
911 2187 1084 2240 hostia
1111 2197 1466 2243 consecretur
1490 2201 1503 2240 :
1534 2186 1716 2241 Omnis

152 2275 268 2329 enim
294 2277 489 2330 victima
538 2277 652 2332 sale
687 2278 901 2332 satietur
946 2278 1158 2351 (Marc.
1188 2296 1238 2334 ix
1261 2321 1276 2345 ,
1305 2280 1376 2335 49
1395 2279 1437 2348 ).
1476 2278 1629 2335 Unde
1659 2287 1714 2335 et

151 2365 313 2422 Paulus
335 2371 406 2423 ait
431 2387 444 2423 :
478 2368 708 2423 Obsecro
728 2385 850 2444 ergo
889 2386 976 2424 vos
994 2413 1006 2435 ,
1035 2372 1222 2440 fratres
1247 2412 1261 2435 ,
1304 2388 1396 2441 per
1422 2372 1714 2426 misericor-

147 2459 259 2511 diam
284 2457 398 2525 Dei,
433 2473 485 2514 ut
515 2461 805 2516 exhibeatis
833 2478 1054 2528 corpora
1083 2473 1249 2518 uestra
1277 2464 1498 2520 hostium
1527 2481 1714 2535 accep-

147 2550 336 2618 tabilem,
367 2553 656 2620 placentem
693 2553 804 2608 Deo
830 2553 1010 2626 (Rom.
1037 2570 1135 2621 xn,
1168 2555 1253 2627 1).

202 2646 244 2698 7.
282 2646 441 2702 Simul
477 2649 618 2702 illud
650 2649 900 2705 mirabile
925 2691 939 2714 ,
973 2649 1116 2720 quod
1145 2665 1213 2705 eo
1256 2650 1469 2706 sanavit
1511 2665 1712 2721 genere

143 2755 228 2809 quo
267 2740 430 2797 fuerat
474 2743 824 2798 obsecratus.
877 2744 940 2800 Si
981 2745 1090 2810 vis,
1137 2755 1281 2814 potes
1310 2762 1390 2800 me
1432 2747 1707 2801 niuiidare.

150 2831 273 2898 Volo,
317 2835 516 2905 inquit,
554 2837 832 2892 mundare.
883 2837 1063 2894 Habes
1109 2839 1445 2894 voluntatem
1473 2881 1488 2906 ,
1541 2839 1711 2896 habes

141 2927 273 2982 etiam
301 2930 512 3000 pietatis
540 2931 824 2987 effectum.
860 2930 930 2986 Et
965 2933 1244 2988 extendens
1279 2949 1517 3000 manum,
1548 2935 1710 3005 tetigit

140 3019 260 3074 illum
285 3020 478 3091 (Leuit.
510 3037 638 3089 xm,
668 3024 756 3095 5).
789 3025 901 3079 Lex
946 3025 1092 3097 tangi
1134 3025 1383 3096 leprosos
1414 3015 1704 3095 prohibet:

139 3114 214 3167 sed
259 3117 344 3186 qui
389 3117 649 3174 dominus
694 3117 852 3188 Legis
887 3128 1004 3182 est,
1053 3133 1159 3173 non
1207 3118 1528 3189 obsequitur
1554 3118 1705 3190 Legi,

139 3206 212 3259 sed
256 3207 438 3279 Legem
471 3210 626 3264 facit.
673 3209 792 3264 Non
842 3225 972 3280 ergo
1013 3212 1219 3281 tetigit,
1257 3214 1378 3280 quia
1411 3213 1531 3267 sine
1560 3222 1705 3267 tactu
1731 3190 1777 3253 (ἶ

137 3299 362 3357 inundare
392 3317 497 3356 non
533 3312 792 3372 poterat:
826 3302 922 3358 sed
953 3314 1010 3357 ut
1051 3303 1304 3372 probaret
1339 3304 1549 3376 1357
1578 3306 1704 3376 quia

138 3392 380 3460 subjectus
407 3409 515 3449 non
543 3393 826 3464 erat-Legi
846 3435 861 3460 ,
889 3409 992 3449 nec
1017 3395 1327 3465 contagium
1360 3398 1614 3462 timebat,
1646 3404 1708 3451 ut

138 3480 395 3541 homines:
442 3488 540 3543 sed
584 3488 712 3557 quia
760 3487 1120 3542 contaminari
1156 3503 1264 3542 non
1309 3497 1558 3558 poterat,
1611 3489 1704 3557 qui

135 3577 245 3632 alios
265 3580 520 3638 liberabat
549 3599 565 3636 :
600 3581 762 3636 simul
785 3597 816 3636 e
837 3583 1113 3639 contrario
1142 3573 1288 3652 lepra
1320 3590 1464 3637 tactu
1493 3583 1703 3640 Domini

135 3669 392 3742 legaretur,
421 3691 543 3747 qua:
577 3675 792 3731 solebat
821 3675 1198 3733 contaminare
1220 3684 1554 3746 tangentem.

219 3763 264 3818 8.
301 3766 319 3836 (
350 3766 503 3822 Vers.
543 3765 666 3838 14.)
718 3767 1023 3824 Ostendere
1069 3778 1253 3825 autem
1319 3783 1380 3824 se
1429 3768 1703 3824 sacerdoti

133 3853 336 3925 iubetur,
360 3871 409 3914 et
437 3859 648 3915 offerre
669 3873 769 3928 pro
811 3858 1199 3914 emundatione
1224 3873 1354 3924 sua;
1385 3866 1444 3913 ut
1463 3857 1591 3912 dum
1623 3858 1705 3914 of-

135 3943 286 4003 fertse
305 3949 604 4016 sacerdoti,
638 3947 970 4018 intelligeret
1001 3946 1266 4003 sacerdos
1288 3961 1397 4002 non
1429 3947 1587 4017 Legis
1612 3961 1702 4003 or-

131 4037 259 4106 dine,
286 4041 378 4098 sed
421 4043 518 4099 Dei
568 4042 743 4114 gratia
771 4055 932 4110 supra
964 4040 1160 4112 Legem
1195 4054 1318 4096 esse
1341 4046 1586 4096 curatum
1623 4056 1636 4093 :
1671 4051 1698 4079 ιι

133 4141 174 4184 et
205 4134 318 4190 dum
353 4137 619 4192 mundato
643 4136 800 4206 jubet
818 4135 1014 4191 offerre
1044 4135 1368 4190 sacrificium
1392 4134 1696 4192 secundum
1733 4177 1759 4198 .

137 4234 422 4296 praceptum
453 4225 658 4298 Moysi,
699 4224 1019 4281 ostenderet
1044 4225 1309 4282 Dominus
1337 4224 1462 4293 quia
1495 4224 1695 4296 Legem

132 4328 216 4370 non
258 4320 515 4383 solveret,
566 4319 666 4376 sed
694 4317 948 4387 impleret
981 4333 996 4373 ι
1024 4317 1116 4385 qui
1150 4315 1449 4372 secundum
1493 4315 1694 4386 Legem

129 4410 368 4479 gradiens,
417 4427 588 4484 supra
649 4412 847 4482 Legem
902 4425 1098 4467 sanare
1146 4426 1242 4467 eos
1282 4426 1418 4480 quos
1454 4410 1696 4466 remedia

129 4495 260 4570 Legis
293 4518 397 4560 non
444 4512 798 4568 sanaverant,
828 4500 1127 4558 videretur.
1164 4500 1230 4556 Et
1268 4501 1406 4557 bene
1434 4499 1644 4556 addidit
1672 4519 1686 4554 :

130 4588 252 4647 Sicut
270 4597 509 4665 recepit
538 4595 779 4666 Moyses;
801 4593 910 4649 Lex
939 4594 1083 4648 enim
1110 4594 1360 4663 spiritalis
1389 4604 1464 4649 est
1494 4593 1674 4663 (Rom.

126 4693 217 4750 VII,
241 4685 627 4757 14);.ideoque
662 4685 878 4741 videtur
901 4684 1232 4740 sacrificium
1264 4685 1508 4754 spiritale
1543 4701 1696 4741 man-

125 4769 278 4830 dasse.

179 4863 255 4921 93’
279 4865 522 4944 Denique
561 4859 772 4926 addidit
803 4887 816 4925 :
852 4867 920 4926 Ut
941 4870 1009 4925 sit
1031 4869 1086 4924 in
1116 4869 1463 4924 testimonium
1493 4869 1589 4924 hoc
1610 4885 1694 4926 vo-

123 4957 202 5028 bis,
232 4959 326 5022 hoc
353 4977 459 5036 est,
493 4966 542 5023 si
567 4949 680 5024 Deo
707 4967 970 5032 credatis,
1005 4966 1048 5024 si
1080 4965 1376 5037 impietatis
1401 4965 1552 5036 lepra
1582 4966 1695 5023 dis-

119 5147 255 5216 pulus
277 5150 328 5206 in
358 5151 548 5208 multis
576 5161 758 5207 tamen
788 5163 912 5207 cum
938 5149 1176 5206 Sabeliio
1208 5145 1512 5206 sentiebat:
1543 5147 1686 5205 hunc

119 5230 272 5275 autem
315 5239 546 5298 negasse
585 5233 800 5298 constat
844 5222 1087 5298 eamdem
1119 5222 1175 5298 in
1231 5219 1387 5275 Patre
1433 5234 1516 5298 ac
1544 5217 1687 5274 Filio

118 5290 414 5354 Potestatean
463 5295 729 5363 reperiri;
778 5303 836 5348 ut
883 5290 1201 5363 Ambrosius
1246 5305 1432 5362 supra,
1465 5290 1554 5362 lib.
1591 5305 1682 5357 tv,

118 5373 241 5416 num.
274 5365 358 5432 ili,
405 5362 684 5421 indicavit.
724 5365 890 5433 igitur
935 5380 1056 5418 cum
1090 5365 1140 5418 in
1173 5362 1286 5418 Deo
1326 5363 1578 5418 voluntas
1621 5377 1686 5416 ac

116 5442 325 5508 potestas
353 5453 524 5492 unum
557 5441 694 5498 sint,
725 5445 849 5508 apte
891 5433 1164 5506 colligitur
1194 5435 1470 5508 Christum
1499 5445 1686 5488 osten-

115 5502 272 5574 dendo
308 5511 640 5563 voluntatem
685 5502 839 5561 suam
883 5502 1126 5574 ejusdem
1168 5503 1424 5560 efficaciae
1453 5519 1593 5574 esse
1620 5518 1685 5559 ac

116 5569 371 5646 Paternum
395 5621 409 5646 ,
453 5579 613 5634 simul
644 5569 949 5633 ostendisse
972 5573 1255 5646 utriusque
1295 5575 1541 5631 eamdem
1585 5573 1685 5646 ha-

116 5641 320 5720 bendam
349 5641 706 5719 potestatem;
739 5649 1081 5720 pr‘oindeque
1101 5641 1346 5720 eamdem
1373 5645 1688 5720 eti:un_s_nb-

113 5715 524 5792 glantiam'atque
538 5715 902 5792 omniinodam
921 5715 1361 5792 similitudinem;
1380 5719 1523 5792 quod
1543 5716 1686 5792 idern

114 5783 353 5844 Photinus
400 5783 748 5862 pernegnbat.
799 5787 1031 5862 Imperat
1080 5801 1286 5859 propter
1333 5783 1546 5854 Arium,
1597 5787 1690 5858 qui

1823 1911 1982 1978 liltea,
2031 1922 2085 1968 et
2135 1914 2348 1982 Judzna,
2399 1922 2454 1970 et
2507 1916 2842 1971 Hierusalem
2873 1916 3034 1987 Legis
3073 1918 3412 1988 doctoribus,

1820 1999 1964 2058 inter
1998 2014 2321 2060 ceterorum
2353 2003 2592 2060 remedia
2619 2005 2904 2072 debilium,
2941 2007 3231 2080 paralytici
3260 2011 3416 2065 istius

1819 2093 2087 2148 medicina
2137 2093 2484 2150 describitur.
2540 2093 2782 2150 Primum
2827 2097 3067 2156 omnium
3117 2098 3260 2167 quod
3292 2108 3418 2155 ante

1818 2185 2082 2250 diximus,
2113 2186 2486 2255 unusquisque
2519 2200 2664 2256 aeger
2705 2187 2952 2256 petendo:
2983 2196 3302 2257 precatores
3322 2203 3414 2245 sa-

1819 2279 1945 2355 lutis
1980 2278 2143 2335 debet
2168 2279 2450 2345 adhibere,
2486 2293 2585 2349 per
2611 2295 2749 2350 quos
2782 2290 2983 2336 nostra:
3006 2283 3130 2338 vita!
3151 2298 3416 2355 compago

1817 2354 2075 2437 resoluta,
2100 2384 2754 2444 actuumqnenostrorum
2777 2374 2968 2428 clauda
3003 2375 3231 2445 vestigia
3263 2372 3415 2430 verbi

1815 2466 2060 2522 cmiestis
2086 2465 2330 2522 remedio
2354 2467 2743 2522 reformentur.
2771 2465 2892 2522 Sint
2921 2466 3086 2537 igitur
3105 2466 3273 2536 aliqui
3301 2482 3418 2523 mo-

1815 2560 2023 2616 nitores
2053 2558 2272 2622 mentis,
2304 2557 2396 2628 qui
2432 2558 2673 2614 animum
2700 2556 2955 2624 hominis,
2979 2557 3230 2628 quamvis
3257 2569 3410 2615 exte-

1814 2649 1978 2706 rioris
2024 2649 2274 2718 corporis
2320 2647 2604 2706 debilitate
2649 2655 2976 2715 torpentem,
3026 2646 3092 2702 ad
3129 2647 3411 2716 superiora

1813 2745 2044 2812 erigant.
2068 2742 2311 2811 Quorum
2353 2755 2545 2797 rursus
2585 2740 2934 2797 adminiculis
2968 2749 3025 2796 et
3049 2741 3322 2808 attollere,
3359 2750 3413 2797 et

1811 2835 2098 2891 immiliare
2127 2847 2188 2891 se
2227 2833 2425 2899 facilis,
2464 2845 2592 2890 ante
2629 2833 2816 2890 losum
2859 2832 3092 2899 iocetur,
3129 2833 3410 2890 Dominico

1813 2928 1983 2984 videri
2054 2927 2252 2998 dignus
2306 2933 2553 2997 aspectu.
2598 2925 2973 2982 Humilitatem
3017 2925 3166 2981 enim
3189 2925 3412 2996 respicit

1812 3019 2074 3074 Dominus
2095 3035 2111 3073 :
2143 3017 2280 3086 Quia
2293 3017 2516 3088 respexit
2537 3014 2880 3070 humilitatem
2898 3014 3105 3072 ancilla
3120 3029 3230 3072 sua:
3254 3012 3407 3088 (Luc.

1811 3126 1864 3178 t,
1894 3109 2010 3183 48).
3075 3163 3088 3176 .

1883 3205 2071 3276 (Vera.
2101 3204 2223 3276 20.)
2267 3203 2503 3271 Quorum
2532 3203 2710 3274 ﬁdem,
2742 3202 2949 3274 inquit,
2980 3213 3036 3258 ut
3065 3203 3211 3258 vidit.

1887 3301 1974 3355 tl.
2010 3299 2234 3370 Magnus
2274 3299 2538 3354 Dominus
2566 3300 2657 3368 qui
2681 3297 2913 3352 aliorum
2941 3297 3138 3354 merito
3178 3295 3409 3367 ignoscit

1809 3390 1956 3455 aliis,
2006 3399 2061 3445 et
2089 3389 2218 3446 dum
2266 3389 2404 3444 alios
2445 3387 2662 3458 probat,
2691 3387 2815 3443 aliis
2836 3389 3044 3444 relaxat
3067 3396 3271 3444 errata.
3299 3387 3411 3444 Cur

1809 3482 1950 3552 apud
1991 3490 2043 3536 te
2077 3481 2239 3536 homo
2279 3481 2484 3550 collega
2525 3496 2632 3534 non
2667 3480 2865 3543 valeat,
2910 3495 3036 3535 cum
3057 3479 3199 3551 apud
3227 3480 3410 3536 Domi-

1809 3590 1937 3630 num
1967 3587 2159 3630 servus
2183 3583 2237 3627 et
2269 3571 2670 3628 inter-veniendi
2703 3571 2979 3638 meritum,
3011 3581 3067 3628 ct
3096 3572 3188 3645 jus
3210 3571 3410 3628 habent

1807 3665 2178 3735 impetrandi?
2206 3664 2364 3720 Disce
2390 3665 2480 3734 qui
2509 3663 2750 3734 judieas,
2779 3665 3060 3735 ignoscere
3091 3679 3105 3716 :
3134 3663 3288 3721 disce
3309 3664 3402 3734 qui

1806 3775 1950 3830 anger
1972 3776 2052 3827 es,
2087 3761 2402 3830 impetrare.
2438 3759 2497 3815 Si
2523 3760 2766 3830 gravium
2809 3769 3152 3828 peccatorum
3205 3760 3408 3816 difﬁdis

1808 3852 2044 3917 veniam,
2085 3851 2281 3908 adhibe
2328 3861 2665 3922 precatores,
2701 3849 2903 3908 adhibe
2937 3850 3238 3909 Ecclesium
3278 3867 3400 3922 quae

1804 3961 1904 4016 pro
1948 3956 2000 4002 te
2047 3953 2319 4015 precetur,
2377 3944 2534 4014 cujus
2581 3943 3044 4014 contemplatione
3111 3943 3258 4014 quod
3303 3944 3400 4000 tibi

1804 4040 2071 4097 Dominus
2095 4053 2298 4110 negare
2325 4046 2528 4108 posset,
2559 4039 2821 4108 ignoscat.

1879 4133 2094 4206 1358
2130 4131 2217 4188 12.
2265 4129 2448 4201 (Vers.
2479 4129 2581 4198 21,
2621 4130 2744 4202 22.)
2775 4129 2846 4187 Et
2876 4131 3127 4202 quamvis
3157 4133 3398 4190 historia:

1800 4225 1964 4282 fidem
2001 4239 2110 4280 non
2162 4220 2464 4280 debeamus
2516 4221 2803 4290 omittere;
2841 4233 2900 4280 ut
2939 4239 3065 4280 vere
3112 4223 3401 4298 paralytici

1786 4317 1960 4372 istius
1989 4330 2187 4387 corpus
2213 4315 2502 4374 credamus
2527 4329 2666 4379 esse
2680 4324 2930 4372 sanatum
2967 4333 2980 4370 :
3014 4331 3285 4386 cognosce
3318 4327 3399 4374 ta-

1799 4427 1923 4466 men
1963 4410 2240 4466 interioris
2285 4410 2522 4466 hominis
2557 4410 2868 4474 sanitatem,
2911 4409 2996 4466 cui
3045 4419 3268 4478 peccata
3294 4409 3395 4464 do-

1800 4514 2019 4570 nantur,
2067 4520 2188 4574 quas
2227 4517 2351 4559 cum
2399 4502 2575 4560 Judaei
2627 4511 2880 4560 asserunt
2924 4518 2952 4556 a
2996 4503 3115 4558 solo
3161 4503 3392 4560 Domino

1803 4611 1965 4665 posse
1993 4595 2242 4662 concedi,
2286 4594 2456 4650 Deum
2503 4594 2690 4664 utique
2735 4609 2858 4652 eum
2888 4593 3238 4660 confitentur,
3268 4610 3393 4650 suo-

1799 4702 1903 4757 que
1946 4685 2152 4756 judicio
2205 4685 2484 4755 perfidiam
2538 4700 2690 4752 suam
2731 4685 2998 4754 produnt;
3046 4694 3103 4740 ut
3135 4702 3272 4756 opus
3305 4702 3393 4740 as-

1799 4787 2001 4846 truant,
2048 4791 2336 4848 personam
2375 4784 2590 4847 negent.
2633 4775 2818 4848 Itaque
2859 4778 2930 4833 ab
2971 4779 3106 4849 ipsis
3138 4789 3196 4836 et
3217 4779 3398 4849 operis

1797 4873 1884 4930 sui
1916 4873 2011 4928 Dei
2045 4871 2213 4928 Filius
2255 4869 2451 4939 accipit
2482 4869 2876 4939 testimonium,
2919 4875 2977 4926 et
3023 4869 3174 4927 vocis
3202 4872 3399 4931 suffra-

1795 4967 1946 5038 gium
1985 4979 2092 5022 non
2137 4961 2399 5033 requirit;
2446 4960 2673 5033 perfidia
2713 4962 2860 5018 enim
2897 4961 3144 5022 confiteri
3188 4974 3388 5037 potest,

1796 5147 2051 5225 videlicet
2081 5161 2231 5225 cutn_
2255 5145 2470 5225 Christo
2504 5146 2842 5225 divinitatem
2886 5150 3250 5225 abjudicaret,
3301 5170 3392 5211 ea-

1793 5218 1919 5295 dem
1952 5232 2126 5295 opera
2175 5218 2676 5295 illnm'imperandi
2727 5218 3048 5280 auctoritate
3096 5218 3386 5295 apollnbat.

1794 5289 1984 5362 Tangit
2008 5288 2623 5368 pnopter_il!tz_nicliwnm;
2647 5293 2692 5368 is
2711 5296 2908 5368 quippe
2938 5288 3192 5368 tangendi
3225 5299 3391 5352 facul-

1794 5360 1959 5416 tatem
1989 5360 2164 5437 eidem
2213 5360 2432 5437 Christo
2473 5360 2782 5437 adimebat,
2806 5360 3060 5437 quando'
3095 5382 3277 5423 veram
3326 5384 3390 5426 ac

1793 5431 2344 5507 natnralemicarnem
2376 5433 2442 5487 ab
2471 5431 2926 5507 iiio_assnmptam
2960 5437 3323 5497 inliciabatur.

1868 5499 2030 5580 |_Vet.
2054 5501 2212 5580 edit.,
2232 5512 2278 5556 et
2298 5502 2420 5580 dum
2434 5499 2824 5580 mundatnrpér
2845 5509 3182 5578 sacri/icium;
3197 5508 3381 5580 Botn.,

1795 5573 1917 5646 dum
1955 5573 2230 5626 mandatur
2278 5572 2462 5640 olferre
2498 5572 2856 5646 sacrificium;
2899 5572 3031 5635 mss.
3087 5572 3216 5636 vero
3271 5572 3384 5642 fere

1793 5644 1858 5702 ad
1890 5659 2076 5711 unum,
2107 5653 2164 5698 ut
2196 5659 2294 5700 nos
2317 5648 2366 5696 in
2391 5651 2564 5700 textu.

1866 5727 1897 5769 ι)
1923 5714 2079 5787 Rom.
2111 5715 2270 5783 edit.,
2295 5713 2525 5787 Denique
2551 5715 2739 5771 addit:
2762 5715 2826 5774 1η
2853 5721 3198 5780 testimonium
3221 5726 3380 5783 vobis.

1869 5795 1893 5825 ι
1945 5784 2119 5853 Edit.,
2148 5802 2246 5840 non
2273 5784 2519 5856 precandi
2549 5789 2794 5844 ambitum
2825 5793 3110 5861 requisivit.
