3960 6324
589 277 740 350 toea:

588 395 816 451 credere
853 406 962 448 non
1010 398 1213 464 potest.
1248 389 1434 462 Itaque
1472 391 1846 448 testimonium
1891 392 2185 448 nondeest

588 483 881 548 divinitati,
923 483 1054 538 ﬁdes
1094 481 1251 537 deest
1282 482 1466 537 saluti.
1502 481 1635 536 Nam
1660 491 1714 536 et
1749 482 1980 537 validius
2002 491 2086 537 est
2118 481 2185 536 ad

590 578 754 633 ﬁdem
811 577 956 647 quod
989 586 1014 612 ιι
1041 573 1370 630 conﬁtentur
1402 576 1558 630 inviti
1591 586 1680 631 :et
1715 576 2074 646 perniciosius
2120 575 2187 630 ad

590 671 805 740 culpam
846 667 990 738 quod
1037 674 1257 737 negant,
1300 666 1392 736 qui
1433 667 1544 722 suis
1571 667 1966 723 assertionibus
2003 666 2186 722 revin-

591 775 808 822 cuntur.
843 764 1031 834 Magna
1066 765 1246 834 itaque
1276 761 1456 817 inﬁdre
1486 763 1658 832 plebis
1683 764 1950 827 amentia;
1985 771 2044 816 ut
2063 775 2188 817 cum

592 860 840 916 confessa
877 857 1044 913 fuerit
1082 856 1252 912 solius
1291 856 1389 912 Dei
1421 871 1543 912 esse
1574 856 1780 910 donare
1811 863 2051 926 peccata,
2082 868 2188 908 non

593 953 782 1012 credat
815 953 924 1006 Deo
963 958 1186 1021 peccata
1231 948 1476 1004 donanti.
1509 945 1773 1003 Dominus
1803 958 1982 1003 autem
2011 946 2192 1000 salvos

592 1049 783 1104 volens
821 1045 1002 1102 facere
1028 1051 1369 1116 peccatores,
1415 1050 1471 1097 et
1506 1042 1849 1097 occultorum
1881 1039 2191 1110 Cognitione

594 1145 764 1200 Deum
793 1155 854 1196 se
878 1137 1374 1214 essevdemonstrat
1391 1177 1407 1204 ,
1433 1145 1490 1192 et
1515 1134 1873 1191 admiratione
1899 1133 2190 1200 factorum,

595 1237 860 1309 adjiciens
884 1252 898 1291 :

668 1329 855 1403 (Vers.
905 1326 1024 1398 25.)
1053 1325 1190 1394 Quid
1227 1334 1301 1379 est
1322 1323 1529 1394 facilius
1569 1323 1738 1377 dicere
1771 1340 1783 1377 :
1815 1320 2047 1375 Dimisso
2073 1329 2194 1375 sunt

597 1423 689 1478 tibi
718 1430 929 1494 peccata
954 1429 1078 1482 tua;
1101 1426 1190 1472 aut
1215 1418 1416 1471 dicere:
1452 1416 1645 1488 Surge,
1669 1425 1715 1469 et
1739 1414 1946 1468 ambula
1963 1415 1988 1466 Σ)

673 1517 758 1571 15.
799 1515 918 1582 Quo
962 1514 1082 1568 loco
1122 1511 1340 1582 plenam
1375 1510 1613 1580 speciem
1655 1507 2075 1564 resurrectionis
2106 1522 2196 1563 os-

597 1609 801 1672 tendit.
838 1611 930 1680 qui
970 1606 1170 1663 mentis
1211 1604 1528 1661 vulneribus
1571 1602 1928 1673 corporisque
1964 1602 2192 1666 sanatis,

597 1711 818 1775 peccata
832 1702 999 1757 donat
1013 1686 1344 1763 animorum,
1356 1696 1692 1752 debilitatem
1709 1696 1890 1750 carnis
1907 1691 2191 1760 exeludit';

599 1796 705 1852 hoc
734 1805 820 1852 est
843 1794 988 1850 enim
1026 1803 1194 1847 totum
1236 1790 1510 1846 hominem
1547 1804 1668 1845 esse
1698 1798 1964 1864 curatum.
1997 1786 2194 1855 Quam-

597 1890 682 1945 vis
722 1889 884 1959 igitur
921 1900 1175 1956 magnum
1213 1884 1284 1938 sit
1314 1882 1622 1937 hominibus
1653 1893 1876 1952 peccata
1918 1880 2198 1936 dimittere

599 1982 745 2054 (quis
773 1981 920 2036 enim
955 1985 1134 2048 potest
1163 1983 1385 2048 peccata
1421 1975 1698 2030 dimittere
1729 1975 1830 2029 nisi
1853 1974 2003 2029 solus
2026 1974 2197 2038 Deus,

599 2075 691 2147 qni
723 2090 817 2145 per
842 2088 939 2148 eos
967 2086 1182 2142 quoque
1221 2068 1468 2130 dimittit,
1497 2066 1526 2105 ι)
1549 2067 1744 2138 quibus
1771 2065 2078 2122 dimittendi
2105 2067 2201 2120 tri-

599 2168 719 2225 buit
739 2163 1113 2237 potestatem);
1148 2171 1328 2218 tamen
1356 2161 1528 2216 multo
1550 2159 1790 2215 divinius
1807 2169 1893 2215 est
1923 2174 2200 2216 resurrec-

599 2259 806 2314 tionem
852 2257 1058 2314 donare
1097 2253 1451 2326 corporibus;
1475 2252 1914 2324 quandoquidem
1937 2251 2057 2322 ipse
2089 2252 2197 2308 Do-

604 2351 786 2408 minus
810 2348 1136 2407 resurrectio
1163 2356 1267 2404 est.

673 2466 761 2522 11.
794 2464 975 2536 (Vers.
1014 2460 1133 2534 ‘34.)
1167 2462 1264 2517 llic
1304 2461 1476 2517 lectus
1505 2461 1594 2532 qui
1634 2461 1752 2516 tolli
1782 2460 2026 2531 jnbetnr,
2070 2459 2196 2532 quid

603 2569 692 2617 est
720 2555 891 2624 aliud,
920 2556 1024 2611 nisi
1044 2546 1176 2624 quia
1207 2555 1501 2610 humanum
1527 2553 1748 2624 iubetur
1769 2569 1969 2624 corpus
1995 2554 2201 2609 attolli?

599 2652 720 2723 Ipse
737 2661 820 2707 est
841 2648 932 2722 qni
961 2664 1056 2720 per
1086 2647 1328 2718 singulas
1359 2655 1551 2706 noctes
1574 2657 1597 2685 ο
1628 2633 1841 2701 lavatur
1871 2661 1900 2700 a
1927 2645 2121 2711 David,
2141 2653 2202 2700 ut

600 2743 832 2814 legimus
864 2759 878 2793 :
907 2738 1116 2794 Lavabo
1148 2755 1236 2808 per
1264 2739 1500 2809 singulas
1550 2747 1718 2792 noctes
1763 2737 1951 2791 lectum
1985 2751 2198 2791 meum:

597 2833 843 2904 lacrymis
887 2831 1011 2885 nteis
1055 2838 1275 2883 stratum
1320 2843 1488 2890 meum
1528 2826 1712 2898 rigabo
1770 2825 1948 2899 (Psai.
1992 2841 2069 2893 vr,
2117 2824 2193 2896 7).

603 2924 705 2982 Hic
751 2932 837 2980 est
878 2923 1051 2978 lectus
1101 2921 1328 2986 doloris,
1381 2920 1436 2974 in
1465 2933 1574 2990 quo
1602 2919 1785 2974 anima
1834 2928 2020 2974 nostra
2051 2919 2201 2990 gravi

601 3015 956 3076 conscientiae
994 3028 1140 3085 aegra
1179 3013 1426 3068 cruciatu
1459 3011 1694 3082 jacebat.
1733 3011 1841 3067 Sed
1886 3012 1930 3066 si
1959 3011 2081 3081 quis
2107 3025 2189 3066 se-

599 3110 835 3168 cundum
857 3107 1060 3164 Christi
1093 3115 1363 3176 prtecepta
1390 3119 1450 3159 se
1469 3105 1720 3175 gesserit,
1749 3105 1859 3173 jam
1888 3119 1994 3158 non
2027 3104 2198 3158 lectus

600 3201 806 3261 doloris
841 3209 946 3268 est,
988 3198 1084 3256 sed
1115 3197 1338 3270 quietis.
1373 3197 1722 3252 Miseratione
1746 3197 1949 3251 etenim
1983 3197 2195 3252 Domini

601 3299 768 3368 cmpit
803 3297 956 3365 quies
992 3309 1114 3350 esse
1135 3291 1278 3365 quod
1324 3305 1472 3346 mors
1506 3297 1625 3345 erat
1654 3305 1668 3341 :
1697 3289 1787 3360 qni
1848 3290 2003 3346 nobis
2029 3305 2194 3360 sopo-

599 3407 727 3448 rem»
745 3390 935 3446 mortis
957 3388 1126 3444 vertit
1166 3387 1220 3442 in
1270 3384 1499 3456 gratiam
1543 3383 1856 3454 voluptatis.
1887 3383 1998 3439 Nec
2019 3384 2193 3439 solum

607 3485 793 3539 levare
817 3481 1040 3544 lectum,
1067 3479 1166 3533 sed
1189 3483 1352 3533 etiam
1377 3477 1595 3532 domum
1616 3491 1770 3531 suam
1791 3486 2063 3546 repetere,
2089 3476 2196 3533 hoc

599 3584 706 3643 est,
733 3572 801 3628 ad
837 3569 1147 3642 paradisum
1180 3567 1362 3624 redire
1397 3576 1672 3632 censetur;
1701 3583 1764 3622 ea
1791 3577 1876 3622 est
1897 3567 2039 3622 enim
2065 3583 2191 3623 vera

598 3667 815 3730 domus,
869 3677 989 3734 qua:
1030 3660 1306 3717 hominem
1362 3659 1533 3730 prima
1588 3661 1826 3730 suscepit
1865 3677 1878 3713 :
1913 3674 2024 3723 non
2071 3661 2195 3731 jure

596 3761 820 3825 amissa,
866 3757 962 3814 sed
1001 3755 1212 3812 fraude.
1260 3755 1454 3812 Merito
1473 3755 1616 3825 {ergo
1638 3755 1939 3808 restituitur
1965 3755 2191 3821 domus,

595 3851 855 3925 quoniam
882 3854 1114 3904 venerat
1133 3845 1226 3918 qui
1253 3859 1449 3901 nexum
1482 3843 1684 3900 fraudis
1709 3843 1977 3912 aboleret,
2002 3843 2091 3914 jus
2112 3859 2195 3901 re-

594 3946 880 4004 formaret.
2063 4013 2065 4015 ,
2098 4009 2178 4023 Ἦ

667 4039 756 4094 15.
799 4036 982 4107 (Vers.
1013 4034 1133 4106 25.)
1164 4033 1277 4090 Nec
1319 4047 1473 4089 mora
1508 4031 1620 4087 ulla
1669 4031 1918 4088 sanitatis
1955 4031 2194 4088 interve-

595 4134 708 4189 nit:
739 4145 908 4184 unnm
928 4127 1198 4182 dictorum
1229 4125 1703 4195 remediorumque
1727 4134 2062 4180 momentum
2087 4134 2190 4181 est.

596 4225 860 4296 Spectant
887 4227 1198 4290 surgentem
1222 4215 1522 4282 increduli,
1556 4216 1822 4271 mirantur
1851 4217 2141 4272 abeuntem
2177 4231 2190 4270 :

593 4326 650 4376 et
682 4315 853 4373 divini
891 4313 1075 4384 operis
1111 4309 1374 4366 miracula
1409 4307 1620 4362 malunt
1663 4308 1856 4362 timere
1889 4323 2051 4377 quam
2076 4323 2196 4363 ere-

592 4408 748 4465 dere.
778 4405 912 4461 Nam
957 4403 1002 4458 si
1043 4399 1432 4464 credidissent,
1482 4412 1588 4452 non
1628 4395 1937 4452 timuissent
1985 4398 2194 4468 utique,

591 4501 689 4559 sed
719 4498 1071 4560 dilexissem;
1106 4491 1345 4563 perfecta
1373 4492 1518 4548 enim
1550 4490 1772 4546 dilectio
1808 4491 2064 4545 timorem
2095 4505 2193 4544 ex-

587 4594 766 4652 cludit
799 4591 943 4647 foras
973 4589 993 4660 (
1022 4589 1044 4644 l
1073 4585 1230 4641 Joan.
1267 4599 1342 4652 tv,
1377 4582 1507 4655 18).
1541 4584 1607 4640 Ει
1639 4582 1762 4639 ideo
1796 4583 1908 4651 isti,
1930 4583 2058 4654 quia
2087 4599 2195 4639 non

669 4767 696 4797 ει
723 4755 850 4812 Mss.
899 4752 1142 4821 aliquot,
1190 4749 1501 4819 conﬁtentur
1544 4747 1741 4814 invidi;
1777 4763 1916 4803 unus
1943 4753 1999 4802 et
2025 4746 2188 4816 alter,

591 4829 908 4900 conﬁtentur
935 4829 1137 4897 injusti.
1329 4891 1340 4902 .
1560 4889 1573 4902 υ
1645 4889 1657 4902 .
1935 4891 1946 4902 .
2035 4841 2038 4843 Α

667 4900 693 4940 ι›
716 4899 832 4956 Non
864 4903 1076 4966 poterat
1096 4892 1426 4966 Ambrosms
1444 4889 1771 4966 clarioribus
1795 4891 2192 4966 verbisupojes-

591 4981 760 5028 tatem
783 4961 1090 5024 dimittendi
1113 4974 1334 5035 peccata
1358 4963 1622 5017 ministris
1646 4961 1907 5017 Ecclesia:
1925 4977 1954 5015 a
1970 4961 2192 5016 Christo

593 5043 776 5100 datam
803 5039 1124 5112 praedicare.

669 5125 692 5153 ε
717 5100 987 5182 Quidquid
1027 5110 1167 5182 inter
1195 5119 1381 5170 voces,
1406 5104 1608 5182 lavatur
1635 5120 1667 5157 a
1693 5100 1865 5182 David
1887 5147 1900 5165 ,
1945 5111 2002 5182 e_l_.
2032 5102 2182 5182 illas,

591 5173 764 5243 tectu;
785 5173 998 5244 doloris,
1027 5178 1358 5240 continetur,
1389 5175 1581 5230 deerat
1604 5181 1654 5230 in
1678 5177 1890 5230 cunctis
1917 5173 2050 5229 edit.
2079 5173 2181 5228 Ve-

592 5271 716 5313 rum
742 5257 794 5308 in
825 5251 1077 5308 omnibus
1097 5249 1239 5305 Gall.
1276 5261 1410 5301 mss.
1443 5247 1730 5314 reperitur,
1763 5247 2064 5316 excipimus
2109 5255 2190 5299 ta-

591 5343 719 5384 men
749 5321 1236 5395 Reg.et_C|arom.
1259 5335 1284 5395 ;Δ
1305 5317 1402 5395 sed
1432 5325 1657 5388 uterque
1689 5320 2072 5395 recentior,_et
2102 5317 2189 5371 hic

595 5413 704 5454 non
736 5388 858 5452 tam'
877 5393 1066 5450 Anibr.
1095 5389 1372 5458 expositio
1412 5398 1519 5452 est,
1551 5403 1711 5458 quam
1759 5388 1881 5458 ejns
1926 5389 2186 5457 epitome.

664 5465 691 5506 δ
737 5467 879 5523 Edit.
925 5463 1056 5520 Gill.
1108 5463 1405 5516 intrnserat
1446 5461 1502 5514 in
1538 5467 1744 5512 textum
1786 5477 1800 5513 :
1847 5459 2091 5528 Sequitur
2129 5463 2192 5512 de

592 5539 870 5611 publicano
910 5533 1164 5611 et_deAeo
1194 5531 1456 5611 quodnon
1502 5531 1636 5611 venit
1669 5533 2076 5611 justosbocarc,
2103 5530 2194 5611 sed

588 5601 899 5684 peccatores.
937 5605 1157 5676 Mystica
1179 5601 1410 5684 uacatio2
1444 5610 1550 5657 etc.
1599 5601 2077 5684 Sedrnianifestum
2110 5607 2196 5654 est

591 5671 713 5738 haec
741 5679 912 5741 tituli,
948 5671 1055 5731 non
1097 5682 1276 5729 textus
1308 5674 1576 5727 rationem
1617 5687 1679 5726 ac
1708 5671 1935 5726 formam
1971 5673 2192 5726 habere.

590 5751 755 5805 Rom.
786 5757 967 5804 autem
993 5787 1009 5812 ,
1043 5746 1248 5800 omisso
1284 5743 1448 5798 verbo
1471 5784 1485 5808 ,
1510 5743 1762 5813 sequitur,
1793 5743 1873 5799 sic
1899 5743 2145 5810 reposuit
2176 5759 2190 5795 :

595 5819 822 5892 Mystica
848 5818 956 5873 Itarc
991 5825 1065 5872 est
1101 5855 1116 5880 ,
1145 5821 1253 5869 etc.

1933 234 2538 333 sancrtauenosn

2213 393 2259 453 Α
2289 390 2610 462 diligebant,
2660 387 3155 446 calumniabantur.
3195 387 3654 450 Calumniantibus
3691 404 3843 452 autem

3713 283 3840 341 ’1610

2290 486 2425 540 dicit
2455 503 2467 538 :
2499 485 2638 552 Quid
2669 485 2906 556 cogitatis
2950 485 3091 539 mala
3137 485 3192 539 in
3241 485 3480 540 cordibus
3502 488 3672 542 castris
3713 487 3840 559 (Luc.

2293 592 2350 645 v,
2381 575 2500 646 32)?
2547 576 2682 644 Quis
2726 576 2828 632 hoc
2857 574 3325 636 dicit?.Sacerdos
3357 592 3600 647 magnus.
3646 577 3844 648 Lepram

2293 669 2511 724 videbat
2541 669 2594 723 in
2627 669 2888 725 cordibus
2914 667 3251 736 Jndzeorum,
3279 669 3516 724 ostendit
3541 683 3633 725 eos
3661 671 3842 741 pejores

2293 776 2417 816 esse
2451 761 2686 832 lcproso.
2715 762 2808 817 Ille
2830 761 3099 818 sacerdoti
3131 771 3216 817 est
3245 777 3304 817 se
3316 761 3500 832 jussus
3527 762 3715 819 offerre
3736 779 3840 834 pur-

2291 864 2450 924 gatus
2497 871 2512 906 :
2595 853 2932 926 1359hos
2999 854 3258 909 sacerdos
3303 853 3584 926 repudiat;
3633 871 3696 912 ne
3731 857 3842 913 alios

2297 961 2514 1017 quoque
2541 961 2730 1001 eorum
2753 947 2902 1016 lepra
2927 945 3283 1002 contaminet.
3467 959 3470 963 λ

2295 1091 2304 1098 -
2365 1061 2454 1117 16.
2543 1059 2728 1131 (Vers.
2784 1059 2932 1131 “27.)
2981 1059 3008 1097 ἀ
3067 1061 3327 1130 Sequitur
3398 1060 3620 1134 mystica
3683 1077 3843 1120 evoca-

2296 1153 2370 1207 tio
2429 1152 2749 1220 Publicani,
2814 1167 2978 1223 quem
3037 1154 3194 1223 sequi
3250 1152 3405 1223 jubet
3472 1169 3578 1210 non
3638 1159 3843 1226 corporis

2293 1259 2506 1316 gressu,
2563 1243 2658 1298 sed
2711 1243 2908 1299 mentis
2949 1242 3165 1300 aﬂ'ectu.
3201 1244 3393 1315 Itaque
3429 1245 3518 1301 ille
3548 1245 3689 1316 prius
3713 1262 3842 1302 avara

2300 1341 2323 1369 θ
2355 1337 2422 1392 de
2443 1336 2953 1402 mercedibus,dura
2977 1338 3046 1392 de
3080 1337 3355 1393 laboribus
3373 1339 3720 1409 periculisque
3738 1355 3843 1394 nau-

2295 1435 2472 1482 tarum
2519 1428 2887 1482 emolumenta
2923 1437 3270 1494 convertens,
3295 1431 3462 1484 verbo
3489 1440 3717 1496 vocatus,
3749 1445 3844 1500 pto-

2297 1521 2413 1592 pria
2441 1521 2754 1592 dereliquit,
2786 1523 2876 1592 qui
2905 1524 3153 1593 rapiebat
3173 1523 3344 1578 aliena
3379 1539 3392 1577 :
3425 1538 3489 1579 ac
3512 1525 3618 1579 vile
3640 1524 3758 1578 illud
3777 1540 3841 1580 se-

2297 1613 2410 1669 dile
2450 1613 2776 1678 destitueris,
2807 1623 2920 1669 toto
2943 1625 3064 1684 post
3092 1615 3377 1670 Dominum
3426 1615 3651 1687 vestigio
3685 1617 3843 1672 mentis

2299 1707 2524 1763 incedit.
2557 1707 2804 1763 Convivii
2835 1724 3052 1780 quoque
3081 1710 3260 1780 magni
3294 1710 3517 1795 exhibet
3536 1722 3841 1782 apparatum;

2225 1790 2275 1851 B
2300 1801 2390 1872 qni
2418 1802 2562 1856 enim
2606 1801 2887 1858 domicilio
2917 1800 3194 1859 Christum
3227 1790 3424 1875 recipit
3461 1805 3688 1870 interno,
3712 1806 3844 1861 maxi-

2303 1894 2408 1950 mis
2438 1894 2896 1952 delectationibus
2937 1897 3353 1952 exuberantium
3389 1900 3620 1968 pascitur
3644 1899 3843 1968 volupta-

2303 1995 2440 2042 tum.
2464 1985 2649 2058 ltaque
2674 1988 2936 2044 Dominus
2966 1989 3202 2045 libenter
3233 1989 3536 2061 ingreditur
3557 2033 3570 2059 ,
3601 1990 3726 2048 etin
3748 1991 3840 2061 ejus

2303 2081 2395 2152 qui
2423 2081 2738 2147 crediderit,
2770 2083 3040 2138 recumbit
3063 2081 3282 2139 affecm.

2374 2174 2461 2228 17.
2494 2172 2603 2229 Sed
2644 2187 2834 2229 rursus
2875 2174 3191 2230 accenditur
3220 2175 3422 2232 invidia
3467 2176 3784 2248 perﬁdorum,
3805 2187 3846 2232 et

2302 2263 2499 2320 futurae
2566 2279 2740 2333 paenae
2803 2267 3014 2336 species
3070 2268 3470 2339 prteﬁguratur.
3545 2270 3846 2341 Epulautibus

2301 2355 2446 2409 enim
2481 2352 2768 2418 ﬁdelibus,
2820 2364 2876 2410 et
2918 2356 2971 2411 in
3020 2357 3114 2412 illo
3143 2360 3416 2415 caelorum
3462 2360 3844 2417 recumbentibus

2303 2459 2493 2516 regno,
2519 2447 2746 2517 perﬁdia
2783 2447 2974 2518 jejuna
3003 2451 3369 2521 torquebitur.
3403 2451 3572 2509 Simul
3595 2452 3845 2509 ostenditur

2303 2551 2564 2613 quantum
2595 2541 2810 2597 intersit
2833 2544 2973 2600 inter
3003 2545 3230 2601 aemulos
3258 2546 3423 2618 Legis
3447 2559 3498 2604 et
3518 2547 3709 2620 gratite,
3733 2543 3844 2618 quod

2302 2635 2381 2691 illi
2413 2635 2504 2706 qui
2535 2633 2735 2707 Legem
2757 2648 3088 2716 sequuntur,
3107 2638 3314 2710 jejunae
3360 2643 3558 2698 mentis
3587 2643 3756 2696 famem
3776 2655 3844 2708 pa-

2305 2731 2510 2790 tiantur
2535 2742 2794 2786 aeternam
2823 2749 2836 2786 :
2867 2733 2959 2803 qui
3010 2747 3141 2788 vero
3182 2735 3417 2791 verbum
3457 2736 3510 2790 in
3551 2733 3843 2790 interioribus

2305 2825 2502 2879 animae
2547 2833 2894 2894 receperunt,
2931 2825 3173 2882 alimenti
3197 2827 3440 2884 caelestis
3467 2842 3519 2884 et
3545 2829 3696 2884 fontis
3719 2827 3842 2882 uber-

2303 2924 2412 2974 tate
2433 2918 2664 2973 recreati
2717 2918 2929 2973 esurire
2957 2926 3012 2973 et
3055 2919 3211 2975 sitire
3225 2905 3350 2976 'non
3392 2919 3639 2992 possunt.
3657 2921 3716 2976 Et
3747 2918 3840 2974 ideo

2302 3013 2392 3082 qui
2419 3013 2602 3066 animo
2620 3010 2961 3081 jejunabant,
2994 3014 3418 3071 murmurabant
3439 3016 3672 3072 dicentes
3698 3031 3711 3066 :

2372 3103 2554 3172 (Vers.
2588 3103 2704 3176 50.)
2738 3103 2913 3172 Quare
2953 3122 3069 3161 cum
3113 3104 3440 3164 Publicunis'
3471 3120 3519 3166 et
3554 3105 3843 3181 peccatoribus

2224 3169 2268 3231 (ἶ
2308 3193 2327 3234 ί
2354 3169 2629 3250 ninducat
2645 3169 2696 3251 et
2715 3169 2838 3251 bibit
2859 3198 2885 3251 γ

2371 3287 2458 3343 18.
2501 3288 2826 3359 Serpentine
2875 3306 2975 3345 vox
3005 3291 3104 3347 ista
3152 3303 3257 3349 est.
3308 3295 3556 3368 Denique
3598 3295 3721 3351 hanc
3760 3293 3844 3362 pri-

2299 3394 2448 3434 mam
2497 3395 2684 3436 vocem
2736 3395 2966 3452 serpens
3019 3386 3226 3453 emisit,
3276 3387 3472 3445 dicens
3516 3390 3635 3445 Eva:
3681 3406 3694 3442 :
3735 3383 3843 3452 Quid

2298 3473 2473 3543 utique
2489 3473 2619 3527 dixit
2671 3473 2815 3529 Deus
2845 3491 2864 3529 :
2896 3473 3074 3532 Nolite
3108 3481 3428 3536 manducare
3463 3499 3526 3537 ea:
3562 3481 3690 3537 omni
3735 3479 3842 3550 ligno

2297 3565 2455 3637 (Gen.
2495 3582 2572 3621 ιιι.
2607 3563 2696 3637 t)?
2722 3567 2866 3638 Ergo
2907 3572 3075 3639 patris
3104 3571 3187 3626 sui
3217 3587 3435 3630 venena
3456 3573 3754 3637 diffundunt,
3773 3567 3841 3638 qui

2297 3655 2484 3712 dicunt
2512 3674 2526 3711 :
2557 3656 2699 3724 Quid
2736 3659 2921 3730 utique
2955 3675 3080 3716 cum
3115 3661 3427 3721 Publicanis
3448 3673 3504 3721 et
3524 3661 3843 3736 peccatoribus

2296 3748 2588 3804 manducat
2612 3759 2668 3804 et
2698 3749 2834 3806 bibit
2853 3752 2875 3804 ?
2900 3751 3054 3809 Unde
3080 3753 3347 3812 Dominus
3371 3773 3493 3814 cum
3520 3754 3843 3830 peccatoribus

2299 3843 2700 3912 manducando,
2756 3846 2922 3902 etiam
2974 3863 3098 3904 cum
3146 3851 3446 3923 gentilibus
3494 3866 3596 3909 non
3639 3846 3844 3921 prohibet

2297 3951 2398 3992 nos
2429 3937 2568 3993 inire
2597 3939 2933 4010 convivium,
2962 3941 3153 3998 dicens
3179 3962 3191 3997 :

2373 4030 2554 4103 (Vers.
2598 4031 2717 4103 51.)
2759 4032 2884 4088 Νοη
2910 4044 3060 4106 egent
3093 4037 3180 4106 qui
3222 4039 3341 4094 sani
3367 4048 3507 4109 sunt,
3536 4039 3748 4103 medico;
3777 4032 3844 4088 sed

2297 4124 2385 4194 qui
2412 4124 2543 4178 male
2572 4124 2780 4181 habent.

2367 4217 2459 4273 19.
2507 4218 2718 4276 Novum
2765 4222 3218 4282 medicamentum
3271 4244 3446 4285 novus
3485 4227 3728 4299 magister
3762 4220 3841 4278 ad.

2298 4312 2476 4366 vexit.
2503 4312 2617 4369 Hoc
2641 4313 2710 4370 de
2733 4326 2877 4373 terra
2907 4333 3013 4374 non
3057 4319 3379 4390 pullulavit;
3416 4321 3712 4392 imprudens
3728 4318 3842 4372 enim

2293 4412 2379 4458 est
2409 4405 2586 4461 omnis
2613 4421 2863 4464 creatura
2894 4410 3053 4482 hujus
3073 4413 3668 4480 confectionis.Venite,
3692 4420 3844 4467 omnes

2297 4497 2388 4566 qui
2422 4498 2728 4556 incnrristis
2757 4512 3104 4572 peccatorum
3134 4508 3312 4562 varias
3344 4507 3647 4578 passiones,
3670 4499 3842 4558 utimini

2223 4569 2278 4632 Ῑ)
2303 4593 2592 4664 peregrino
2617 4595 3015 4655 medicamento
3038 4640 3053 4667 ,
3075 4615 3182 4670 quo
3211 4615 3483 4658 venenum
3513 4598 3756 4671 serpentis
3773 4608 3844 4649 ex-

2373 4755 2575 4836 eQuid
2621 4757 2664 4812 si
2717 4759 2925 4830 legeres
2973 4775 3241 4836 cumims.
3282 4765 3453 4836 Reg.,
3491 4768 3553 4821 de
3601 4759 3845 4836 mercibus?

2295 4821 2594 4900 Certe'qnte
2611 4821 2818 4900 sequu'n
2829 4841 2915 4887 tur
2937 4847 3043 4887 non
3067 4835 3298 4890 obscure
3325 4821 3563 4893 itrdicant
3583 4834 3845 4892 Matthmum

2294 4895 2584 4976 Ambrdsio
2606 4895 2864 4976 fuisseex
2881 4919 2948 4976 eo
2985 4920 3187 4973 genere
3214 4907 3641 4974 publicanorum,
3664 4905 3744 4976 qui
3771 4903 3843 4955 tri-

2295 4967 2489 5049 butum
2511 4985 2544 5025 e
2572 4972 2848 5049 portoriis,
2880 4974 2930 5028 id
2949 4967 3054 5049 est,
3088 4991 3119 5049 e
3144 4967 3414 5034 mercibus
3440 4967 3738 5049 importatis,
3767 4986 3842 5028 ex-

2294 5044 2630 5114 pprtatisque
2664 5044 2971 5111 exigerent.
3011 5046 3116 5101 Sed
3145 5059 3332 5103 contra
3366 5044 3530 5105 ﬁdem
3557 5059 3630 5104 tot
3650 5061 3762 5102 mss.
3784 5054 3844 5096 at-

2296 5111 2402 5192 que
2431 5111 2565 5168 edit.
2606 5115 2846 5192 omnium
2901 5116 3386 5192 nibil__andemus;
3428 5138 3547 5176 cum
3585 5115 3837 5192 prtesertim

2300 5185 2515 5260 tributa_
2528 5199 2642 5260 non
2672 5185 2846 5241 solum
2887 5188 3160 5245 mercibus
3187 5185 3691 5260 mercatorumfsed
3714 5187 3842 5240 etiam

2300 5256 2536 5336 mercedi
2570 5267 2850 5336 nautarum
2875 5262 3268 5336 mercatoribus
3295 5277 3516 5334 operam
3535 5256 3676 5319 suam
3698 5261 3840 5314 locan-

2305 5327 2674 5397 tiutnhimponi
2705 5332 2996 5397 potuerint.

2378 5393 2403 5470 ξ
2446 5393 2605 5470 Rom.
2653 5393 2786 5456 edit.
2821 5401 2907 5454 hic
2937 5411 2993 5456 et
3039 5401 3198 5470 infra,
3224 5405 3563 5461 "manducatis
3605 5414 3652 5460 et
3688 5397 3834 5465 bibitu-

2303 5465 2455 5548 linic_
2478 5469 2802 5548 suffragatur
2855 5465 3422 5548 textnsievangelistze
3440 5517 3457 5545 ,
3486 5487 3642 5547 atque
3663 5547 3667 5548 ί
3689 5480 3834 5548 «tumes

2302 5538 2545 5615 ejusdem
2593 5542 2904 5608 versiones;
2945 5538 3311 5615 Ethiopicam
3357 5538 3533 5603 tamen
3558 5538 3833 5614 excipimus;

2305 5610 2601 5690 li_:ee_enim
2630 5629 2768 5690 _cur_n
2809 5623 2921 5668 ant.
2970 5616 3104 5671 edit.
3138 5610 3471 5690 cunctisque
3505 5635 3628 5674 mss.
3654 5610 3833 5690 Ᾱιιιιποτ

2304 5682 2472 5762 ξὶςιιιίε
2517 5683 2738 5762 lectioni
2777 5696 2980 5762 nostrae
3010 5682 3424 5762 patrocinatur}
3445 5691 3528 5746 cui
3562 5692 3710 5762 etiam
3731 5685 3836 5737 favet

2305 5749 2409 5806 loci
2443 5754 2632 5821 series,
2667 5757 2713 5814 si
2745 5755 2907 5814 modo
2933 5749 3041 5814 non
3072 5757 3435 5829 perfunctorie
3461 5761 3783 5816 examinetur.
