3960 6296
184 279 310 338 1681

1135 274 1503 336 Ειιινοειτιο
1544 274 1799 333 EVANG.
1842 274 1989 335 SEC.
2034 275 2187 336 LUC.
2230 276 2360 338 LIB.
2402 277 2470 335 ν.

3325 283 3464 345 1612

174 395 406 453 cluditur
431 410 445 448 :
469 391 616 465 quod
646 404 752 448 non
790 390 965 449 solum
1011 393 1325 461 passionum
1368 392 1588 447 abstulit
1617 393 1763 447 cica-
1794 395 1842 454 Α
1870 394 2162 450 euticntem
2201 411 2307 451 non
2346 392 2753 463 repercutiunt,
2786 393 2877 467 qui
2907 393 3184 452 inimicum
3214 396 3467 469 diligunt.

174 492 383 554 tricem,
431 486 531 544 sed
576 485 740 541 etiam
781 500 1002 540 causam
1040 484 1144 539 tliri
1173 484 1413 539 v'ulncris
1440 485 1763 555 amputavit.

174 583 283 640 lloc
312 580 768 637 medicamentum
798 595 906 635 non
957 580 1152 636 laniem
1201 580 1413 645 indicit,
1444 580 1539 635 sed
1580 581 1763 635 cibum

173 675 365 730 animm
390 673 797 729 subministrat:
844 670 987 727 Venit
1008 672 1144 726 enim
1178 671 1348 726 Filius
1370 672 1591 728 hominis
1613 690 1763 729 man-

170 766 358 823 ducans
392 774 442 819 et
484 764 655 820 bibens
679 806 695 832 ,
726 775 773 819 et
802 764 982 818 dicunt
1011 780 1029 818 :
1056 761 1386 819 Dtemonium
1428 766 1581 820 habet
1610 764 1765 839 (Luc.

170 876 258 920 vtt.
288 858 421 925 δικ
470 866 529 915 et
553 858 675 914 ideo
718 872 872 914 mens
903 867 1086 914 nostra
1121 874 1229 914 non
1259 870 1343 914 est
1367 858 1550 930 jejuna
1580 878 1595 914 :
1626 860 1767 931 jeju-

170 961 295 1009 nant
333 952 387 1007 bi
417 950 620 1020 quibus
655 950 808 1006 abest
833 948 1110 1017 Christus,
1137 951 1512 1023 bonorumque
1540 953 1766 1009 merito-

172 1062 278 1102 rum
306 1044 485 1115 copiis
507 1052 735 1116 cgentJl
768 1044 837 1100 At
859 1059 993 1101 vero
1015 1045 1103 1101 cui
1132 1046 1305 1101 virtus
1326 1060 1439 1102 suae
1469 1048 1767 1105 voluntatis

170 1137 385 1201 sufficit,
409 1136 506 1205 qui
546 1150 643 1190 sua
690 1136 857 1192 domo
897 1136 1095 1207 recipit
1123 1138 1422 1205 Christum,
1454 1137 1765 1195 convivium

170 1245 412 1301 magnum
462 1230 674 1303 1360
713 1230 958 1296 exhibet,
983 1230 1088 1287 hoc
1112 1240 1216 1293 est,
1242 1232 1512 1288 bonorum
1536 1249 1764 1303 operum

167 1325 403 1395 spiritale
440 1325 772 1389 coiivivium,
819 1342 928 1397 quo
957 1325 1111 1383 dives
1130 1327 1361 1397 populus
1386 1339 1531 1400 eget,
1562 1344 1765 1400 pauper

169 1417 433 1483 epulatur.
497 1417 563 1471 Et
600 1416 760 1484 ideo,
812 1416 1021 1487 inquit,
1062 1417 1315 1488 jejunare
1370 1435 1477 1474 non
1534 1428 1767 1491 possunt

172 1507 256 1563 lilii
292 1508 511 1576 sponsi.
549 1507 807 1578 quamdiu
838 1523 960 1563 cum
987 1508 1094 1563 illis
1116 1519 1201 1564 est
1222 1524 1479 1578 sponsus.

232 1602 250 1671 (
277 1600 429 1654 Vers.
479 1600 572 1657 55.
598 1600 619 1672 )
662 1599 877 1655 Venient
897 1611 1069 1656 autem
1098 1603 1229 1669 dies,
1260 1620 1374 1658 eum
1401 1607 1672 1676 auferetur
1701 1603 1765 1659 ab

170 1695 266 1748 illis
289 1711 540 1767 sponsus.

232 1789 319 1845 20.
341 1787 448 1857 Qui
476 1797 609 1844 sunt
636 1787 713 1844 illi
736 1788 876 1853 dies,
895 1790 1095 1860 quibus
1113 1789 1271 1845 nobis
1295 1789 1546 1846 Christus
1581 1792 1761 1847 aufer-

171 1892 267 1948 tur,
297 1882 540 1938 maxime
565 1897 687 1937 cnm
720 1883 834 1951 ipse
856 1881 1093 1937 dixerit:
1120 1881 1391 1937 Vobiscum
1413 1899 1500 1937 ero
1521 1900 1679 1952 usque
1694 1884 1763 1936 ad

174 1972 659 2029 consummationem
686 1973 864 2026 mundi
887 1971 1105 2045 (Matth.
1138 1989 1329 2040 xxuu,
1358 1974 1453 2037 20)
1487 1991 1500 2027 :
1536 1975 1651 2043 ipse
1680 1975 1765 2030 di-

171 2070 323 2125 xerit:
339 2068 463 2123 Non
476 2068 765 2137 relinquam
778 2084 866 2123 vos
878 2068 1140 2138 orphanas
1156 2066 1337 2140 (Joan.
1354 2084 1461 2132 xtv,
1489 2069 1578 2139 18)
1591 2070 1614 2121 ‘l
1627 2069 1759 2124 Cer-

173 2176 272 2220 tum
293 2173 375 2219 est
405 2163 558 2219 enim
601 2162 744 2233 quod
786 2164 830 2217 si
862 2177 961 2217 nos
996 2164 1288 2234 relinquat,
1332 2163 1467 2218 salvi
1505 2178 1628 2219 esse
1668 2180 1762 2220 ne-

171 2271 432 2326 queamus.
461 2256 643 2313 Nemo
676 2256 771 2311 tibi
795 2253 1070 2312 Christum
1102 2265 1280 2327 potest
1308 2257 1545 2326 auferre,
1576 2260 1680 2315 nisi
1708 2270 1762 2317 te

173 2347 240 2403 illi
266 2349 372 2419 ipse
392 2347 640 2404 auferas.
674 2347 789 2403 Non
816 2359 867 2404 te
894 2347 1108 2404 auferat
1132 2350 1394 2418 jactautia
1427 2361 1537 2417 tua,
1573 2366 1678 2407 non
1707 2360 1761 2409 te

171 2440 362 2496 auferat
384 2441 729 2512 arrogantia,
774 2454 876 2495 nec
906 2439 1001 2495 tibi
1029 2439 1098 2495 de
1127 2439 1275 2512 Lege
1299 2457 1619 2512 praesumas;
1652 2458 1760 2499 non

171 2532 297 2586 enim
329 2546 532 2587 vocare
560 2531 742 2601 justos
769 2531 941 2598 venit,
968 2532 1064 2587 sed
1095 2544 1433 2603 peceatores.

229 2624 311 2678 21.
337 2623 629 2694 Quomodo
660 2624 823 2696 igitur
854 2625 1115 2681 Dominus
1139 2626 1381 2695 justitias
1404 2626 1627 2693 dilexit,
1664 2610 1761 2684 ne-

172 2730 263 2785 que
285 2715 450 2772 David
480 2717 621 2772 vidit
641 2716 847 2787 juStntn
877 2716 1200 2774 derelicmm
1223 2717 1401 2790 (Psul.
1441 2735 1499 2785 χ,
1525 2719 1582 2791 8)
1602 2720 1627 2773 ?
1649 2722 1758 2775 Aut

170 2825 275 2879 quas
300 2811 396 2867 ista
423 2813 661 2882 aequitas
692 2811 791 2867 Dei
818 2811 867 2866 si
894 2811 1074 2880 justus
1103 2811 1452 2882 relinquitur,
1481 2822 1536 2868 et
1570 2828 1760 2881 pecca-

174 2914 245 2959 tor
272 2904 569 2961 adciscitur
596 2904 771 2978 (Psul.
800 2921 985 2971 xxxvi,
1009 2906 1135 2975 25);
1166 2906 1268 2960 nisi
1313 2906 1585 2978 intelligas
1612 2906 1756 2976 quod

171 3011 251 3051 eos
269 2998 440 3068 justas
460 2996 626 3065 dicit,
650 2998 742 3070 qui
770 3013 841 3054 ex
866 2998 1011 3068 Lege
1036 3007 1394 3067 praesumunt,
1426 3011 1483 3056 et
1510 3001 1757 3071 Evange-

174 3088 223 3144 lii
247 3091 463 3160 gratiam
497 3107 616 3147 non
648 3092 975 3163 requirunt?
1002 3090 1175 3148 Nemo
1202 3103 1385 3149 autem
1420 3093 1751 3165 justilicatur

1938 488 2030 542 22.
2075 487 2256 560 (Vers.
2290 488 2407 561 3-2..)
2455 487 2510 544 Si
2553 488 2633 543 sic
2679 504 2786 543 non
2831 489 3149 560 accipimus,
3192 491 3468 549 invenitur

1867 582 2202 637 contrarium
2235 598 2248 635 :
2277 580 2398 636 Non
2450 583 2564 638 veni
2607 598 2790 639 vocare
2817 585 3007 655 justas.
3052 584 3157 639 Sed
3193 585 3317 641 illos
3360 602 3468 642 non

1866 682 2047 741 vocat,
2092 674 2182 743 qui
2214 689 2273 729 se
2296 674 2477 745 justos
2533 690 2657 731 esse
2700 676 2887 731 dicunt
2916 695 2931 731 :
2964 674 3276 748 Ignorames
3320 681 3467 734 enim

1867 767 2056 834 Deum,
2072 778 2120 823 et
2143 785 2292 823 suam
2304 770 2568 842 justitiam
2590 781 2875 840 qutrrentes
2888 781 3131 833 statuere,
3148 771 3361 839 iustitia:
3377 771 3474 826 Dei

1866 876 1969 914 non
1998 870 2114 914 sunt
2144 860 2363 931 subjecti
2394 860 2571 931 (llam.
2603 877 2659 925 Χ,
2684 862 2766 929 5).
2801 862 2943 933 Ergo
2975 873 3328 932 usurpatores
3355 863 3473 931 jus-

1866 954 1998 1009 titite
2027 970 2131 1009 non
2160 964 2425 1008 vocantur
2449 954 2517 1008 ad
2543 956 2796 1025 gratiam;
2823 971 2946 1009 nam
2977 955 3021 1012 si
3052 957 3222 1026 gratia
3250 971 3315 1011 ex
3349 970 3469 1025 pm-

1866 1047 2116 1107 nitentia,
2137 1046 2321 1117 utique
2345 1048 2435 1116 qui
2461 1045 2661 1099 fastidit
2687 1047 3086 1116 paenitentiam.
3111 1048 3329 1103 abdicat
3348 1061 3471 1117 gra-

1869 1138 2019 1192 tiam.
2047 1136 2076 1176 b
2109 1138 2379 1193 Siticrunt
2410 1138 2702 1203 vulnerati,
2745 1140 2838 1208 qui
2877 1154 2937 1193 se
2964 1141 3325 1204 sanctilicant;
3352 1140 3473 1195 istis

1866 1246 2102 1301 sponsus
2121 1229 2427 1285 auferetur:
2444 1230 2790 1285 nobisaulem
2814 1229 3190 1299 nonCaipbas,
3208 1245 3311 1285 non
3330 1231 3469 1286 Pila-

1866 1334 1954 1379 tus
1992 1322 2270 1379 Christum
2304 1324 2547 1386 abstulit,
2582 1338 2682 1378 nec
2720 1339 3010 1395 possumus
3034 1323 3305 1393 jt-junare;
3337 1323 3465 1394 quia

1866 1415 2140 1472 Christum
2168 1417 2452 1483 habemus,
2492 1427 2547 1471 et
2572 1416 2772 1471 Christi
2808 1431 3029 1470 carnem
3085 1417 3367 1485 epulamur
3414 1424 3471 1469 et

1866 1509 2209 1579 sanguinem.
2238 1509 2527 1577 Quomodo
2557 1509 2702 1561 t‘llilll
2722 1507 3219 1578 videturjt-junare,
3243 1507 3333 1577 qui
3359 1521 3466 1562 non

1868 1601 2077 1657 esurit?
2121 1600 2407 1668 Quomodo
2682 1598 2899 1654 videtur
2936 1599 3204 1670 jejttnare,
3237 1599 3328 1668 qui
3357 1614 3466 1654 non

1868 1694 2017 1749 sitit?
2045 1694 2330 1760 Quomodo
2355 1707 2535 1747 autem
2579 1694 2734 1747 sitire
2764 1702 2959 1759 potest,
2995 1693 3083 1762 qui
3119 1692 3249 1745 bibit
3276 1690 3460 1746 Chris-

1791 1784 1836 1844 Β
1866 1794 1998 1851 ιιιιιι;
2028 1800 2152 1841 cum
2186 1786 2300 1855 ipse
2325 1786 2525 1841 dixerit
2557 1802 2570 1837 :
2602 1783 2701 1849 Qui
2731 1784 2913 1839 biberit
2941 1785 3004 1839 de
3032 1801 3166 1854 aqua
3195 1800 3349 1849 quam
3374 1799 3468 1854 ego

1864 1879 2016 1937 dabo.
2050 1893 2153 1931 non
2182 1879 2318 1932 sitiet
2344 1878 2395 1930 in
2418 1885 2666 1931 a'ternum
2698 1876 2717 1948 (
2743 1875 2903 1929 Joan.
2932 1891 3014 1942 tv,
3051 1876 3115 1931 15
3145 1876 3197 1946 )?
3228 1876 3469 1947 Denique

1861 1971 1931 2028 de
1958 1972 2122 2027 animi
2150 1971 2355 2027 dictum
2381 1971 2590 2041 jejunio
2614 2012 2630 2036 ,
2656 1972 2821 2025 etiam
2853 1971 3134 2037 sequentia
3163 1970 3465 2025 deelaraut.

1933 2066 2122 2138 (Vers.
2165 2065 2283 2137 56.)
2311 2065 2460 2120 Dixit
2482 2066 2616 2119 enim
2641 2065 3035 2119 similitudinem
3056 2065 3124 2117 ad
3144 2065 3263 2118 illos
3291 2079 3309 2117 :
3335 2064 3473 2131 Quia

1862 2177 2015 2218 nemo
2051 2161 2447 2215 commissuram
2474 2158 2537 2213 de
2567 2159 2863 2214 vestimento
2891 2174 3019 2213 novo
3046 2158 3273 2213 immittit
3301 2158 3356 2213 in
3382 2174 3469 2214 tte-

1862 2253 2161 2308 stimentum
2190 2264 2352 2307 vetus.

1931 2346 2025 2402 25.
2070 2345 2294 2400 Dixerat
2325 2342 2472 2398 ﬁlios
2505 2343 2733 2413 sponsi,
2792 2342 2895 2397 hoc
2927 2350 3046 2409 est,
3103 2336 3467 2410 lilios'Verbi,

1860 2438 1950 2510 qui
1986 2453 2084 2508 per
2112 2437 2315 2493 lavacri
2349 2437 2827 2507 regenerationem
2857 2436 2908 2489 in
2935 2434 3027 2503 jus
3070 2434 3269 2491 divina)
3297 2449 3468 2506 gene-

1860 2531 2092 2588 rationis
2118 2530 2381 2600 assumpti
2412 2539 2573 2595 sunt,
2616 2528 2879 2599 quamdiu
2904 2543 3027 2581 cum
3061 2527 3168 2582 illis
3186 2538 3268 2583 est
3292 2542 3463 2596 spon-

1858 2639 1974 2689 sus,
2002 2622 2255 2693 jejunare
2288 2636 2396 2675 non
2440 2636 2629 2692 posse.
2659 2619 2777 2673 Non
2820 2621 3008 2689 utique
3038 2620 3143 2675 huc
3189 2621 3464 2690 jejunium

1861 2715 2162 2785 relegatur,
2193 2730 2303 2785 quo
2325 2714 2614 2773 coniicitur
2645 2726 2798 2773 caro,
2827 2721 2882 2766 et
2910 2713 3219 2780 corporalis
3247 2712 3468 2768 luxuria

1857 2810 2187 2879 castigatur;
2216 2808 2320 2863 hoc
2341 2807 2484 2863 enim
2504 2806 2772 2877 jejunium
2802 2822 2901 2861 nos
2929 2807 3298 2863 commendat.
3324 2808 3460 2864 Nam

1858 2898 2320 2972 quemadmodum
2372 2899 2674 2970 discipulos
2721 2898 2809 2953 hic
2844 2898 3096 2967 jejunare
3122 2898 3463 2968 prohiberet,

1857 3009 1982 3050 cum
2031 2996 2148 3065 ipse
2179 2993 2442 3048 Dominus
2467 2992 2745 3063 jejuuaret
2767 2991 2919 3065 (an.
2951 3009 3023 3059 tv,
3054 2994 3151 3061 2);
3183 3009 3306 3049 cum
3334 3011 3458 3064 pos-

1860 3096 2039 3142 tremo
2060 3085 2265 3141 diceret
2296 3085 2667 3148 nequissimos
2716 3085 2943 3154 spiritus
2975 3085 3191 3140 nonnisi
3238 3086 3464 3155 jejuuiis

173 3198 229 3238 ex
254 3183 404 3256 Lege,
462 3185 567 3241 sed
624 3185 914 3241 redimitur
967 3199 1035 3243 ex
1090 3189 1285 3258 gratia.
1344 3188 1650 3259 Est-igitur
1695 3173 1825 3243 inC
1856 3188 1914 3236 et
1940 3179 2284 3235 orationibus
2336 3178 2518 3232 solere
2571 3180 2817 3248 superari
2870 3177 3086 3249 (Matth.
3138 3194 3272 3243 xvu,
3319 3178 3459 3249 2t)?

172 3274 295 3348 Lege
342 3280 580 3349 justitia.
645 3277 740 3333 sed
818 3293 928 3334 non
974 3287 1059 3335 est
1114 3295 1213 3350 per
1250 3279 1447 3350 Legem
1510 3280 1752 3351 jus-tilia;

173 3384 276 3425 nazu
303 3371 415 3439 ipse
441 3372 750 3440 Apostolus
765 3372 873 3427 ait:
902 3371 1164 3427 Hebra'us
1184 3388 1248 3429 ex
1273 3372 1753 3440 llebrteis,secun-

178 3462 286 3519 dum
311 3465 508 3537 Legem
546 3466 859 3522 Pharisaeus
882 3506 897 3531 ,
930 3467 1229 3523 secundum
1261 3468 1526 3537 justitiam
1554 3486 1675 3540 qua:
1697 3470 1753 3526 in

176 3553 295 3626 Lege
319 3570 417 3624 est,
432 3571 798 3616 conversatus
814 3559 934 3616 sine
955 3562 1177 3632 querela
1196 3560 1423 3633 (Philip.
1448 3579 1528 3629 ιιι,
1560 3562 1651 3617 5et
1672 3562 1751 3634 6),

177 3650 253 3718 qui
274 3652 532 3722 gloriatur
576 3668 646 3708 ex
686 3652 875 3723 Lege:
912 3652 1041 3717 Qua:
1080 3653 1229 3718 mihi,
1253 3654 1448 3722 inquit,
1473 3657 1618 3710 lucra
1643 3658 1757 3724 {ue-

176 3753 295 3808 runt,
350 3748 455 3801 hac
504 3746 641 3801 duxi
698 3756 911 3817 prapter
955 3744 1223 3801 Christum
1277 3748 1582 3803 detrimenta
1645 3765 1756 3804 esse

176 3834 373 3910 (Philip.
405 3855 481 3906 ts,
509 3838 619 3911 7),
659 3836 761 3893 hoc
787 3846 908 3903 est,
942 3837 1116 3907 abjeci
1142 3838 1409 3908 justitiam
1441 3849 1495 3895 et
1519 3840 1751 3911 gloriam

176 3926 338 3999 Legis;
374 3931 589 4001 justitia
612 3930 760 3986 enim
808 3930 968 4001 Legis
1018 3931 1139 3986 sine
1166 3930 1385 3986 Christo
1435 3947 1600 3987 vacua
1644 3941 1749 3998 est,

176 4022 279 4089 quia
315 4022 595 4093 plenitudo
624 4021 783 4095 Legis
804 4020 1056 4078 Christus
1095 4031 1200 4078 est.
1235 4022 1302 4078 Et
1325 4022 1446 4079 ideo
1475 4024 1575 4079 etsi
1598 4024 1750 4080 estin

176 4111 296 4185 Lege
312 4116 545 4186 justitia,
584 4131 693 4170 non
737 4124 823 4169 est
853 4124 1030 4170 tanien
1056 4131 1152 4183 per
1184 4115 1381 4185 Legem
1401 4115 1610 4185 jnstitia
1643 4133 1656 4171 :
1688 4115 1751 4171 Si

178 4209 291 4261 enim
312 4225 398 4276 per
427 4208 621 4283 Legem
638 4208 846 4277 justitia
874 4247 890 4273 ,
912 4222 1037 4278 ergo
1058 4205 1297 4261 Christus
1320 4208 1485 4281 gratis
1515 4215 1750 4261 mortuus

179 4309 237 4349 est
255 4298 439 4368 (Colat.
483 4315 525 4354 ιι
554 4294 713 4368 .21);
758 4307 1009 4352 mortuus
1060 4305 1149 4352 est
1174 4299 1319 4353 enim
1360 4299 1645 4363 Christus,
1692 4306 1751 4355 ut

180 4387 705 4461 itupleretjnsﬁtiam.
739 4388 983 4461 Denique
1001 4388 1197 4444 Joanni
1225 4388 1431 4446 dicenti
1465 4408 1479 4444 :
1508 4390 1621 4461 Ego
1650 4401 1751 4444 ate

1862 3274 2109 3344 Denique
2156 3274 2322 3328 etiam
2350 3271 2453 3327 huc
2485 3272 2605 3326 loco
2631 3270 2901 3339 jejunium
2944 3272 3332 3325 chIitueutum
3362 3285 3461 3339 ap-

1858 3368 2084 3439 pellavit
2108 3366 2467 3436 vetus,~quod
2502 3366 2809 3421 exnendnm
2843 3364 3141 3429 Apostolus
3170 3365 3465 3420 a-stitnavit

1855 3461 2046 3516 dicens
2079 3478 2092 3514 :
2122 3460 2445 3529 Exspoliate
2476 3475 2574 3514 vos
2618 3469 2860 3513 veterem
2904 3456 3183 3513 hominem
3216 3473 3341 3514 cum
3371 3473 3461 3515 zic-

1856 3558 2003 3612 tibus
2033 3556 2180 3627 ejus;
2231 3566 2285 3611 et
2317 3555 2528 3610 induite
2558 3569 2682 3609 eum
2712 3552 2804 3623 qui
2834 3552 3184 3621 baptismatis
3208 3554 3456 3608 sanctifi-

1854 3651 2071 3706 catione
2100 3660 2396 3704 renovatur
2428 3645 2654 3720 (Coloss.
2688 3662 2766 3711 ιιι,
2820 3646 2852 3701 9
2879 3655 2927 3699 et
2955 3642 3067 3715 l0).
3118 3645 3175 3699 lu
3203 3645 3452 3701 eamdem

1854 3742 2020 3813 igitur
2050 3742 2277 3795 formam
2311 3740 2486 3794 series
2515 3738 2774 3792 convenit
2806 3747 3229 3805 pra-ceptorum,
3268 3752 3336 3792 ne
3365 3752 3456 3792 ac-

1852 3844 1939 3889 tus
1986 3834 2194 3889 veteris
2224 3840 2278 3887 et
2331 3829 2457 3884 novi
2511 3829 2748 3884 hominis
2802 3827 3160 3892 misceamus;
3206 3844 3328 3882 cum
3363 3829 3455 3884 ille

1853 3924 2158 3988 corporalis
2190 3923 2432 3978 exterior
2456 3936 2623 3991 opt-ra
2650 3919 2832 3976 carnis
2852 3931 3136 3987 operetur,
3168 3932 3219 3973 et
3255 3918 3343 3973 hic
3372 3922 3453 3977 iu-

1853 4020 2024 4075 terior
2050 4017 2142 4089 qui
2175 4015 2500 4082 renascitur,
2539 4030 2645 4069 non
2678 4014 3065 4069 t'crsicoloram
3088 4015 3324 4081 speciem
3352 4032 3450 4075 ve-

1854 4121 2028 4168 terum
2070 4126 2451 4179 novorumquc
2495 4107 2693 4163 debeat
2727 4106 2936 4162 habere
2979 4119 3301 4178 gestorum,
3348 4110 3447 4166 sed

1850 4203 2111 4261 conenlor
2156 4202 2377 4257 Christo
2426 4200 2580 4256 illum
2635 4199 2818 4254 studio
2865 4200 3065 4253 mentis
3100 4199 3327 4263 itttitari,
3359 4202 3447 4256 cui

1849 4309 2070 4355 renatus
2098 4304 2186 4353 est
2214 4297 2267 4351 in
2301 4296 2542 4350 lavacro.
2578 4292 2774 4349 Absint
2816 4292 2976 4362 igitur
2998 4291 3252 4347 decolore
3286 4307 3443 4348 men-

1848 4392 1918 4446 tis
1948 4389 2242 4453 velamina,
2276 4403 2395 4455 qute
2424 4386 2719 4456 displicent
2744 4399 2983 4453 sponso;
3016 4384 3272 4453 displicet
3297 4386 3444 4440 enim

181 4484 313 4538 debeo
342 4485 622 4554 baptizari,
668 4493 717 4539 et
765 4492 821 4537 tu
868 4484 1007 4537 venis
1034 4482 1102 4537 ad
1128 4499 1223 4548 me,
1260 4482 1544 4556 respondit
1573 4502 1587 4536 :
1621 4484 1748 4540 Sine
1787 4555 1790 4556 ν
1845 4486 1918 4551 ei,
1947 4485 2039 4556 qui
2069 4492 2278 4539 vestem
2314 4496 2423 4535 non
2466 4479 2720 4534 habuerit
2756 4478 3073 4545 nuptialem.
3099 4478 3315 4545 Sponsn
3340 4496 3441 4534 au-

182 4555 1741 4650 modo;sicenimdecetnosimplereomnemjustitiam(Matth.
1770 4555 1823 4617 D
1849 4555 2118 4646 temquid
2144 4582 2323 4644 potest
2352 4572 2587 4640 placere,
2619 4570 2721 4626 nisi
2745 4585 2848 4641 pax
2872 4569 3061 4637 animi,
3091 4573 3296 4641 puritas
3321 4587 3444 4628 cor-

184 4684 251 4737 ut,
281 4673 339 4728 14
365 4683 409 4728 et
434 4672 543 4741 15).
576 4672 719 4742 Ergo
741 4686 847 4726 nou
879 4671 1051 4741 gratis
1074 4680 1320 4725 mortuus
1345 4688 1358 4724 :
1393 4672 1487 4726 sed
1522 4686 1619 4740 pro
1649 4688 1747 4727 no-
1846 4672 1954 4737 dis,
1982 4670 2220 4726 charitas
2250 4666 2484 4721 tuentis?

185 4760 251 4816 his
280 4774 514 4820 mortuus
535 4776 619 4821 est
644 4763 936 4827 Christus;
967 4762 1172 4833 utjuSIi
1200 4761 1468 4833 fulgerent
1496 4764 1636 4818 sicut
1666 4744 1774 4819 sol.
1915 4762 2009 4819 24.
2055 4762 2235 4816 Bonus
2260 4772 2495 4829 sponsus
2523 4756 2784 4810 Dominus
2810 4754 2991 4820 Jesus,
3024 4754 3113 4809 hic
3146 4770 3286 4810 novo
3315 4772 3437 4826 par-

186 4853 230 4909 in
258 4874 412 4929 regno
453 4859 627 4914 Patris
678 4856 784 4913 sui.
826 4856 935 4914 Sed
980 4873 1086 4910 non
1124 4855 1299 4912 Judaei
1334 4858 1505 4927 justi,
1550 4859 1748 4928 quibus
1847 4865 1902 4913 tu
1951 4865 2196 4911 naturam
2248 4850 2503 4907 initiavit.
2562 4848 2696 4902 lluic
2742 4847 3073 4917 desponsata
3113 4851 3444 4917 corruptelis

185 4946 402 5006 dicitur:
441 4950 572 5006 Cum
630 4950 865 5004 videritis
924 4950 1097 5022 justas
1154 4950 1350 5006 intrare
1412 4950 1467 5005 in
1531 4968 1746 5022 regnum
1845 4949 2027 5005 Carnis
2061 4947 2383 5007 absolvitur,
2417 4956 2522 4995 non
2567 4940 2707 4993 filios
2738 4938 2997 4993 mortales
3036 4942 3284 5009 requiri,
3334 4957 3443 4996 non

188 5041 403 5097 calorum
451 5042 605 5116 (Luc.
656 5056 778 5109 χιιι,
826 5039 943 5112 28).
996 5039 1091 5096 Isti
1139 5050 1268 5096 sunt
1307 5040 1442 5112 justi
1474 5040 1568 5113 qui
1610 5057 1738 5112 per-
1849 5043 1977 5099 Eva:
2026 5041 2329 5097 delectatur
2377 5033 2699 5099 doletibus,
2754 5048 2862 5087 non
2916 5047 3107 5119 νιιδιιιιι
3144 5032 3444 5091 obnoxium

246 5211 269 5239 δ
288 5203 356 5259 Ita
375 5220 501 5260 mss.
529 5203 873 5269 complures:
902 5201 995 5254 alii
1022 5216 1152 5256 vero
1166 5209 1224 5259 et
1243 5201 1613 5269 ant.cdit.,At
1636 5219 1754 5258 vero
1856 5201 1925 5256 Et
1954 5200 1988 5256 ιι
2007 5214 2071 5254 rc
2087 5212 2210 5272 vera
2240 5195 2401 5250 lectio
2426 5201 2529 5248 est.
2568 5190 2664 5251 llic
2692 5189 2835 5243 enim
2861 5187 3005 5272 iiqui
3031 5188 3294 5272 j‘l'jlll-lilnlg
3331 5210 3437 5272 ηηη

190 5276 258 5325 cui
282 5276 425 5330 virtus
452 5293 544 5330 sua
569 5262 831 5329 voluntate
857 5274 1061 5344 sufﬁcit.
1094 5274 1199 5327 Sed
1241 5262 1528 5340 reponere.
1553 5278 1751 5344 placuit

1865 5269 2219 5342 lpjmmntiltus
2248 5277 2593 5344 ttpjttttltltllllr
2618 5280 2639 5344 ἐ
2667 5277 2787 5344 ('Itttt
2821 5270 3000 5343 :tttlutu
3034 5264 3099 5311 tlts
3121 5262 3325 5344 ultimis
3358 5268 3437 5321 in-

194 5344 352 5412 llom.,
397 5352 453 5401 At
496 5364 608 5401 vero
638 5348 721 5399 cui
752 5332 1196 5415 virtufsnppmit.
1234 5332 1438 5401 Eadem
1471 5332 1603 5402 edit.
1653 5362 1749 5414 pro
1845 5332 1930 5398 'fra
1955 5346 2211 5415 scriptum
2239 5332 2355 5415 sit:
2376 5333 2662 5415 .Quon'tntlo
2688 5332 2887 5415 videtur
2910 5332 3185 5415 jejuvtare,‘
3215 5337 3305 5402 qui
3320 5354 3437 5415 non

194 5402 369 5477 verbis",
399 5418 459 5471 Et
488 5419 621 5471 ideo.
651 5457 663 5468 .
699 5456 711 5468 .
747 5458 757 5469 .
794 5433 909 5469 cum
941 5402 1144 5471 illt's'est
1167 5433 1413 5482 sponsus,
1439 5427 1495 5471 ut
1522 5420 1571 5471 iu
1595 5402 1741 5484 aliis,
1845 5416 1949 5470 silit
1968 5431 1986 5479 ,'
2006 5402 2137 5464 ςτιῖίέ
2169 5407 2514 5484 inm'__igimps
2537 5405 2780 5484 lejllllll'e
2808 5402 2957 5484 illos;
2983 5402 3051 5456 tle
3079 5407 3272 5469 quibit.
3301 5408 3434 5484 .lit-j-

194 5496 240 5538 et
281 5472 468 5542 (tuticus
501 5504 628 5543 tttss.
679 5489 929 5551 liabelm',
986 5472 1207 5555 longuni
1243 5472 1424 5543 locutu
1469 5504 1538 5544 ex
1582 5472 1745 5546 Luca;
1848 5472 2254 5551 tttr,'sitierunl.
2290 5472 2420 5555 Nam
2453 5472 3147 5555 Inc,'vulnerqti,itlcqtesl
3180 5492 3241 5527 ac
3269 5481 3433 5555 ραυξ-

196 5555 476 5625 Evangelia,
508 5575 603 5613 suo
634 5575 784 5612 more
812 5543 1188 5610 ειιιιὲιιιιιυῖειι.
1485 5543 1488 5544 ν
1529 5543 1537 5544 7
1589 5543 1606 5544 Π
1726 5543 1738 5546 ⁷
1844 5543 2000 5610 tentia
2033 5570 2132 5606 non
2164 5553 2328 5605 sanati
2361 5564 2379 5602 :
2413 5546 2495 5601 vel
2528 5551 2689 5625 forte.
2716 5543 2954 5623 ardenter
2982 5544 3239 5624 siticines,
3269 5543 3431 5618 supti-

256 5626 279 5665 δ
315 5616 429 5684 Μες.
453 5616 552 5683 neu
584 5632 735 5699 pauci
760 5645 880 5682 cum
905 5635 1017 5699 aut.
1051 5627 1181 5681 edit.
1204 5670 1218 5688 .
1250 5628 1347 5682 Isti
1382 5641 1526 5683 erunt
1556 5631 1734 5687 vulne—
1841 5629 1963 5683 tleut
1996 5626 2306 5678 vulucrlnts
2330 5618 2766 5699 ctlttl'tts§i_5tllenl
2790 5616 3025 5667 ιιιιιλὶιιιυ
3052 5617 3170 5669 Silis
3196 5616 3429 5677 ευδιιιύι)

199 5699 311 5764 rati;
334 5701 419 5757 alii
437 5689 632 5772 aliquot
659 5701 713 5756 in
750 5701 945 5771 quibus
970 5697 1159 5764 Curb.,
1192 5700 1428 5757 sitierunt
1457 5704 1732 5761 vulnerati.
1838 5700 2159 5756 exhaustum
2187 5692 2502 5763 Sanguinem
2523 5689 2789 5742 laborare.

522 5791 792 5861 Ρηιοι..
840 5789 984 5853 XV.

3058 5780 3127 5837 15
