3960 6324
481 262 628 323 ίϐἁῦ

1836 246 2088 315 SANCTI
2123 244 2457 311 AMBROSU

3651 249 3802 324 lett

481 378 681 446 culpat,
706 388 822 435 non
842 371 1216 435 hereditatem
1237 368 1588 428 condemnati
1619 367 1788 439 patris
1824 365 2072 438 requirit.
2102 362 2159 426 Α
2183 367 2353 423 clavis
2382 365 2708 436 quibusdam
2734 378 2749 432 ε
2801 372 2858 422 et
2903 364 3065 423 bonis
3119 365 3478 438 compedibus
3503 365 3802 426 charitatis

480 468 633 524 Vidit
680 467 824 523 enim
868 466 1047 525 carnis
1085 464 1303 527 ulcera,
1355 477 1518 532 quam
1541 469 1701 516 antea
1731 459 2086 528 concupisce—

478 562 617 627 bat;
666 558 904 621 advertit
926 572 1037 621 non
1064 570 1190 615 esse
1226 553 1693 625 pulchritudinem
1737 563 2086 619 veram,quae

479 656 738 713 vitiorum
764 652 958 713 habeat
980 647 1409 706 deformitatem.
1444 646 1513 705 Et
1542 646 1668 705 ideo
1688 643 1819 717 quid
1844 642 1939 698 tibi
1961 655 2084 697 cum

480 746 578 807 tali
618 757 846 814 Sponsa,
880 741 1120 801 femina?
1154 740 1396 812 Bequire
1422 738 1734 810 diligenter,
1766 748 1822 793 et
1854 738 1907 792 in
1936 735 2084 795 omni

474 852 713 909 corpore
736 836 981 901 invenies
1032 835 1368 899 cicatricem.
1397 833 1684 904 Cognosce
1710 830 1882 889 alium
1912 828 2086 899 magis

474 947 771 1004 sponsum.
812 931 905 1000 qui
934 928 1315 995 circumdatur
1344 928 1488 993 luce,
1539 929 1700 995 cujus
1731 924 1946 995 species
1976 937 2085 979 non

472 1034 663 1098 potest
691 1025 940 1085 interire.
960 1023 1118 1081 Hunc
1144 1022 1348 1081 tullein
1375 1020 1561 1079 animo
1593 1030 1713 1087 tuo,
1743 1030 2005 1077 consecro
2029 1014 2086 1075 in

480 1117 687 1187 templo
710 1127 828 1183 tuo,
852 1115 988 1171 tolle
1008 1114 1319 1184 incorpore
1346 1120 1471 1177 tuo,
1501 1111 1644 1166 sicut
1665 1111 1931 1179 scriptum
1960 1115 2045 1162 est
2070 1123 2084 1161 :

474 1207 670 1264 Tollite
715 1205 1002 1261 Dominum
1056 1205 1111 1259 in
1149 1219 1369 1273 corpore
1420 1211 1589 1259 uestro
1624 1200 1668 1273 (l
1708 1198 1834 1256 Cor.
1867 1215 1944 1271 v1,
1966 1196 2083 1269 20).

474 1298 653 1371 Hujus
684 1298 957 1353 thalamos
983 1296 1273 1367 ingredere
1296 1310 1493 1362 novos,
1528 1293 1689 1365 hujus
1709 1299 1958 1363 spectato
1991 1306 2086 1362 pe—

449 1392 755 1462 regrinum
781 1390 1061 1456 decorem,
1091 1388 1234 1449 hunc
1254 1388 1441 1451 indue,
1474 1388 1619 1455 hunc
1639 1386 1764 1443 vide
1795 1385 1863 1441 ad
1891 1384 2090 1443 dexte-

473 1501 593 1543 ram
649 1485 857 1551 Patris,
888 1492 945 1549 et
979 1483 1152 1554 gaude
1194 1483 1323 1553 quia
1370 1482 1531 1541 talem
1565 1480 1732 1544 habes
1766 1492 2031 1549 sponsum
2070 1491 2085 1531 :

470 1577 566 1636 hic
592 1585 649 1635 te
687 1577 884 1639 vestiet
929 1576 1390 1644 benedictionem,
1418 1590 1490 1641 ne
1520 1589 1627 1646 qua
1646 1569 2087 1635 noceatscissura

474 1670 714 1742 peccati.

2189 461 2423 516 innexus
2476 475 2618 515 sum.
2667 458 2843 515 Omne
2890 458 3204 515 mandatum
3257 467 3407 517 tuum
3431 460 3577 516 sicut
3605 470 3813 525 caute-r

2187 555 2328 611 rium
2353 555 2677 625 impressum
2731 552 2951 608 tenebo.
2980 550 3048 608 Et
3089 552 3136 609 si
3168 553 3273 623 urit
3303 554 3606 617 camerium
3638 571 3804 619 man-

2187 646 2340 713 dati;
2378 658 2559 709 tamen
2593 645 2896 716 putrefacta
2940 646 3127 703 carnis
3145 645 3345 715 exurit,
3394 661 3464 703 ne
3490 647 3797 720 ,adOvivum

2187 749 2374 811 serpat
2417 740 2671 811 contagio
2704 748 2803 801 :et
2830 740 2876 795 si
2919 739 3134 806 mordet
3179 740 3667 811 medicamentum,
3704 752 3797 801 ta—

2188 816 2314 899 men
2340 835 2527 895 vitium
2553 833 2755 897 uiceris
2780 833 2941 889 tollit.
2967 834 3136 897 Aufer
3158 835 3343 906 igitur,
3379 836 3611 907 nomine
3632 836 3796 905 Iesu,

2189 928 2399 999 potenti
2445 926 2714 987 machaera
2762 935 2852 983 tua
2883 942 3130 995 meorum
3174 927 3499 999 putredines
3540 937 3802 1000 peccato-

2188 1044 2309 1091 rum
2342 1044 2357 1081 :
2388 1027 2517 1087 dum
2560 1041 2654 1090 me
2702 1024 2876 1089 habes
2928 1024 3150 1095 litatum
3190 1024 3476 1089 charitatis
3526 1026 3795 1094 vinculis,

2187 1136 2314 1184 seca
2360 1120 2744 1193 quodcumque
2792 1120 3047 1198 vitiosum
3094 1129 3202 1179 est.
3240 1120 3374 1181 Veni
3402 1121 3513 1179 cito
3541 1120 3800 1183 incidens

2187 1214 2436 1273 occultas
2474 1221 2531 1269 et
2574 1212 2842 1279 latentes,
2873 1211 3164 1283 variasque
3214 1211 3541 1283 passiones:
3576 1215 3799 1282 aperite

2192 1307 2426 1371 vulnus,
2482 1320 2553 1361 ne
2606 1304 2805 1363 noxius
2847 1314 3040 1374 serpat
3087 1304 3304 1367 humor.
3353 1302 3603 1365 Emunda
3629 1320 3801 1361 omne

2187 1400 2333 1472 quod
2363 1398 2590 1455 fetidum
2618 1409 2704 1457 est
2732 1399 3021 1469 peregrino
3050 1398 3292 1463 lavacro.
3318 1398 3520 1463 Audite
3544 1415 3655 1464 me,
3685 1409 3799 1457 ter—

2188 1493 2309 1549 reni
2337 1493 2718 1564 ltomiues,qui
2750 1494 2989 1562 peccatis
3004 1495 3582 1566 vestriscogilationes
3608 1495 3799 1555 ebrias

2186 1586 2404 1657 geritis.
2436 1587 2502 1645 Et
2541 1601 2643 1657 ego
2668 1586 2832 1645 Levis
2856 1586 3057 1643 talibus
3105 1602 3257 1645 eram
3292 1589 3643 1657 passionibus
3669 1604 3801 1645 sau—

2190 1679 2389 1741 ciatus.
2459 1677 2647 1734 Inveni
2710 1677 2985 1734 medicum
3053 1679 3147 1749 qui
3228 1680 3282 1733 in
3337 1679 3480 1743 ctelo
3536 1679 3797 1746 habitat,

540 1764 640 1821 25.
678 1762 979 1827 Servemus
1009 1762 1172 1833 igitur
1214 1768 1444 1826 vestem.
1472 1774 1632 1830 quam
1659 1771 1762 1819 ηοξ
1797 1771 1957 1812 δαεῖεν
1980 1754 2084 1811 Πο-
2110 1755 2161 1823 Β
2188 1779 2244 1829 et
2292 1771 2347 1827 in
2394 1770 2561 1831 terris
2611 1771 2817 1842 spargit
2875 1772 3297 1833 medicamenta,
3357 1772 3455 1833 Hic
3494 1773 3651 1841 solus
3698 1788 3799 1840 Do-

474 1859 663 1919 minus
688 1866 1041 1929 emergentes
1068 1856 1218 1913 fonte
1239 1855 1477 1915 vestivit.
1507 1854 1629 1913 Cito
1663 1850 1937 1913 scinditur
1963 1864 2079 1907 ves-

470 1949 579 2015 tis,
611 1950 660 2004 si
692 1948 831 2005 facta
852 1963 964 2005 non
997 1954 1336 2018 congruunt;
1376 1946 1494 2003 cito
1541 1945 1702 2000 tineis
1734 1942 1917 2009 carnis
1945 1948 2085 2011 atte-

469 2043 633 2111 ritur,
688 2052 745 2099 et
793 2042 998 2101 veteris
1050 2041 1291 2103 hominis
1328 2055 1520 2101 errore
1548 2037 1886 2111 ﬁmaculatur.
1939 2036 2105 2106 Ergo-

472 2135 568 2195 hic
610 2149 752 2195 nova
807 2135 1085 2192 veteribus
1133 2134 1398 2204 copulare
1429 2149 1444 2187 :
1475 2133 1527 2194 in
1576 2130 1845 2205 Apostolo
1900 2138 2082 2193 autem

474 2230 640 2285 etiam
691 2230 854 2286 novis
904 2237 1089 2284 vetera
1134 2228 1502 2297 super-vestire
1551 2225 1949 2298 prohibemur,
1982 2220 2085 2283 sed

475 2338 688 2381 exuere
721 2331 918 2389 vetus,
967 2337 1169 2378 novum
1212 2335 1465 2385 sumere;
1521 2329 1581 2383 ut
1611 2317 1927 2393 exspoliati,
1974 2331 2084 2370 non

470 2416 606 2474 nudi
630 2417 976 2473 inveniamur
989 2413 1058 2487 (ll
1075 2413 1196 2468 Cor.
1215 2428 1269 2477 v,
1286 2410 1433 2482 2-4).
1458 2408 1853 2480 Exspoliamur
1873 2406 2085 2493 1363

473 2510 622 2571 enim
655 2511 884 2567 meliora
912 2507 1184 2578 sumpturi
1212 2523 1226 2561 :
1252 2504 1523 2563 nudantur
1559 2514 1743 2573 autem
1769 2515 1893 2563 cum
1924 2498 2086 2567 indu-

470 2613 721 2663 mentum
753 2603 910 2661 nobis
935 2602 1116 2659 aliena
1148 2597 1343 2659 fraude
1372 2596 1687 2669 detrahitur
1708 2637 1723 2663 ,
1755 2610 1861 2655 non
1897 2600 2084 2659 nostra

476 2700 762 2756 voluntate
791 2696 1112 2768 deponitur.

549 2812 731 2885 (Vers.
764 2809 885 2882 57.)
915 2809 983 2864 Et
1012 2823 1159 2864 nemo
1198 2807 1355 2862 mittit
1400 2767 1579 2863 uinum
1612 2818 1808 2861 nouunt
1857 2802 1915 2859 in
1943 2810 2087 2857 utres

477 2914 674 2962 veteres
685 2945 698 2958 .

545 2996 641 3051 26.
682 2992 968 3065 Fragilitas
1000 2993 1256 3049 humana:
1292 2990 1630 3047 conditionis
1655 2989 1927 3060 aperitur,
1957 3002 2084 3043 cum

474 3103 708 3160 corpora
732 3095 919 3141 nostra
945 3083 1157 3141 exuviis
1180 3082 1565 3139 defunctorum
1586 3081 1906 3136 animalium
1927 3095 2083 3137 com-

2187 1872 2294 1925 test
2310 1879 2504 1929 sanare
2530 1866 2759 1923 vulnera
2785 1879 2931 1929 mea,
2956 1864 3053 1935 qui
3082 1880 3180 1923 sua
3212 1866 3426 1927 nescit:
3456 1865 3547 1929 hic
3568 1865 3798 1931 auferre

2184 1955 2367 2015 cordis
2418 1957 2662 2021 dolorem
2691 1997 2707 2025 ,
2758 1957 3137 2029 palloremque
3189 1954 3429 2026 unitate.
3495 1959 3592 2037 qui
3639 1961 3799 2019 novit

2186 2048 2422 2104 occulta.

2260 2139 2414 2211 (Cap.
2463 2139 2790 2198 VL—Vers.
2823 2140 2903 2214 1.)
2934 2139 3156 2201 Factum
3183 2154 3261 2207 est
3289 2153 3463 2209 autem
3490 2145 3547 2209 in
3576 2144 3795 2213 sabbato

2183 2232 2413 2291 secundo
2440 2234 2643 2303 primo;
2675 2251 2794 2291 cum
2824 2237 3067 2301 transiret
3098 2253 3192 2306 per
3218 2236 3493 2305 seminata,
3534 2240 3797 2301 pellebant

2187 2327 2433 2399 discipuli
2474 2330 2585 2400 ejus
2628 2328 2832 2401 spicas,
2877 2337 2927 2391 et
2970 2329 3388 2396 manducabant,
3440 2332 3798 2403 conmeantes

2185 2435 2277 2483 eas
2301 2418 2542 2485 manibus
2565 2421 2697 2483 suis.

2257 2513 2350 2569 28.
2390 2513 2501 2570 Nec
2544 2515 2724 2575 solum
2766 2515 3261 2586 comprehensione
3301 2516 3588 2583 verborum
3616 2558 3632 2583 .
3692 2518 3796 2575 sed

2184 2608 2353 2673 etiam
2376 2622 2481 2671 μω
2506 2609 2649 2678 ipso,
2672 2610 2970 2680 specimen
2988 2610 3269 2681 acutorum
3294 2612 3485 2682 incipit
3508 2613 3793 2681 hominem

2187 2702 2454 2763 Donninns
2493 2703 2656 2763 Jesus
2688 2706 2894 2762 veteris
2941 2705 3326 2775 observatione
3354 2707 3517 2778 Legio
3560 2723 3792 2774 eruere,

2190 2811 2441 2868 novoque
2469 2798 2794 2861 indumento
2817 2799 3012 2871 gratia:
3040 2801 3268 2859 vestire.
3302 2801 3493 2872 itaque
3519 2816 3647 2858 eum
3676 2803 3791 2874 jam

2187 2880 2243 2946 in
2270 2890 2498 2951 sabbato
2516 2906 2614 2961 per
2633 2891 2899 2949 seminata
2921 2890 3176 2955 traducit.
3206 2892 3312 2953 hoc
3335 2903 3447 2957 est,
3479 2903 3507 2933 ι
3529 2892 3795 2952 admovet

2184 2984 2501 3045 fructuosis.
2523 2986 2790 3053 Quid-sibi
2807 2987 3098 3057 sabbatum
3120 2990 3273 3056 velit,
3294 2989 3427 3060 quid
3451 3005 3634 3062 seges,
3655 2992 3791 3062 quid

2184 3080 2355 3149 Spicw
2376 3080 2799 3138 non‘mediocre
2836 3084 3158 3155 mysterium
3202 3095 3308 3141 est.
3348 3086 3499 3156 Ager
3523 3087 3676 3147 enim
3710 3096 3795 3144 est

386 3248 393 3253 λ
418 3248 427 3263 κ
474 3143 762 3252 parantur.
795 3176 974 3248 Atque
1002 3176 1211 3232 utinam
1238 3175 1508 3230 bonorum
1540 3174 1741 3228 utrium
1770 3188 2082 3242 usumpos-
2102 3143 2151 3225 (λ
2182 3174 2364 3232 omnis
2388 3173 2477 3241 hic
2503 3175 2780 3234 mundus:
2812 3143 3025 3250 [3'63
3042 3178 3161 3249 agri
3180 3194 3347 3250 seges
3369 3143 3429 3235 in
3444 3180 3661 3237 satione
3692 3180 3795 3237 hu-

475 3273 648 3329 simus
675 3269 939 3339 implere;
990 3276 1051 3323 ut
1097 3273 1502 3325 sacramentum
1546 3263 1694 3335 quod
1740 3262 2077 3331 accepimus,
2145 3274 2148 3280 ‘
2185 3266 2570 3337 amnigenam
2588 3268 2897 3329 fecunditas
2916 3285 3213 3327 numerosa
3234 3279 3588 3338 sanctorum;
3619 3274 3795 3343 spirae

474 3358 1347 3431 reservemuleevatinjuriam
1380 3357 1649 3413 industria
1677 3399 1692 3422 ,
1725 3358 1771 3412 si
1801 3357 2081 3414 renovatis
2182 3360 2297 3430 agri
2340 3357 2555 3419 fructus
2602 3360 2900 3428 Ecclesia,
2944 3377 3083 3432 quos
3125 3363 3384 3434 operibus
3427 3363 3797 3421 disautientes

474 3458 691 3513 utribus
719 3469 855 3510 nova
900 3452 1027 3509 vina'
1055 3452 1374 3508 credantur.
1411 3451 1477 3505 Et
1504 3449 1630 3506 ideo
1660 3457 1809 3505 utres
1833 3449 1936 3506 bos
1960 3452 2077 3521 ple-

474 3563 579 3605 nos
604 3561 825 3603 servare
845 3560 1065 3615 semper
1085 3542 1377 3608 debemus;
1406 3556 1612 3599 vacuos
1634 3543 1781 3605 enim
1803 3543 1914 3609 cito
1932 3542 2078 3599 tinea

476 3650 535 3699 et
556 3655 742 3712 aerugo
773 3638 1071 3704 consumit,
1104 3636 1275 3709 gratia
1302 3645 1494 3703 servat
1525 3634 1807 3706 impletos.

547 3737 643 3793 27.
686 3735 918 3791 Pulchre
943 3744 1125 3789 autem
1149 3732 1303 3802 operi
1334 3731 1460 3786 huic
1486 3730 1617 3786 talia
1646 3739 1922 3801 praecepta
1946 3746 2081 3789 con-

475 3830 985 3887 veniunt:sexlum
1035 3834 1121 3882 est
1174 3824 1322 3881 enim
1354 3838 1517 3895 opus,
1569 3839 1678 3893 quo
1720 3822 1884 3879 Levis
1938 3838 2077 3879 nova

475 3921 709 3993 quadam
740 3920 1004 3989 figuratur
1032 3917 1207 3971 forma
1240 3914 1396 3988 (Luc.
1431 3931 1485 3982 v,
1518 3912 1638 3986 27).
1690 3915 1864 3971 Sexto
1896 3923 2078 3970 autem

475 4015 567 4072 die
590 4014 765 4070 factus
789 4022 876 4069 est
900 4012 1066 4067 homo
1093 4009 1249 4079 (Gen.
1280 4026 1320 4076 ι,
1347 4007 1441 4079 26)
1474 4018 1663 4065 :sexto
1686 4010 1850 4079 igitur
1874 4004 2080 4063 Christi

477 4125 646 4182 opere
671 4107 1000 4163 reformatur
1024 4106 1138 4173 iam
1170 4119 1279 4159 non
1307 4114 1484 4168 vetus,
1517 4104 1615 4158 sed
1640 4118 1778 4157 nova
1803 4111 2075 4168 creatura,

476 4212 536 4260 et
566 4200 811 4271 quaedam
845 4198 1016 4252 forma
1044 4196 1357 4266 peregrina.
1392 4196 1459 4249 Et
1484 4194 1610 4250 ideo
1633 4204 1905 4265 tamquam
1940 4210 2077 4249 nova

476 4304 729 4352 creatura
765 4288 985 4345 Christo
1009 4287 1323 4342 convivium
1351 4285 1603 4352 exhibet;
1652 4301 1722 4341 eo
1742 4288 1889 4355 quod
1920 4298 1976 4343 et
2024 4288 2078 4344 iu

478 4390 600 4462 ipso
625 4384 877 4443 Christus
901 4382 1270 4439 delectaretur
1302 4423 1317 4448 ,
1372 4390 1427 4439 et
1458 4380 1576 4451 ipse
1600 4389 1811 4450 partem
1834 4379 2081 4437 delecta.

478 4484 649 4540 tionis
689 4485 993 4536 mereretur
1023 4476 1227 4531 habere
1260 4489 1385 4530 cum
1416 4474 1657 4529 Christo.
1690 4474 1770 4529 Ad
1800 4472 1951 4531 hunc
1981 4474 2080 4546 igi-

478 4586 571 4633 tur
600 4571 1002 4628 informandum
1047 4579 1318 4639 pratcepta
1347 4555 1442 4623 dat
1470 4567 1733 4624 Dominus
1758 4584 1773 4635 ;
1804 4564 2080 4639 sequeba—

480 4680 571 4726 tur
594 4667 738 4724 enim
785 4665 901 4736 jam
931 4664 1108 4731 laetus,
1149 4662 1354 4729 alacer,
1406 4671 1463 4717 et
1513 4660 2076 4725 exsultans,dicens:

480 4763 600 4820 lam
645 4773 755 4816 non
806 4758 1154 4829 publicanum
1200 4769 1354 4826 gero,
1408 4755 1519 4824 jam
1554 4770 1663 4813 non
1694 4764 1857 4825 porto
1887 4756 2076 4811 Levin.

397 4868 401 4872 '
478 4855 620 4912 Exui
654 4851 823 4908 Levin
859 4893 874 4917 ,
931 4858 1217 4921 postquam
1244 4847 1524 4905 Christum
1566 4846 1740 4901 indui.
1776 4847 1877 4902 Odi
1904 4846 2080 4917 genus

476 4961 683 5014 meum,
734 4944 883 5015 fugio
929 4943 1094 4997 vitam
1128 4956 1303 4996 meam
1357 4941 1630 5012 priorem;
1674 4941 1851 4995 solum
1905 4950 1957 4997 te
1987 4957 2078 4997 se-

472 5054 636 5112 quor,
678 5036 907 5092 Domine
949 5035 1102 5100 Jesu,
1141 5035 1231 5104 qui
1277 5048 1441 5088 sanas
1480 5033 1710 5089 vulnera
1752 5049 1897 5091 mea.
1933 5035 2067 5104 Quis

475 5133 622 5189 enim
653 5145 741 5185 me
778 5138 998 5199 separat
1030 5142 1061 5181 a
1088 5125 1362 5199 charitate
1389 5124 1511 5193 Dei,
1562 5141 1684 5196 quae.
1728 5128 1782 5181 in
1838 5136 1889 5183 te
1947 5129 2078 5183 est?

472 5222 798 5295 Tribulatio,
831 5235 899 5287 an
919 5219 1195 5292 angustia,
1227 5234 1294 5272 an
1316 5217 1529 5277 fames?
1550 5217 1773 5290 Ligatus
1800 5235 1919 5274 sum
1949 5219 2075 5277 fidei

2182 3453 2299 3511 suis
2316 3453 2550 3522 apostoli
2575 3454 2961 3525 pascebantur,
2996 3465 3188 3513 tiostro
3202 3469 3265 3512 se
3277 3456 3494 3515 alentes
3516 3456 3791 3528 profectu.

2253 3546 2344 3605 29.
2388 3544 2578 3607 Stabat
2622 3546 2790 3617 igitur
2841 3561 3002 3618 seges
3052 3549 3166 3618 jam
3209 3548 3440 3608 fecunda
3486 3549 3790 3619 virtutum,

2178 3638 2581 3707 pullulantibus
2636 3638 2828 3709 spicis,
2871 3640 3068 3710 quibus
3114 3642 3289 3700 nostri
3336 3640 3552 3699 fructus
3599 3645 3793 3707 meriti

2180 3720 2602 3800 comparantur;
2652 3746 2809 3801 aeque
2854 3733 2998 3789 enim
3031 3744 3126 3803 aut
3178 3733 3355 3791 imbre
3413 3747 3790 3804 marcescunt,

2181 3832 2277 3881 ant
2304 3823 2422 3881 sole
2445 3831 2746 3891 torrentur,
2781 3834 2877 3881 aut
2900 3825 3101 3896 pluviis
3134 3824 3484 3892 humescunt.
3518 3839 3617 3901 aut
3646 3838 3795 3886 tem-

2182 3921 2486 3993 pestatibus
2536 3921 2837 3990 eliduntur,
2891 3933 2987 3978 aut
3033 3939 3064 3978 a
3111 3925 3453 3993 messoribus
3488 3925 3635 3987 intra
3662 3927 3795 3987 hor-

2182 4029 2403 4070 reorum
2436 4013 2676 4070 felicium
2707 4015 3050 4085 receptacula
3092 4016 3486 4077 reconduntur.
3540 4017 3794 4089 Recepe—

2179 4116 2268 4163 rat
2320 4123 2451 4178 ergo
2502 4117 2648 4164 terra
2696 4108 2807 4178 jam
2840 4108 2937 4165 Dei
2980 4109 3230 4176 verbum,
3260 4120 3317 4166 et
3335 4111 3545 4167 caelesti
3572 4114 3792 4177 semine

2181 4209 2333 4256 satus
2358 4201 2558 4258 divites
2592 4201 2739 4258 fetus
2767 4217 2903 4273 ager
2928 4203 3106 4267 almus
3132 4202 3425 4273 effuderat,
3452 4204 3791 4261 Eant-iubant

2180 4293 2436 4363 discipuli
2465 4292 2699 4351 salutem
2747 4294 3054 4361 hominum,
3085 4302 3142 4351 et
3170 4306 3446 4369 tamquam
3471 4298 3794 4356 efoiiiculis

2180 4397 2471 4454 corporum
2502 4386 2768 4441 mentium
2816 4386 3027 4451 fructus
3049 4387 3121 4443 ad
3146 4387 3272 4444 ﬁdei
3303 4390 3479 4444 lucem
3505 4392 3789 4460 praeclaris

2184 4492 2412 4548 operum
2444 4495 2670 4545 suorum
2716 4481 2995 4537 miraculis
3032 4482 3324 4540 eruebant.
3352 4484 3463 4540 Sed
3494 4486 3603 4547 hoc
3635 4495 3793 4556 puta-

2186 4572 2317 4629 bant
2338 4573 2512 4631 .ludaei
2532 4576 2762 4635 sabbato
2788 4592 2897 4631 non
2920 4577 3110 4645 licere,
3132 4577 3387 4635 Christus
3414 4591 3603 4636 autem
3630 4597 3788 4638 nova:

2182 4668 2373 4750 gratiae
2400 4683 2627 4725 munere
2647 4669 2970 4742 designabat
2997 4671 3169 4726 otium
3201 4671 3386 4742 Legis,
3409 4687 3551 4744 opus
3569 4677 3783 4744 gratim.

2256 4763 2463 4821 '50.Nec
2480 4765 2601 4820 sine
2620 4765 2879 4837 mysterio
2894 4765 3001 4821 hoc
3020 4766 3090 4820 ab
3109 4764 3458 4836 Evangelista
3474 4768 3782 4823 secundum

2184 4855 2496 4917 Matthmum
2538 4858 2753 4932 (Matth.
2777 4874 2874 4921 an,
2913 4859 2992 4932 t),
3025 4870 3081 4914 et
3109 4858 3345 4914 Marcum
3378 4858 3579 4932 (Marc.
3620 4861 3783 4933 11,23)

2181 4947 2462 5009 δεξιωιιιιιι
2498 4965 2634 5020 pure
2663 4952 2836 5019 posita
2876 4960 3039 5021 puto,
3078 4951 3336 5022 quoniam
3381 4951 3613 5007 sabbata
3660 4968 3782 5023 per-

2181 5051 2339 5111 petua
2374 5041 2528 5099 ferias
2554 5051 2684 5099 sunt
2724 5043 3145 5098 resurrectionis
3174 5050 3418 5098 aeternae.
3464 5042 3651 5100 Veliu
3680 5047 3783 5099 hoc

2179 5135 2345 5205 igitur
2403 5137 2605 5190 saeculo
2663 5135 2876 5192 feriatis
2933 5151 2999 5193 ac
3050 5137 3372 5193 vacantibus
3434 5140 3782 5210 superstitio-

2177 5231 2339 5286 nibus
2364 5229 2710 5297 Judmorum,
2765 5230 2850 5285 vel
2883 5230 2938 5291 iu
2971 5230 3154 5295 futuro
3181 5228 3348 5287 ferias
3374 5231 3479 5301 ipsi
3518 5242 3779 5307 perpetua

545 5345 575 5377 ι
612 5337 815 5418 Omnes
846 5335 1002 5418 edin,
1029 5335 1268 5418 odorque!
1306 5335 1586 5407 fructuosis
1614 5335 1900 5418 itineribus.
1933 5336 2059 5418 Mss.
2164 5346 2339 5400 uatum
2356 5356 2615 5418 perpetua:
2635 5347 2795 5414 feria.
2826 5355 2934 5418 etc.
2956 5344 3154 5401 Caeteri
3180 5346 3302 5401 cod.
3324 5361 3525 5413 magno
3549 5361 3779 5404 numero

357 5420 362 5424 ‘
471 5422 606 5487 vero
638 5424 742 5487 non
773 5407 994 5487 habent,
1022 5406 1475 5487 itineribus-108%
1515 5422 1619 5487 YOK
1642 5407 1953 5487 introducta
1985 5412 2064 5487 vi:
2171 5425 2229 5471 et
2254 5406 2465 5471 meliori
2496 5433 2615 5472 aevo
2635 5406 2865 5485 'scripti,
2910 5427 2969 5471 ut
3014 5419 3068 5473 in
3107 5425 3279 5472 textu.
3302 5417 3395 5472 Sic
3416 5406 3588 5487 porro
3613 5422 3776 5474 inter-

470 5477 631 5533 detur
650 5482 718 5532 ab
740 5480 944 5547 aliquo,
975 5479 1065 5548 qui
1089 5493 1194 5530 non
1223 5488 1437 5549 putaret
1460 5479 1598 5532 scite
1622 5478 1726 5532 dici
1761 5493 1943 5549 posse,
1968 5482 2066 5534 ad-

469 5561 633 5632 movet
665 5550 962 5619 fructuosis,
995 5546 1495 5620 ‘subintelligendo,
1531 5546 1790 5621 operibus,
1830 5550 1939 5616 vel,
1969 5568 2062 5606 ac-

470 5619 742 5744 "033333.
776 5698 886 5742 vet.
922 5703 1045 5743 cum
1076 5688 1262 5756 paucis
1298 5705 1456 5755 niss.,
1488 5690 1759 5746 sabbatum
1787 5692 2068 5748 secundum

474 5755 659 5826 (Rom.
682 5797 696 5824 ,
739 5755 1210 5830 secundOprimum)
1247 5760 1473 5831 positum
1497 5772 1657 5833 puto;
1687 5765 1932 5832 quoniam
1950 5764 2068 5820 sab-

2169 5498 2410 5557 pretare,
2435 5490 2648 5543 sabbata
2676 5504 2806 5556 pure
2827 5489 3015 5556 posita,
3045 5489 3199 5559 quasi
3224 5499 3394 5560 esset,
3424 5490 3772 5560 simpliciter,

2172 5566 2231 5612 ιιι
2254 5559 2406 5612 aiunt
2430 5599 2445 5623 ,
2482 5558 3265 5632 siuegaddttorposita-{quant
3311 5558 3613 5632 lectionem
3658 5576 3775 5632 ger-

2173 5644 2389 5702 manam
2430 5645 2554 5686 esse
2607 5630 2873 5702 inspectis
2907 5630 3192 5702 utriusque
3230 5631 3603 5702 Evangelista
3645 5630 3775 5689 locis

2179 5698 2343 5757 fatale
2360 5698 2759 5772 deprehendes.
