3960 6362
222 346 334 409 1645

1132 346 1504 407 EXPOSITIO
1541 344 1802 406 EVANG.
1842 347 1991 407 SEC.
2031 346 2188 408 LUC.
2233 348 2362 407 LIB.
2404 348 2470 408 ν.

3323 343 3463 421 tota

207 464 528 523 solemnitate
547 461 911 529 celebrantes,
942 472 1066 532 qua:
1098 460 1242 518 bona
1273 473 1398 518 sunt
1425 471 1586 519 terrze
1614 478 1769 519 man—
1796 466 1842 529 Α
1942 464 2033 521 54.
2076 465 2206 537 Legi
2241 466 2403 538 igitur
2430 467 2543 537 jam
2572 467 2912 539 superefﬁuit
2954 468 3203 527 doctrina
3239 471 3466 543 Christi,

203 558 508 622 ducabimus,
539 555 694 626 juxta
726 554 872 626 quod
904 555 1171 624 scriptum
1202 566 1289 615 est
1322 557 1442 612 :Illi
1469 557 1766 613 manduca—

202 652 336 714 buut,
360 664 451 703 vos
475 662 610 702 vero
633 648 890 702 esurietis
921 646 1091 717 (Esai.
1121 663 1274 714 um,
1301 647 1413 721 15).

260 741 339 796 5t.
375 739 501 795 Miro
540 748 719 794 tamen
773 738 1073 793 secundum
1122 738 1359 807 Lucam,
1407 741 1768 811 secundopri-

198 852 345 902 mum,
368 850 468 890 non
491 832 967 905 primosecundum
991 833 1276 889 sabbatum
1314 833 1454 889 dixit
1485 854 1498 889 :
1527 818 1769 912 δευτερξ-

200 948 379 1005 πρωτον
424 926 565 980 enim
616 926 885 995 scriptum
917 935 1022 980 est.
1070 924 1325 981 Praeferri
1381 926 1527 981 enim
1583 915 1771 983 debuit

198 1023 333 1093 quod
352 1018 626 1090 praecellit.
672 1018 986 1075 Secundum
1031 1018 1155 1073 ideo
1183 1062 1197 1085 ,
1234 1018 1356 1090 quia
1384 1021 1619 1089 primum
1642 1029 1769 1075 ante

198 1131 253 1170 ex
301 1114 435 1184 Lege
483 1114 758 1181 praecessit
783 1154 798 1179 ,
848 1114 903 1168 in
924 1127 1034 1183 quo
1063 1114 1228 1168 etiam
1258 1128 1417 1184 poena
1448 1116 1767 1185 praescripta

198 1217 269 1264 est
290 1207 474 1280 (Exod.
504 1223 654 1272 xxxi,
699 1206 812 1277 Μ),
852 1207 899 1262 si
928 1210 1052 1279 quis
1080 1218 1335 1279 operetur
1366 1227 1379 1262 :
1408 1210 1639 1280 primum
1666 1226 1766 1266 au—

197 1309 290 1355 tem
319 1301 463 1367 ideo,
487 1302 614 1371 quia
644 1300 932 1355 sabbatum
965 1301 1099 1356 illud
1123 1316 1191 1357 ex
1223 1302 1364 1373 Lege
1396 1304 1628 1359 solutum
1656 1315 1762 1373 cst,

196 1393 320 1465 quod
345 1402 459 1448 erat
482 1394 750 1462 primum;
782 1402 839 1449 et
867 1394 969 1449 hoc
1001 1394 1237 1464 primum
1262 1395 1460 1451 factum
1489 1406 1595 1464 est,
1619 1397 1764 1468 quod

195 1484 405 1539 secundo
428 1494 508 1539 est
523 1485 898 1541 constitutum.
924 1484 1057 1540 Nam
1074 1496 1263 1541 etcum
1294 1489 1510 1557 operari
1535 1488 1765 1543 sabbato

192 1575 349 1643 liceat,
369 1588 421 1631 et
442 1577 727 1647 operantis
749 1578 897 1632 nulla
922 1579 993 1632 sit
1014 1593 1210 1648 poena;
1249 1579 1459 1635 sabbati
1490 1581 1676 1651 utique
1698 1597 1761 1637 ex

194 1667 315 1740 Lege
339 1670 490 1739 cujus
523 1670 609 1723 vis
652 1670 831 1724 soluta
860 1679 964 1736 est,
998 1684 1101 1725 nec
1121 1685 1329 1726 nomen
1359 1670 1603 1727 haerebat
1630 1689 1642 1725 :
1667 1673 1763 1728 sed

193 1769 346 1817 tamen
376 1760 537 1817 fuerit
564 1760 704 1819 illud
732 1762 967 1833 primum
998 1762 1215 1831 ordine,
1248 1763 1353 1819 hoc
1380 1765 1612 1834 primum
1645 1781 1766 1821 mu-

1871 571 1971 612 nec
2000 558 2198 627 [segem
2245 559 2431 624 solvit,
2474 559 2570 617 sed
2602 561 2828 631 implet,
2871 562 2995 633 quia
3048 579 3148 619 nec
3177 564 3463 621 sabbatum

1870 650 2054 705 solvit.
2084 650 2113 690 ιι
2136 650 2192 708 Si
2234 653 2381 707 enim
2411 652 2696 709 sabbatum
2735 665 2957 725 propter
2986 655 3236 712 homines
3261 658 3462 715 factum

1869 753 1953 798 est
1984 761 1997 795 τ
2028 744 2230 800 utilitas
2280 756 2460 802 autem
2516 745 2753 802 hominis
2799 748 3106 818 postulabat
3136 751 3465 806 esurientem

1870 833 2145 891 hominem
2187 837 2278 906 qui
2311 837 2403 890 diu
2450 838 2628 892 fuerat
2675 844 2841 893 terra!
2870 838 3134 895 fructibus
3160 839 3465 907 abdicatus,

1868 928 2074 984 veteris
2096 928 2254 983 famis
2281 928 2487 999 jejunia
2525 930 2743 995 vitare;
2787 944 2893 984 non
2938 931 3122 1001 utique
3152 931 3264 987 Lex
3303 932 3471 987 solvi-

1871 1029 1997 1085 tur,
2055 1020 2151 1074 sed
2211 1020 2487 1089 impletur.
2550 1020 2837 1088 Quomodo
2892 1022 3053 1093 igitur
3116 1023 3346 1078 Domino
3398 1024 3467 1079 ad

1869 1110 2077 1164 crimen
2125 1110 2402 1180 obiicitur,
2450 1110 2592 1181 quod
2636 1111 2690 1166 in
2743 1127 2905 1168 servo
2956 1130 3054 1184 pro
3091 1114 3322 1171 crimine
3365 1131 3472 1171 non

1869 1209 2088 1256 tenetur
2109 1199 2135 1252 ‘i

1941 1294 2030 1349 55.
2075 1292 2213 1361 Quid
2255 1304 2437 1349 autem
2470 1294 2778 1350 evidentius
2824 1294 2929 1350 hac
2975 1295 3166 1365 ﬁgura,
3212 1313 3331 1367 quae
3373 1313 3469 1369 per

1869 1396 2047 1444 totam‘
2092 1392 2269 1445 currit
2308 1391 2632 1447 historiam?
2673 1392 2902 1447 Intravit
2939 1393 3111 1448 David
3166 1395 3217 1449 in
3248 1394 3469 1451 domum

1868 1480 2218 1558 Achimeleeb
2240 1484 2539 1540 sacerdotis
2572 1503 2583 1538 :
2618 1484 2713 1540 sed
2742 1500 2842 1541 nec
2862 1487 3104 1555 periculo
3131 1488 3325 1545 mortis
3354 1505 3474 1558 pro-

1869 1576 2068 1642 posito,
2093 1554 2362 1645 hospitem
2387 1586 2627 1645 recusat,
2653 1576 3009 1633 necdcclinat
3030 1581 3274 1635 exsulem
3299 1580 3472 1637 sancti

1868 1664 2082 1719 animus
2108 1667 2407 1724 sacerdotis
2429 1667 2473 1741 (Ι
2492 1666 2626 1740 Reg.
2656 1669 2855 1739 xxr,l).
2880 1669 3056 1725 Tanta
3080 1670 3468 1742 hospitalitatis

1870 1767 1951 1812 cst
1976 1760 2171 1829 gratia,
2202 1772 2256 1815 ut
2285 1760 2522 1817 libenter
2561 1763 2613 1815 in
2653 1776 2752 1817 nos
2783 1762 2959 1818 aliena
2999 1763 3238 1833 pericula
3287 1774 3467 1821 trans-

190 1870 329 1917 nere;
357 1871 452 1911 nec
475 1854 601 1910 ideo
633 1855 816 1911 minus
843 1855 969 1923 hoc,
1020 1857 1147 1928 quia
1198 1858 1518 1924 secundum;
1555 1875 1679 1915 nam
1712 1868 1769 1915 et
1795 1852 1844 1912 Β
1873 1850 2133 1907 feramus.

190 1945 338 2003 Adam
361 1946 589 2016 primus,
651 1962 753 2004 nec
805 1948 1212 2018 comparandus
1261 1950 1504 2007 secundo
1550 1951 1763 2007 Adam:

189 2036 371 2094 Primus
391 2041 541 2096 enim
570 2040 738 2103 Adam
768 2042 823 2097 in
864 2043 1093 2097 animum
1140 2044 1411 2109 viventem,
1456 2044 1766 2103 novissimus

189 2131 330 2187 Adam
374 2133 426 2187 in
468 2133 718 2202 spiritum
781 2135 1149 2204 viviﬁcantem.
1197 2176 1211 2189 .
1256 2176 1269 2189 .
1316 2176 1328 2189 .
1374 2176 1390 2192 .
1448 2135 1518 2191 Et
1565 2139 1764 2207 primus

187 2226 317 2280 homo
339 2228 400 2285 de
427 2237 570 2285 terra
601 2238 857 2293 terrenus,
887 2231 1146 2286 secundus
1169 2231 1319 2284 homo
1346 2230 1413 2285 de
1433 2229 1560 2286 caelo
1588 2232 1766 2287 cretes-

186 2317 239 2372 tis
264 2318 303 2389 (I
331 2320 445 2374 Cor.
486 2336 588 2387 xv,
624 2319 696 2375 45
726 2330 771 2375 et
801 2321 918 2392 47).
951 2320 1220 2377 Prmlatus
1267 2321 1454 2391 utique
1490 2323 1763 2379 secundus

188 2412 370 2479 primo;
408 2412 502 2469 ille
536 2412 686 2469 ettim
711 2428 875 2468 causa
909 2414 1102 2469 mortis
1123 2456 1138 2479 ,
1171 2414 1257 2470 hic
1303 2417 1454 2471 vitae.
1483 2415 1577 2472 Sic
1598 2424 1653 2472 et
1673 2432 1764 2472 se-

186 2505 579 2575 cundoprintnm
637 2506 922 2565 sabbatum
972 2502 1206 2572 dicitur;
1259 2509 1556 2565 secundum
1604 2510 1761 2579 juxta

184 2610 464 2665 numerum,
484 2598 730 2669 primum
747 2599 901 2669 juxta
921 2601 1260 2670 operationis
1279 2602 1542 2672 gratiam;
1565 2603 1762 2659 melius

186 2695 256 2742 est
280 2688 413 2744 enim
436 2690 731 2744 sabbatum
762 2705 871 2761 quo
899 2690 1193 2761 impunitas
1220 2691 1379 2749 datur
1405 2734 1419 2758 ,
1469 2708 1631 2764 quam
1653 2710 1763 2764 quo

184 2791 320 2848 plena
352 2774 748 2851 prescribitur.
790 2782 971 2843 Prima
1008 2783 1145 2849 Lex,
1194 2785 1492 2841 secundum
1523 2785 1765 2856 Evange-

184 2868 323 2937 lium;
347 2871 584 2930 inferior
608 2882 787 2933 tamen
818 2873 1053 2931 formido
1075 2890 1239 2945 quam
1263 2876 1462 2945 gratia.
1488 2879 1598 2932 Aut
1626 2876 1767 2933 forte

182 2969 230 3015 et
254 2964 467 3033 primum
491 2964 594 3021 hic
614 2967 669 3021 in
694 2964 1177 3035 prmdestitiatione
1205 2967 1421 3024 consilii
1449 3007 1465 3033 ,
1490 2980 1545 3024 et
1571 2984 1763 3025 secun-

184 3051 289 3109 dum
320 3056 368 3110 in
386 3058 681 3114 sanctione
702 3057 936 3120 decreti.
1564 3094 1568 3103 ι

240 3146 320 3201 52.
359 3148 541 3221 (Vers.
570 3146 654 3219 '5.)
684 3149 834 3209 Bene
878 3159 1060 3209 autem
1103 3151 1368 3209 Dominus
1420 3152 1474 3209 in
1504 3152 1644 3225 Lege
1677 3163 1756 3224 ty-

1941 1943 2032 1998 56.
2073 1944 2274 1999 Verum
2320 1945 2422 2001 hoc
2453 1956 2474 1984 ο
2502 1946 2555 2000 in
2582 1945 2810 2001 historia
2853 1947 3079 2016 morale,
3118 1948 3171 2003 in
3201 1950 3465 2021 mysterio

1868 2037 2248 2106 prophetatum
2278 2047 2384 2103 est,
2435 2034 2579 2108 quod
2610 2052 2713 2093 nec
2746 2049 3077 2111 prtesumpto
3103 2039 3295 2095 futurae
3322 2057 3472 2096 mor-

1867 2128 1936 2183 tis
1960 2130 2147 2196 exitio,
2182 2144 2370 2185 verum
2414 2130 2563 2184 illum
2622 2131 2787 2186 David
2842 2130 3077 2203 hospitio
3131 2148 3242 2188 sum
3271 2134 3472 2190 mentis
3510 2176 3519 2179 -

1866 2224 2109 2294 religiosi
2140 2224 2494 2279 excluderent
2548 2224 2885 2280 sacerdotes.
2937 2225 3051 2281 Nec
3088 2226 3264 2282 solum
3291 2228 3343 2281 iu
3370 2242 3467 2283 cu-

1852 2317 2060 2389 jusque
2089 2318 2252 2373 domo
2284 2319 2425 2372 vatis
2458 2328 2775 2389 reperturus
2805 2319 3034 2374 docetur
3058 2318 3310 2375 Christus
3342 2319 3470 2375 hos-

1864 2411 2058 2482 pitium
2100 2429 2114 2466 :
2156 2411 2253 2467 sed
2291 2407 2604 2482 etiatn'per
2641 2411 2866 2483 ﬁguram
2904 2413 3164 2483 nequitia:
3207 2413 3470 2483 spiritalis

1866 2503 2150 2558 manubias
2202 2512 2258 2558 et
2295 2518 2445 2557 arma
2496 2513 2846 2574 sumpturus;
2892 2520 3012 2558 naut
3055 2506 3146 2574 qui
3190 2504 3465 2560 Christum

1864 2591 2103 2663 hospitio
2131 2594 2346 2664 recipit,
2382 2593 2781 2664 intelligibilem
2815 2593 2969 2649 illum
3012 2593 3225 2651 Goliam
3267 2597 3469 2666 spoliat

1865 2684 1982 2738 suis
2018 2685 2160 2740 telis.
2246 2755 2250 2758 ή

1935 2776 2027 2847 37.
2059 2775 2201 2843 Quid
2231 2789 2362 2830 vero
2398 2774 2706 2832 evidentius
2735 2791 2897 2847 quam
2928 2776 3075 2848 quod
3117 2778 3171 2833 in
3204 2778 3466 2836 Achime-

1866 2866 1989 2923 lcch
2016 2867 2181 2923 domo
2199 2868 2442 2939 quinque
2473 2882 2641 2939 panes
2671 2871 2808 2940 petit
2834 2870 3005 2926 David
3026 2852 3052 2937 ’,
3105 2882 3159 2927 et
3186 2888 3351 2927 unum
3376 2888 3469 2928 ac-

1862 2962 1995 3032 cipit
2025 2958 2227 3032 (Ibid.,
2259 2963 2295 3017 5
2323 2970 2371 3017 et
2396 2963 2468 3033 6)
2503 2981 2515 3017 :
2547 2964 2967 3019 demonstrante
3014 2975 3141 3036 typo
3167 2966 3311 3037 quod
3355 2965 3465 3036 jam

1862 3069 1971 3108 non
2000 3051 2029 3090 ά
2047 3055 2291 3125 quinque
2320 3055 2495 3121 libris,
2548 3055 2645 3109 sed
2672 3055 2875 3111 Christi
2899 3071 3132 3127 corpore
3160 3057 3315 3113 cibus
3341 3057 3473 3114 ﬁde-

1862 3147 2006 3204 libus
2035 3156 2363 3217 pararetur;
2412 3157 2471 3202 ut
2500 3147 2752 3205 Christus
2782 3165 2983 3221 corpus
3013 3164 3321 3208 assumeret
3349 3194 3363 3219 ,
3396 3168 3465 3209 ne

138 3233 148 3241 ’
180 3252 286 3306 ptun
313 3239 467 3297 futuri
505 3241 617 3303 hoc
640 3256 860 3313 qucque
888 3242 1231 3305 demonstrat
1253 3245 1397 3312 loco,
1425 3254 1482 3301 et
1504 3245 1761 3305 defenso-
1785 3229 1832 3291 C
1864 3241 1991 3311 quis
2020 3241 2090 3297 de
2116 3240 2370 3297 ﬁdelibus
2412 3242 2681 3298 csuriret?
2722 3242 2834 3298 Nec
2879 3243 3063 3300 Doech
3092 3243 3263 3316 ﬁgura
3287 3253 3467 3314 vacat,

177 3328 417 3407 resLegis
443 3334 638 3404 arguit
669 3336 883 3391 nescire
914 3349 1035 3404 quae
1066 3332 1225 3405 Legis
1255 3346 1402 3403 sunt,
1448 3338 1758 3406 exemplum

175 3423 380 3481 atterens
406 3426 563 3497 quod
597 3425 788 3494 David,
842 3442 969 3483 cum
1004 3429 1240 3485 esuriret
1266 3430 1387 3500 ipse
1422 3446 1545 3488 eum
1569 3434 1757 3501 sociis,

177 3512 371 3575 intrarit
387 3518 442 3575 in
467 3518 708 3583 domum
730 3520 849 3585 Dei,
872 3530 927 3576 et
945 3534 1116 3593 panes
1133 3523 1526 3592 propositionis
1550 3524 1764 3597 136‘

179 3614 404 3682 sumpsit,
449 3625 518 3670 et
556 3614 927 3681 manducavit,
977 3625 1032 3673 et
1072 3614 1229 3672 dedit
1271 3616 1340 3674 iis
1364 3610 1609 3688 quicum
1640 3618 1761 3689 ipso

176 3714 314 3762 erant
336 3708 379 3781 (ι
398 3707 543 3781 Reg.
572 3723 696 3776 ut,
729 3710 753 3763 1
780 3718 829 3767 et
857 3708 1015 3780 αφ).
1053 3709 1301 3780 Magnum
1331 3721 1388 3769 et
1419 3728 1546 3768 vere
1577 3728 1761 3769 exem-

180 3800 304 3867 plum
327 3802 749 3875 Propheticum,
803 3818 915 3875 quo
957 3805 1187 3872 primum
1219 3820 1329 3860 non
1366 3806 1548 3865 inania
1578 3807 1757 3878 Legis,

183 3895 306 3950 ased
344 3897 525 3961 solida
590 3896 845 3957 utiiitatis
898 3897 1054 3955 nobis
1098 3900 1378 3968 sequenda
1432 3900 1757 3982 produntur.

181 3983 367 4064 Deinde
393 3992 532 4062 quia
576 3988 743 4045 ltavid
800 4004 923 4049 cum
954 3989 1120 4046 sociis
1149 3989 1361 4060 fugiens
1390 4006 1419 4046 a
1442 3994 1585 4048 facie
1615 3994 1763 4063 regis

180 4078 293 4138 Saul
326 4083 412 4143 hic
466 4082 855 4156 preliguratns
920 4084 971 4139 in
1003 4083 1147 4153 Lege
1200 4083 1454 4142 Christus
1502 4094 1607 4152 est,
1667 4086 1761 4156 qui

181 4186 286 4233 cum
306 4175 571 4247 apostolis
601 4176 903 4247 principem
932 4176 1117 4233 mundi
1146 4177 1361 4233 lateret.

240 4265 323 4327 55.
359 4268 654 4337 Quomodo
689 4279 871 4329 autem
898 4269 991 4326 ille
1016 4270 1340 4327 observator
1372 4269 1529 4341 Legis
1596 4279 1762 4341 atque

185 4353 412 4421 defensor
440 4375 619 4433 panes
637 4369 696 4415 et
735 4361 851 4431 ipse
878 4360 1229 4421 manducavit
1252 4404 1266 4423 .
1298 4370 1353 4418 et
1395 4363 1547 4418 dedit
1574 4363 1640 4417 iis
1669 4364 1762 4433 qui

184 4460 343 4513 secum
393 4461 595 4518 erant,
651 4466 791 4522 quos
853 4467 961 4509 non
1017 4454 1215 4512 licebat
1272 4455 1600 4512 manducare
1656 4456 1760 4515 nisi

184 4546 538 4609 tantummodo
565 4546 978 4613 sacerdotibus;
1014 4546 1116 4605 nisi
1144 4556 1204 4605 ut
1241 4562 1336 4617 per
1363 4547 1511 4603 illam
1537 4547 1762 4604 demon-

1860 3333 1955 3404 qui
2003 3341 2124 3387 erat
2162 3342 2349 3388 custos
2390 3334 2664 3389 mulorum
2698 3333 2887 3407 (Ibid.,
2915 3335 3009 3408 7);
3036 3351 3102 3391 eo
3130 3336 3273 3407 quod
3306 3352 3468 3394 nemo

1862 3427 2004 3481 alius
2034 3427 2139 3483 nisi
2167 3425 2495 3483 inii-uctuosi
2516 3430 2698 3499 gregis
2724 3438 2909 3484 custos
2936 3427 3093 3484 Judas
3132 3438 3317 3501 typum
3341 3444 3467 3501 pro-

1863 3518 2057 3573 ditoris
2080 3520 2356 3590 impleret.

1934 3613 2026 3668 38.
2068 3612 2186 3670 Jam
2209 3613 2347 3669 illud
2393 3613 2538 3685 quod
2569 3629 2669 3685 pro
2697 3614 2865 3669 David
2895 3615 3211 3685 receptione
3245 3632 3461 3673 omnem

1863 3708 2215 3765 Achimelech
2240 3710 2459 3764 domum
2492 3718 2693 3779 praeter
2719 3709 2985 3765 Abiathar
3006 3709 3305 3779 principem
3337 3718 3465 3766 tunc

1864 3804 2130 3873 temporis
2146 3804 2492 3858 sacerdotum
2508 3803 2634 3858 Saul
2659 3812 2981 3873 persecutus
2999 3815 3077 3858 est
3098 3804 3140 3876 (l
3162 3804 3288 3877 Reg.
3301 3821 3459 3872 ,xxn,

1863 3895 2283 3969 20),ostcndit
2332 3896 2616 3966 prophetia
2671 3895 2831 3950 nobis
2892 3895 3037 3965 quod
3081 3911 3242 3951 nemo
3288 3898 3461 3969 possit
3556 3932 3567 3939 ι

1864 4004 2064 4045 nocere
2106 4004 2247 4045 vero
2283 3989 2517 4060 principi
2587 3989 2935 4045 sacerdotum
2969 4031 2984 4057 ,
3029 3992 3121 4063 qui
3169 3991 3319 4047 solus
3377 4001 3462 4048 est

1864 4080 2130 4135 Christus.

1935 4173 2025 4229 39.
2060 4173 2247 4247 (Vers.
2279 4171 2362 4246 7.)
2402 4173 2541 4229 Hinc
2570 4173 2637 4229 ad
2680 4173 2785 4229 alia
2815 4174 3159 4246 progreditur
3198 4170 3466 4234 Doininus

1866 4268 2043 4325 Iesus.
2065 4267 2201 4323 Nam
2220 4268 2309 4337 qui
2336 4277 2504 4323 totum
2535 4268 2813 4323 hominem
2844 4269 3050 4323 salvum
3080 4267 3262 4325 facere
3283 4269 3467 4342 dispo-

1862 4368 2069 4427 suerat,
2120 4360 2330 4434 1365
2352 4358 2385 4399 ὀ
2416 4376 2513 4432 per
2534 4362 2744 4432 singula
2773 4362 3015 4418 membra
3061 4363 3311 4417 currebat
3340 4380 3355 4430 ;
3408 4372 3466 4418 ut

1866 4469 1992 4509 vere
2022 4453 2271 4509 diceret:
2306 4452 2441 4507 Mihi
2484 4454 2819 4517 irascimini,
2866 4454 2955 4523 qui
3003 4463 3165 4508 totum
3208 4454 3466 4507 hominem

1863 4563 2049 4602 sanum
2074 4548 2173 4619 feci
2203 4548 2256 4601 in
2282 4546 2494 4602 sabbato
2518 4544 2702 4617 (Joan.
2734 4561 2827 4611 vn,
2858 4543 2973 4615 25).
3001 4543 3187 4615 Itaque
3217 4544 3320 4599 hoc
3341 4545 3464 4600 loco

183 4643 359 4695 straret
388 4640 644 4713 ﬁgurant.
676 4642 1068 4701 sacerdotalem
1095 4616 1276 4698 cibum
1302 4642 1370 4697 ad
1401 4658 1556 4698 usum
1585 4651 1763 4698 trans-
1786 4616 1843 4677 Ῑ)
1870 4616 2087 4694 tnanum
2119 4640 2264 4693 illam
2294 4655 2454 4708 quam
2482 4616 2727 4694 extendit
2746 4637 2944 4697 Adam.
2976 4643 3032 4692 et
3052 4635 3354 4693 interdictte
3378 4654 3466 4693 ar-

184 4724 360 4787 iturum
411 4748 536 4797 e358
585 4730 955 4804 POPIIIui-utit'l
999 4733 1128 4791 Sive
1163 4735 1309 4806 quod
1356 4750 1550 4791 omnes
1593 4736 1761 4790 vitam

184 4823 557 4883 sacerdotalem
612 4818 878 4883 debemus
920 4826 1117 4887 imitari
1164 4845 1177 4882 :
1225 4829 1343 4885 sive
1390 4829 1518 4901 quia
1572 4844 1764 4885 omnes

183 4909 267 4983 ﬁlii
320 4915 580 4983 Ecclesia
629 4917 947 4981 sacerdotes
995 4931 1152 4986 sunt;
1205 4920 1459 4992 ungimur
1507 4922 1653 4978 enim
1710 4922 1763 4976 in

184 5008 529 5067 sacerdotium
571 5022 845 5079 sanctum,
893 5013 1187 5071 oderentes
1238 5016 1603 5085 nosmetipsos
1656 5014 1768 5070 Deo

184 5093 377 5156 hostias
422 5103 719 5173 spiritales.

247 5242 272 5270 ⁸
311 5237 450 5294 Edit.
489 5253 602 5297 vet.
637 5256 701 5297 ac
728 5256 859 5296 mss.
882 5243 1157 5309 nonnulli,
1185 5243 1275 5298 sed
1304 5246 1466 5309 solius
1492 5246 1758 5302 utilitatis.

184 5300 474 5387 Rom.,_sed
491 5314 681 5387 solida
713 5314 960 5369 veritatis.
993 5300 1120 5369 uss.
1147 5300 1423 5387 plerique,
1482 5320 1572 5370 sed
1597 5300 1771 5370 solida

185 5376 432 5435 utilitatis.
484 5381 897 5453 Cuuscqueuter
935 5395 1117 5440 autem
1147 5376 1250 5441 'ubi
1294 5376 1504 5447 uirides.
1553 5404 1686 5451 mss,
1715 5395 1773 5449 et

187 5457 283 5524 γει.
315 5452 468 5524 edin,
501 5452 699 5519 Deinde
726 5457 847 5524 quia
880 5455 1070 5522 Dauid,
1108 5467 1216 5513 etc.
1247 5457 1406 5519 Rom.
1442 5458 1524 5513 sic
1569 5461 1766 5515 immu—

185 5521 307 5602 tavit
332 5523 570 5602 :"Deinde
595 5527 720 5602 quia
739 5521 799 5581 in
826 5526 991 5582 David
1024 5521 1137 5582 cum
1164 5530 1315 5602 sociis
1339 5531 1569 5602 fugiente
1590 5549 1622 5588 a
1642 5531 1775 5602 facie

186 5592 311 5675 regis
332 5592 492 5672 “Saul,
516 5592 891 5675 prcéﬁguratns
918 5615 1035 5654 cum
1056 5600 1307 5670 apostolis
1337 5592 1573 5663 Christus
1600 5592 1697 5669 est,
1718 5610 1775 5659 ut

184 5674 483 5735 prtttctpent,
505 5680 614 5735 etc,

1870 4735 2016 4789 boris
2046 4749 2202 4805 poma
2241 4733 2516 4802 decerpsit
2547 4731 2723 4805 (Gem,
2755 4748 2839 4797 nt,
2871 4730 2953 4803 6),
2986 4733 3167 4787 succis
3195 4732 3464 4789 bonorum

1868 4825 2131 4881 factorum
2159 4825 2489 4889 salutaribus
2519 4825 2761 4895 irrigavit
2784 4865 2799 4890 ,
2828 4831 2888 4878 ut
2916 4838 3038 4893 qum
3061 4824 3287 4879 crimine
3309 4840 3468 4882 arue-

1871 4930 1975 4987 rat,
1996 4922 2166 4976 bonis
2187 4919 2450 4991 operibus
2477 4929 2783 4975 sanaretur.
2816 4917 2876 4973 In
2901 4932 3009 4989 quo
3034 4916 3255 4973 Judaros
3282 4919 3471 4973 redar-

1872 5015 1991 5084 guit
2037 5012 2323 5080 Christus,
2370 5013 2460 5084 qui
2510 5013 2667 5068 malis
2722 5010 3269 5081 interpretationibus
3305 5011 3466 5080 Legis

1876 5117 2149 5178 praecepta
2171 5107 2460 5173 violarent,
2494 5107 2827 5161 aestimantes
2858 5104 3086 5160 sabbato
3115 5104 3278 5158 etiam
3309 5118 3340 5159 a
3367 5103 3466 5159 bo-

1870 5245 2129 5301 scribitur
2176 5260 2275 5315 pro
2317 5245 2547 5310 morale,
2605 5250 2659 5299 et
2687 5241 2859 5309 proin
2889 5240 3169 5315 mysterio,
3199 5240 3473 5315 inpinyste-
3563 5288 3569 5297 .

1878 5320 2040 5384 rium;
2072 5313 2198 5381 duo,
2253 5317 2648 5389 praplteticum;
2681 5329 2843 5375 unus,
2886 5313 3188 5389 prophetica
3216 5313 3472 5389 allegortq

1881 5400 1973 5447 est.
1998 5382 2201 5447 Omnes
2237 5382 2419 5441 autem
2451 5387 2585 5442 edit.
2626 5400 2655 5437 a
2697 5382 2973 5458 nostraeo
3003 5382 3283 5450 differunt,
3327 5382 3475 5454 quod

1880 5463 1989 5521 illa)
2020 5462 2240 5523 habent,
2270 5460 2745 5531 propheticumest.

1952 5533 1979 5569 ά
2012 5522 2252 5600 Quinque
2270 5522 2448 5595 "tibiis,
2488 5526 2688 5599 Moysis
2713 5524 2989 5591 videlicet,
3035 5523 3087 5579 id
3120 5532 3226 5591 est,
3281 5522 3482 5579 Penta‘

1885 5605 2220 5730 unicigritnes
2241 5672 2372 5727 edit.
2397 5679 2452 5727 et
2472 5668 2689 5741 quidam
2717 5681 2873 5741 mss.,
2900 5683 2992 5737 per
3013 5665 3224 5741 singulo
3255 5665 3483 5741 membra

245 5730 283 5815 δν
315 5730 481 5791 Rom.
501 5730 633 5815 edit.
668 5739 1111 5815 sola,_sobbatum
1140 5743 1277 5805 enim
1304 5754 1516 5815 propter
1544 5744 1779 5803 homines
1885 5747 2116 5802 curabat.
2178 5745 2284 5799 Alii
2336 5730 2552 5815 plurimi
2605 5730 2999 5815 elegantius...
3055 5730 3326 5815 currebat,-
3381 5740 3485 5796 hoc

106 5842 109 5847 .
187 5804 375 5876 factum
401 5818 476 5862 est
500 5827 517 5865 :
542 5812 585 5865 si
616 5826 736 5865 vero
765 5804 992 5876 utilitas,
1022 5827 1128 5869 etc.

262 5884 284 5912 ε
323 5875 398 5932 Ita
432 5894 558 5939 mss.
580 5896 795 5948 omnes,
822 5875 1146 5953 quibusdam
1177 5887 1443 5956 exceptis,
1470 5885 1563 5941 ubi
1593 5885 1779 5941 morali

1886 5820 2033 5877 enim
2062 5808 2363 5889 respondet
2394 5814 2565 5871 verbo
2593 5808 2888 5880 superiori,
2914 5808 3264 5880 praegreditur.
