3960 6314
440 318 584 377 16ιῖ
1663 323 1669 332 '
1766 298 2015 358 SANCTI
2053 298 2096 355 A

2217 295 2398 360 10$!er
3604 283 3672 340 16
3686 282 3741 340 ιδ

443 430 529 485 nis
569 423 828 502 operibus
871 420 1207 484 feriaiidiiiu,
1247 429 1368 472 cum
1412 413 1524 469 Lex
1574 412 1630 468 in
1679 409 2038 482 praesentibus
2065 409 2113 470 Α
2144 417 2252 473 tus,
2281 416 2338 463 et
2387 403 2554 474 judex
2613 413 2716 460 est.
2761 402 2816 457 lu
2845 399 3020 457 altero
3044 397 3266 470 pietatis
3289 395 3555 461 ofﬁcium,
3589 394 3642 449 in
3667 395 3742 449 al-

447 494 682 580 forn'iaiu
764 511 1193 595 praﬁguraverit
1261 505 1565 563 luturoru’m
1634 521 1646 556 :
1726 503 1780 556 in
1851 501 2047 572 quibus
2151 511 2269 557 tero
2297 501 2508 566 insigne
2538 508 2618 551 est
2653 494 2960 570 potestatis.
3103 497 3107 502 '
3299 517 3302 520 ~
3439 513 3442 516 ~

443 578 632 682 utique
661 578 940 664 malbruui
982 580 1350 662 feritel'ntttrtn
1395 606 1558 658 sunt,
1607 612 1714 650 tttttt
1748 594 2046 664 bonorum.
2222 591 2314 648 45.
2357 589 2426 645 Ει
2473 598 2605 654 erat,
2653 587 2851 658 inquit,
2905 593 3212 655 pernoctant;
3257 583 3311 636 in
3355 580 3590 636 oratione
3629 578 3738 634 Dei.

447 673 581 762 Nam
612 703 738 757 licet
767 697 1042 754 saecularia
1074 690 1673 768 OPCI‘RI.COIIt|u'Ic.SLi|lll.
1705 701 1812 740 non
1843 685 2050 740 Otiosos
2152 685 2375 755 Species
2404 683 2503 737 tibi
2529 675 2712 746 datur,
2743 681 2916 734 l'orina
2950 677 3321 749 priescribitur
3344 691 3510 746 quam
3548 673 3741 728 debeas

448 806 625 852 tamen
656 793 782 847 boni
808 791 990 862 Opet'is
1017 801 1173 849 actus
1194 786 1354 857 estin
1380 783 1472 837 Dei
1501 780 1668 853 laude,
1683 778 2048 852 requiescere.
2155 777 2422 831 aemulari.
2449 775 2588 841 Quid
2612 775 2753 828 enim
2781 781 2832 827 te
2866 787 2964 842 pro
2987 771 3162 824 salute
3192 783 3277 822 tua
3311 767 3489 822 lacere
3515 773 3740 830 oportet,

520 886 609 943 40.
652 853 984 957 (Vers.'40.)
1008 853 1410 953 Audisti-igitur
1431 873 1644 948 Domini
1673 865 1838 928 verba
1867 869 2054 924 dicen-
2157 867 2376 940 quando
2403 883 2503 938 pro
2535 875 2586 922 te
2612 865 2863 922 Christus
2887 865 2938 916 in
2971 862 3220 916 oratione
3252 857 3578 930 pernoctat?
3614 853 3745 925 Quid

447 981 518 1036 tis
547 997 561 1033 :
593 949 828 1034 Eateiide
853 949 1065 1029 minium
1091 951 1251 1028 tuam.
1285 969 1603 1024 Communis
1626 968 1726 1022 ista
1750 963 2054 1036 generalis-
2161 969 2214 1016 te
2245 960 2425 1016 facere
2451 959 2733 1020 convenit,
2762 972 2884 1012 cum
2909 955 2991 1012 vis
3019 951 3242 1025 aliquod
3274 952 3493 1022 pietatis
3517 949 3744 1004 ol'ﬁciiiin

450 1087 559 1144 que
603 1069 873 1127 medicina
906 1077 1011 1122 est.
1039 1065 1104 1120 Et
1131 1074 1184 1118 ιιι
1212 1060 1303 1133 qui
1338 1071 1498 1132 putas
1536 1034 1768 1113 manuni
1783 1055 1982 1110 habere
2005 1063 2060 1107 te
2161 1054 2395 1118 adoriri;
2427 1051 2666 1122 .qnando
2703 1048 2955 1105 Christus
2990 1034 3274 1102 missurus
3301 1041 3599 1114 apostolos,
3635 1055 3746 1095 ora-

450 1131 907 1226 sanain,cavene
937 1131 1438 1222 avaritia,caveiiie
1461 1145 2062 1217 sacrllegiocontraha-
2161 1147 2239 1201 vit
2294 1146 2466 1214 prius.
2524 1153 2580 1199 et
2653 1142 2804 1198 solus
2869 1139 3082 1195 oravit?
3151 1136 3261 1192 Nec
3312 1150 3541 1206 usquam
3607 1131 3748 1197 alibi,

455 1267 563 1312 tur.
587 1253 830 1310 Extende
851 1246 1468 1321 smpiuseanhexteude
1485 1245 1550 1299 ad
1573 1247 1724 1296 illum
1745 1254 2060 1311 pauperem,
2165 1239 2212 1293 si
2255 1251 2362 1293 non
2398 1235 2579 1301 fallor,
2609 1248 2798 1290 orasse
2824 1246 2946 1287 cum
2969 1228 3238 1300 apostolis
3291 1227 3570 1299 reperitur
3602 1243 3614 1279 :
3644 1224 3754 1280 ubi-

455 1349 624 1420 quite
653 1347 902 1402 obscCiat
938 1361 952 1398 :
983 1340 1239 1407 extende,
1269 1350 1327 1394 ιιι
1357 1336 1660 1407 ιιιυιιίιιιιιιιι
1690 1335 1869 1405 jiivcs,
1896 1340 1954 1387 iit
1983 1331 2066 1385 vi-
2167 1347 2276 1404 que
2332 1331 2484 1386 solus
2528 1330 2800 1384 obsecrat.
2841 1326 2932 1381 Dei
2983 1325 3127 1387 enim
3180 1323 3467 1379 consilium
3535 1321 3754 1373 humana

455 1439 576 1496 dua:
617 1436 928 1510 praesidium
961 1435 1127 1498 feras,
1156 1432 1360 1501 eripias
1388 1430 1598 1497 injuriae
1622 1442 1784 1496 quem
1809 1424 1961 1480 vides
1985 1425 2064 1478 iii-
2169 1437 2291 1482 vota
2319 1444 2426 1482 non
2457 1428 2701 1496 capiunt,
2737 1434 2760 1462 ο
2793 1437 2895 1478 nec
2919 1420 3200 1492 quisquam
3234 1416 3556 1473 interiorum
3589 1421 3760 1486 petest

453 1534 618 1604 iusta:
645 1529 994 1600 contumelia:
1015 1525 1312 1601 subiacere
1347 1543 1360 1577 :
1395 1522 1635 1578 extende
1661 1519 1738 1575 ad
1765 1521 1930 1575 Deum
1968 1533 2068 1588 pro
2171 1537 2294 1578 esse
2320 1519 2595 1590 particeps
2615 1516 2860 1573 Christo.
2894 1514 2990 1568 Vis
3014 1515 3156 1568 seire
3181 1512 3440 1582 quoniam
3473 1507 3626 1576 mihi,
3661 1521 3761 1562 non

456 1625 699 1698 peccatis
727 1624 853 1678 tuis.
885 1622 976 1702 pic
1003 1635 1200 1675 manus
1227 1617 1566 1695 extenditur,
1592 1613 1946 1685 siesaiiatiir.
1977 1611 2070 1667 Sic
2173 1617 2274 1672 sibi
2295 1613 2575 1680 oraverit?

461 1718 793 1800 Hieroboam
848 1731 1094 1781 manum,
1138 1728 1260 1769 cum
1314 1711 1475 1783 idolis
1523 1709 1877 1773 sacriﬁcaret,
1933 1721 2068 1761 con-

2247 1709 2431 1780 (Vers.
2475 1703 2590 1779 l5.)
2656 1702 2902 1770 Vocauit,
2945 1699 3160 1772 inquit,
3197 1696 3486 1768 discipulos
3528 1709 3678 1762 suos,
3725 1700 3767 1746 et

463 1795 673 1866 traxit:
698 1793 760 1864 et
807 1823 998 1863 rursus
1037 1821 1160 1862 cum
1197 1805 1368 1861 Deum
1410 1812 1652 1874 rogaret,
1689 1801 1938 1858 extendit
1977 1797 2070 1872 (Ill
2101 1793 2147 1856 Β
2177 1803 2326 1875 elegit
2359 1798 2636 1854 duodecim
2664 1813 2728 1852 ea:
2748 1796 2875 1866 ipsis
2910 1809 2928 1848 :

469 1903 607 1975 Reg.
635 1919 753 1970 ιιιι,
785 1907 817 1958 4
845 1910 892 1956 et
920 1899 1000 1972 6).

533 1997 720 2068 (Vers.
755 1996 870 2062 ιε.)
912 1993 1139 2049 Furtum
1173 2004 1248 2048 est
1279 2002 1451 2047 autem
1482 1993 1536 2045 in
1570 1991 1676 2046 illis
1712 1991 1912 2053 diebus,
1945 1989 2073 2044 exiit

471 2099 496 2127 ει
519 2090 575 2144 iit
608 2096 830 2144 montem
859 2102 1032 2153 orare,
1063 2097 1114 2142 et
1139 2096 1246 2140 erat
1277 2097 1584 2155 periioctans
1609 2086 1659 2137 in
1688 2084 1920 2140 oratione
1954 2081 2072 2136 Dei.

534 2180 626 2237 41.
671 2179 786 2235 Non
820 2178 999 2233 omnis
1028 2177 1123 2248 qui
1152 2185 1297 2243 orat,
1323 2177 1567 2232 ascendit
1603 2179 1654 2230 in
1692 2186 1932 2230 montem
1966 2176 2079 2234 (est

461 2275 609 2344 enim
633 2272 810 2328 oratio
840 2286 964 2342 qua:
997 2279 1279 2340 peccatum
1313 2267 1488 2340 facit),
1512 2267 1608 2324 sed
1639 2269 1731 2339 qui
1766 2267 1903 2322 bene
1932 2275 2076 2333 orat,

465 2384 496 2424 a
531 2367 765 2422 terrenis
790 2364 858 2418 ad
887 2365 1176 2433 superiora
1205 2362 1589 2435 progrediens,
1621 2362 1879 2417 verticem
1913 2361 2095 2417 curia:-

469 2458 720 2516 sublimis
748 2455 1018 2512 ascendit.
1054 2456 1120 2512 At
1155 2456 1252 2512 ille
1293 2471 1401 2510 non
1434 2454 1687 2511 ascendit
1718 2455 1770 2508 in
1816 2461 2082 2523 montem,

478 2549 571 2619 qui
597 2547 666 2604 de
695 2547 879 2603 smciili
913 2546 1142 2612 divitiis,
1172 2557 1266 2600 aut
1302 2546 1371 2602 de
1417 2549 1627 2600 lioiiore
1663 2544 1931 2600 sollicitus
1961 2556 2084 2600 est:

480 2657 588 2699 non
611 2640 874 2710 ascendit
905 2641 960 2697 in
989 2651 1257 2704 mootem,
1287 2641 1380 2711 qui
1423 2639 1581 2695 fundi
1608 2641 1700 2710 jus
1720 2651 1871 2710 optat
1901 2640 2084 2696 alieni.

485 2725 754 2792 Ascendit
805 2734 896 2790 ille
948 2735 1040 2805 qui
1098 2734 1551 2804 Demirqiiazrit,
1601 2733 1849 2788 ascendit
1878 2735 1968 2788 ille
1996 2734 2088 2804 qui

494 2843 692 2885 cursus
739 2827 826 2883 sui
884 2828 1164 2882 Domiuica
1210 2826 1523 2895 adiumenta
1553 2826 1840 2902 deposcit.
1890 2825 2093 2881 Omnes

485 2921 718 2993 magni,
747 2935 939 2975 omnes
976 2921 1241 2975 sublimes
1293 2909 1532 2977 montem
1591 2920 1925 2986 asc‘endun’t;
1985 2930 2091 2976 noit

483 3014 630 3068 enim
677 3013 1001 3082 cuicumque
1049 3014 1312 3082 propheta
1351 3011 1485 3066 dicit
1538 3030 1550 3064 :
1592 3013 1823 3067 Asceiide
1870 3015 1924 3067 in
1947 3027 2094 3066 nion-

485 3118 585 3162 tem
640 3106 924 3170 excelsum,
965 3105 1053 3176 qui
1104 3103 1422 3174 evaiigelizas
1471 3104 1602 3160 Sion
1637 3120 1656 3158 :
1699 3107 1872 3160 exaltu
1910 3106 1964 3159 in
1994 3107 2097 3160 vir-

2247 1913 2338 1968 “.
2383 1914 2529 1979 Quos
2578 1909 2646 1966 ad
2679 1906 3085 1980 prOpagandum
3117 1904 3382 1960 auxilium
3431 1899 3629 1957 salutis
3669 1899 3774 1954 hu-

2179 2005 2484 2076 manae’pcr
2526 2017 2792 2060 terrarum
2824 2002 3014 2056 orbein
3052 2007 3263 2054 satores
3307 1996 3431 2051 ﬁdei
3462 1993 3772 2050 destinaret.

2178 2102 2354 2160 Simul
2384 2091 2608 2155 adverte
2630 2097 2855 2154 cceleste
2880 2093 3196 2158 consilium,
3225 2105 3330 2144 non
3371 2089 3654 2156 sapientes
3679 2084 3775 2140 alio

2181 2207 2339 2264 quos,
2374 2191 2480 2246 utin
2523 2190 2742 2253 divites,
2776 2202 2880 2241 non
2924 2184 3136 2240 nobiles
3183 2201 3196 2236 :
3246 2180 3342 2237 sed
3390 2183 3696 2251 piscatores
3717 2182 3778 2232 ’et

2185 2283 2536 2354 publicanos,
2583 2294 2720 2350 quos
2762 2277 3061 2346 dirigeret,
3111 2274 3306 2344 cli-git;
3362 2287 3434 2326 ne
3483 2269 3781 2326 traduxisse

2186 2375 2493 2448 prudentia,
2527 2390 2594 2428 ne
2630 2371 2933 2426 redemisse
2959 2369 3186 2433 divitiis,
3225 2383 3292 2421 ne
3336 2365 3594 2436 potentiae
3636 2361 3783 2418 nobi-

2187 2470 2460 2538 litatisque
2503 2450 2827 2521 auctoritate
2871 2463 3105 2518 traxisse
3140 2461 3354 2531 aliquos
3383 2457 3451 2512 ad
3483 2474 3632 2512 suam
3663 2470 3787 2528 gra-

2189 2563 2317 2617 tiam
2346 2553 2688 2622 videretur;d
2717 2567 2776 2612 ut.
2801 2556 3050 2611 veritatis
3078 2539 3239 2619 ratio,
3271 2569 3382 2608 non
3401 2547 3788 2622 disputationis

2190 2658 2364 2728 gratia
2401 2653 2742 2724 praevaleret.
3325 2699 3334 2708 .

2264 2746 2356 2802 43.
2404 2745 2587 2819 (Vers.
2621 2743 2738 2814 16.)
2771 2741 3002 2814 Eligitur
3029 2748 3087 2817 et
3112 2739 3299 2805 ludas,
3333 2754 3438 2793 non
3465 2753 3565 2809 per
3591 2737 3790 2807 impru-

2195 2837 2458 2900 dentiam,
2495 2836 2593 2890 sed
2624 2851 2720 2904 per
2752 2834 3171 2903 providentiam.
3203 2831 3414 2900 Quanta
3448 2839 3534 2885 est
3572 2829 3792 2893 veritas,

2197 2944 2358 2998 quam
2418 2945 2519 2983 nec
2571 2927 2917 2982 adversarius
2975 2924 3227 2979 minister
3273 2920 3548 2976 inﬁrmat!
3591 2919 3796 2988 Quanta

2199 3021 2480 3076 nioralitas
2512 3019 2748 3084 Domini,
2774 3017 2864 3087 qui
2893 3016 3190 3088 periclitari
3219 3013 3388 3084 magis
3414 3012 3558 3082 apud
3595 3027 3691 3067 nos
3716 3009 3800 3082 jus

2201 3113 2402 3168 dicium
2465 3128 2622 3167 suum
2676 3127 2833 3182 quam
2886 3109 3136 3164 aﬂ'cctum
3183 3107 3410 3164 nialuit!
3477 3107 3803 3174 Susceperat

485 3209 595 3254 tute
620 3215 792 3254 vocem
823 3196 1418 3268 tuaiii,qiiievangelizas
1437 3194 1759 3249 Hierusalem
1789 3193 1962 3266 (Esai.
2002 3213 2089 3263 η,

2217 3213 2346 3268 anim
2395 3209 2635 3263 hominis
2676 3205 3054 3277 fragilitatem;
3095 3214 3150 3258 et
3186 3203 3310 3258 ideo
3348 3216 3447 3257 nec
3488 3200 3590 3255 has
3621 3209 3801 3269 partes

477 3291 572 3362 ‘9).
600 3290 716 3347 Non
744 3290 986 3361 vestigiis
1014 3290 1201 3344 multis
1233 3289 1636 3359 corporalibus,
1670 3287 1766 3343 sed
1813 3287 1970 3343 laetis
1997 3304 2091 3344 su.

494 3384 838 3440 bliniioribus
876 3383 905 3422 ι’
953 3383 1007 3438 ἰιι
1048 3383 1190 3439 hunc
1236 3394 1476 3436 montem
1519 3383 1804 3436 ascendas.
1855 3383 2096 3454 Sequere

493 3475 810 3538 Christum,
843 3483 902 3527 ut
933 3475 1049 3542 ipse
1091 3489 1213 3528 esse
1255 3490 1413 3529 mons
1448 3475 1624 3542 possis
1657 3490 1668 3526 :
1705 3473 1908 3530 Montes
1949 3475 2096 3530 enim

492 3569 550 3623 in
595 3569 814 3623 circuitu
857 3567 971 3640 ejus
999 3564 1174 3636 (Psal.
1213 3582 1400 3633 cxviv,
1448 3566 1530 3638 ‘2).
1576 3568 1776 3634 Qua-re
1825 3569 1879 3622 in
1918 3565 2098 3623 Evan-

492 3662 657 3733 gelio,
694 3661 943 3717 invenies
981 3661 1285 3731 soloscum
1348 3661 1579 3716 Domino
1619 3671 1860 3717 montem
1904 3677 2097 3718 ascen-

495 3755 644 3812 disse
670 3755 989 3825 discipulos.
1934 3824 1937 3825 ν

569 3851 664 3906 42.
705 3849 847 3928 Orat.
865 3864 997 3921 ergo
1026 3848 1290 3906 Dominus
1339 3864 1446 3905 non
1479 3859 1538 3904 ut
1583 3865 1678 3919 pro
1717 3864 1778 3906 se
1807 3851 2087 3918 obsecret,

495 3943 593 3999 sed
626 3952 682 3999 ut
700 3957 798 4013 pro
820 3957 906 3996 me
930 3942 1215 4018 impetret;
1249 3958 1373 3996 nam
1397 3944 1499 3998 etsi
1519 3943 1700 3998 omnia
1731 3933 1980 4013 posuerit
2009 3945 2106 4000 Pa-

501 4047 585 4093 ter
609 4037 664 4091 in
699 4043 970 4104 potestate
1001 4034 1145 4103 Filii,
1183 4033 1356 4090 Filius
1401 4045 1580 4090 tamen
1621 4045 1681 4090 ut
1730 4037 1967 4094 hominis
1990 4035 2105 4092 lor-

503 4141 645 4181 mam
671 4124 946 4193 impleret.
977 4123 1376 4178 obsecranduin
1415 4123 1632 4180 Patrem
1665 4138 1820 4197 putat
1854 4143 1978 4184 esse
2009 4129 2106 4198 pro

506 4217 698 4279 nobis;
723 4217 853 4286 quia
893 4213 1190 4269 advncatus
1215 4225 1299 4269 est
1334 4227 1542 4270 noster.
1582 4218 1704 4272 Noli
1745 4220 2110 4278 insidiatrices

504 4309 722 4381 aperire
764 4323 947 4372 aures,
982 4317 1042 4361 ut
1070 4317 1227 4377 putes
1266 4309 1460 4364 Filium
1493 4312 1649 4379 quasi
1696 4312 1972 4370 inﬁt-nium
2021 4332 2111 4372 ro-
2181 4307 2186 4314 ’

504 4416 656 4475 gare.
690 4410 750 4456 ut
779 4401 1035 4470 impetret
1063 4399 1210 4470 quod
1240 4401 1472 4470 implere
1495 4419 1602 4459 non
1628 4407 1797 4474 possit
1824 4410 2110 4477 potestatis

500 4508 710 4552 auctor.
764 4493 1108 4550 Oheilieiitia:
1162 4495 1425 4559 magister
1466 4498 1534 4551 ad
1582 4508 1846 4568 princepta
1893 4502 2108 4559 νῑι-ιιιιίε

505 4604 607 4647 suo
648 4604 750 4645 nos
783 4586 1047 4642 informat
1329 4593 1608 4662 exemplo.
1647 4593 1986 4660 Advocatum,
2026 4596 2108 4652 in-

505 4685 644 4759 quit,
672 4682 919 4739 habemus
947 4683 1092 4754 apud
1127 4682 1335 4739 Putrem
1364 4683 1408 4752 (I
1435 4683 1596 4740 Joan.
1631 4703 1692 4754 it,
1727 4689 1801 4759 l).
1846 4689 1904 4745 Si
1936 4689 2107 4744 advo-

420 4811 430 4815 η
505 4787 661 4834 catus
688 4786 790 4838 est.
821 4775 986 4830 debet
1021 4790 1120 4842 pro
1151 4775 1290 4829 meis
1328 4776 1660 4834 intervenire
1691 4781 1950 4849 peccatis.
1991 4781 2108 4836 Non

507 4887 638 4942 ergo
677 4870 844 4940 quasi.
882 4867 1154 4932 inﬁrmus,
1204 4869 1302 4923 sed
1342 4870 1499 4941 quasi
1531 4871 1652 4942 pius
1695 4872 1970 4929 obsecrat.
2016 4875 2111 4932 Vis

505 4968 648 5031 scire
677 4964 934 5035 quoniam
962 4965 1144 5018 omnia
1185 4977 1308 5034 qua:
1339 4963 1492 5031 velit,
1528 4964 1743 5036 possit?
1784 4968 1852 5023 Et
1877 4970 2112 5027 advoca-

582 5151 608 5181 ει
646 5139 947 5214 Sicomnes
972 5137 1101 5193 edit.
1133 5151 1196 5192 ac
1220 5136 1327 5192 duo
1353 5153 1482 5214 mss.
1515 5139 1617 5196 Alii
1645 5157 1773 5197 vero
1802 5158 2016 5214 omnes,
2049 5147 2104 5202 in

508 5226 656 5270 nocte
683 5228 851 5266 orare.
883 5210 1054 5264 Minus
1087 5212 1332 5276 apposite
1357 5211 1422 5264 ad
1454 5218 1756 5281 sequentia.

575 5285 604 5324 b
649 5283 766 5338 Vet.
799 5283 929 5336 edit.
958 5291 1014 5333 et
1061 5283 1213 5336 nauci
1249 5295 1402 5341 mss..
1434 5283 1489 5336 in
1517 5284 1650 5338 hunc
1687 5296 1907 5341 montem
1945 5289 1990 5342 si
2020 5305 2106 5344 as-

505 5355 695 5411 cendas
721 5395 735 5415 ,
775 5353 998 5423 sequeris
1034 5350 1314 5423 Christum.
1362 5353 1614 5416 liom.....
1659 5359 1908 5422 ascende,
1941 5369 1989 5414 et
2026 5377 2108 5414 sc-

505 5443 662 5498 quere
689 5423 968 5498 Christum.
1005 5422 1137 5498 Mss,
1156 5423 1242 5498 alii
1262 5424 1430 5498 multo
1451 5430 1632 5492 plures
1655 5445 1718 5482 ac
1744 5441 2014 5497 potiores,
2051 5440 2109 5485 ut.

507 5494 560 5552 in
606 5507 778 5556 textu,
820 5494 922 5548 ιιὶκί
951 5495 1092 5560 quod
1126 5496 1318 5563 legitur
1365 5497 1416 5548 iii
1447 5494 1790 5567 quibusdam,
1839 5494 2106 5566 ascendet,

511 5569 570 5622 Et
599 5583 785 5622 rttt‘sns
809 5568 942 5639 illim
985 5571 1114 5639 erltl.
1150 5567 1280 5639 Era.
1304 5582 1386 5621 nc.
1418 5583 1534 5639 sui],
1564 5587 1686 5624 cum
1721 5586 1851 5626 mss,
1881 5575 2106 5638 ειιημιοι.

508 5639 684 5704 οιωνε
722 5639 774 5690 5"
808 5635 1084 5701 Ευιυιηειὶο
1113 5635 1336 5690 inveniet!
1367 5653 1386 5691 ἔ
1415 5635 1640 5696 Auierb.
1673 5657 1794 5697 ctiin
1822 5644 1943 5700 aliis
1973 5635 2112 5699 tntil-

505 5711 596 5770 tis.
655 5707 863 5773 Qiitcre,
891 5714 1000 5762 etc.

585 5788 606 5816 ε
651 5775 791 5836 Εύὶι.
843 5778 1048 5837 ultimae
1099 5773 1300 5844 Parim,
1350 5793 1442 5838 nec
1477 5782 1752 5852 quisquam
1787 5783 2110 5857 interiorum.

2201 3303 2477 3359 recusavit
2501 3299 2830 3354 inﬁriiiititis
2867 3298 3140 3350 humanm.
3185 3293 3360 3348 Voluit
3389 3291 3595 3357 deseri,
3628 3288 3806 3344 Voluit

2203 3395 2381 3466 prodi,
2419 3391 2587 3448 voluit
2629 3391 2697 3446 ah
2747 3389 2999 3460 apostolo
3033 3402 3133 3442 suo
3171 3385 3346 3450 tradi;
3398 3395 3448 3439 ut
3480 3393 3536 3438 tu
3578 3398 3609 3437 a
3655 3381 3807 3437 socio

2199 3488 2468 3549 desertus,
2503 3499 2534 3539 a
2563 3485 2712 3540 socio
2743 3485 3019 3553 proditus,
3052 3480 3330 3536 moderate
3361 3478 3504 3535 feras
3532 3490 3681 3533 tuum
3721 3491 3811 3532 er-

2202 3597 2355 3637 rasse
2379 3580 2664 3649 jud~eiiim.
2691 3579 2900 3648 perisse
2931 3563 3278 3632 beneﬁcium.

2261 3672 2443 3745 (Vera.
2474 3671 2584 3741 l7.)
2612 3670 2679 3723 Et
2701 3668 2986 3735 descendit,
3017 3667 3214 3737 inquit,
3247 3680 3365 3720 cum
3387 3663 3516 3731 illis,
3537 3673 3587 3718 et
3611 3661 3747 3718 stetit
3762 3661 3816 3717 in

2215 3769 2328 3823 loco
2356 3767 2484 3839 pede
2510 3766 2686 3839 plano.

2278 3861 2370 3916 46.
2413 3859 2651 3914 Αιινιιιιθ
2701 3855 2881 3910 omnia
2922 3854 3235 3923 diligenter,
3269 3850 3550 3924 quomodo
3596 3858 3652 3905 et
3689 3862 3814 3904 cum

2207 3953 2469 4026 apostolis
2487 3949 2771 4014 ascendat,
2799 3957 2854 4004 et
2875 3947 3174 4003 descendat
3194 3946 3260 4000 ad
3294 3945 3502 4000 turlias.
3531 3941 3818 4013 Quomodo

2209 4049 2352 4103 enim
2383 4045 2536 4101 turba
2571 4044 2671 4099 nisi
2701 4041 2755 4098 iii
2787 4041 2973 4095 humili
3003 4040 3277 4094 Christum
3312 4037 3558 4092 videret?
3584 4035 3702 4091 Non
3732 4050 3821 4090 se-

2210 4141 2393 4211 quitur
2422 4135 2488 4192 ad
2533 4135 2774 4197 excelsa,
2809 4148 2919 4187 non
2956 4130 3205 4186 ascendit
3231 4129 3298 4185 ad
3333 4127 3618 4184 sublimia.
3662 4125 3823 4182 Deni-

2211 4246 2318 4302 que
2345 4228 2434 4285 ubi
2462 4227 2768 4291 descendit,
2800 4223 3006 4279 invenit
3026 4222 3310 4285 inﬁrmos;
3333 4221 3386 4276 in
3409 4219 3651 4276 excelsis
3679 4219 3822 4274 enim

2211 4322 2412 4378 inﬁrmi
2440 4335 2561 4375 esse
2591 4333 2695 4373 tt0n
2730 4323 2978 4387 possunt.
3012 4313 3105 4371 Sic
3127 4315 3290 4370 etiam
3323 4311 3616 4368 Matthqu
3645 4311 3822 4376 docet,

2212 4415 2432 4489 (Manli.
2465 4428 2578 4478 viti,
2604 4411 2681 4483 1).
2713 4413 2764 4465 in
2795 4409 3148 4466 inferioribus
3177 4409 3388 4463 debiles
3415 4422 3539 4463 esse
3567 4415 3822 4472 sanatos;

2215 4508 2368 4581 prius
2404 4509 2550 4562 enim
2588 4501 2961 4573 unusquisque
2993 4510 3016 4538 ο
3045 4508 3265 4555 sanatus
3295 4508 3414 4563 est;
3468 4508 3527 4553 ut
3565 4499 3824 4568 paulatim

2217 4600 2501 4658 virtutibus
2529 4596 2974 4669 procedentibus,
3017 4594 3320 4651 ascendere
3355 4605 3548 4665 posset
3569 4594 3641 4648 ad
3672 4608 3823 4648 tuon-

2216 4705 2347 4751 tein.
2383 4694 2446 4748 Et
2492 4693 2614 4746 ideo
2657 4678 3102 4760 unumquemque
3132 4689 3185 4742 in
3233 4687 3591 4743 inferioribus
3640 4697 3818 4753 sanat,

2215 4785 2319 4842 hoc
2340 4795 2445 4850 est,
2486 4799 2515 4838 a
2551 4781 2777 4838 libidine
2808 4790 3048 4844 revocat,
3081 4779 3336 4849 injuriam
3370 4778 3644 4834 ca'citatis
3671 4794 3827 4835 aver-

2218 4879 2304 4934 tit.
2352 4877 2432 4932 Ad
2462 4876 2684 4930 vulnera
2728 4885 2912 4928 nostra
2959 4871 3263 4936 descendit,
3306 4880 3364 4925 ιιι
3407 4887 3508 4926 usu
3537 4868 3824 4941 quodam‘

2217 4981 2272 5028 et
2299 4971 2456 5042 copia
2484 4974 2590 5036 sui,
2623 4977 2828 5023 naturae
2862 4974 3146 5038 compotes
3173 4979 3274 5020 nos
3306 4963 3472 5021 faciat
3499 4981 3633 5022 esse
3673 4969 3830 5023 cccle—

2209 5146 2338 5204 Mss.
2397 5145 2663 5204 nonnulli.
2688 5159 2780 5197 nec
2807 5143 3083 5214 quisquam
3105 5144 3442 5200 exteriorum.
3479 5144 3832 5204 Commodius

2211 5220 2326 5279 alii,
2357 5231 2420 5271 ac
2453 5226 2558 5270 vet.
2601 5215 2713 5271 edit
2741 5255 2760 5281 ,
2789 5215 3117 5268 interiorum.

2284 5286 2310 5325 ιι
2354 5289 2481 5342 Mss.
2529 5290 2764 5356 aliquot,
2814 5298 2870 5339 ut
2907 5286 3132 5340 veritatis
3174 5286 3375 5341 ratione
3402 5327 3417 5354 ,
3458 5287 3831 5359 disputationis

2218 5362 2388 5434 gratia
2416 5361 2735 5434 praevaleret.

2292 5442 2314 5469 ε
2360 5431 2516 5485 Rom.
2551 5432 2682 5485 edit.
2713 5435 2770 5484 et
2797 5427 2919 5482 eod.
2961 5428 3223 5490 Clarom.,
3256 5429 3527 5484 sanandus
3558 5444 3638 5488 est
3664 5447 3830 5490 ut.....

2218 5504 2493 5557 ascendere
2537 5501 2715 5572 possit.
2754 5501 2907 5572 Aliai,
2935 5515 2999 5552 ac
3040 5500 3231 5568 reliqui
3278 5517 3410 5554 mss.
3447 5513 3508 5554 ut
3558 5506 3613 5558 iii
3667 5518 3827 5572 textu.

2220 5577 2320 5631 nisi
2346 5576 2485 5639 quod
2519 5571 2548 5625 Ii
2591 5587 2706 5625 rum
2737 5571 2939 5636 aliquot
2969 5571 3172 5639 legunt,
3197 5575 3381 5641 possit,
3408 5585 3504 5641 pro
3533 5589 3732 5642 ροεδει,

2296 5644 2315 5684 f
2357 5646 2558 5718 omnes
2585 5644 2741 5702 edit..
2773 5651 2818 5718 et
2868 5642 3018 5718 copia
3061 5657 3171 5718 sua:
3203 5655 3402 5718 natura;
3431 5651 3829 5718 comparticipct

2222 5731 2316 5787 nos
2337 5717 2496 5787 furiat
2520 5731 2630 5768 csse
2655 5712 2800 5782 regni
2828 5716 3066 5767 cielestis.
3096 5713 3135 5766 ἰαὶ
3159 5716 3438 5772 contrario
3461 5712 3674 5778 omnes
3704 5712 3824 5780 mss.

2231 5787 2291 5848 iu
2325 5790 2636 5846 lectionem
2668 5796 2919 5844 nostrain
2948 5789 3312 5850 conveniunt.
