3960 6310
448 288 584 346 1651

1771 278 2020 337 SANCTI
2054 276 2382 336 AMDROSH

3540 336 3545 339 κ
3604 240 3747 326 es:

448 404 584 470 Quia
608 402 791 456 melior
814 358 1221 473 pauperjustus'
1252 412 1408 468 quam
1434 396 1575 450 dives
1606 394 1827 450 mendae:
1853 392 2038 464 (Prov.
2145 393 2344 463 quibus
2369 391 2575 446 dictum
2608 398 2690 447 cst
2717 406 2730 443 :
2761 387 2978 442 Juvenis
3002 386 3078 456 fni
3100 427 3113 451 ,
3145 394 3191 440 et
3229 385 3402 451 senui,
3436 393 3487 438 et
3514 400 3617 438 non
3643 385 3747 439 uidi

448 513 563 564 XIX,
604 496 684 567 1).
743 496 941 551 Beatus
986 508 1193 564 pauper
1223 492 1314 562 qui
1364 490 1640 556 clamavit,
1681 497 1738 544 et
1783 489 2041 543 Dominus

446 580 723 645 exaudivit
755 603 879 644 cum
910 606 925 642 :
959 602 1164 658 pauper
1198 600 1225 638 a
1268 584 1520 649 crimine,
1554 598 1758 654 pauper
1804 597 1835 636 a
1872 582 2039 648 vitiis,

444 698 650 754 pauper
694 682 747 735 in
780 697 886 752 quo
925 679 1112 735 mundi
1157 679 1409 749 princeps
1450 677 1583 732 nihil
1614 678 1828 733 invenit
1860 692 1873 731 :
1910 690 2043 746 pan-

444 790 541 846 per
585 774 730 829 illius
765 773 993 829 aemulus
1047 773 1328 842 pauperis,
1360 771 1450 843 qui
1496 785 1619 825 cum
1664 769 1818 824 dives
1866 776 2039 834 esset,

442 869 665 931 propter
694 874 795 915 nos
833 874 1040 931 pauper
1063 859 1234 914 lactus
1262 868 1365 913 est.
1401 856 1555 913 Unde
1578 856 1739 926 plene
1760 853 2043 909 Mattltaeus

441 952 673 1022 aperuit,
699 951 925 1008 dicens:
954 949 1103 1005 Beati
1123 967 1378 1023 pauperes
1410 948 1599 1020 spiritu
1625 946 1842 1017 (Matth.
1873 961 1929 1007 ν.
1949 942 2041 1016 5);

441 1059 648 1114 pauper
689 1046 833 1099 enim
895 1045 1089 1114 spiritu
1148 1060 1257 1101 non
1303 1042 1551 1107 inﬂatur,
1609 1056 1715 1097 non
1760 1040 2042 1097 extollitur

443 1146 629 1193 mente
663 1138 841 1192 carnis
868 1151 1001 1191 stne.

513 1230 605 1285 5i.
646 1228 825 1284 Prima
869 1245 1000 1301 ergo
1044 1231 1147 1285 ista
1194 1228 1510 1284 benedictio
1549 1234 1635 1282 est
1666 1245 1680 1283 :
1710 1240 1835 1283 cum
1874 1226 2046 1295 depo-

443 1337 603 1379 suero
632 1337 795 1378 omne
824 1332 1125 1392 peccatum,
1156 1332 1211 1378 et
1249 1336 1454 1377 exuero
1501 1334 1721 1376 omnem
1753 1312 2040 1384 malitiam,

440 1426 496 1471 et
523 1401 872 1485 simplicitate
896 1423 1187 1470 contentus
1219 1412 1399 1480 luero,
1433 1414 1591 1482 inops
1619 1411 1913 1478 malorum,
1952 1425 2045 1464 su-

440 1519 623 1580 perest
651 1519 709 1563 ut
734 1519 791 1565 et
820 1523 1000 1564 mures
1043 1522 1195 1562 meos
1228 1516 1546 1576 temperem.
1568 1503 1708 1572 Quid
1735 1504 1881 1559 enim
1911 1502 2045 1558 mihi

440 1600 663 1672 prodest
707 1614 901 1657 carere
947 1598 1319 1665 saecularibus,
1367 1597 1469 1652 nisi
1506 1596 1660 1652 fuero
1692 1594 1840 1651 mitis
1878 1605 2045 1664 atque

440 1695 791 1751 mansuetus?
822 1693 954 1748 Nam
978 1684 1337 1763 qui'sequitur
1367 1691 1511 1745 viam
1536 1697 1763 1753 rectam,
1795 1688 2044 1757 sequitur

2134 488 2343 557 justum
2387 481 2712 544 derelictum,
2765 496 2856 533 nec
2901 494 3075 549 semen
3121 480 3233 550 ejus
3282 491 3520 540 qua'rens
3564 492 3747 546 partem

2146 575 2320 647 (Psal.
2355 588 2542 639 xxxvi,
2575 572 2694 642 25).
2724 572 2826 638 Qui
2858 571 3051 633 esurit,
3084 570 3276 640 utique
3315 568 3519 623 viriu‘in
3556 570 3748 639 querit

2145 673 2516 737 augmentum.
2560 663 2716 732 Quod
2760 672 2940 718 autem
2989 662 3163 731 majus
3189 661 3406 716 virtutis
3444 661 3749 717 incremen-

2144 771 2278 826 tum,
2303 777 2464 832 qnam
2488 775 2677 816 norma
2706 758 2966 830 iustitiae?

2219 855 2309 910 57.
2338 855 2459 908 Post
2486 856 2585 908 hos
2607 851 2812 919 :.Beati,
2837 851 3033 917 inquit,
3056 849 3419 907 misericordes
3448 848 3666 921 (Matth.
3690 865 3745 919 v,

2148 946 2238 1015 7);
2258 944 2528 1015 justitiam
2558 945 2703 999 enim
2735 944 2987 1014 sequitur
3019 942 3416 998 misericordia.
3454 941 3609 998 Unde
3635 941 3752 999 dic-

2148 1050 2261 1094 tttm
2310 1050 2432 1095 est:
2480 1036 2760 1108 Dispersit,
2809 1038 2952 1092 dedit
3000 1036 3339 1109 pauperibus,
3396 1036 3599 1104 iustitia
3635 1040 3751 1109 ejus

2147 1144 2320 1189 manet
2367 1134 2425 1188 in
2465 1142 2714 1188 attentum
2743 1131 2916 1204 (Psal.
2948 1147 3058 1199 tm,
3089 1132 3168 1201 9).
3208 1130 3315 1187 Sed
3340 1132 3505 1186 etiam
3532 1133 3621 1201 qui
3648 1133 3753 1189 mi-

2147 1225 2507 1282 sericordiam
2545 1225 2742 1291 defert,
2790 1225 3098 1281 mercedem
3140 1224 3382 1291 amittit,
3411 1225 3522 1280 nisi
3552 1226 3754 1283 mundo

2147 1319 2314 1374 corde
2340 1319 2702 1383 misereatur;
2732 1332 2856 1373 nam
2888 1319 2932 1372 si
2956 1316 3272 1387 iactantiam
3302 1323 3536 1388 quaet-at,
3567 1318 3753 1375 nullus

2146 1419 2233 1465 est
2263 1409 2490 1465 fructus.
2517 1408 2765 1465 Emunda
2795 1408 2961 1479 igitur
3002 1409 3264 1464 interiora
3302 1409 3506 1465 mentis
3531 1419 3665 1478 tuae;
3699 1417 3755 1468 et

2149 1501 2194 1554 si
2217 1501 2503 1571 diligenter
2534 1502 2772 1571 pectoris
2801 1499 2877 1553 tui
2901 1510 3115 1554 secreta
3140 1500 3509 1568 mandaveris,
3531 1504 3755 1571 compa-

2151 1605 2264 1649 tcre
2294 1593 2359 1646 iis
2386 1591 2478 1662 qui
2517 1593 2936 1661 impugnantur:
2969 1600 3026 1646 et
3070 1591 3316 1662 intellige
3351 1593 3543 1662 quanti
3576 1595 3753 1649 homi-

2151 1701 2303 1753 num,
2335 1686 2523 1755 quanti
2562 1684 2792 1740 fratrum
2836 1694 3053 1739 tuorum
3098 1683 3362 1740 auxilium
3410 1694 3561 1742 tuum
3604 1692 3754 1758 quae-

440 1793 629 1862 utique
660 1792 812 1845 illum
852 1790 945 1861 qui
976 1791 1053 1844 ait
1080 1807 1093 1843 :
1125 1788 1324 1843 Discite
1352 1806 1384 1842 a
1437 1804 1516 1842 me
1558 1789 1685 1857 quia
1723 1788 1865 1841 mitis
1901 1803 2038 1852 sum,
2071 1775 2121 1837 Β
2148 1788 2293 1834 rant.

440 1895 488 1940 et
509 1885 719 1941 humilis
745 1885 902 1939 corde
928 1882 1144 1956 (Matth.
1170 1899 1248 1948 χι,
1284 1880 1396 1954 19).
1451 1881 1673 1951 Depone
1711 1880 1874 1950 igitur
1920 1895 2042 1949 quae

433 1977 687 2045 improba
725 1984 876 2043 sunt,
910 1984 935 2012 α
973 1985 1131 2047 egeto
1161 1975 1313 2030 vitiis
1338 1973 1637 2031 secundum
1670 1973 1866 2029 bonam
1903 1984 2040 2043 pau-

441 2077 731 2139 pertatem,
779 2068 963 2139 mitiga
991 2068 1243 2123 allectum
1277 2077 1461 2133 tuum;
1512 2076 1571 2122 ut
1620 2082 1729 2121 non
1762 2066 2038 2132 irascaris,

441 2170 535 2214 aut
577 2169 733 2214 certe
753 2158 925 2213 iratus
955 2174 1023 2213 ne
1053 2160 1390 2229 peccaveris,
1419 2157 1568 2228 juxta
1600 2156 1745 2227 quod
1776 2156 2041 2227 scriptum

441 2261 524 2306 est
560 2268 573 2305 :
608 2251 934 2316 lrascimini,
982 2260 1034 2306 et
1073 2251 1231 2304 nolite
1286 2265 1500 2316 peccare
1549 2247 1746 2321 (Psal.
1800 2264 1891 2314 tv,
1941 2245 2040 2320 5).

443 2344 771 2400 Ρι-ωοιίιτυηι
838 2355 921 2399 est
989 2346 1134 2400 enim
1209 2352 1418 2398 motum
1489 2353 1799 2413 temperare
1858 2342 2042 2397 consi-

441 2436 518 2492 lio
545 2454 559 2491 :
593 2449 692 2492 nec
722 2423 947 2491 minaris
992 2436 1209 2491 virtutis
1237 2436 1456 2491 ducitur
1485 2476 1501 2498 .
1534 2435 1797 2492 cohibere
1827 2435 2042 2490 iracun-

436 2529 605 2593 diam,
640 2528 1181 2600 indignationemque
1208 2543 1587 2600 compescere,
1612 2540 1774 2597 quam
1813 2527 2040 2583 omnino

439 2636 547 2676 non
574 2622 767 2689 irasci;
801 2638 924 2679 cum
954 2623 1275 2694 plerumque
1301 2621 1434 2677 illud
1462 2622 1686 2686 lentius,
1712 2618 1816 2678 hoc
1849 2620 2042 2675 fortius

444 2714 761 2770 aestimetur.

515 2796 728 2877 1369
761 2803 851 2860 55.
884 2804 1018 2861 Cum
1049 2806 1152 2861 hoc
1178 2807 1395 2870 feceris,
1442 2813 1720 2862 memento
1757 2804 1884 2876 quia
1918 2818 2043 2875 pec-

438 2909 592 2956 cator
617 2914 717 2963 es;
747 2899 931 2968 lugeto
955 2909 1174 2967 peccata
1206 2909 1314 2961 tua,
1339 2900 1523 2968 lugeto
1553 2898 1773 2954 delicta.
1800 2897 1871 2952 Et
1902 2896 2042 2952 bene

439 2994 596 3047 tertia
626 2991 939 3047 benedictio
969 3001 1055 3047 est
1085 2998 1305 3059 peccata
1347 2990 1627 3056 deﬂentis;
1658 2989 1781 3060 quia
1804 2989 2041 3044 Trinitas

439 3096 524 3140 est
551 3098 674 3152 quae
701 3093 924 3171 peccata
952 3083 1248 3139 eoudonat.
1295 3082 1470 3137 Ablue
1507 3083 1669 3152 igitur
1700 3092 1752 3137 te
1786 3081 2041 3153 lacrymis

2219 1872 2308 1928 58.
2339 1870 2446 1927 Sed
2476 1870 2583 1926 nisi
2611 1880 2664 1926 tu
2692 1870 2846 1941 prius
2873 1870 3138 1926 interiora
3165 1880 3256 1926 tua
3286 1870 3658 1927 vacuefeeeris
3687 1871 3756 1928 ab

2148 1964 2297 2018 omni
2326 1963 2444 2018 labe
2487 1963 2720 2033 peccati,
2764 1978 2835 2018 ne
2864 1962 3242 2020 dissensiones
3266 1953 3756 2035 contentionesque

2148 2074 2213 2112 ex
2243 2056 2439 2112 aﬂ'ectu
2469 2066 2563 2112 tuo
2611 2055 2902 2127 prodeant,
2935 2071 3043 2113 non
3074 2064 3230 2127 potes
3257 2057 3379 2112 aliis
3408 2057 3557 2112 ferre
3587 2057 3755 2112 medi-

2146 2151 2349 2204 cinam.
2381 2148 2428 2205 A
2460 2160 2513 2205 te
2542 2148 2708 2219 igitur
2738 2162 2926 2218 pacem
2953 2148 3163 2219 incipe;
3188 2154 3249 2203 ut
3276 2163 3401 2203 cum
3430 2146 3607 2205 fueris
3636 2148 3755 2219 ipse

2149 2244 2435 2314 paciﬁcus,
2474 2258 2665 2314 pacem
2711 2242 2836 2297 aliis
2882 2244 3046 2298 teras.
3077 2242 3363 2311 Quomodo
3403 2242 3551 2297 enim
3600 2251 3754 2313 potes

2146 2340 2375 2394 aliorum
2406 2339 2569 2393 corda
2599 2337 2886 2404 mundare,
2932 2338 3039 2392 nisi
3083 2347 3234 2393 tuum
3279 2346 3408 2392 ante
3452 2335 3753 2391 mandave—

2147 2429 2259 2487 ris?

2221 2523 2310 2578 59.
2337 2522 2597 2578 Profuiin
2621 2523 2785 2594 igitur
2809 2524 2955 2589 aliis,
2984 2522 3153 2577 tulisti
3177 2522 3439 2577 auxilium
3462 2520 3752 2592 pluribus;

2146 2615 2363 2680 festina,
2396 2616 2667 2671 contende
2696 2615 2764 2669 ad
2798 2616 2982 2670 linem.
3016 2614 3167 2669 Multi
3208 2628 3331 2670 cum
3366 2626 3555 2670 essent
3577 2614 3757 2670 exitus

2144 2708 2292 2776 vitae,
2338 2724 2479 2763 unus
2517 2707 2750 2764 Domino
2785 2709 3164 2778 competebat;
3204 2723 3329 2762 nam
3370 2707 3519 2779 quod
3570 2717 3753 2763 natum

2146 2812 2261 2856 erat
2288 2801 2585 2856 secundum
2618 2817 2859 2864 carnem,
2886 2801 3175 2870 oportebat
3197 2801 3503 2856 secundum
3527 2814 3752 2855 carnem

2146 2894 2305 2947 mori.
2340 2894 2514 2964 Elegit
2556 2893 2863 2961 passionem
2908 2899 2967 2946 ut
2994 2899 3301 2948 moreretur
3330 2908 3432 2963 pro
3463 2891 3662 2955 nobis;
3700 2900 3754 2947 et

2148 2998 2200 3042 tu
2224 2987 2313 3041 dic
2336 2986 2404 3042 de
2424 2986 2680 3041 omnibus
2707 3001 2829 3056 qua:
2860 2985 3118 3039 retribuit
3140 2984 3239 3038 tibi
3274 2984 3536 3039 Dominus
3560 3002 3575 3036 :
3609 2982 3751 3038 Cali-

2145 3097 2253 3133 cem
2298 3078 2544 3134 salutaris
2583 3078 2836 3147 accipiam
2863 3117 2878 3142 ,
2928 3087 2977 3130 et
3017 3090 3202 3130 nomen
3242 3072 3455 3129 Domini
3504 3074 3752 3129 invocabo

441 3179 568 3243 tuis,
599 3189 653 3231 et
692 3163 912 3231 ﬂetibus
943 3176 1079 3230 lavo.
1110 3175 1167 3229 Si
1210 3182 1268 3228 tu
1309 3174 1426 3242 ipse
1454 3182 1507 3229 te
1544 3173 1795 3240 ﬂeveris,
1821 3175 1959 3227 alius
1992 3183 2044 3229 te
2070 3163 2118 3227 Ο
2148 3173 2318 3245 (Psal.
2346 3188 2469 3235 cxv,
2506 3171 2619 3243 15),
2653 3171 2756 3227 hoc
2782 3180 2887 3237 est,
2921 3172 3247 3240 passionem.
3275 3168 3434 3225 Unde
3454 3170 3623 3223 etiam
3648 3169 3756 3224 illis

441 3287 549 3327 non
583 3270 765 3335 ﬂebit;
804 3285 928 3326 nam
953 3271 996 3324 si
1024 3268 1157 3324 Sani
1183 3266 1493 3322 deﬂevisset
1536 3278 1755 3337 peccata
1789 3284 1916 3333 sua,
1940 3268 2040 3324 Sa-

440 3365 586 3418 muel
613 3379 734 3418 eum
759 3376 865 3416 non
887 3360 1198 3418 deﬂevisset
1222 3360 1265 3432 (Ι
1291 3359 1421 3432 Reg.
1449 3375 1538 3425 xv,
1565 3359 1859 3432 55).llabet
1879 3376 2044 3416 unus-

439 3458 671 3527 quisque
720 3471 862 3525 quos
915 3453 1041 3508 ﬂeat
1088 3446 1336 3509 mortuos
1385 3468 1535 3509 suos.
1588 3453 1785 3508 Mortni
1830 3470 2039 3521 sumus,

440 3550 655 3620 quando
698 3563 985 3619 peccamus
1007 3587 1022 3612 ,
1054 3547 1273 3617 quando
1321 3547 1612 3616 implemur
1653 3545 1867 3601 ossibus
1898 3550 2043 3601 inor-

439 3651 679 3697 tuorum.
705 3640 951 3695 Mortuus
985 3646 1072 3694 est
1098 3654 1282 3694 sermo
1326 3640 1531 3705 malus,
1553 3640 1645 3710 qui
1673 3641 1785 3695 exit
1811 3641 1879 3695 tle
1904 3646 2039 3708 ore;

439 3735 553 3791 exit
578 3716 812 3789 enimde
838 3733 1088 3803 sepulcro
1112 3734 1289 3788 malo:
1320 3732 1630 3805 Sepulcrum
1656 3747 1838 3793 autem
1865 3746 2043 3806 patens

438 3840 513 3886 est
543 3840 722 3901 guttur
741 3846 915 3884 eorum
947 3827 1119 3901 (Psal.
1150 3844 1207 3894 v,
1241 3827 1352 3900 li).
1387 3828 1514 3883 Ideo
1541 3828 1672 3883 dicit
1698 3830 1992 3899 Apostolus
2024 3851 2038 3887 :

356 3935 364 3939 '
443 3924 739 3978 Imitatores
778 3924 880 3977 mei
918 3932 1077 3978 estote
1106 3920 1151 3993 (Ι
1181 3920 1304 3976 Cor.
1335 3937 1409 3989 tv,
1444 3922 1551 3992 iii).
1595 3922 1716 3977 Vult
1749 3938 1851 3977 nos
1878 3924 2046 3980 delic-

442 4028 619 4072 torum
670 4018 984 4072 meminisse
1029 4025 1364 4070 nostt'orum.
1414 4014 1614 4069 Paulus
1664 4031 1768 4070 non
1814 4016 2047 4072 habebat

442 4109 586 4178 quod
617 4109 850 4177 lugeret,
880 4122 948 4161 ex
974 4122 1082 4176 quo
1110 4107 1165 4162 in
1197 4104 1473 4161 Christum
1500 4107 1754 4175 credidit,
1783 4116 1838 4164 et
1862 4118 2043 4166 tamen

443 4201 629 4272 priora
672 4199 908 4255 deﬂebat
932 4198 1155 4253 dicens:
1189 4198 1325 4265 Quia
1354 4206 1461 4252 nou
1486 4210 1603 4252 sum
1646 4201 1834 4269 dignus
1874 4205 2046 4259 vocari

442 4289 744 4364 apostolus;
782 4290 906 4359 onia
943 4301 1237 4361 persecutus
1264 4306 1379 4345 sum
1408 4289 1693 4345 Ecclesium
1721 4291 1819 4348 Dei
1845 4294 1889 4368 (Ι
1920 4294 2042 4353 Cor.

442 4398 536 4449 xv,
563 4381 644 4454 9).
682 4372 776 4438 Ille
805 4381 969 4454 igitur
997 4382 1248 4451 peccator
1276 4390 1407 4437 ante
1439 4382 1626 4450 ﬂdem,
1656 4400 1757 4440 nos
1786 4401 1918 4441 vero
1941 4388 2043 4444 ad-

430 4475 550 4531 huc
588 4465 876 4545 peccamus
918 4481 1040 4545 post
1068 4473 1250 4529 ﬁdem.
1281 4474 1382 4542 Qui
1424 4488 1678 4545 peccator
1700 4485 1813 4546 est,
1846 4478 2044 4535 deﬂeat

2144 3267 2236 3338 qui
2272 3267 2337 3323 ad
2367 3267 2649 3321 dexteram
2682 3266 2765 3322 vel
2802 3264 2868 3320 ad
2899 3264 3175 3319 sinistram
3210 3264 3404 3319 sedere
3435 3261 3757 3333 cupiebant,

2145 3363 2251 3416 ait:
2303 3360 2525 3416 Potestis
2568 3360 2736 3416 bibere
2780 3359 2993 3415 calicem
3033 3374 3185 3430 quem
3221 3376 3312 3429 ego
3342 3357 3601 3412 bibiturns
3642 3373 3759 3411 sunt

2147 3454 2363 3528 (Matth.
2397 3470 2492 3520 xx,
2522 3453 2638 3523 22).
2671 3453 2857 3522 Usque
2883 3453 2951 3507 ad
2985 3454 3149 3507 linem
3184 3460 3239 3507 te
3271 3451 3447 3514 ducit,
3482 3456 3661 3518 usque
3688 3450 3758 3505 ad

2148 3549 2465 3617 martyrium
2516 3546 2882 3617 prosequitur,
2929 3556 2987 3602 et
3028 3546 3310 3601 constituit
3356 3528 3759 3600 beatitudinum

2149 3643 2408 3713 palmam.

2224 3735 2436 3808 1370
2470 3736 2560 3791 60.
2594 3735 2728 3791 Vide
2773 3738 2936 3807 igitur
2968 3734 3234 3791 ordinem.
3270 3735 3505 3803 Oportet
3541 3744 3593 3790 te
3638 3737 3758 3790 tit-ri

2150 3844 2440 3899 pauperem
2486 3828 2712 3897 spiritu;
2762 3826 3038 3883 humilitas
3079 3828 3223 3882 enim
3271 3826 3498 3897 spiritus
3553 3827 3760 3882 divitia

2150 3924 2408 3977 virtutmu
2445 3933 2593 3977 sunt.
2634 3921 2747 3977 Nisi
2786 3937 2994 3992 pauper
3039 3921 3231 3987 fueris,
3274 3920 3420 3975 mitis
3464 3934 3593 3976 esse
3646 3936 3756 3975 non

2150 4013 2376 4083 poteris.
2406 4013 2508 4079 Qui
2533 4011 2679 4067 mitis
2709 4022 2813 4079 est,
2844 4021 3021 4081 potest
3054 4011 3239 4081 lugere
3271 4012 3566 4081 praesentia
3592 4028 3607 4077 ;
3662 4012 3756 4082 qui

2150 4106 2406 4161 inferiora
2443 4104 2611 4175 luget,
2634 4112 2811 4175 potest
2839 4103 3157 4159 desiderare
3180 4102 3440 4169 meliora;
3475 4103 3566 4173 qui
3594 4119 3762 4175 supe-

2148 4199 2291 4253 riora
2310 4200 2521 4268 qurerit,
2545 4194 2572 4233 δ
2597 4198 2850 4253 inferiora
2883 4196 3114 4262 devitat;
3141 4203 3197 4250 ut
3225 4204 3275 4249 et
3308 4194 3425 4265 ipse
3453 4210 3485 4248 a
3504 4199 3761 4265 superio-

2148 4287 2298 4345 ribus
2339 4288 2660 4359 adjuvetur;
2691 4288 2781 4358 qui
2827 4288 3131 4355 miseretur,
3175 4301 3272 4341 cor
3311 4302 3471 4341 suum
3504 4289 3757 4343 mundat.

2147 4382 2286 4451 Quid
2313 4391 2397 4438 est
2417 4383 2563 4439 enim
2600 4383 2861 4438 mundare
2888 4383 3151 4448 animum,
3177 4382 3283 4436 nisi
3315 4381 3539 4436 sordem
3561 4385 3760 4437 mortis

2146 4478 2404 4534 abolere?
2434 4479 2779 4549 Eleemosyna
2808 4479 2953 4533 enim
2986 4494 3016 4530 a
3053 4487 3218 4531 morte
3258 4475 3442 4530 liberat
3482 4472 3638 4547 (Tob.
3681 4493 3759 4544 tv,

441 4576 525 4632 se,
557 4576 612 4620 et
633 4573 824 4636 arguat
845 4578 935 4631 se,
963 4574 1023 4619 ut
1049 4565 1141 4620 ﬂat
1180 4566 1394 4633 justus:
1428 4565 1609 4637 Justus
1651 4569 1797 4624 enim
1827 4585 2040 4625 accusa—
2068 4552 2120 4613 Ῑ)
2149 4569 2236 4643 ll)
2260 4588 2277 4625 :
2303 4570 2558 4642 patientia
2579 4587 2707 4627 vero
2730 4570 2992 4641 perfectio
3011 4581 3094 4625 est
3115 4568 3420 4625 cbaritatis.
3445 4568 3548 4635 Qui
3572 4578 3759 4624 autem

445 4665 525 4710 tor
548 4664 621 4710 est
646 4657 730 4710 sui
764 4654 945 4729 (Prov.
979 4672 1137 4728 xvnt,
1171 4656 1283 4729 17).

513 4746 602 4805 56.
636 4749 895 4806 Ordinem
942 4752 1107 4821 igitur
1144 4766 1573 4823 persequamur,
1605 4755 1731 4825 quia
1772 4755 2038 4826 scriptum

441 4849 557 4897 est:
589 4840 838 4896 Ordinati:
869 4843 923 4896 in
938 4853 1022 4897 nte
1046 4841 1348 4899 charitatem
1377 4843 1551 4917 (Cant.
1581 4858 1619 4900 tt
1643 4887 1657 4911 ,
1688 4846 1766 4917 4).
1804 4842 2040 4914 Deposui

442 4934 749 5002 peccatum,
783 4930 1078 5003 temperavi
1104 4948 1307 5001 mores,
1337 4934 1539 4990 delicta
1565 4928 1792 4994 deﬂevi:
1834 4938 2041 4994 esurire

439 5022 644 5095 incipio
674 5034 731 5080 et
755 5023 907 5081 sitire
951 5023 1238 5096 justitiam.
1285 5022 1451 5098 Eger
1476 5029 1623 5084 enim
1650 5045 1771 5085 cum
1802 5012 1871 5086 in;
1892 5032 2044 5102 gravi

440 5118 633 5173 morbo
652 5126 760 5183 est,
786 5134 895 5172 non
917 5118 1122 5186 esurit;
1147 5120 1274 5189 quia
1297 5122 1633 5192 aegritudinis
1660 5123 1819 5180 dolor
1844 5127 2042 5183 famem

440 5209 701 5264 excludit.
724 5209 829 5264 Sed
860 5216 980 5280 quin
1009 5221 1096 5266 est
1130 5212 1233 5267 ἰδίει
1269 5211 1443 5270 fames
1474 5215 1741 5285 justitiai?
1783 5212 1887 5286 Qui
1917 5228 2047 5275 sunt

438 5300 529 5357 isti
565 5316 737 5374 panes
776 5319 912 5374 quos
939 5302 1112 5360 esurit
1132 5305 1353 5377 justus?
1380 5294 1457 5365 Ne
1483 5308 1625 5366 forte
1664 5327 1833 5382 panes
1864 5312 1945 5369 illi
1974 5313 2043 5370 de

497 5486 538 5559 ,ι
576 5477 745 5563 βοω.
785 5477 917 5563 edit.
945 5492 1070 5563 cum
1102 5474 1264 5563 unico
1292 5494 1397 5541 ms.
1429 5485 1589 5558 Reg,
1620 5488 1787 5563 Egeto
1815 5493 2032 5552 diuitiis.

440 5545 618 5617 Minus
648 5557 899 5617 appostte
928 5550 995 5604 ad
1020 5558 1357 5609 contextum.
1511 5545 1538 5558 υ
1576 5545 1588 5555 ’
1672 5545 1720 5563 ’ί
1766 5545 1775 5547 ἡ

449 5643 465 5701 ’ί
511 5612 543 5652 δ
578 5612 862 5701 Βεεῖοορ.
890 5621 1063 5701 solus,
1094 5625 1361 5701 inferiores
1390 5628 1638 5701 adjutiet;
1682 5634 1935 5691 nimirum
1980 5646 2039 5694 ut

441 5700 565 5741 cum
594 5690 844 5768 sequenti
872 5693 1118 5768 membro
1148 5690 1247 5768 'iiat
1289 5690 1742 5765 autitltESisfsed
1780 5706 1885 5761 non
1906 5690 2037 5765 ideo

440 5762 741 5812 communis
786 5760 949 5816 lectio
988 5763 1307 5821 deserenda.
1354 5769 1419 5823 Et
1457 5760 1619 5845 paulo
1657 5784 1800 5847 post,
1849 5760 2038 5837 omnes

2146 4665 2346 4734 patitur
2377 4664 2833 4733 persecutionem,
2863 4664 2917 4718 in
2946 4663 3138 4718 ultimo
3158 4661 3458 4716 certamine
3486 4662 3763 4716 constitu-

2146 4766 2231 4813 tus
2275 4758 2535 4829 probatur
2565 4758 2839 4822 adversis;
2887 4764 2946 4810 ut
2980 4766 3101 4809 cum
3144 4752 3387 4824 legitime
3430 4755 3755 4819 certaverit,

2147 4852 2463 4907 coronetur.
2515 4849 2624 4905 Hos
2669 4848 2887 4921 quidam
2934 4849 3135 4920 gradus
3180 4844 3370 4902 volunt
3414 4860 3537 4901 esse
3584 4847 3761 4901 virtu-

2144 4956 2277 5010 tum,
2307 4954 2403 5013 per
2427 4957 2564 5014 quos
2589 4943 2658 4998 ab
2686 4941 2892 4997 ultimis
2922 4941 2989 4995 ad
3026 4941 3309 5011 superiora
3345 4938 3620 5009 possimus
3665 4954 3759 4995 as-

2144 5038 2397 5095 υθηόθιοε.

2217 5133 2308 5189 61.
2339 5131 2581 5203 Denique
2610 5132 2751 5188 sicut
2783 5130 3114 5188 incrementa
3144 5130 3403 5185 virtutum
3425 5170 3440 5195 ,
3474 5128 3548 5183 ita
3584 5128 3757 5185 etiam

2143 5235 2271 5284 sunt
2294 5228 2629 5281 incrementa
2660 5226 3039 5295 praemiorum;
3075 5225 3195 5293 plus
3222 5233 3305 5278 est
3334 5208 3475 5277 enim
3499 5220 3596 5276 Dei
3628 5236 3757 5277 esse

2144 5320 2359 5386 Filium,
2398 5332 2559 5389 quam
2610 5317 2895 5388 possidere
2943 5326 3174 5383 terram,
3222 5324 3278 5371 et
3311 5313 3755 5369 consolationem

2142 5498 2302 5571 edit”
2334 5497 2434 5552 nisi
2461 5497 2665 5552 sordem
2693 5498 2878 5571 mentis
2912 5497 3141 5571 abluere,
3179 5497 3257 5552 sic
3291 5494 3454 5571 etiam
3485 5510 3620 5571 mss.
3653 5498 3755 5571 ali:

2144 5562 2296 5639 quoi,
2327 5580 2555 5637 excepto
2583 5566 2725 5638 quod
2753 5583 2878 5623 cum
2908 5569 3030 5639 aliis
3062 5562 3267 5636 legunt,
3298 5562 3523 5621 abolere.
3548 5567 3755 5639 Crateri

2145 5638 2331 5708 plures
2370 5644 2737 5708 potioresque,
2768 5639 2868 5693 nisi
2896 5638 3101 5693 sordem
3138 5639 3341 5702 mortis,
3380 5645 3513 5698 κιο..
3558 5638 3611 5694 id
3643 5650 3753 5705 est,

2145 5711 2570 5838 corrqplt’ionem.
2604 5712 2670 5766 Et
2697 5710 2801 5766 hoc
2831 5711 3026 5773 melius
3053 5710 3286 5783 quadrat
3304 5722 3430 5766 cum
3454 5709 3635 5769 verbis
3666 5726 3757 5772 se-

2145 5797 2286 5838 oueu
2316 5797 2330 5838 t
2375 5796 2455 5838 us.
2899 5809 2902 5812 ~

2144 5791 2455 5857 queinmus.
2899 5809 2902 5812 ~
