3960 6332
142 330 294 386 1657

1149 327 1516 415 EXPOSlTlO
1557 327 1811 387 EVANG.
1853 330 2004 387 δερ.
2047 329 2202 386 LUC.
2243 329 2372 387 LIB.
2445 332 2509 388 γ.

3331 337 3471 394 1658

138 440 389 498 rantem?
414 441 500 496 Ita
531 439 633 497 erit
666 449 726 495 ut
769 449 822 496 et
844 439 1096 510 injuriam
1133 441 1388 510 repellas,
1431 453 1485 497 et
1531 441 1762 512 gratiam
1789 452 1842 512 Α
1868 443 1968 511 vit,
1999 454 2054 500 et
2081 443 2212 501 solis
2251 445 2442 502 :rterni
2473 446 2686 503 refulsit
2713 447 2900 517 radiis,
2927 451 3092 505 etiam
3124 463 3233 506 non
3258 466 3475 507 meren-

138 548 381 605 qua‘ras.
442 533 534 589 Ac
570 547 714 602 stepe
743 534 993 588 maxima:
1036 548 1216 589 causa:
1253 536 1457 589 amoris
1496 537 1759 603 existunt,

137 640 260 680 cum
308 625 588 694 patientia
631 625 940 680 insolentia:
966 666 981 691 ,
1021 626 1194 696 gratia
1241 625 1478 681 refertur
1522 626 1756 697 injuriae.

138 718 438 791 Equidem,
490 729 554 773 ut
589 719 780 774 audire
806 734 892 774 me
919 719 1172 781 memini,
1204 718 1292 774 vel
1323 720 1424 774 hoc
1464 720 1582 774 solo
1609 735 1760 789 pres-

137 830 256 868 sum
305 812 681 882 phil050phiaa
727 812 822 884 (D.
855 813 1030 868 Laert.
1063 815 1117 868 in
1153 813 1272 868 Vita
1313 813 1485 886 Plat.)
1519 815 1760 885 superci-

137 906 268 962 lium
304 916 608 976 putamus;
637 907 780 978 quod
811 907 862 962 in
900 916 1011 963 tres
1056 917 1237 978 partes
1287 907 1378 962 illa
1407 907 1509 962 sibi
1543 908 1758 962 videtur

137 1000 392 1055 divisisse
414 999 694 1069 justitiam
723 1017 736 1053 :
772 1015 932 1056 unam
980 1001 1034 1056 in
1069 1001 1262 1067 Deum,
1295 1017 1416 1070 qua:
1467 1003 1638 1071 pietas
1667 1016 1758 1055 vo-

137 1101 288 1147 catur
322 1109 337 1144 :
372 1091 616 1146 alteram
659 1093 710 1146 in
743 1101 1022 1162 parentes,
1048 1093 1132 1147 vel
1162 1094 1425 1165 reliquum
1455 1092 1755 1149 humanum

140 1197 305 1253 genus
345 1201 361 1236 :
411 1184 640 1239 tertiam
697 1184 752 1239 in
802 1197 1083 1254 mortuos,
1134 1196 1193 1241 ut
1234 1187 1318 1242 his
1363 1187 1752 1257 exsequiarum

147 1275 358 1350 137‘.
403 1276 564 1346 justa
610 1277 916 1333 solvantur.
963 1279 1033 1334 At
1085 1294 1217 1334 vero
1286 1280 1545 1335 Dominus
1592 1280 1754 1335 Jesus

140 1367 291 1437 Legis
328 1370 669 1436 oraculum,
719 1385 785 1425 ac
833 1370 1189 1442 philosophia:
1227 1371 1498 1443 fastigium
1556 1388 1751 1444 super-

137 1475 348 1530 gressus
375 1502 394 1527 ,
444 1462 506 1516 in
555 1477 654 1517 eos
691 1478 908 1533 quoque
954 1464 1044 1534 qui
1089 1464 1350 1531 laeserint,
1379 1465 1594 1534 pietatis
1627 1481 1750 1534 por-

139 1553 270 1607 rexit
315 1551 596 1627 officjutn.
652 1554 868 1610 Etenim
917 1555 966 1610 si
1017 1554 1189 1611 hostis
1234 1555 1322 1626 qui
1375 1564 1556 1611 tecum
1605 1557 1750 1612 bello

139 1646 412 1716 armisque
449 1646 770 1712 certaverit,
805 1648 1072 1718 depositis
1093 1650 1280 1715 armis,
1315 1650 1746 1705 misericordiam

141 1753 241 1794 sua:
269 1739 470 1795 salutis
495 1741 844 1812 adipiscitur,
868 1741 1028 1811 idque
1059 1742 1372 1812 plerumque
1397 1744 1480 1799 vel
1505 1753 1749 1799 contem-

1868 538 2028 594 tibus.
2067 539 2172 595 Sed
2229 540 2485 610 quoniam
2535 541 2612 596 illi
2655 542 2932 616 mundano
2962 559 3090 599 rore
3123 545 3472 615 maduerunt,

1864 632 2104 690 Ecclesia
2122 635 2215 692 Dei
2247 636 2312 690 ad
2345 637 2771 693 cmlestelumen
2800 637 3158 705 adsciscitur;
3183 639 3254 695 ita
3290 651 3470 695 tamen

1861 738 1916 780 ut
1954 727 2062 782 illis
2091 743 2311 800 quoque
2341 729 2731 786 misericordia:
2759 731 2804 784 si
2835 731 3080 798 credant,
3117 732 3469 804 prasrogativa

1859 831 2131 878 servetur.
2377 853 2404 862 κ

1931 913 2020 970 80.
2064 914 2317 981 Addidit,
2355 930 2462 970 non
2494 924 2698 971 temere
2723 915 3114 986 judicandum,
3147 931 3215 972 ne
3242 931 3362 972 cum
3393 917 3467 971 sis

1860 1007 1935 1061 tui
1964 1011 2216 1062 conscius
2256 1005 2421 1077 ipseb
2452 1007 2670 1076 delicti,
2698 1009 2750 1064 in
2792 1009 3024 1066 alterum
3079 1011 3294 1080 cogaris
3324 1012 3468 1068 ferre

1855 1105 2209 1156 sententiam.

1928 1192 2016 1246 81.
2061 1191 2240 1263 (Vers.
2268 1192 2385 1266 44.)
2433 1192 2620 1265 Magna
2644 1194 2807 1249 etiam
2842 1194 3147 1265 disciplina,
3175 1205 3231 1250 ut
3259 1195 3329 1252 de
3380 1197 3465 1252 in-

1854 1285 2154 1342 fructuosis
2198 1290 2476 1342 fructuosa
2531 1303 2636 1342 non
2686 1303 2922 1358 quaras,
2982 1289 3084 1344 nec
3122 1288 3191 1344 de
3245 1289 3463 1345 incultis

1854 1390 2181 1451 proventum
2233 1377 2586 1435 fecunditatis
2637 1392 2948 1450 exspectes.
2977 1379 3285 1448 Unicuique
3312 1381 3457 1436 enim

1847 1487 1949 1529 Sua
1991 1472 2204 1527 cultura
2231 1472 2324 1528 dat
2353 1471 2581 1527 fructus.
2622 1472 2680 1527 lu
2713 1473 2889 1541 Spittis
2917 1473 3073 1528 istius
3104 1473 3288 1527 mundi
3325 1473 3459 1527 licus

1853 1565 1942 1620 illa
1975 1580 2081 1620 non
2106 1573 2281 1634 potest
2311 1565 2562 1634 reperiri,
2599 1580 2720 1634 qua:
2763 1564 2889 1636 quia
2921 1563 3169 1619 fecundis
3191 1565 3460 1620 fructibus

1853 1658 2051 1714 melior
2082 1668 2192 1724 est,
2229 1659 2366 1714 bene
2399 1659 2613 1728 species
2642 1657 2694 1713 ei
2746 1646 3169 1713 resurrectionis
3197 1667 3455 1726 aptatur:

1853 1752 1936 1807 vel
1963 1752 2085 1817 quia
2112 1762 2168 1804 ut
2195 1751 2369 1820 legisti
2399 1768 2410 1803 :
2441 1749 2601 1805 Ficus
2622 1750 2870 1806 dederunt
2893 1768 3098 1824 grossos
3126 1769 3248 1807 suos
3276 1750 3452 1827 (Cant.

140 1831 372 1901 platione
396 1842 644 1900 naturae.
692 1833 777 1888 vel
808 1835 976 1902 ipsius
1028 1833 1156 1889 belli
1207 1835 1330 1904 iure
1373 1835 1639 1900 defertur.
1688 1844 1747 1892 ut
1776 1841 1825 1902 B
1853 1860 1910 1909 ιι,
1945 1843 2058 1914 is);
2091 1843 2232 1912 quod
2278 1842 2626 1908 immaturus,
2668 1852 2723 1897 et
2757 1842 2983 1908 inutilis,
3017 1853 3072 1898 et
3119 1844 3357 1899 caducus
3401 1845 3456 1901 in

141 1921 388 1993 subjectis
448 1925 569 1979 vita
627 1925 935 1982 tribuatur:
985 1937 1188 1995 quanto
1226 1929 1462 1998 amplius
1513 1930 1742 1986 meliore

140 2019 404 2090 religionis
436 2021 652 2077 intuitu
680 2011 1035 2079 deferendum
1058 2026 1171 2079 est!
1206 2023 1340 2079 Nam
1373 2040 1494 2080 cum
1521 2028 1742 2098 praelia-

141 2122 298 2170 torent
325 2117 598 2187 appetita
627 2119 820 2174 salutis
847 2134 1010 2176 causa
1036 2135 1143 2176 non
1174 2131 1413 2188 moveat,
1453 2123 1582 2193 quid
1626 2137 1740 2179 mo-

140 2220 254 2263 vere
279 2206 444 2265 debet
475 2219 502 2247 α
541 2211 774 2268 militem
801 2212 984 2281 pacis?

201 2298 286 2354 Π.
326 2297 525 2369 Itaque
569 2303 702 2357 illud
749 2304 1158 2373 Apostolicum,
1197 2307 1320 2379 quia
1369 2307 1609 2364 Charitas
1645 2327 1740 2380 pa-

144 2392 256 2448 tiens
279 2404 381 2462 est,
408 2395 644 2467 benigna
671 2407 768 2462 est,
802 2416 904 2454 non
933 2403 1329 2458 wmulatur.....
1377 2421 1478 2458 non
1522 2406 1740 2475 inﬂatur

143 2484 200 2552 ll
255 2485 371 2541 Cor.
433 2503 564 2555 χιιι,
609 2487 688 2560 ι),
738 2490 789 2544 iu
846 2490 930 2546 his
961 2495 1246 2564 praeceptis
1298 2507 1735 2553 consummatum

147 2579 392 2638 videmus.
443 2582 503 2639 Si
569 2585 786 2654 patiens
825 2595 930 2649 est,
971 2587 1134 2644 debet
1191 2590 1504 2660 patientiam
1543 2594 1738 2650 verbe-

147 2673 300 2727 ranti:
348 2675 392 2728 si
415 2675 662 2747 benigna
692 2687 795 2742 est,
822 2694 930 2734 non
981 2680 1142 2736 debet
1188 2683 1520 2752 reSpondere
1567 2687 1735 2742 male-

146 2761 321 2820 dictis:
376 2768 421 2822 si
475 2784 596 2823 non
661 2771 856 2839 quaerit
900 2787 1021 2842 quae
1073 2788 1167 2827 sua
1200 2786 1354 2838 sunt,
1409 2791 1516 2831 non
1571 2776 1734 2833 debet

147 2859 375 2915 resistere
410 2861 701 2932 diripienti
735 2881 748 2919 :
789 2863 835 2918 si
890 2880 996 2920 non
1052 2867 1359 2932 aemulatur,
1393 2869 1577 2925 odisse
1623 2887 1730 2926 non

149 2951 286 3008 debet
313 2955 627 3012 inimicum.
661 2957 726 3012 Et
750 2968 928 3014 tamen
954 2954 1286 3034 Apostolicis
1311 2962 1508 3020 divinae
1545 2981 1732 3036 super-

148 3045 297 3102 fluunt
353 3059 638 3122 praecepta
677 3052 930 3122 pietatis;
987 3055 1109 3123 plus
1157 3066 1242 3110 est
1285 3058 1430 3129 enim,
1485 3057 1725 3126 donare,

149 3155 284 3210 quam
332 3144 534 3200 cedere
563 3163 578 3199 :
606 3145 725 3215 plus
778 3157 862 3202 est
898 3161 1083 3205 amare
1110 3149 1380 3218 inimicos,
1424 3168 1584 3222 quam
1618 3167 1725 3208 non

1848 1938 2130 2009 Synagoga
2159 1936 2364 1992 fructus
2388 1944 2517 1991 ante
2545 1936 2833 2006 praecessit
2861 1936 2990 2011 :vel
3012 1939 3136 2008 quia
3165 1938 3455 1994 immatura

1846 2033 1954 2086 vita
1987 2030 2198 2104 1375
2230 2039 2411 2085 nostra
2443 2038 2530 2084 cst
2581 2030 2632 2082 in
2664 2043 2916 2099 corpore,
2949 2038 3158 2083 matura
3187 2029 3239 2084 in
3265 2044 3454 2084 resur-

1844 2125 2105 2179 rectione.
2139 2122 2206 2176 Et
2242 2123 2363 2178 ideo
2394 2121 2578 2192 procul
2611 2137 2640 2176 a
2666 2123 2821 2176 nobis
2847 2121 3115 2177 debemus
3145 2122 3445 2178 saeculares

1843 2217 2239 2274 sollicitudines
2297 2215 2596 2283 abdicare,
2648 2231 2770 2286 qua:
2817 2215 3110 2270 mordeant
3160 2215 3403 2270 animum
3433 2261 3448 2279 .

1842 2322 2192 2381 mentemque
2223 2308 2477 2373 adurant;
2510 2317 2566 2362 tit
2587 2318 2826 2362 maturos
2847 2307 3058 2362 fructus
3079 2307 3452 2364 culturtedili-

1840 2405 2015 2474 gentis
2035 2403 2302 2472 possimus
2317 2401 2542 2472 adipisci
2565 2420 2578 2456 :
2596 2401 2804 2470 quodin
2831 2401 3053 2455 incultis
3084 2402 3147 2455 ist
3159 2397 3242 2455 ius
3256 2399 3444 2456 mundi

1838 2511 1900 2553 re
1909 2497 2085 2567 perire
2101 2510 2208 2550 non
2229 2509 2546 2564 possumus:
2574 2494 2708 2560 Quia
2723 2510 2824 2547 non
2837 2494 3011 2564 legunt
3034 2493 3099 2548 de
3111 2493 3276 2565 spinis
3290 2494 3441 2563 ﬁcus,

1839 2606 2000 2660 neque
2031 2590 2093 2643 de
2114 2589 2319 2643 tribulis
2351 2587 2668 2641 vindemiant
2700 2602 2870 2640 uvam.
2902 2588 3149 2642 Alterum
3191 2587 3258 2642 ad
3287 2603 3444 2642 mun-

1838 2682 1964 2738 dum
2019 2692 2076 2737 et
2129 2680 2632 2746 resurrectionem,
2695 2680 2924 2734 alterum
2975 2677 3042 2734 ad
3097 2680 3333 2733 animam
3390 2688 3447 2737 et

1836 2791 2033 2844 corpus
2078 2773 2356 2829 refertur:
2399 2771 2479 2826 vel
2534 2771 2657 2842 quia
2698 2785 2860 2825 nemo
2913 2771 3152 2842 peceatis
3206 2773 3438 2827 fructum

1836 2868 2067 2938 aequirit
2095 2869 2289 2922 animus
2343 2881 2477 2930 sum,
2509 2879 2631 2934 qum
2661 2863 2799 2917 sicut
2829 2878 2930 2917 uva
2983 2865 3226 2933 proxima
3279 2863 3443 2918 terris

1834 2962 2221 3033 corrumpitur,
2275 2961 2326 3014 in
2376 2959 2753 3028 superioribus
2797 2964 3129 3010 maturatur:
3179 2956 3265 3010 vel
3316 2955 3442 3027 quia

1835 3074 1995 3113 nemo
2015 3065 2193 3127 potest
2218 3053 2622 3109 damnationem
2653 3049 2830 3132 carnis
2853 3048 3117 3114 evadere;
3150 3048 3252 3102 nisi
3275 3064 3436 3116 quem

1831 3148 2078 3204 Christus
2124 3145 2448 3207 redemerit,
2479 3143 2569 3209 qui
2603 3143 2743 3196 sicut
2768 3157 2868 3195 uva
2903 3141 3158 3210 pependit
3181 3141 3232 3195 in
3265 3141 3438 3211 ligno.

149 3234 386 3291 :emulari.
424 3237 568 3306 Qum
593 3239 774 3294 omnia
819 3239 1077 3296 Dominus
1104 3242 1336 3309 etdixil,
1368 3255 1422 3300 et
1445 3243 1595 3300 fecit.
1625 3245 1726 3314 Qui
1755 3239 1799 3300 C
1835 3234 2050 3296 ΡτυευΓ
2087 3240 2249 3310 igitur
2301 3237 2369 3292 ab
2420 3237 2509 3291 m3
2537 3249 2722 3301 Camer
2755 3249 2874 3305 ‘1"33
2931 3234 3185 3288 damuam
3229 3232 3435 3287 homini

152 3339 252 3381 cum
277 3331 735 3395 malediceretur,
766 3347 872 3388 non
915 3334 1258 3390 remaledixit
1281 3353 1293 3390 :
1318 3351 1440 3391 cum
1473 3347 1727 3406 percute-

151 3429 296 3485 retur,
334 3439 439 3479 non
500 3426 894 3495 repercussit:
949 3442 1072 3483 cum
1126 3427 1561 3498 despoliaretur,
1616 3447 1724 3488 non

152 3513 354 3571 restitit:
402 3533 529 3572 cuin
605 3520 1044 3588 crucifigeretur,
1103 3521 1234 3591 ipsis
1283 3525 1724 3593 persecutoribus

152 3603 335 3662 veniam
358 3609 680 3678 postulavit,
709 3609 899 3666 dicens
929 3629 943 3665 :
982 3610 1140 3666 Pater
1159 3653 1172 3677 ,
1203 3614 1407 3670 dimitte
1452 3615 1561 3670 illis
1605 3633 1725 3688 pec-

154 3707 316 3762 catum,
353 3704 473 3768 quia
519 3703 761 3758 nesciunt
811 3705 939 3774 quid
982 3707 1180 3776 faciunt
1235 3706 1390 3778 (Luc.
1445 3725 1598 3773 χχιιι.
1632 3710 1711 3782 5).

152 3783 510 3852 Criminatores
561 3809 690 3850 suos
722 3796 1017 3851 excusabat
1048 3812 1076 3851 a
1119 3798 1367 3854 crimine.
1394 3799 1472 3856 llli
1501 3816 1720 3857 crucem

154 3883 402 3954 parabant,
433 3888 523 3944 hic
553 3887 786 3944 salutem
812 3901 865 3943 et
891 3889 1119 3960 gratiam
1151 3891 1505 3958 rependebat.

210 3977 290 4032 78.
329 3981 506 4052 (Vers.
555 3981 675 4054 35.)
709 3981 776 4037 Et
825 3993 1002 4039 tamen
1056 3984 1313 4055 quoaiam
1372 3986 1550 4042 studia
1606 3988 1719 4055 ipsa

157 4067 374 4128 virtutum
425 4078 550 4132 sine
579 4078 1022 4133 remuneratione
1077 4088 1417 4148 torpescunt.
1447 4088 1502 4136 et
1535 4095 1719 4135 exem-

157 4161 278 4228 Plum
307 4168 456 4225 nobis
510 4170 720 4233 attulit.
750 4179 806 4225 et
835 4168 1141 4226 mercedem
1175 4171 1468 4241 spopondit
1495 4187 1526 4227 e
1555 4172 1715 4238 caelo,

161 4253 271 4312 ﬁlios
299 4259 384 4314 Dei
423 4261 640 4317 futuros
687 4262 970 4332 pollicens,
1021 4265 1111 4332 qui
1163 4262 1366 4318 fuerint
1415 4265 1718 4319 imitatores

159 4342 270 4412 ejus.
307 4351 400 4417 Qui
443 4353 594 4408 enim
623 4353 843 4408 festinat
889 4353 954 4408 ad
989 4356 1290 4424 praemium.
1335 4355 1578 4410 fastidire
1609 4370 1713 4409 non

161 4436 289 4496 debet
335 4448 678 4519 exemplum;
723 4449 846 4518 quia
889 4457 1094 4519 quanto
1127 4449 1528 4517 prrecellentius
1579 4463 1716 4516 prte-

161 4531 333 4601 mium,
388 4549 536 4596 tanto
590 4540 888 4608 impensius
949 4540 1210 4595 officium.
1269 4539 1480 4609 Quanta
1529 4551 1710 4595 autem

1834 3333 2066 3388 tribulos
2095 3347 2361 3402 generare
2394 3336 2679 3400 .prmcepta
2721 3339 2802 3382 eSt
2838 3324 2991 3397 (Ceu.
3022 3342 3102 3389 nt.
3136 3328 3247 3396 t8),
3282 3327 3430 3382 leve-

1830 3440 1950 3480 mus
1972 3425 2159 3478 oculos
2186 3423 2480 3490 spiritales,
2507 3421 2793 3476 tendamus
2811 3434 3032 3483 manus;
3066 3429 3124 3473 ut
3154 3417 3430 3474 Christum

1828 3518 2162 3572 vindemiare
2186 3518 2476 3586 possimus.

1898 3612 1988 3667 82.
2033 3609 2211 3679 (Vers.
2244 3611 2362 3684 ιδ.)
2393 3610 2641 3666 Omnium
2673 3620 2851 3666 autem
2886 3608 3298 3664 fundamentum
3335 3607 3433 3662 do-

1825 3715 1914 3762 cet
1941 3720 2063 3761 esse
2097 3706 2353 3761 virtutum
2385 3705 2752 3760 obedientiam
2795 3705 3098 3760 caelestium
3133 3714 3434 3774 praecepto-

1824 3814 1970 3863 rum,
2018 3813 2298 3868 perquam
2357 3797 2550 3851 domus
2602 3796 2717 3850 lia-c
2767 3807 2951 3850 nostra
3005 3810 3110 3848 non
3163 3793 3430 3864 proﬂuvio

1826 3890 2202 3959 voluptatum,
2241 3903 2345 3942 non
2400 3889 2656 3958 nequitia:
2697 3885 2958 3954 spiritalis
3019 3886 3262 3952 incursu,
3323 3901 3428 3940 non

1826 3981 2002 4037 imbre
2055 3979 2362 4047 mundano,
2395 3995 2502 4033 non
2551 3981 2926 4033 hmreticorum
2962 3979 3131 4046 possit
3158 3977 3436 4034 nebulosis

1823 4075 2279 4143 distiutationibus
2305 4073 2632 4140 permoveri.

1895 4167 1986 4223 83.
2033 4165 2205 4240 (Cap.
2242 4165 2354 4222 νη.
2382 4194 2455 4207 -
2487 4165 2644 4220 Vers.
2683 4165 2779 4238 -l.)
2815 4165 3047 4222 Pulchre
3093 4179 3274 4223 autem
3338 4168 3430 4226 tibi

1823 4268 2092 4329 praecepta
2123 4260 2457 4328 complevit,
2495 4274 2718 4313 suorum
2776 4273 3170 4329 praeceptorum
3199 4259 3427 4316 formam

1820 4353 2044 4421 exsequi
2089 4352 2281 4416 docet;
2319 4367 2442 4406 nam
2474 4352 2658 4406 statim
2691 4353 2912 4421 gentilis
2950 4352 3288 4408 centurionis
3313 4369 3428 4409 ser-

1821 4459 1920 4498 vus
1947 4444 2179 4498 Domino
2209 4444 2485 4498 curandus
2512 4444 2758 4517 offertur,
2791 4446 2840 4498 in
2869 4459 2976 4512 quo
2997 4446 3228 4515 populus
3254 4446 3429 4500 natio-

1822 4554 1990 4601 num,
2029 4539 2120 4608 qui
2176 4538 2463 4591 mundanae
2521 4538 2797 4592 servitutis
2848 4537 3083 4591 vinculis
3141 4538 3428 4593 tenebatur

162 4621 503 4688 misericordim
533 4647 764 4700 merces,
794 4647 918 4704 qua)
966 4633 1018 4688 in
1043 4634 1132 4704 jus
1159 4634 1354 4689 divina:
1402 4633 1710 4702 adoptionis
1740 4649 1792 4710 ι)
1816 4647 1960 4700 αιεετ
2003 4629 2300 4685 letlialibus
2345 4630 2720 4699 passionibus.
2755 4627 3026 4684 beneficio
3071 4627 3285 4684 Domini
3334 4645 3425 4685 sa-

163 4712 470 4782 adsciscitur!
488 4725 734 4796 Sequere
757 4726 920 4798 igitur
941 4726 1399 4792 misericordiam,
1425 4736 1482 4780 ut
1495 4743 1676 4782 merea
1691 4758 1708 4767 -

163 4813 222 4858 ris
242 4813 464 4877 gratiam.

163 4983 172 4993 .
219 4896 291 4968 79,.
327 4905 497 4973 (Vers.
531 4908 651 4978 36.)
684 4908 815 4964 Late
850 4917 997 4979 patet
1030 4910 1342 4981 benignitas
1369 4911 1466 4966 Dei
1497 4929 1511 4964 :
1544 4926 1712 4979 super

163 4999 360 5056 ingratos
403 4999 563 5066 pluit,
611 5001 768 5054 malis
801 4999 1028 5056 fecunda
1071 5016 1178 5055 non
1221 5012 1381 5071 negat
1410 5009 1553 5056 terra
1587 5017 1711 5072 pro-

165 5087 339 5138 ventus.
367 5086 502 5146 Idem
527 5091 714 5146 mundi
760 5093 840 5148 sol
869 5095 1166 5164 sacrilegos
1195 5093 1587 5165 religiososque
1620 5110 1710 5164 pa-

165 5169 270 5225 riter
291 5177 555 5240 illuminat.
584 5185 694 5242 Aut
739 5195 796 5240 ut
821 5188 1046 5258 mystice
1073 5187 1175 5241 ista
1213 5187 1512 5258 pendamus
1541 5228 1555 5252 ,
1590 5203 1713 5257 pro-

169 5258 356 5326 Phﬂicis
382 5277 630 5346 populum
661 5276 974 5334 Judzeorum
1004 5279 1268 5336 Dominus
1293 5280 1491 5351 pluviis
1519 5280 1712 5353 irriga-

228 5478 250 5557 ’ξ
279 5468 370 5557 Per
393 5483 596 5557 militem
625 5486 790 5553 pacis,
834 5485 1075 5557 iutellige
1117 5486 1392 5542 hominem
1446 5487 1702 5543 christia-

172 5548 291 5626 [λρωε
320 5545 545 5626 Namhic
583 5545 685 5611 loci
737 5545 904 5612 totius
954 5545 1147 5612 sensus
1177 5569 1257 5614 est
1304 5577 1317 5613 :
1349 5560 1391 5612 si
1427 5559 1700 5626 pra-Iiator

238 5613 419 5698 rictum
433 5607 664 5698 _l’|0:ltP—m‘
674 5607 1257 5683 .1

313 5700 400 5770 {tua
432 5694 590 5765 ipsius
621 5700 816 5770 vitaab
843 5701 1034 5754 eodem
1079 5713 1383 5770 Oppugnata
1436 5683 1528 5763 s'it,
1565 5683 1698 5756 nihil

173 5759 276 5876 alia:
302 5755 476 5823 debere
503 5769 644 5840 quod
689 5769 1049 5827 christianum
1079 5755 1419 5828 conuiioveat
1443 5755 1701 5828 ad'ultioe

1819 4724 2033 4779 nandus
2074 4724 2419 4793 exprimitur.
2435 4722 2589 4791 Quod
2610 4731 2789 4776 autem
2824 4723 3148 4778 moriturum
3177 4721 3334 4788 dixit,
3369 4723 3422 4778 iu

1819 4833 1885 4874 eo
1910 4817 2251 4887 Evangelista
2276 4832 2381 4869 non
2415 4814 2602 4869 fefellit
2625 4830 2641 4879 ;
2666 4817 2960 4869 moriturus
2983 4815 3123 4868 enim
3149 4821 3288 4880 erat,
3319 4816 3424 4870 nisi

1820 4910 2012 4966 fuisset
2052 4921 2274 4964 sanatus
2303 4908 2590 4964 aChristo.
2622 4907 2872 4976 Implevit
2897 4908 3056 4977 igitur
3090 4917 3417 4977 praeceptum

1815 5002 2084 5058 charitate
2115 5003 2350 5067 cu-lesti,
2379 5001 2471 5067 qui
2514 5001 2591 5054 sic
2637 5000 2833 5055 dilexit
2861 5000 3140 5066 inimicos;
3177 5010 3233 5054 ut
3261 5001 3423 5056 morti

1815 5098 2076 5166 eriperet.
2103 5106 2265 5165 atque
2285 5094 2350 5148 ad
2382 5104 2658 5164 perpetua:
2684 5109 2837 5163 spem
2867 5093 3420 5152 salutisadscisceret.

1885 5191 1974 5244 84.
2018 5188 2204 5259 (Vcrs.
2229 5188 2310 5255 6.)
2343 5187 2610 5253 Quantum
2639 5198 2822 5241 autem
2853 5186 3052 5240 divina:
3097 5184 3421 5240 humilitatis

1813 5282 2058 5354 insigne,
2101 5292 2159 5338 ut
2195 5283 2319 5338 casti
2355 5280 2613 5336 Do‘ininus
2655 5296 2992 5351 nequaquam
3037 5280 3422 5350 dedignaretur

1882 5494 1910 5535 b
1951 5488 2108 5543 Rom.
2143 5487 2274 5542 edit.
2296 5530 2309 5547 ,
2358 5487 2564 5549 delicti,
2618 5486 2743 5540 dum
2779 5489 2994 5540 alterum
3017 5488 3251 5553 judicas,
3286 5488 3340 5542 in
3371 5499 3416 5542 te

1805 5561 1975 5629 ipsum
2024 5561 2227 5630 cogaris
2267 5563 2402 5629 ferre
2430 5557 2756 5630 sententiam.
2807 5559 3044 5626 Optime,
3095 5559 3138 5612 si
3190 5574 3411 5614 sensum

1803 5644 2038 5701 spectes.
2088 5628 2165 5684 'At
2237 5628 2366 5684 vero
2392 5628 2723 5682 dissentiunt
2797 5645 2986 5684 omnes
3019 5645 3150 5684 mss.
3210 5645 3273 5685 ac
3301 5641 3408 5687 vet.

1760 5759 1764 5765 ,
1809 5703 1939 5757 edit.
1982 5701 2274 5756 Nobiscum
2311 5713 2500 5773 autem
2550 5701 2948 5773 consentiunt,
2983 5712 3215 5773 excepto
3265 5702 3411 5773 quod

1808 5787 1930 5857 pro,
1963 5777 2188 5856 cogaris,
2221 5784 2280 5830 ut
2309 5771 2539 5828 habetur
2561 5770 2615 5826 iu
2647 5785 2778 5826 mss.
2814 5770 3298 5842 prmferunt’editq
3323 5790 3412 5829 co-

1807 5854 2068 5915 gitaveris.
3279 5854 3290 5878 ‘
