3960 6324
469 310 610 370 1659

1821 304 2071 363 SANCTi
2107 296 2433 363 AMBROSII

3630 304 3759 362 16ῧο

463 431 797 488 centurionis
827 430 1103 487 servulum
1149 426 1399 484 visitare!
1444 426 1638 482 Elttcct
1671 425 1804 481 fides
1832 425 1885 480 in
1930 425 2060 495 ope-
2085 426 2137 487 Α
2163 441 2278 479 cum
2322 427 2435 481 illa.
2472 426 2640 495 Quam
2678 442 2793 483 eum
2834 428 3031 484 videret
3072 426 3322 483 Dominus
3346 469 3361 490 .
3406 422 3758 481 misericordia

463 522 651 590 ribus,
701 523 797 579 sed
850 524 970 594 plus
1020 526 1277 591 operatur
1310 520 1618 575 humanitas
1664 519 1719 574 in
1756 518 2062 573 affectibus.

467 616 620 685 Quod
668 616 853 685 utique
898 626 1004 670 non
1036 613 1159 670 ideo
1191 614 1447 678 faciebat,
1472 614 1597 683 quia
1646 613 1848 667 absens
1875 626 2070 667 curare

470 724 575 762 non
629 715 879 778 poterat:
924 707 1020 762 sed
1061 712 1120 762 ut
1161 707 1389 762 formam
1442 707 1537 761 tibi
1591 706 1746 761 daret
1796 706 2071 761 imitandae

469 781 941 869 lftiiiiilitatismna
966 800 1121 871 juxta
1149 801 1532 856 humilioribus
1554 799 1780 856 doceret
1817 813 1882 855 ac
1911 812 2070 869 snpe-

465 893 701 949 rioribus
754 892 1129 950 deferendum.
1182 895 1425 966 Denique
1479 895 1606 949 alibi
1655 896 1843 965 regulo
1885 893 2066 949 dicit:

478 984 638 1049 Vade.
672 986 816 1055 filius
843 995 963 1040 tuus
1007 987 1125 1041 vivit
1172 985 1356 1053 (Joan.
1389 1000 1464 1052 tv,
1489 985 1605 1055 50);
1638 993 1698 1040 ut
1725 986 1863 1041 scias
1891 994 1945 1041 et
1977 998 2073 1055 po-

467 1078 689 1131 tentiam
720 1077 1040 1145 divinitatis,
1073 1088 1126 1133 et
1158 1078 1480 1137 humilitatis
1507 1077 1759 1146 gratiam.
1788 1076 1864 1131 lbi
1895 1076 2072 1131 noluit

468 1182 728 1240 pergere,
769 1178 838 1225 ne
887 1170 939 1224 in
973 1169 1141 1240 reguli
1191 1168 1301 1225 filio
1329 1169 1604 1224 videretur
1652 1172 1824 1238 magis
1866 1166 2070 1223 divitiis

468 1259 762 1317 detulisse:
786 1260 874 1316 hic
897 1262 1012 1330 ipse
1041 1261 1305 1330 perrexit,
1339 1274 1408 1316 ne
1462 1260 1743 1315 videretur
1774 1260 1824 1313 itt
1883 1269 2074 1314 centu-

469 1353 642 1408 riouis
696 1352 899 1409 famulo
961 1354 1341 1408 conditioneur
1383 1352 1698 1423 deSpexisse
1770 1352 2069 1419 servilem;

472 1458 661 1501 omnes
688 1447 855 1510 enim,
878 1461 1065 1502 servus
1091 1457 1146 1501 et
1169 1446 1325 1510 liber,
1348 1447 1398 1499 in
1428 1444 1650 1502 Christo
1680 1460 1845 1501 unum
1861 1458 2070 1501 sumus.

544 1539 633 1594 85.
675 1539 781 1594 Sed
813 1539 937 1595 vide
959 1536 1117 1595 fidem
1142 1538 1561 1611 praerogativam
1608 1552 1733 1596 esse
1763 1541 2069 1596 medicinae.

473 1630 710 1686 Advorte
738 1631 984 1686 etiamin
1039 1633 1157 1701 ipso
1186 1633 1386 1701 populo
1441 1632 1627 1703 gentili
1678 1632 2073 1702 perspicaciatn

474 1738 597 1779 esse
651 1725 914 1797 mysterii.
950 1725 1210 1780 Dominus
1256 1724 1466 1795 pergit:
1521 1733 1753 1781 excusat
1804 1725 2071 1790 centurio,

2172 526 2368 584 motus,
2407 521 2540 575 dixit
2566 519 2685 576 illi:
2715 520 2840 576 Noli
2864 519 3012 593 ﬂere.
3051 519 3115 576 Et
3151 520 3379 583 accessit,
3419 528 3466 573 et
3500 519 3657 592 tetigit
3680 518 3763 573 loo'

2170 613 2368 666 culum.

2243 702 2334 759 89.
2378 704 2442 758 Et
2484 703 2569 758 hic
2591 705 2742 761 locus
2774 706 2842 760 ad
2886 712 3171 776 utramque
3200 702 3471 759 redundat
3510 704 3755 773 gratiam,

2172 798 2423 851 utetcito
2447 794 2586 854 flecti
2615 798 2852 853 divinam
2884 797 3314 853 misericordiam
3364 797 3555 851 matris
3590 797 3762 851 viduas

2173 889 2559 944 lamentatione
2609 890 2896 945 credamus
2922 934 2937 957 ,
2992 891 3112 958 eius
3160 890 3432 960 pracipue
3469 902 3589 959 quae
3619 890 3761 945 unici

2175 980 2268 1034 filii
2292 981 2375 1036 vel
2407 981 2610 1044 labore,
2632 982 2716 1036 vel
2745 992 2919 1037 morte
2953 970 3249 1052 frangatur;
3278 982 3364 1039 cui
3388 990 3565 1036 tamen
3593 981 3765 1037 viduas

2173 1075 2452 1143 gravitatis
2481 1076 2730 1133 meritum
2766 1076 3143 1147 exsequiarum
3177 1076 3331 1131 turba
3385 1075 3641 1130 conciliat
3666 1094 3679 1130 :
3708 1083 3766 1131 et

2177 1167 2314 1223 hanc
2366 1168 2581 1224 viduam
2631 1169 2952 1239 populorum
2996 1169 3150 1224 turba
3184 1178 3413 1239 septam,
3447 1170 3569 1240 plus
3597 1170 3765 1227 videri

2174 1274 2296 1317 esse
2327 1276 2486 1331 quam
2511 1250 2790 1328 feminam,
2817 1276 2935 1333 qua:
2958 1262 3415 1317 resurrectitmem
3455 1248 3607 1317 unici
3643 1253 3772 1316 ado-

2176 1356 2429 1410 lescentis
2479 1354 2573 1409 filii
2616 1356 2698 1410 sui
2745 1356 2997 1428 lacrymis
3041 1355 3299 1409 meruerit
3356 1355 3673 1425 impetrare;
3703 1369 3773 1410 eo

2176 1445 2316 1518 quod
2367 1456 2550 1501 sancta
2607 1445 2849 1502 Ecclesia
2902 1445 3157 1516 populum
3197 1446 3473 1516 iuniorem
3524 1458 3768 1517 apompa

2178 1541 2404 1607 funeris,
2443 1550 2605 1611 atque
2656 1556 2685 1596 a
2729 1541 3001 1610 supremis
3037 1539 3273 1610 sepulcri
3304 1542 3527 1594 suarum
3558 1544 3772 1594 revocet

2179 1636 2245 1691 ad
2288 1637 2451 1690 vitam
2484 1635 2945 1705 contemplatione
2970 1636 3332 1707 lacrymarum
3359 1652 3377 1698 ;
3434 1648 3559 1704 quae
3592 1633 3717 1689 fiere
3741 1632 3771 1672 ι’

2183 1733 2518 1802 prohibetur,
2550 1747 2673 1787 cum
2702 1733 2753 1787 ei
2781 1733 3111 1788 resurrectio
3131 1728 3419 1787 debeatur:

478 1818 808 1888 inllitarique
833 1818 1081 1888 deposito
1106 1824 1338 1887 tumore,
1363 1820 1726 1874 reverentiam
1774 1822 1963 1884 sumit,
2022 1825 2078 1874 et
2106 1817 2154 1878 Β
2253 1826 2342 1881 90.
2384 1826 2483 1894 Qui
2522 1825 2742 1895 quidem
2770 1825 3031 1880 'mortuus
3078 1824 3130 1879 in
3161 1824 3360 1889 loculo,
3404 1818 3777 1879 materialibns

476 1912 543 1966 ad
590 1911 750 1967 fidem
802 1911 1012 1976 facilis,
1059 1921 1113 1968 et
1144 1913 1209 1967 ad
1260 1912 1729 1968 honorificentiam
1765 1921 2070 1983 promptus.

480 2004 546 2058 Et
568 2004 705 2059 bene
735 2003 909 2060 Lucas
928 2005 1092 2061 etiam
1122 2006 1176 2060 iu
1199 2014 1486 2061 occursum
1515 2005 1717 2061 amicos
1746 1997 1878 2062 dicit
1908 2020 2075 2061 essea

478 2099 796 2153 centurione
842 2100 1218 2166 transmissos;
1268 2115 1337 2155 ne
1379 2101 1665 2169 praesentia
1708 2115 1803 2156 sua
1849 2115 2077 2171 gravare

481 2189 693 2243 Domini
743 2192 1120 2247 verecundiam
1176 2193 1487 2259 videretur,
1518 2196 1572 2249 et
1603 2193 1842 2249 officium
1897 2193 2077 2249 officio

482 2284 829 2349 provocasse.
864 2283 991 2340 ﬂare
1022 2285 1318 2342 moraliter.

551 2376 639 2433 86.
699 2378 926 2449 Mystice
982 2388 1204 2447 autem,
1265 2396 1426 2452 quem
1481 2379 1794 2436 Judarorum
1847 2381 2079 2450 populus

479 2470 770 2535 crucifixit,
794 2471 1107 2528 inviolatum
1141 2473 1207 2528 ab
1236 2473 1433 2543 injuria
1483 2489 1702 2529 manere
1743 2474 2082 2530 desideraret

486 2563 698 2635 1376
728 2564 958 2633 populus
986 2566 1264 2619 nationum
1293 2584 1307 2620 :
1332 2575 1386 2620 et
1414 2565 1556 2637 quod
1596 2566 1661 2620 ad
1714 2565 1874 2621 fidem
1909 2567 2079 2636 perti-

481 2669 593 2726 net,
639 2662 873 2715 Sermoni
903 2660 1155 2723 credidit,
1212 2662 1311 2715 hoc
1345 2668 1451 2725 est,
1516 2676 1621 2716 non
1674 2660 1934 2726 hominis,
1980 2659 2079 2717 sed

483 2752 575 2807 Dei
632 2761 898 2822 potestate
936 2753 1238 2823 conjiciens
1266 2752 1383 2809 dari
1415 2768 1443 2807 a
1499 2751 1718 2809 Christo
1768 2753 2080 2810 hominibus

481 2843 767 2898 sanitatem
800 2861 813 2896 :
838 2844 980 2913 quod
1002 2860 1134 2899 vero
1158 2846 1223 2898 ad
1254 2846 1573 2917 mysterium
1603 2852 1831 2916 spectat,-
1863 2845 2000 2900 vidit
2028 2847 2080 2900 in

485 2944 703 3005 pectora
743 2936 921 2991 adhuc
976 2937 1259 3003 gentilium
1321 2952 1428 2992 non
1501 2952 1628 2992 esse
1689 2937 2079 3007 penetrabilem

483 3027 780 3084 Christum.
807 3029 878 3084 Et
904 3029 1175 3100 ideoﬂ’qnia
1201 3030 1427 3085 necdum
1458 3032 1807 3099 cogitationis
1836 3034 2084 3102 praeteri-

487 3133 554 3176 tae
585 3121 822 3177 maculas
875 3123 1157 3191 abluisset,
1189 3124 1399 3194 gravari
1438 3139 1502 3197 se
1534 3126 1704 3194 magis
1754 3126 1969 3181 Domini
1997 3128 2083 3181 di-

2179 1928 2414 1987 qnatuor
2464 1917 2529 1972 ad
2591 1919 2900 1987 sepulcrum
2963 1916 3237 1987 ferebatur
3295 1916 3635 1995 elementis:
3683 1912 3778 1971 sed

2180 2022 2331 2079 spem
2392 2009 2708 2080 resurgendi
2751 2009 3014 2077 habebat;
3043 2010 3169 2081 quia
3199 2008 3471 2065 ferebatur
3520 2010 3573 2063 in
3610 2009 3772 2079 ligno.

2180 2101 2333 2168 Quod
2374 2102 2497 2155 etsi-
2530 2104 2687 2158 nobis
2735 2109 2859 2158 ante
2886 2118 2993 2157 non
3045 2102 3316 2171 proderat;
3348 2104 3530 2156 tamen
3563 2100 3776 2171 postea-

2181 2208 2341 2262 quam
2373 2191 2530 2248 Jesus
2561 2192 2614 2247 id
2643 2192 2846 2260 tetigit,
2879 2190 3145 2262 proficere
3169 2191 3337 2259 rapit
3386 2187 3453 2244 ad
3485 2192 3678 2255 vitam;
3719 2200 3779 2246 ut

2181 2294 2330 2339 esset
2360 2285 2559 2340 indicio
2613 2285 2841 2340 salutem
2893 2284 3094 2356 populo
3141 2300 3235 2353 per
3273 2284 3453 2339 crucis
3483 2274 3777 2353 patibulum

2182 2376 2598 2433 retundendam.
2652 2376 2854 2432 Audito
2911 2379 3074 2448 igitur
3116 2377 3213 2432 Dei
3266 2377 3469 2442 verbo,
3514 2384 3783 2432 Steterunt

2182 2471 2362 2526 acerltl
2397 2471 2539 2525 illius
2572 2463 2775 2525 funeris
2805 2470 3118 2540 partiturcs,
3143 2470 3230 2540 qui
3254 2473 3452 2539 corpus
3481 2470 3777 2524 humanum

2183 2563 2368 2619 lethali
2416 2563 2561 2618 fluxu
2594 2576 2800 2631 naturae
2830 2564 3128 2618 materialis
3163 2563 3446 2633 urgebant.
3468 2562 3608 2631 Quid
3635 2564 3776 2618 enim

2183 2658 2351 2725 aliud,
2376 2657 2478 2712 nisi
2506 2658 2660 2729 quasi
2690 2658 2742 2713 in
2775 2658 3009 2728 quodam
3035 2658 3237 2712 feretro
3257 2700 3272 2725 ,
3314 2658 3417 2712 hoc
3446 2669 3549 2723 εει,
3591 2670 3780 2726 supre-

2185 2752 2258 2807 mi
2283 2750 2487 2807 funeris
2515 2753 2877 2807 instrumento
2900 2752 3143 2821 jacemtis
3171 2752 3483 2820 exanimes,
3521 2767 3643 2809 cum
3691 2752 3776 2807 vel

2184 2848 2324 2918 ignis
2374 2847 2678 2904 ltnmodica:
2725 2846 3037 2916 cupiditatis
3086 2856 3372 2913 exaestuat,
3413 2845 3499 2903 vel
3557 2845 3777 2917 frigidus

2188 2943 2381 2997 humor
2408 2942 2668 3002 exundat.
2712 2942 2797 2996 vel
2835 2945 2981 3012 pigra
3012 2939 3242 3010 quadam
3289 2941 3538 3010 corporis
3566 2940 3777 2995 habitu-

2184 3035 2312 3090 dine
2339 3036 2489 3104 vigor
2509 3035 2795 3090 hebetatur
2823 3035 3123 3089 animorum
3144 3077 3159 3100 ,
3183 3034 3265 3089 vel
3313 3043 3570 3089 concreta
3600 3038 3783 3089 noster

2188 3131 2405 3199 spiritus
2449 3129 2594 3191 labe,
2642 3142 2792 3198 purae
2844 3126 2981 3182 lucis
3010 3140 3212 3182 vacuus
3261 3135 3503 3181 mentem
3552 3125 3692 3181 alit?
3724 3124 3781 3178 lli

482 3216 741 3289 gnatione
764 3218 992 3289 putavit,
1025 3235 1185 3290 quam
1221 3218 1419 3290 jnvari.
1455 3197 1547 3274 Sic
1576 3217 1668 3273 illa
1711 3220 1872 3275 vidua
1920 3218 2082 3277 Sare-
2108 3211 2154 3275 C
2187 3197 2311 3277 sunt
2340 3220 2508 3275 nostri
2539 3219 2744 3274 funeris
2774 3220 3087 3289 portitores.

487 3320 648 3380 ptana
689 3309 962 3383 indignam
1029 3327 1088 3367 se
1147 3310 1470 3383 prophetico
1524 3308 1791 3382 judicavit
1847 3313 2082 3384 hospitio

486 3402 618 3475 (lli.
670 3401 797 3476 Reg.
832 3420 966 3471 xvn,
1004 3404 1120 3476 i8).
1177 3404 1411 3475 Ideoque
1444 3404 1703 3460 Dominus
1747 3405 1802 3460 in
1840 3421 1950 3461 uno
1983 3409 2084 3462 isto

490 3496 649 3551 fidem
674 3499 914 3567 gentium
935 3498 1275 3568 praeferebat.
1910 3502 1917 3505 ⁷

559 3590 649 3645 87.
695 3589 876 3662 (Vers.
916 3590 995 3663 9.)
1047 3592 1111 3647 Et
1137 3592 1354 3663 quidem
1397 3593 1443 3648 si
1475 3594 1555 3651 sic
1586 3590 1732 3664 legas
1768 3612 1782 3653 :
1814 3595 1882 3650 In
1938 3598 2084 3652 nullo

489 3690 685 3736 tantam
714 3681 869 3751 fidem
920 3683 1092 3738 inveni
1128 3684 1181 3738 in
1216 3682 1386 3739 Israel
1407 3728 1421 3746 ,
1450 3686 1677 3754 simplex
1700 3686 2010 3745 intellectus
2033 3696 2087 3746 et

489 3771 661 3826 facilis
691 3784 792 3828 est.
817 3774 908 3829 Sltt
937 3788 1066 3830 vero
1093 3776 1245 3846 jutla
1275 3775 1525 3832 Gnaeos:
1561 3776 1674 3833 Nec
1698 3779 1751 3833 in
1784 3777 1953 3835 Israel
1974 3792 2086 3837 (ano

490 3874 594 3918 tam
625 3867 777 3932 ﬁdem
832 3867 1022 3936 inveni,
1071 3869 1203 3924 fides
1232 3869 1391 3942 hujus
1432 3872 1593 3927 etiam
1628 3872 1997 3945 electioribus,
2034 3883 2087 3933 et

492 3957 660 4014 Deum
693 3960 1000 4018 videntibus
1017 3963 1339 4019 antefertur.

562 4051 652 4107 88.
695 4053 715 4124 (
745 4054 894 4108 Vers.
931 4055 1045 4125 lO.)
1074 4056 1268 4113 Videte
1297 4065 1478 4113 autem
1518 4061 1914 4116 oeconomiam:
1965 4076 2090 4129 pro-

492 4144 652 4198 batur
696 4145 828 4199 fides
872 4146 1102 4214 domini,
1130 4156 1187 4203 et
1212 4150 1355 4203 servi
1398 4152 1602 4204 sanitas
1646 4154 1953 4209 roboratur.
1986 4154 2089 4208 Po-

495 4242 600 4289 test
638 4248 769 4304 ergo
810 4238 1061 4291 meritum
1116 4238 1322 4294 domini
1355 4241 1515 4295 etiam
1548 4239 1763 4297 famulis
1802 4243 2090 4314 suffragari

494 4340 600 4380 non
632 4325 807 4381 solum
840 4327 962 4383 lldei
986 4329 1204 4397 merito,
1234 4330 1329 4386 sed
1358 4332 1520 4387 etiam
1550 4334 1730 4389 Studio
1765 4336 2087 4407 disciplina.

491 4419 746 4489 Spectate
804 4423 966 4477 etiam
1023 4424 1247 4480 alteram
1305 4434 1329 4464 α
1374 4429 1736 4485 oeconomiam
1790 4431 2090 4489 Dominicae

494 4511 843 4569 humilitatis:
902 4530 1025 4587 qua:
1076 4522 1181 4572 non
1225 4518 1477 4589 spondet,
1527 4528 1822 4591 operatur;
1858 4538 2090 4594 namque

2257 3314 2345 3370 9i.
2390 3312 2495 3368 Sed
2532 3312 2777 3382 quamvis
2810 3324 3065 3381 suprema
3096 3310 3285 3364 mortis
3315 3322 3469 3379 spem
3512 3309 3640 3363 vitae
3671 3322 3786 3362 om-

2189 3406 2271 3460 nis
2299 3404 2626 3471 abolnerint,
2673 3414 2728 3459 et
2773 3404 2983 3458 tumulo
3012 3403 3255 3472 proxima
3292 3416 3522 3470 corpora
3569 3401 3790 3472 jaceant

2187 3497 2607 3559 defunctorum;
2665 3498 2831 3551 verbo
2877 3504 3059 3551 tamen
3115 3493 3210 3550 Dei
3266 3504 3288 3534 ο
3337 3495 3451 3566 jam
3511 3496 3775 3549 moritura

2194 3591 2401 3663 1377
2435 3596 2720 3660 resurgunt
2741 3589 3027 3655 cadavera,
3058 3603 3161 3643 vox
3186 3588 3348 3655 redit,
3376 3587 3624 3643 redditur
3652 3587 3790 3641 Illius

2189 3684 2368 3749 matri,
2401 3682 2682 3736 revocatur
2709 3695 2739 3734 a
2764 3680 2992 3747 tumulo,
3020 3680 3249 3750 eripitur
3297 3693 3326 3733 a
3351 3680 3629 3747 sepulcro.
3661 3679 3791 3746 Quis

2190 3777 2290 3831 iste
2340 3782 2427 3829 est
2453 3775 2690 3829 tumulus
2722 3783 2866 3840 tuus,
2921 3774 3021 3828 nisi
3076 3773 3206 3828 mali
3262 3772 3488 3828 mores!
3528 3772 3794 3828 Tumnlus

2190 3877 2313 3922 tttns
2334 3866 2557 3939 perfidia
2606 3874 2710 3931 est,
2742 3866 3051 3939 sepulcrum
3099 3873 3249 3919 tuum
3299 3871 3483 3935 guttur
3532 3875 3661 3920 est:
3694 3865 3792 3922 Se-

2190 3936 2429 4033 pulcrum
2461 3959 2596 4015 enim
2625 3968 2804 4031 patens
2828 3936 2921 4014 est,
2948 3967 3124 4030 guttur
3151 3958 3331 4013 eorum
3357 3956 3376 4028 (
3392 3956 3544 4013 Psal.
3575 3975 3632 4023 v,
3670 3957 3732 4013 ii
3750 3957 3789 4029 ),

2193 4055 2334 4109 unde
2380 4055 2543 4109 verba
2578 4064 2787 4108 mortua
2813 4051 3183 4123 proferuntur.
3214 4051 3296 4105 Ab
3326 4050 3431 4105 hoc
3455 4051 3719 4121 sepulcro
3740 4058 3791 4104 te

2192 4147 2383 4203 liberat
2414 4146 2695 4213 Christus,
2734 4147 2801 4201 ab
2824 4147 2926 4201 hoc
2963 4145 3171 4199 tumulo
3191 4154 3471 4216 resurges,
3506 4146 3554 4200 si
3602 4145 3792 4201 audias

2193 4242 2413 4295 verbum
2446 4240 2564 4294 Dei.
3658 4252 3689 4305 '_

2264 4333 2354 4388 92.
2400 4333 2467 4387 Et
2492 4333 2537 4388 si
2570 4346 2737 4404 grave
2770 4339 3055 4401 peccatum
3096 4338 3179 4386 est
3204 4329 3234 4368 ιι
3262 4329 3411 4401 quod
3458 4331 3793 4400 ptenitentla:

2196 4433 2301 4479 tute
2330 4424 2580 4496 lacrymis
2602 4422 2721 4494 ipse
2746 4423 2927 4477 lavare
2955 4437 3063 4477 non
3096 4422 3291 4492 possis,
3324 4420 3453 4477 ﬂeat
3483 4438 3582 4492 pro
3606 4431 3661 4477 te
3686 4421 3814 4477 ma;

2198 4529 2276 4573 ter
2309 4516 2571 4581 Ecclesia,
2615 4518 2735 4588 qua:
2766 4526 2863 4586 pro
2897 4516 3127 4588 singulis
3155 4526 3430 4586 tamquam
3470 4526 3571 4588 pro
3621 4515 3794 4571 unicis

494 4604 594 4659 etsi
626 4607 865 4660 nondum
896 4608 1258 4679 imperaverat
1280 4612 1589 4679 sanitatem,
1622 4623 1803 4670 tamen
1828 4618 1971 4673 servi
1999 4619 2081 4690 qui

2196 4609 2323 4664 filiis
2342 4609 2499 4663 vidua
2522 4609 3002 4678 materintervenit
3021 4623 3035 4674 ;
3056 4609 3543 4678 compatitureuitn
3560 4608 3790 4678 quodam

495 4696 645 4752 missi
673 4697 905 4765 fuerant,
931 4706 1121 4757 sanum
1146 4704 1421 4759 servulum
1438 4708 1778 4774 repererunt.

564 4789 746 4860 (Vers.
778 4794 997 4865 12-14.)
1049 4796 1178 4850 Cum
1217 4807 1389 4852 autem
1419 4798 1866 4872 appropinquaret
1922 4814 2092 4876 portae

495 4882 736 4950 civitatis,
764 4901 878 4940 ecce
904 4885 1209 4951 efferebatur
1250 4889 1530 4960 defunctus
1566 4891 1711 4962 ﬁlius
1748 4894 1935 4948 unicus
1981 4911 2092 4950 nta-

498 4979 591 5039 tris
642 4995 785 5036 suat:
817 4989 867 5037 et
901 4979 1012 5037 haec
1049 4995 1158 5036 erat
1200 4983 1397 5039 vidua:
1427 4994 1473 5039 et
1503 4986 1652 5040 turba
1680 4988 1844 5042 multa
1870 4989 2092 5043 civitatis

497 5121 500 5124 ~
571 5105 597 5134 α
638 5097 795 5173 Rom,
829 5098 961 5154 edit.
987 5099 1121 5165 sola,
1148 5101 1527 5156 oeconomiam:
1557 5101 1811 5157 Dominus
1853 5120 2093 5173 quatuor:

497 5169 739 5243 spondet,
766 5180 1024 5243 operatur,
1061 5183 1165 5227 etc.

572 5238 599 5279 ιτ
639 5238 840 5296 Omnes
868 5242 1000 5296 edit.
1032 5258 1094 5296 ac
1129 5258 1259 5297 mss.
1285 5259 1393 5298 non
1433 5244 1588 5312 pauci
1612 5286 1627 5309 ,
1660 5246 1959 5312 prohibetur
1979 5264 2094 5302 eum

499 5312 581 5364 cui
607 5314 914 5367 resurrectio
951 5313 1248 5384 debebatur.
1277 5315 1375 5368 Alii
1411 5325 1587 5369 tamen
1620 5319 1802 5383 plures
1831 5333 1895 5371 ac
1922 5318 2097 5384 potio-

500 5397 590 5457 res
620 5385 919 5457 nobiscum
957 5383 1179 5439 faciunt.
1215 5385 1326 5440 illic
1347 5402 1476 5457 ergo
1498 5386 1828 5455 signiﬁcatur
1858 5383 1967 5456 ipsi
1995 5391 2093 5444 lic-

501 5452 681 5531 clesia:
711 5456 940 5531 filiorum
961 5470 1179 5531 suorum
1210 5457 1394 5531 deberi
1411 5452 1889 5531 'resu'rrcctiOuem'
1901 5476 1916 5513 :
1947 5462 2091 5531 quod

502 5526 821 5580 conciunius
845 5529 1136 5596 respondet
1158 5528 1627 5585 antecedentibus.

581 5599 805 5674 c-HOlll.
845 5598 1003 5661 edit.,
1034 5602 1151 5671 jam
1183 5611 1387 5653 ntartua
1439 5613 1758 5674 resurgunt:
1788 5604 2102 5674 satisgcom-

510 5669 690 5723 mode.
724 5672 854 5726 Cum
906 5669 1089 5726 tamen
1131 5675 1252 5730 alim
1302 5685 1355 5730 et
1400 5669 1753 5730 cunt-ti'tnss.
1808 5672 2099 5738 prteft-rattt
2178 5722 2181 5727 .

502 5740 619 5810 jam
643 5744 908 5815 moritura;
935 5752 989 5799 et
1016 5744 1179 5815 priori
1203 5747 1451 5801 membro
1466 5760 1697 5815 corpora
1722 5745 2099 5803 defunctorum

512 5808 795 5881 nominata
845 5814 975 5897 sint,
1005 5808 1217 5872 videtur
1245 5820 1438 5884 tertius
1471 5808 1579 5896 loci
1605 5832 1798 5879 sensus
1842 5816 1931 5887 hic
1957 5832 2100 5879 esse.

2197 4702 2424 4772 spiritali
2452 4701 2644 4757 dolore
2670 4710 2902 4767 uaturm,
2951 4712 3074 4755 cum
3100 4713 3229 4756 suos
3261 4699 3466 4756 liberos
3502 4700 3793 4755 iethaiibns

2198 4798 2344 4851 vitiis
2373 4796 2439 4851 ad
2464 4804 2694 4850 mortem
2726 4795 2903 4850 cernit
2930 4795 3109 4865 urgeri
3137 4802 3184 4848 ,θ
3223 4793 3449 4850 Viscera
3492 4805 3688 4849 sumus
3732 4792 3795 4848 de

2196 4890 2497 4946 visceribus
2524 4888 2643 4957 ejus
2670 4902 2685 4953 ;
2717 4892 2846 4947 sunt
2870 4886 3017 4943 enim
3047 4896 3103 4942 et
3130 4886 3394 4958 epiritalia
3418 4886 3655 4952 viscera,
3680 4900 3794 4957 qum

2197 4986 2356 5042 habet
2383 4984 2585 5041 Paulus
2610 4984 2801 5039 dicens
2827 5000 2843 5037 :
2873 4981 2900 5036 1
2909 4988 2983 5049 td,
3014 4982 3199 5052 fl-ater,
3231 4994 3325 5053 ego
3352 4991 3400 5036 te
3426 4985 3576 5051 fruor
3599 4982 3655 5035 in
3692 4981 3794 5035 Do-

2202 5114 2255 5157 nt
2305 5112 2532 5168 corpora
2561 5098 2678 5153 sive
2712 5105 2946 5160 mortua,
2998 5096 3116 5168 sive
3170 5094 3279 5163 jam
3313 5093 3575 5168 moritura
3633 5095 3794 5150 verbo

2202 5175 2297 5230 Dei
2318 5166 2571 5229 dicantur
2610 5182 2926 5241 resurgere:
2959 5167 3058 5221 nisl
3091 5166 3346 5241 malueris
3375 5166 3644 5241 cadavera
3687 5167 3790 5237 jam

2202 5248 2458 5302 moritura
2481 5243 2662 5297 vocari
2697 5237 3033 5311 peccatores.
3058 5254 3124 5293 eo
3140 5237 3283 5307 quod
3311 5237 3550 5311 nondum
3584 5253 3789 5311 revera.

2272 5315 2299 5353 ἀ
2332 5316 2460 5370 Haec
2487 5307 2711 5375 confer;
2731 5315 2773 5366 si
2809 5311 2975 5373 lubet,
3007 5324 3126 5363 cum
3159 5311 3221 5363 iis
3246 5324 3366 5378 qua:
3403 5307 3682 5363 habentur
3709 5310 3789 5363 lib.

2200 5404 2262 5444 ιι.
2296 5387 2362 5441 de
2386 5386 2585 5441 Posuit.
2615 5399 2735 5453 cap.
2767 5383 2826 5446 2,
2860 5381 2948 5437 ubi
2975 5381 3145 5453 multa
3173 5395 3303 5453 quae
3322 5381 3489 5433 variis
3511 5380 3581 5433 ab
3606 5389 3784 5436 aucto-

2202 5460 2355 5514 ribus
2381 5459 2447 5511 de
2469 5451 2704 5525 peccatis
2726 5452 3023 5525 canonicis,
3042 5451 3377 5525 publicaque
3407 5465 3602 5525 eorum
3631 5453 3794 5523 panti-

2210 5532 2376 5585 tentia
2425 5522 2604 5584 solent
2650 5525 2935 5596 explicari,
2970 5522 3086 5577 istis
3131 5523 3291 5592 plane
3326 5522 3527 5577 similia
3564 5522 3645 5577 ac
3667 5534 3792 5592 pene

2208 5601 2396 5657 eadem
2425 5599 2685 5669 reperies.

2284 5683 2308 5710 ο
2340 5675 2412 5727 Ita
2433 5662 2566 5727 edit.
2592 5686 2655 5726 ac
2678 5670 2831 5745 pauci
2855 5682 2988 5745 mss.
3014 5663 3118 5720 Alii
3142 5673 3323 5745 autem
3345 5662 3562 5745 partim,
3596 5662 3794 5718 Viscera

2212 5745 2310 5802 Dei
2332 5760 2529 5809 sumus,
2557 5732 2751 5800 uiscera
2783 5739 3028 5812 Ecclesia!
3058 5750 3077 5794 :
3116 5737 3312 5807 partim
3328 5732 3357 5801 ,⁷
3383 5732 3601 5799 Viscera
3627 5748 3795 5791 suum

2208 5821 2322 5893 ejus
2350 5814 2618 5875 Ecclesite.
2703 5882 2711 5890 Ι
