  <div class='ocr_page' id='page_1' title='image "/cluster/home/n/w/nwhite01/storage/ocr_20150623/15/uva.x000826533/246.png"; bbox 0 0 3960 6306; ppageno 0'>
   <div class='ocr_carea' id='block_1_1' title="bbox 120 333 246 388">
    <p class='ocr_par' dir='ltr' id='par_1_1' title="bbox 120 333 246 388">
     <span class='ocr_line' id='line_1_1' title="bbox 120 333 246 388; baseline 0.008 -1"><span class='ocrx_word' id='word_1_1' title='bbox 120 333 246 388; x_wconf 73' lang='grc'><strong>4661</strong></span> 
     </span>
    </p>
   </div>
   <div class='ocr_carea' id='block_1_2' title="bbox 1082 323 2414 389">
    <p class='ocr_par' dir='ltr' id='par_1_2' title="bbox 1082 323 2414 389">
     <span class='ocr_line' id='line_1_2' title="bbox 1082 323 2414 389; baseline 0 -3"><span class='ocrx_word' id='word_1_2' title='bbox 1082 330 1450 389; x_wconf 77' lang='lat' dir='ltr'><strong>EXPOSITIO</strong></span> <span class='ocrx_word' id='word_1_3' title='bbox 1489 326 1744 388; x_wconf 72' lang='lat' dir='ltr'><strong>EVANG.</strong></span> <span class='ocrx_word' id='word_1_4' title='bbox 1788 328 1936 388; x_wconf 83' lang='lat' dir='ltr'><strong>SEC.</strong></span> <span class='ocrx_word' id='word_1_5' title='bbox 1979 323 2133 389; x_wconf 87' lang='lat' dir='ltr'><strong>LUC.</strong></span> <span class='ocrx_word' id='word_1_6' title='bbox 2178 331 2306 388; x_wconf 84' lang='lat' dir='ltr'><strong>LIB.</strong></span> <span class='ocrx_word' id='word_1_7' title='bbox 2352 332 2414 388; x_wconf 84' lang='lat' dir='ltr'><strong>V.</strong></span> 
     </span>
    </p>
   </div>
   <div class='ocr_carea' id='block_1_3' title="bbox 3260 335 3395 393">
    <p class='ocr_par' dir='ltr' id='par_1_3' title="bbox 3260 335 3395 393">
     <span class='ocr_line' id='line_1_3' title="bbox 3260 335 3395 393; baseline 0.022 -3"><span class='ocrx_word' id='word_1_8' title='bbox 3260 335 3395 393; x_wconf 67' lang='grc'>1662</span> 
     </span>
    </p>
   </div>
   <div class='ocr_carea' id='block_1_4' title="bbox 114 436 3403 520">
    <p class='ocr_par' dir='ltr' id='par_1_4' title="bbox 114 436 3403 520">
     <span class='ocr_line' id='line_1_4' title="bbox 114 436 3403 520; baseline 0.002 -18"><span class='ocrx_word' id='word_1_9' title='bbox 114 445 264 510; x_wconf 69' lang='lat' dir='ltr'><strong>mino,</strong></span> <span class='ocrx_word' id='word_1_10' title='bbox 288 444 440 514; x_wconf 72' lang='lat' dir='ltr'><strong>reﬁce</strong></span> <span class='ocrx_word' id='word_1_11' title='bbox 464 445 663 500; x_wconf 77' lang='lat' dir='ltr'><strong>uiscera</strong></span> <span class='ocrx_word' id='word_1_12' title='bbox 702 458 817 500; x_wconf 83' lang='lat' dir='ltr'><strong>mea</strong></span> <span class='ocrx_word' id='word_1_13' title='bbox 838 446 893 500; x_wconf 83' lang='lat' dir='ltr'><strong>in</strong></span> <span class='ocrx_word' id='word_1_14' title='bbox 915 444 1118 501; x_wconf 77' lang='lat' dir='ltr'><strong>Christo</strong></span> <span class='ocrx_word' id='word_1_15' title='bbox 1149 444 1400 517; x_wconf 74' lang='lat' dir='ltr'><strong>(Philem.</strong></span> <span class='ocrx_word' id='word_1_16' title='bbox 1427 436 1545 517; x_wconf 65' lang='lat'><strong>20).</strong></span> <span class='ocrx_word' id='word_1_17' title='bbox 1591 445 1703 502; x_wconf 82' lang='lat' dir='ltr'><strong>Nos</strong></span> <span class='ocrx_word' id='word_1_18' title='bbox 1726 448 1778 517; x_wconf 73' lang='grc' dir='ltr'><strong>Α</strong></span> <span class='ocrx_word' id='word_1_19' title='bbox 1809 456 1866 503; x_wconf 88' lang='lat' dir='ltr'><strong>ut</strong></span> <span class='ocrx_word' id='word_1_20' title='bbox 1894 448 2148 518; x_wconf 88' lang='lat' dir='ltr'><strong>quoniam</strong></span> <span class='ocrx_word' id='word_1_21' title='bbox 2174 452 2367 504; x_wconf 88' lang='lat' dir='ltr'><strong>nutant</strong></span> <span class='ocrx_word' id='word_1_22' title='bbox 2396 446 2716 520; x_wconf 88' lang='lat' dir='ltr'><strong>plerumque</strong></span> <span class='ocrx_word' id='word_1_23' title='bbox 2758 444 2899 507; x_wconf 84' lang='lat' dir='ltr'><strong>dicta</strong></span> <span class='ocrx_word' id='word_1_24' title='bbox 2952 446 3069 507; x_wconf 88' lang='lat' dir='ltr'><strong>sine</strong></span> <span class='ocrx_word' id='word_1_25' title='bbox 3121 446 3301 518; x_wconf 83' lang='lat' dir='ltr'><strong>factis,</strong></span> <span class='ocrx_word' id='word_1_26' title='bbox 3347 460 3403 509; x_wconf 91' lang='lat' dir='ltr'><strong>et</strong></span> 
     </span>
    </p>
   </div>
   <div class='ocr_carea' id='block_1_5' title="bbox 118 537 1704 610">
    <p class='ocr_par' dir='ltr' id='par_1_5' title="bbox 118 537 1704 610">
     <span class='ocr_line' id='line_1_5' title="bbox 118 537 1704 610; baseline 0.001 -17"><span class='ocrx_word' id='word_1_27' title='bbox 118 554 238 610; x_wconf 82' lang='lat' dir='ltr'><strong>ergo</strong></span> <span class='ocrx_word' id='word_1_28' title='bbox 257 540 460 595; x_wconf 81' lang='lat' dir='ltr'><strong>viscera</strong></span> <span class='ocrx_word' id='word_1_29' title='bbox 486 554 681 594; x_wconf 86' lang='lat' dir='ltr'><strong>sumus</strong></span> <span class='ocrx_word' id='word_1_30' title='bbox 712 539 1010 604; x_wconf 63' lang='lat' dir='ltr'><strong>Ecclesiae;</strong></span> <span class='ocrx_word' id='word_1_31' title='bbox 1044 537 1301 610; x_wconf 88' lang='lat' dir='ltr'><strong>quoniam</strong></span> <span class='ocrx_word' id='word_1_32' title='bbox 1333 540 1575 594; x_wconf 88' lang='lat' dir='ltr'><strong>membra</strong></span> <span class='ocrx_word' id='word_1_33' title='bbox 1609 554 1704 594; x_wconf 83' lang='lat' dir='ltr'><strong>su-</strong></span> 
     </span>
    </p>
   </div>
   <div class='ocr_carea' id='block_1_6' title="bbox 120 630 1699 702">
    <p class='ocr_par' dir='ltr' id='par_1_6' title="bbox 120 630 1699 702">
     <span class='ocr_line' id='line_1_6' title="bbox 120 630 1699 702; baseline -0.001 -16"><span class='ocrx_word' id='word_1_34' title='bbox 120 646 234 687; x_wconf 87' lang='lat' dir='ltr'><strong>mus</strong></span> <span class='ocrx_word' id='word_1_35' title='bbox 257 630 505 701; x_wconf 87' lang='lat' dir='ltr'><strong>corporis</strong></span> <span class='ocrx_word' id='word_1_36' title='bbox 529 630 672 701; x_wconf 88' lang='lat' dir='ltr'><strong>ejus,</strong></span> <span class='ocrx_word' id='word_1_37' title='bbox 703 631 771 687; x_wconf 90' lang='lat' dir='ltr'><strong>de</strong></span> <span class='ocrx_word' id='word_1_38' title='bbox 794 646 962 687; x_wconf 87' lang='lat' dir='ltr'><strong>carne</strong></span> <span class='ocrx_word' id='word_1_39' title='bbox 980 631 1121 702; x_wconf 78' lang='lat' dir='ltr'><strong>ejus,</strong></span> <span class='ocrx_word' id='word_1_40' title='bbox 1150 641 1204 687; x_wconf 88' lang='lat' dir='ltr'><strong>et</strong></span> <span class='ocrx_word' id='word_1_41' title='bbox 1234 630 1303 686; x_wconf 91' lang='lat' dir='ltr'><strong>de</strong></span> <span class='ocrx_word' id='word_1_42' title='bbox 1324 632 1539 689; x_wconf 84' lang='lat' dir='ltr'><strong>ossibus</strong></span> <span class='ocrx_word' id='word_1_43' title='bbox 1560 632 1699 701; x_wconf 77' lang='lat' dir='ltr'><strong>ejus.</strong></span> 
     </span>
    </p>
   </div>
   <div class='ocr_carea' id='block_1_7' title="bbox 132 722 1705 793">
    <p class='ocr_par' dir='ltr' id='par_1_7' title="bbox 132 722 1705 793">
     <span class='ocr_line' id='line_1_7' title="bbox 132 722 1705 793; baseline -0.003 -13"><span class='ocrx_word' id='word_1_44' title='bbox 132 723 301 780; x_wconf 82' lang='lat' dir='ltr'><strong>Doleat</strong></span> <span class='ocrx_word' id='word_1_45' title='bbox 338 723 501 793; x_wconf 90' lang='lat' dir='ltr'><strong>igitur</strong></span> <span class='ocrx_word' id='word_1_46' title='bbox 536 724 621 793; x_wconf 88' lang='lat' dir='ltr'><strong>pia</strong></span> <span class='ocrx_word' id='word_1_47' title='bbox 673 731 871 790; x_wconf 88' lang='lat' dir='ltr'><strong>mater,</strong></span> <span class='ocrx_word' id='word_1_48' title='bbox 901 723 1120 777; x_wconf 77' lang='lat' dir='ltr'><strong>assistat</strong></span> <span class='ocrx_word' id='word_1_49' title='bbox 1158 731 1216 778; x_wconf 88' lang='lat' dir='ltr'><strong>et</strong></span> <span class='ocrx_word' id='word_1_50' title='bbox 1245 722 1399 779; x_wconf 86' lang='lat' dir='ltr'><strong>turba</strong></span> <span class='ocrx_word' id='word_1_51' title='bbox 1433 738 1447 775; x_wconf 85' lang='lat'><strong>:</strong></span> <span class='ocrx_word' id='word_1_52' title='bbox 1478 736 1584 777; x_wconf 90' lang='lat' dir='ltr'><strong>non</strong></span> <span class='ocrx_word' id='word_1_53' title='bbox 1614 736 1705 777; x_wconf 91' lang='lat' dir='ltr'><strong>so-</strong></span> 
     </span>
    </p>
   </div>
   <div class='ocr_carea' id='block_1_8' title="bbox 130 815 1706 888">
    <p class='ocr_par' dir='ltr' id='par_1_8' title="bbox 130 815 1706 888">
     <span class='ocr_line' id='line_1_8' title="bbox 130 815 1706 888; baseline -0.003 -15"><span class='ocrx_word' id='word_1_54' title='bbox 130 820 225 873; x_wconf 80' lang='lat' dir='ltr'><strong>iam</strong></span> <span class='ocrx_word' id='word_1_55' title='bbox 247 816 423 884; x_wconf 88' lang='lat' dir='ltr'><strong>turba,</strong></span> <span class='ocrx_word' id='word_1_56' title='bbox 456 816 555 871; x_wconf 86' lang='lat' dir='ltr'><strong>sed</strong></span> <span class='ocrx_word' id='word_1_57' title='bbox 587 815 751 872; x_wconf 85' lang='lat' dir='ltr'><strong>etiam</strong></span> <span class='ocrx_word' id='word_1_58' title='bbox 785 816 953 870; x_wconf 86' lang='lat' dir='ltr'><strong>multa</strong></span> <span class='ocrx_word' id='word_1_59' title='bbox 995 817 1359 887; x_wconf 85' lang='lat' dir='ltr'><strong>compatiatur</strong></span> <span class='ocrx_word' id='word_1_60' title='bbox 1405 817 1562 873; x_wconf 82' lang='lat' dir='ltr'><strong>bonae</strong></span> <span class='ocrx_word' id='word_1_61' title='bbox 1608 831 1706 888; x_wconf 86' lang='lat' dir='ltr'><strong>pa-</strong></span> 
     </span>
    </p>
   </div>
   <div class='ocr_carea' id='block_1_9' title="bbox 136 909 1700 982">
    <p class='ocr_par' dir='ltr' id='par_1_9' title="bbox 136 909 1700 982">
     <span class='ocr_line' id='line_1_9' title="bbox 136 909 1700 982; baseline 0.004 -17"><span class='ocrx_word' id='word_1_62' title='bbox 136 912 268 966; x_wconf 86' lang='lat' dir='ltr'><strong>renti.</strong></span> <span class='ocrx_word' id='word_1_63' title='bbox 296 910 411 966; x_wconf 88' lang='lat' dir='ltr'><strong>Jam</strong></span> <span class='ocrx_word' id='word_1_64' title='bbox 433 926 689 982; x_wconf 78' lang='lat' dir='ltr'><strong>resurges</strong></span> <span class='ocrx_word' id='word_1_65' title='bbox 716 926 744 965; x_wconf 86' lang='lat' dir='ltr'><strong>a</strong></span> <span class='ocrx_word' id='word_1_66' title='bbox 774 909 987 976; x_wconf 81' lang='lat' dir='ltr'><strong>funere,</strong></span> <span class='ocrx_word' id='word_1_67' title='bbox 1028 912 1140 982; x_wconf 85' lang='lat' dir='ltr'><strong>jam</strong></span> <span class='ocrx_word' id='word_1_68' title='bbox 1171 911 1493 968; x_wconf 88' lang='lat' dir='ltr'><strong>liberaberis</strong></span> <span class='ocrx_word' id='word_1_69' title='bbox 1539 928 1567 967; x_wconf 86' lang='lat' dir='ltr'><strong>a</strong></span> <span class='ocrx_word' id='word_1_70' title='bbox 1610 928 1700 971; x_wconf 84' lang='lat' dir='ltr'><strong>se-</strong></span> 
     </span>
    </p>
   </div>
   <div class='ocr_carea' id='block_1_10' title="bbox 138 1001 1702 1080">
    <p class='ocr_par' dir='ltr' id='par_1_10' title="bbox 138 1001 1702 1080">
     <span class='ocr_line' id='line_1_10' title="bbox 138 1001 1702 1080; baseline 0.003 -19"><span class='ocrx_word' id='word_1_71' title='bbox 138 1007 331 1077; x_wconf 85' lang='lat' dir='ltr'><strong>pulcro:</strong></span> <span class='ocrx_word' id='word_1_72' title='bbox 366 1007 597 1062; x_wconf 86' lang='lat' dir='ltr'><strong>stabunt</strong></span> <span class='ocrx_word' id='word_1_73' title='bbox 617 1006 697 1061; x_wconf 90' lang='lat' dir='ltr'><strong>illi</strong></span> <span class='ocrx_word' id='word_1_74' title='bbox 722 1006 955 1062; x_wconf 87' lang='lat' dir='ltr'><strong>ministri</strong></span> <span class='ocrx_word' id='word_1_75' title='bbox 987 1009 1062 1063; x_wconf 91' lang='lat' dir='ltr'><strong>tui</strong></span> <span class='ocrx_word' id='word_1_76' title='bbox 1090 1001 1321 1075; x_wconf 76' lang='lat' dir='ltr'><strong>funeris,</strong></span> <span class='ocrx_word' id='word_1_77' title='bbox 1356 1008 1585 1080; x_wconf 82' lang='lat' dir='ltr'><strong>incipies</strong></span> <span class='ocrx_word' id='word_1_78' title='bbox 1621 1011 1702 1066; x_wconf 89' lang='lat' dir='ltr'><strong>vi-</strong></span> 
     </span>
    </p>
   </div>
   <div class='ocr_carea' id='block_1_11' title="bbox 140 1099 1701 1174">
    <p class='ocr_par' dir='ltr' id='par_1_11' title="bbox 140 1099 1701 1174">
     <span class='ocr_line' id='line_1_11' title="bbox 140 1099 1701 1174; baseline 0.004 -22"><span class='ocrx_word' id='word_1_79' title='bbox 140 1099 236 1153; x_wconf 79' lang='lat' dir='ltr'><strong>talia</strong></span> <span class='ocrx_word' id='word_1_80' title='bbox 264 1099 432 1167; x_wconf 91' lang='lat' dir='ltr'><strong>loqui,</strong></span> <span class='ocrx_word' id='word_1_81' title='bbox 478 1099 746 1154; x_wconf 87' lang='lat' dir='ltr'><strong>timebunt</strong></span> <span class='ocrx_word' id='word_1_82' title='bbox 785 1114 1012 1166; x_wconf 89' lang='lat' dir='ltr'><strong>omnes;</strong></span> <span class='ocrx_word' id='word_1_83' title='bbox 1060 1101 1218 1156; x_wconf 88' lang='lat' dir='ltr'><strong>unius</strong></span> <span class='ocrx_word' id='word_1_84' title='bbox 1257 1103 1401 1156; x_wconf 89' lang='lat' dir='ltr'><strong>enim</strong></span> <span class='ocrx_word' id='word_1_85' title='bbox 1447 1102 1701 1174; x_wconf 88' lang='lat' dir='ltr'><strong>exemplo</strong></span> 
     </span>
    </p>
   </div>
   <div class='ocr_carea' id='block_1_12' title="bbox 137 1184 1700 1264">
    <p class='ocr_par' dir='ltr' id='par_1_12' title="bbox 137 1184 1700 1264">
     <span class='ocr_line' id='line_1_12' title="bbox 137 1184 1700 1264; baseline 0.002 -20"><span class='ocrx_word' id='word_1_86' title='bbox 137 1191 322 1258; x_wconf 81' lang='lat' dir='ltr'><strong>plurimi</strong></span> <span class='ocrx_word' id='word_1_87' title='bbox 369 1191 735 1261; x_wconf 76' lang='lat' dir='ltr'><strong>corrigentur.</strong></span> <span class='ocrx_word' id='word_1_88' title='bbox 795 1190 1116 1247; x_wconf 87' lang='lat' dir='ltr'><strong>Laudabunt</strong></span> <span class='ocrx_word' id='word_1_89' title='bbox 1166 1192 1330 1247; x_wconf 88' lang='lat' dir='ltr'><strong>etiam</strong></span> <span class='ocrx_word' id='word_1_90' title='bbox 1384 1192 1573 1257; x_wconf 89' lang='lat' dir='ltr'><strong>Deum,</strong></span> <span class='ocrx_word' id='word_1_91' title='bbox 1606 1184 1700 1264; x_wconf 86' lang='lat' dir='ltr'><strong>qui</strong></span> 
     </span>
    </p>
   </div>
   <div class='ocr_carea' id='block_1_13' title="bbox 139 1282 1530 1341">
    <p class='ocr_par' dir='ltr' id='par_1_13' title="bbox 139 1282 1530 1341">
     <span class='ocr_line' id='line_1_13' title="bbox 139 1282 1530 1341; baseline 0.002 -5"><span class='ocrx_word' id='word_1_92' title='bbox 139 1290 253 1338; x_wconf 79' lang='lat' dir='ltr'><strong>tanta</strong></span> <span class='ocrx_word' id='word_1_93' title='bbox 284 1283 439 1339; x_wconf 87' lang='lat' dir='ltr'><strong>nobis</strong></span> <span class='ocrx_word' id='word_1_94' title='bbox 465 1282 708 1339; x_wconf 89' lang='lat' dir='ltr'><strong>remedia</strong></span> <span class='ocrx_word' id='word_1_95' title='bbox 735 1282 970 1339; x_wconf 81' lang='lat' dir='ltr'><strong>vitandae</strong></span> <span class='ocrx_word' id='word_1_96' title='bbox 1000 1284 1193 1340; x_wconf 88' lang='lat' dir='ltr'><strong>mortis</strong></span> <span class='ocrx_word' id='word_1_97' title='bbox 1221 1284 1530 1341; x_wconf 89' lang='lat' dir='ltr'><strong>indulserit.</strong></span> 
     </span>
    </p>
   </div>
   <div class='ocr_carea' id='block_1_14' title="bbox 78 1376 1700 1452">
    <p class='ocr_par' dir='ltr' id='par_1_14' title="bbox 78 1376 1700 1452">
     <span class='ocr_line' id='line_1_14' title="bbox 78 1376 1700 1452; baseline -0.001 -16"><span class='ocrx_word' id='word_1_98' title='bbox 78 1430 101 1436; x_wconf 90' lang='lat'><strong>-</strong></span> <span class='ocrx_word' id='word_1_99' title='bbox 191 1377 374 1449; x_wconf 83' lang='lat' dir='ltr'><strong>(Vers.</strong></span> <span class='ocrx_word' id='word_1_100' title='bbox 410 1376 549 1448; x_wconf 76' lang='grc'><strong>19.)</strong></span> <span class='ocrx_word' id='word_1_101' title='bbox 582 1376 651 1432; x_wconf 80' lang='lat' dir='ltr'><strong>Et</strong></span> <span class='ocrx_word' id='word_1_102' title='bbox 676 1379 971 1432; x_wconf 78' lang='lat' dir='ltr'><strong>convocavit</strong></span> <span class='ocrx_word' id='word_1_103' title='bbox 1002 1378 1137 1433; x_wconf 80' lang='lat' dir='ltr'><strong>duos</strong></span> <span class='ocrx_word' id='word_1_104' title='bbox 1168 1379 1234 1433; x_wconf 86' lang='lat' dir='ltr'><strong>de</strong></span> <span class='ocrx_word' id='word_1_105' title='bbox 1278 1379 1549 1452; x_wconf 84' lang='lat' dir='ltr'><strong>discipulis</strong></span> <span class='ocrx_word' id='word_1_106' title='bbox 1592 1379 1700 1434; x_wconf 78' lang='lat' dir='ltr'><strong>suis</strong></span> 
     </span>
    </p>
   </div>
   <div class='ocr_carea' id='block_1_15' title="bbox 130 1468 1701 1543">
    <p class='ocr_par' dir='ltr' id='par_1_15' title="bbox 130 1468 1701 1543">
     <span class='ocr_line' id='line_1_15' title="bbox 130 1468 1701 1543; baseline 0.004 -22"><span class='ocrx_word' id='word_1_107' title='bbox 130 1468 360 1534; x_wconf 83' lang='lat' dir='ltr'><strong>Joannes,</strong></span> <span class='ocrx_word' id='word_1_108' title='bbox 392 1481 442 1523; x_wconf 79' lang='lat' dir='ltr'><strong>et</strong></span> <span class='ocrx_word' id='word_1_109' title='bbox 481 1469 624 1523; x_wconf 90' lang='lat' dir='ltr'><strong>misit</strong></span> <span class='ocrx_word' id='word_1_110' title='bbox 650 1469 719 1522; x_wconf 84' lang='lat' dir='ltr'><strong>ad</strong></span> <span class='ocrx_word' id='word_1_111' title='bbox 756 1485 873 1523; x_wconf 83' lang='lat' dir='ltr'><strong>eum</strong></span> <span class='ocrx_word' id='word_1_112' title='bbox 916 1468 1092 1524; x_wconf 88' lang='lat' dir='ltr'><strong>dicens</strong></span> <span class='ocrx_word' id='word_1_113' title='bbox 1118 1485 1137 1524; x_wconf 90' lang='lat'><strong><em>:</em></strong></span> <span class='ocrx_word' id='word_1_114' title='bbox 1160 1469 1239 1525; x_wconf 81' lang='lat' dir='ltr'><strong>Tu</strong></span> <span class='ocrx_word' id='word_1_115' title='bbox 1261 1487 1315 1525; x_wconf 87' lang='lat' dir='ltr'><strong>es</strong></span> <span class='ocrx_word' id='word_1_116' title='bbox 1344 1473 1431 1543; x_wconf 79' lang='lat' dir='ltr'><strong>qui</strong></span> <span class='ocrx_word' id='word_1_117' title='bbox 1454 1479 1701 1527; x_wconf 79' lang='lat' dir='ltr'><strong>venturus</strong></span> 
     </span>
    </p>
   </div>
   <div class='ocr_carea' id='block_1_16' title="bbox 127 1559 900 1629">
    <p class='ocr_par' dir='ltr' id='par_1_16' title="bbox 127 1559 900 1629">
     <span class='ocr_line' id='line_1_16' title="bbox 127 1559 900 1629; baseline 0.001 -14"><span class='ocrx_word' id='word_1_118' title='bbox 127 1572 189 1622; x_wconf 79' lang='lat' dir='ltr'><strong>es,</strong></span> <span class='ocrx_word' id='word_1_119' title='bbox 215 1575 277 1613; x_wconf 82' lang='lat' dir='ltr'><strong>an</strong></span> <span class='ocrx_word' id='word_1_120' title='bbox 303 1561 465 1614; x_wconf 75' lang='lat' dir='ltr'><strong>etiam</strong></span> <span class='ocrx_word' id='word_1_121' title='bbox 491 1559 900 1629; x_wconf 70' lang='lat' dir='ltr'><strong>exspectamus?</strong></span> 
     </span>
    </p>
   </div>
   <div class='ocr_carea' id='block_1_17' title="bbox 182 1649 1701 1726">
    <p class='ocr_par' dir='ltr' id='par_1_17' title="bbox 182 1649 1701 1726">
     <span class='ocr_line' id='line_1_17' title="bbox 182 1649 1701 1726; baseline 0.004 -19"><span class='ocrx_word' id='word_1_122' title='bbox 182 1652 267 1707; x_wconf 81' lang='lat'><strong>95.</strong></span> <span class='ocrx_word' id='word_1_123' title='bbox 303 1649 418 1706; x_wconf 82' lang='lat' dir='ltr'><strong>Non</strong></span> <span class='ocrx_word' id='word_1_124' title='bbox 436 1650 677 1721; x_wconf 66' lang='lat' dir='ltr'><strong>&quot;simplex</strong></span> <span class='ocrx_word' id='word_1_125' title='bbox 700 1651 1015 1708; x_wconf 86' lang='lat' dir='ltr'><strong>intellectus</strong></span> <span class='ocrx_word' id='word_1_126' title='bbox 1037 1654 1091 1708; x_wconf 91' lang='lat' dir='ltr'><strong>in</strong></span> <span class='ocrx_word' id='word_1_127' title='bbox 1111 1653 1455 1726; x_wconf 77' lang='lat' dir='ltr'><strong>simplicibus</strong></span> <span class='ocrx_word' id='word_1_128' title='bbox 1474 1664 1557 1712; x_wconf 88' lang='lat' dir='ltr'><strong>est</strong></span> <span class='ocrx_word' id='word_1_129' title='bbox 1582 1672 1701 1713; x_wconf 89' lang='lat' dir='ltr'><strong>ver-</strong></span> 
     </span>
    </p>
   </div>
   <div class='ocr_carea' id='block_1_18' title="bbox 123 1741 1695 1818">
    <p class='ocr_par' dir='ltr' id='par_1_18' title="bbox 123 1741 1695 1818">
     <span class='ocr_line' id='line_1_18' title="bbox 123 1741 1695 1818; baseline 0.004 -21"><span class='ocrx_word' id='word_1_130' title='bbox 123 1743 227 1809; x_wconf 88' lang='lat' dir='ltr'><strong>bis;</strong></span> <span class='ocrx_word' id='word_1_131' title='bbox 284 1741 525 1812; x_wconf 79' lang='lat' dir='ltr'><strong>alioquin</strong></span> <span class='ocrx_word' id='word_1_132' title='bbox 585 1742 945 1813; x_wconf 62' lang='lat' dir='ltr'><strong>praesentibus</strong></span> <span class='ocrx_word' id='word_1_133' title='bbox 983 1745 1263 1814; x_wconf 74' lang='lat' dir='ltr'><strong>superiora</strong></span> <span class='ocrx_word' id='word_1_134' title='bbox 1308 1757 1695 1818; x_wconf 90' lang='lat' dir='ltr'><strong>compugnant.</strong></span> 
     </span>
    </p>
   </div>
   <div class='ocr_carea' id='block_1_19' title="bbox 1808 541 3401 615">
    <p class='ocr_par' dir='ltr' id='par_1_19' title="bbox 1808 541 3401 615">
     <span class='ocr_line' id='line_1_19' title="bbox 1808 541 3401 615; baseline 0.003 -19"><span class='ocrx_word' id='word_1_135' title='bbox 1808 542 1943 597; x_wconf 83' lang='lat' dir='ltr'><strong>ﬁdes</strong></span> <span class='ocrx_word' id='word_1_136' title='bbox 1973 541 2187 612; x_wconf 85' lang='lat' dir='ltr'><strong>plenior</strong></span> <span class='ocrx_word' id='word_1_137' title='bbox 2214 552 2488 612; x_wconf 78' lang='lat' dir='ltr'><strong>gestorum</strong></span> <span class='ocrx_word' id='word_1_138' title='bbox 2522 543 2991 599; x_wconf 82' lang='lat' dir='ltr'><strong>testiﬁcationlbus</strong></span> <span class='ocrx_word' id='word_1_139' title='bbox 3011 586 3027 613; x_wconf 94' lang='lat'><strong>,</strong></span> <span class='ocrx_word' id='word_1_140' title='bbox 3070 560 3231 615; x_wconf 88' lang='lat' dir='ltr'><strong>quam</strong></span> <span class='ocrx_word' id='word_1_141' title='bbox 3280 560 3401 602; x_wconf 85' lang='lat' dir='ltr'><strong>ver-</strong></span> 
     </span>
    </p>
   </div>
   <div class='ocr_carea' id='block_1_20' title="bbox 1806 635 3401 707">
    <p class='ocr_par' dir='ltr' id='par_1_20' title="bbox 1806 635 3401 707">
     <span class='ocr_line' id='line_1_20' title="bbox 1806 635 3401 707; baseline 0.003 -17"><span class='ocrx_word' id='word_1_142' title='bbox 1806 635 1997 690; x_wconf 86' lang='lat' dir='ltr'><strong>borum</strong></span> <span class='ocrx_word' id='word_1_143' title='bbox 2026 636 2415 706; x_wconf 76' lang='lat' dir='ltr'><strong>sponsionibus</strong></span> <span class='ocrx_word' id='word_1_144' title='bbox 2444 636 2763 701; x_wconf 83' lang='lat' dir='ltr'><strong>exhibetur,</strong></span> <span class='ocrx_word' id='word_1_145' title='bbox 2817 650 2936 705; x_wconf 68' lang='lat' dir='ltr'><strong>qum</strong></span> <span class='ocrx_word' id='word_1_146' title='bbox 2968 645 3093 691; x_wconf 88' lang='lat' dir='ltr'><strong>tunc</strong></span> <span class='ocrx_word' id='word_1_147' title='bbox 3132 640 3182 692; x_wconf 89' lang='lat' dir='ltr'><strong>in</strong></span> <span class='ocrx_word' id='word_1_148' title='bbox 3217 646 3401 707; x_wconf 55' lang='lat' dir='ltr'><strong>pecto;</strong></span> 
     </span>
    </p>
   </div>
   <div class='ocr_carea' id='block_1_21' title="bbox 1803 727 3400 800">
    <p class='ocr_par' dir='ltr' id='par_1_21' title="bbox 1803 727 3400 800">
     <span class='ocr_line' id='line_1_21' title="bbox 1803 727 3400 800; baseline 0.003 -19"><span class='ocrx_word' id='word_1_149' title='bbox 1803 727 1954 782; x_wconf 84' lang='lat' dir='ltr'><strong>ribus</strong></span> <span class='ocrx_word' id='word_1_150' title='bbox 1981 727 2290 782; x_wconf 66' lang='lat' dir='ltr'><strong>Judmorum</strong></span> <span class='ocrx_word' id='word_1_151' title='bbox 2314 728 2461 781; x_wconf 84' lang='lat' dir='ltr'><strong>velut</strong></span> <span class='ocrx_word' id='word_1_152' title='bbox 2490 728 2740 783; x_wconf 90' lang='lat' dir='ltr'><strong>obserata</strong></span> <span class='ocrx_word' id='word_1_153' title='bbox 2778 727 2929 800; x_wconf 73' lang='lat' dir='ltr'><strong>Lege</strong></span> <span class='ocrx_word' id='word_1_154' title='bbox 2965 727 3191 783; x_wconf 89' lang='lat' dir='ltr'><strong>nutabat</strong></span> <span class='ocrx_word' id='word_1_155' title='bbox 3217 772 3231 796; x_wconf 94' lang='lat'><strong>,</strong></span> <span class='ocrx_word' id='word_1_156' title='bbox 3281 730 3400 798; x_wconf 86' lang='lat' dir='ltr'><strong>ipso</strong></span> 
     </span>
    </p>
   </div>
   <div class='ocr_carea' id='block_1_22' title="bbox 1805 821 3400 893">
    <p class='ocr_par' dir='ltr' id='par_1_22' title="bbox 1805 821 3400 893">
     <span class='ocr_line' id='line_1_22' title="bbox 1805 821 3400 893; baseline 0.006 -20"><span class='ocrx_word' id='word_1_157' title='bbox 1805 821 2113 890; x_wconf 80' lang='lat' dir='ltr'><strong>spectaculo</strong></span> <span class='ocrx_word' id='word_1_158' title='bbox 2140 821 2433 877; x_wconf 64' lang='lat' dir='ltr'><strong>Dominicm</strong></span> <span class='ocrx_word' id='word_1_159' title='bbox 2458 822 2658 888; x_wconf 87' lang='lat' dir='ltr'><strong>crucis,</strong></span> <span class='ocrx_word' id='word_1_160' title='bbox 2702 831 2756 877; x_wconf 91' lang='lat' dir='ltr'><strong>et</strong></span> <span class='ocrx_word' id='word_1_161' title='bbox 2795 823 2955 893; x_wconf 86' lang='lat' dir='ltr'><strong>pleno</strong></span> <span class='ocrx_word' id='word_1_162' title='bbox 2979 825 3400 882; x_wconf 80' lang='lat' dir='ltr'><strong>resurrectionis</strong></span> 
     </span>
    </p>
   </div>
   <div class='ocr_carea' id='block_1_23' title="bbox 1804 914 2498 983">
    <p class='ocr_par' dir='ltr' id='par_1_23' title="bbox 1804 914 2498 983">
     <span class='ocr_line' id='line_1_23' title="bbox 1804 914 2498 983; baseline 0.001 -15"><span class='ocrx_word' id='word_1_163' title='bbox 1804 915 2133 970; x_wconf 74' lang='lat' dir='ltr'><strong>testimonio</strong></span> <span class='ocrx_word' id='word_1_164' title='bbox 2150 914 2498 983; x_wconf 86' lang='lat' dir='ltr'><strong>panderetur.</strong></span> 
     </span>
    </p>
   </div>
   <div class='ocr_carea' id='block_1_24' title="bbox 1872 1002 3429 1080">
    <p class='ocr_par' dir='ltr' id='par_1_24' title="bbox 1872 1002 3429 1080">
     <span class='ocr_line' id='line_1_24' title="bbox 1872 1002 3429 1080; baseline 0.001 -19"><span class='ocrx_word' id='word_1_165' title='bbox 1872 1006 1964 1062; x_wconf 87' lang='lat'><strong>96.</strong></span> <span class='ocrx_word' id='word_1_166' title='bbox 2004 1005 2073 1061; x_wconf 86' lang='lat' dir='ltr'><strong>Et</strong></span> <span class='ocrx_word' id='word_1_167' title='bbox 2102 1005 2338 1060; x_wconf 76' lang='lat' dir='ltr'><strong>fortasse</strong></span> <span class='ocrx_word' id='word_1_168' title='bbox 2366 1004 2456 1059; x_wconf 87' lang='lat' dir='ltr'><strong>isti</strong></span> <span class='ocrx_word' id='word_1_169' title='bbox 2479 1002 2726 1075; x_wconf 89' lang='lat' dir='ltr'><strong>discipuli</strong></span> <span class='ocrx_word' id='word_1_170' title='bbox 2754 1015 2881 1061; x_wconf 90' lang='lat' dir='ltr'><strong>sunt</strong></span> <span class='ocrx_word' id='word_1_171' title='bbox 2901 1006 3009 1062; x_wconf 89' lang='lat' dir='ltr'><strong>duo</strong></span> <span class='ocrx_word' id='word_1_172' title='bbox 3034 1007 3238 1078; x_wconf 79' lang='lat' dir='ltr'><strong>populi,</strong></span> <span class='ocrx_word' id='word_1_173' title='bbox 3265 1024 3400 1080; x_wconf 87' lang='lat' dir='ltr'><strong>quo-</strong></span> <span class='ocrx_word' id='word_1_174' title='bbox 3425 1064 3429 1075; x_wconf 69' lang='grc'>,</span> 
     </span>
    </p>
   </div>
   <div class='ocr_carea' id='block_1_25' title="bbox 1804 1096 3398 1171">
    <p class='ocr_par' dir='ltr' id='par_1_25' title="bbox 1804 1096 3398 1171">
     <span class='ocr_line' id='line_1_25' title="bbox 1804 1096 3398 1171; baseline 0.003 -20"><span class='ocrx_word' id='word_1_175' title='bbox 1804 1110 1923 1153; x_wconf 89' lang='lat' dir='ltr'><strong>rum</strong></span> <span class='ocrx_word' id='word_1_176' title='bbox 1974 1112 2117 1152; x_wconf 90' lang='lat' dir='ltr'><strong>unus</strong></span> <span class='ocrx_word' id='word_1_177' title='bbox 2163 1112 2229 1151; x_wconf 85' lang='lat' dir='ltr'><strong>ex</strong></span> <span class='ocrx_word' id='word_1_178' title='bbox 2269 1096 2477 1153; x_wconf 76' lang='lat' dir='ltr'><strong>Judzt-is</strong></span> <span class='ocrx_word' id='word_1_179' title='bbox 2522 1096 2797 1163; x_wconf 85' lang='lat' dir='ltr'><strong>credidit,</strong></span> <span class='ocrx_word' id='word_1_180' title='bbox 2828 1100 2966 1154; x_wconf 78' lang='lat' dir='ltr'><strong>alter</strong></span> <span class='ocrx_word' id='word_1_181' title='bbox 3015 1115 3079 1155; x_wconf 90' lang='lat' dir='ltr'><strong>ex</strong></span> <span class='ocrx_word' id='word_1_182' title='bbox 3121 1098 3398 1171; x_wconf 86' lang='lat' dir='ltr'><strong>gentibus,</strong></span> 
     </span>
    </p>
   </div>
   <div class='ocr_carea' id='block_1_26' title="bbox 1806 1191 3401 1263">
    <p class='ocr_par' dir='ltr' id='par_1_26' title="bbox 1806 1191 3401 1263">
     <span class='ocr_line' id='line_1_26' title="bbox 1806 1191 3401 1263; baseline 0.001 -17"><span class='ocrx_word' id='word_1_183' title='bbox 1806 1204 1829 1233; x_wconf 77' lang='grc' dir='ltr'><strong>ο</strong></span> <span class='ocrx_word' id='word_1_184' title='bbox 1857 1193 1945 1263; x_wconf 88' lang='lat' dir='ltr'><strong>qui</strong></span> <span class='ocrx_word' id='word_1_185' title='bbox 1971 1191 2096 1247; x_wconf 91' lang='lat' dir='ltr'><strong>ideo</strong></span> <span class='ocrx_word' id='word_1_186' title='bbox 2127 1191 2383 1258; x_wconf 82' lang='lat' dir='ltr'><strong>credidit,</strong></span> <span class='ocrx_word' id='word_1_187' title='bbox 2413 1191 2540 1262; x_wconf 90' lang='lat' dir='ltr'><strong>quia</strong></span> <span class='ocrx_word' id='word_1_188' title='bbox 2567 1191 2793 1246; x_wconf 80' lang='lat' dir='ltr'><strong>audivit.</strong></span> <span class='ocrx_word' id='word_1_189' title='bbox 2824 1191 3125 1247; x_wconf 79' lang='lat' dir='ltr'><strong>Voluerunt</strong></span> <span class='ocrx_word' id='word_1_190' title='bbox 3149 1207 3278 1262; x_wconf 86' lang='lat' dir='ltr'><strong>ergo</strong></span> <span class='ocrx_word' id='word_1_191' title='bbox 3310 1193 3401 1248; x_wconf 88' lang='lat' dir='ltr'><strong>isti</strong></span> 
     </span>
    </p>
   </div>
   <div class='ocr_carea' id='block_1_27' title="bbox 1802 1283 3401 1356">
    <p class='ocr_par' dir='ltr' id='par_1_27' title="bbox 1802 1283 3401 1356">
     <span class='ocr_line' id='line_1_27' title="bbox 1802 1283 3401 1356; baseline -0.002 -15"><span class='ocrx_word' id='word_1_192' title='bbox 1802 1286 1989 1341; x_wconf 85' lang='lat' dir='ltr'><strong>videre</strong></span> <span class='ocrx_word' id='word_1_193' title='bbox 2021 1292 2244 1356; x_wconf 78' lang='lat' dir='ltr'><strong>propter</strong></span> <span class='ocrx_word' id='word_1_194' title='bbox 2268 1284 2399 1339; x_wconf 89' lang='lat' dir='ltr'><strong>illud</strong></span> <span class='ocrx_word' id='word_1_195' title='bbox 2433 1303 2445 1339; x_wconf 94' lang='lat'>:</span> <span class='ocrx_word' id='word_1_196' title='bbox 2480 1283 2653 1339; x_wconf 83' lang='lat' dir='ltr'><strong>Vestri</strong></span> <span class='ocrx_word' id='word_1_197' title='bbox 2674 1290 2843 1338; x_wconf 82' lang='lat' dir='ltr'><strong>autem</strong></span> <span class='ocrx_word' id='word_1_198' title='bbox 2880 1283 3013 1339; x_wconf 82' lang='lat' dir='ltr'><strong>beati</strong></span> <span class='ocrx_word' id='word_1_199' title='bbox 3050 1284 3187 1338; x_wconf 84' lang='lat' dir='ltr'><strong>oculi</strong></span> <span class='ocrx_word' id='word_1_200' title='bbox 3218 1285 3306 1355; x_wconf 89' lang='lat' dir='ltr'><strong>qui</strong></span> <span class='ocrx_word' id='word_1_201' title='bbox 3325 1287 3401 1339; x_wconf 82' lang='lat' dir='ltr'><strong>vi-</strong></span> 
     </span>
    </p>
   </div>
   <div class='ocr_carea' id='block_1_28' title="bbox 1802 1374 3398 1450">
    <p class='ocr_par' dir='ltr' id='par_1_28' title="bbox 1802 1374 3398 1450">
     <span class='ocr_line' id='line_1_28' title="bbox 1802 1374 3398 1450; baseline -0.001 -17"><span class='ocrx_word' id='word_1_202' title='bbox 1802 1379 1947 1447; x_wconf 83' lang='lat' dir='ltr'><strong>dent,</strong></span> <span class='ocrx_word' id='word_1_203' title='bbox 1975 1388 2196 1433; x_wconf 68' lang='lat' dir='ltr'><strong>etaurus</strong></span> <span class='ocrx_word' id='word_1_204' title='bbox 2228 1386 2407 1432; x_wconf 69' lang='lat' dir='ltr'><strong>vestris</strong></span> <span class='ocrx_word' id='word_1_205' title='bbox 2436 1393 2549 1449; x_wconf 71' lang='lat' dir='ltr'><strong>qua:</strong></span> <span class='ocrx_word' id='word_1_206' title='bbox 2588 1377 2805 1431; x_wconf 75' lang='lat' dir='ltr'><strong>audiunt</strong></span> <span class='ocrx_word' id='word_1_207' title='bbox 2844 1374 3059 1445; x_wconf 72' lang='lat' dir='ltr'><strong>(Matth.</strong></span> <span class='ocrx_word' id='word_1_208' title='bbox 3107 1391 3199 1431; x_wconf 87' lang='lat' dir='ltr'><strong>xut</strong></span> <span class='ocrx_word' id='word_1_209' title='bbox 3223 1418 3238 1444; x_wconf 93' lang='lat'><strong>,</strong></span> <span class='ocrx_word' id='word_1_210' title='bbox 3283 1375 3398 1450; x_wconf 78' lang='lat' dir='ltr'><strong>i6).</strong></span> 
     </span>
    </p>
   </div>
   <div class='ocr_carea' id='block_1_29' title="bbox 1800 1467 3400 1527">
    <p class='ocr_par' dir='ltr' id='par_1_29' title="bbox 1800 1467 3400 1527">
     <span class='ocr_line' id='line_1_29' title="bbox 1800 1467 3400 1527; baseline -0.003 0"><span class='ocrx_word' id='word_1_211' title='bbox 1800 1470 1906 1527; x_wconf 87' lang='lat' dir='ltr'><strong>Sed</strong></span> <span class='ocrx_word' id='word_1_212' title='bbox 1938 1473 2104 1527; x_wconf 87' lang='lat' dir='ltr'><strong>etiam</strong></span> <span class='ocrx_word' id='word_1_213' title='bbox 2146 1485 2245 1525; x_wconf 91' lang='lat' dir='ltr'><strong>nos</strong></span> <span class='ocrx_word' id='word_1_214' title='bbox 2284 1470 2518 1524; x_wconf 79' lang='lat' dir='ltr'><strong>vidimus</strong></span> <span class='ocrx_word' id='word_1_215' title='bbox 2573 1470 2629 1524; x_wconf 90' lang='lat' dir='ltr'><strong>in</strong></span> <span class='ocrx_word' id='word_1_216' title='bbox 2681 1467 2932 1524; x_wconf 89' lang='lat' dir='ltr'><strong>Joanne:</strong></span> <span class='ocrx_word' id='word_1_217' title='bbox 2978 1468 3152 1523; x_wconf 85' lang='lat' dir='ltr'><strong>oculis</strong></span> <span class='ocrx_word' id='word_1_218' title='bbox 3200 1469 3400 1524; x_wconf 88' lang='lat' dir='ltr'><strong>nostris</strong></span> 
     </span>
    </p>
   </div>
   <div class='ocr_carea' id='block_1_30' title="bbox 1804 1560 3396 1636">
    <p class='ocr_par' dir='ltr' id='par_1_30' title="bbox 1804 1560 3396 1636">
     <span class='ocr_line' id='line_1_30' title="bbox 1804 1560 3396 1636; baseline -0.002 -16"><span class='ocrx_word' id='word_1_219' title='bbox 1804 1564 2179 1636; x_wconf 76' lang='lat' dir='ltr'><strong>perspeximus</strong></span> <span class='ocrx_word' id='word_1_220' title='bbox 2202 1563 2256 1617; x_wconf 92' lang='lat' dir='ltr'><strong>in</strong></span> <span class='ocrx_word' id='word_1_221' title='bbox 2285 1563 2550 1633; x_wconf 74' lang='lat' dir='ltr'><strong>apoStolis</strong></span> <span class='ocrx_word' id='word_1_222' title='bbox 2581 1580 2594 1615; x_wconf 89' lang='lat'><strong>:</strong></span> <span class='ocrx_word' id='word_1_223' title='bbox 2650 1572 2706 1616; x_wconf 86' lang='lat' dir='ltr'><strong>et</strong></span> <span class='ocrx_word' id='word_1_224' title='bbox 2752 1560 3003 1617; x_wconf 85' lang='lat' dir='ltr'><strong>manibus</strong></span> <span class='ocrx_word' id='word_1_225' title='bbox 3034 1562 3236 1617; x_wconf 87' lang='lat' dir='ltr'><strong>nostris</strong></span> <span class='ocrx_word' id='word_1_226' title='bbox 3277 1577 3396 1632; x_wconf 89' lang='lat' dir='ltr'><strong>per-</strong></span> 
     </span>
    </p>
   </div>
   <div class='ocr_carea' id='block_1_31' title="bbox 1801 1654 3398 1727">
    <p class='ocr_par' dir='ltr' id='par_1_31' title="bbox 1801 1654 3398 1727">
     <span class='ocr_line' id='line_1_31' title="bbox 1801 1654 3398 1727; baseline -0.002 -16"><span class='ocrx_word' id='word_1_227' title='bbox 1801 1656 2024 1711; x_wconf 90' lang='lat' dir='ltr'><strong>scrutati</strong></span> <span class='ocrx_word' id='word_1_228' title='bbox 2056 1671 2244 1711; x_wconf 89' lang='lat' dir='ltr'><strong>sumus</strong></span> <span class='ocrx_word' id='word_1_229' title='bbox 2278 1654 2331 1710; x_wconf 91' lang='lat' dir='ltr'><strong>in</strong></span> <span class='ocrx_word' id='word_1_230' title='bbox 2356 1656 2580 1711; x_wconf 62' lang='lat' dir='ltr'><strong>Thomas</strong></span> <span class='ocrx_word' id='word_1_231' title='bbox 2605 1655 2808 1727; x_wconf 78' lang='lat' dir='ltr'><strong>digitis.</strong></span> <span class='ocrx_word' id='word_1_232' title='bbox 2843 1655 2994 1721; x_wconf 80' lang='lat' dir='ltr'><strong>Quod</strong></span> <span class='ocrx_word' id='word_1_233' title='bbox 3031 1654 3177 1711; x_wconf 89' lang='lat' dir='ltr'><strong>enim</strong></span> <span class='ocrx_word' id='word_1_234' title='bbox 3209 1655 3398 1709; x_wconf 83' lang='lat' dir='ltr'><strong>eratab</strong></span> 
     </span>
    </p>
   </div>
   <div class='ocr_carea' id='block_1_32' title="bbox 1799 1744 3401 1819">
    <p class='ocr_par' dir='ltr' id='par_1_32' title="bbox 1799 1744 3401 1819">
     <span class='ocr_line' id='line_1_32' title="bbox 1799 1744 3401 1819; baseline -0.001 -17"><span class='ocrx_word' id='word_1_235' title='bbox 1799 1748 1968 1815; x_wconf 88' lang='lat' dir='ltr'><strong>initio,</strong></span> <span class='ocrx_word' id='word_1_236' title='bbox 1995 1748 2131 1819; x_wconf 84' lang='lat' dir='ltr'><strong>quod</strong></span> <span class='ocrx_word' id='word_1_237' title='bbox 2163 1744 2474 1814; x_wconf 80' lang='lat' dir='ltr'><strong>audivimus,</strong></span> <span class='ocrx_word' id='word_1_238' title='bbox 2498 1756 2546 1802; x_wconf 88' lang='lat' dir='ltr'><strong>et</strong></span> <span class='ocrx_word' id='word_1_239' title='bbox 2577 1748 2714 1817; x_wconf 85' lang='lat' dir='ltr'><strong>quod</strong></span> <span class='ocrx_word' id='word_1_240' title='bbox 2737 1748 2981 1806; x_wconf 79' lang='lat' dir='ltr'><strong>uidimus.</strong></span> <span class='ocrx_word' id='word_1_241' title='bbox 3012 1746 3176 1802; x_wconf 82' lang='lat' dir='ltr'><strong>oculis</strong></span> <span class='ocrx_word' id='word_1_242' title='bbox 3209 1747 3401 1801; x_wconf 81' lang='lat' dir='ltr'><strong>nostris</strong></span> 
     </span>
    </p>
   </div>
   <div class='ocr_carea' id='block_1_33' title="bbox 122 1834 3399 1913">
    <p class='ocr_par' dir='ltr' id='par_1_33' title="bbox 122 1834 3399 1913">
     <span class='ocr_line' id='line_1_33' title="bbox 122 1834 3399 1913; baseline 0.002 -25"><span class='ocrx_word' id='word_1_243' title='bbox 122 1834 388 1901; x_wconf 81' lang='lat' dir='ltr'><strong>Quomodo</strong></span> <span class='ocrx_word' id='word_1_244' title='bbox 455 1834 603 1890; x_wconf 90' lang='lat' dir='ltr'><strong>enim</strong></span> <span class='ocrx_word' id='word_1_245' title='bbox 652 1834 892 1891; x_wconf 81' lang='lat' dir='ltr'><strong>Joannes</strong></span> <span class='ocrx_word' id='word_1_246' title='bbox 915 1877 931 1901; x_wconf 87' lang='lat'><strong>,</strong></span> <span class='ocrx_word' id='word_1_247' title='bbox 982 1850 1143 1907; x_wconf 75' lang='lat' dir='ltr'><strong>quem</strong></span> <span class='ocrx_word' id='word_1_248' title='bbox 1197 1834 1250 1892; x_wconf 90' lang='lat' dir='ltr'><strong>in</strong></span> <span class='ocrx_word' id='word_1_249' title='bbox 1282 1840 1653 1910; x_wconf 87' lang='lat' dir='ltr'><strong>superioribus</strong></span> <span class='ocrx_word' id='word_1_250' title='bbox 1680 1881 1693 1907; x_wconf 92' lang='lat'><strong>,</strong></span> <span class='ocrx_word' id='word_1_251' title='bbox 1726 1849 1776 1912; x_wconf 77' lang='grc' dir='ltr'><strong>Β</strong></span> <span class='ocrx_word' id='word_1_252' title='bbox 1802 1841 2177 1913; x_wconf 66' lang='lat' dir='ltr'><strong>perspeximus,</strong></span> <span class='ocrx_word' id='word_1_253' title='bbox 2201 1849 2250 1895; x_wconf 89' lang='lat' dir='ltr'><strong>et</strong></span> <span class='ocrx_word' id='word_1_254' title='bbox 2279 1854 2461 1894; x_wconf 87' lang='lat' dir='ltr'><strong>manus</strong></span> <span class='ocrx_word' id='word_1_255' title='bbox 2480 1846 2673 1894; x_wconf 70' lang='lat' dir='ltr'><strong>nostra</strong></span> <span class='ocrx_word' id='word_1_256' title='bbox 2700 1849 2941 1894; x_wconf 78' lang='lat' dir='ltr'><strong>scrutata:</strong></span> <span class='ocrx_word' id='word_1_257' title='bbox 2978 1841 3098 1895; x_wconf 84' lang='lat' dir='ltr'><strong>sunt</strong></span> <span class='ocrx_word' id='word_1_258' title='bbox 3133 1838 3196 1892; x_wconf 88' lang='lat' dir='ltr'><strong>de</strong></span> <span class='ocrx_word' id='word_1_259' title='bbox 3232 1837 3399 1893; x_wconf 80' lang='lat' dir='ltr'><strong>Verbo</strong></span> 
     </span>
    </p>
   </div>
   <div class='ocr_carea' id='block_1_34' title="bbox 122 1928 1695 2002">
    <p class='ocr_par' dir='ltr' id='par_1_34' title="bbox 122 1928 1695 2002">
     <span class='ocr_line' id='line_1_34' title="bbox 122 1928 1695 2002; baseline 0.003 -18"><span class='ocrx_word' id='word_1_260' title='bbox 122 1930 219 1984; x_wconf 85' lang='lat' dir='ltr'><strong>Deo</strong></span> <span class='ocrx_word' id='word_1_261' title='bbox 296 1928 984 1996; x_wconf 49' lang='lat' dir='ltr'><strong>Patre&#39;demonstrante,</strong></span> <span class='ocrx_word' id='word_1_262' title='bbox 1061 1933 1350 2002; x_wconf 87' lang='lat' dir='ltr'><strong>cognovit,</strong></span> <span class='ocrx_word' id='word_1_263' title='bbox 1426 1933 1516 1987; x_wconf 90' lang='lat' dir='ltr'><strong>hic</strong></span> <span class='ocrx_word' id='word_1_264' title='bbox 1597 1947 1695 1989; x_wconf 85' lang='lat' dir='ltr'><strong>ne-</strong></span> 
     </span>
    </p>
   </div>
   <div class='ocr_carea' id='block_1_35' title="bbox 118 2023 1701 2099">
    <p class='ocr_par' dir='ltr' id='par_1_35' title="bbox 118 2023 1701 2099">
     <span class='ocr_line' id='line_1_35' title="bbox 118 2023 1701 2099; baseline 0.004 -21"><span class='ocrx_word' id='word_1_265' title='bbox 118 2023 248 2078; x_wconf 78' lang='lat' dir='ltr'><strong>scit?</strong></span> <span class='ocrx_word' id='word_1_266' title='bbox 282 2023 571 2092; x_wconf 80' lang='lat' dir='ltr'><strong>Quomodo</strong></span> <span class='ocrx_word' id='word_1_267' title='bbox 616 2032 676 2079; x_wconf 85' lang='lat' dir='ltr'><strong>et</strong></span> <span class='ocrx_word' id='word_1_268' title='bbox 715 2024 790 2080; x_wconf 90' lang='lat' dir='ltr'><strong>ibi</strong></span> <span class='ocrx_word' id='word_1_269' title='bbox 838 2038 998 2094; x_wconf 83' lang='lat' dir='ltr'><strong>quem</strong></span> <span class='ocrx_word' id='word_1_270' title='bbox 1047 2032 1176 2081; x_wconf 88' lang='lat' dir='ltr'><strong>ante</strong></span> <span class='ocrx_word' id='word_1_271' title='bbox 1227 2026 1500 2096; x_wconf 81' lang='lat' dir='ltr'><strong>nescivit,</strong></span> <span class='ocrx_word' id='word_1_272' title='bbox 1533 2040 1701 2099; x_wconf 84' lang='lat' dir='ltr'><strong>agno-</strong></span> 
     </span>
    </p>
   </div>
   <div class='ocr_carea' id='block_1_36' title="bbox 118 2115 1700 2190">
    <p class='ocr_par' dir='ltr' id='par_1_36' title="bbox 118 2115 1700 2190">
     <span class='ocr_line' id='line_1_36' title="bbox 118 2115 1700 2190; baseline 0.005 -22"><span class='ocrx_word' id='word_1_273' title='bbox 118 2115 187 2169; x_wconf 80' lang='lat' dir='ltr'><strong>vit</strong></span> <span class='ocrx_word' id='word_1_274' title='bbox 218 2134 232 2169; x_wconf 92' lang='lat'><strong>:</strong></span> <span class='ocrx_word' id='word_1_275' title='bbox 264 2122 319 2170; x_wconf 88' lang='lat' dir='ltr'><strong>et</strong></span> <span class='ocrx_word' id='word_1_276' title='bbox 340 2116 427 2171; x_wconf 90' lang='lat' dir='ltr'><strong>hic</strong></span> <span class='ocrx_word' id='word_1_277' title='bbox 453 2122 613 2185; x_wconf 87' lang='lat' dir='ltr'><strong>qttein</strong></span> <span class='ocrx_word' id='word_1_278' title='bbox 639 2115 750 2187; x_wconf 80' lang='lat' dir='ltr'><strong>jam</strong></span> <span class='ocrx_word' id='word_1_279' title='bbox 782 2124 912 2172; x_wconf 85' lang='lat' dir='ltr'><strong>ante</strong></span> <span class='ocrx_word' id='word_1_280' title='bbox 934 2116 1160 2183; x_wconf 82' lang='lat' dir='ltr'><strong>sciebat,</strong></span> <span class='ocrx_word' id='word_1_281' title='bbox 1192 2120 1444 2190; x_wconf 77' lang='lat' dir='ltr'><strong>ignorat?</strong></span> <span class='ocrx_word' id='word_1_282' title='bbox 1483 2119 1700 2177; x_wconf 83' lang='lat' dir='ltr'><strong>Nescie-</strong></span> 
     </span>
    </p>
   </div>
   <div class='ocr_carea' id='block_1_37' title="bbox 119 2207 1700 2283">
    <p class='ocr_par' dir='ltr' id='par_1_37' title="bbox 119 2207 1700 2283">
     <span class='ocr_line' id='line_1_37' title="bbox 119 2207 1700 2283; baseline 0.006 -22"><span class='ocrx_word' id='word_1_283' title='bbox 119 2207 243 2273; x_wconf 79' lang='lat' dir='ltr'><strong>bam,</strong></span> <span class='ocrx_word' id='word_1_284' title='bbox 269 2210 461 2281; x_wconf 90' lang='lat' dir='ltr'><strong>inquit,</strong></span> <span class='ocrx_word' id='word_1_285' title='bbox 485 2226 601 2264; x_wconf 86' lang='lat' dir='ltr'><strong>eum</strong></span> <span class='ocrx_word' id='word_1_286' title='bbox 626 2225 646 2265; x_wconf 90' lang='lat'><strong><em>:</em></strong></span> <span class='ocrx_word' id='word_1_287' title='bbox 693 2209 783 2265; x_wconf 82' lang='lat' dir='ltr'><strong>sed</strong></span> <span class='ocrx_word' id='word_1_288' title='bbox 825 2212 913 2283; x_wconf 81' lang='lat' dir='ltr'><strong>qui</strong></span> <span class='ocrx_word' id='word_1_289' title='bbox 941 2212 1078 2266; x_wconf 85' lang='lat' dir='ltr'><strong>misit</strong></span> <span class='ocrx_word' id='word_1_290' title='bbox 1129 2228 1211 2267; x_wconf 85' lang='lat' dir='ltr'><strong>me</strong></span> <span class='ocrx_word' id='word_1_291' title='bbox 1240 2214 1539 2282; x_wconf 71' lang='lat' dir='ltr'><strong>baptizare,</strong></span> <span class='ocrx_word' id='word_1_292' title='bbox 1587 2216 1700 2283; x_wconf 88' lang='lat' dir='ltr'><strong>ipse</strong></span> 
     </span>
    </p>
   </div>
   <div class='ocr_carea' id='block_1_38' title="bbox 118 2302 1698 2377">
    <p class='ocr_par' dir='ltr' id='par_1_38' title="bbox 118 2302 1698 2377">
     <span class='ocr_line' id='line_1_38' title="bbox 118 2302 1698 2377; baseline 0.004 -21"><span class='ocrx_word' id='word_1_293' title='bbox 118 2303 233 2357; x_wconf 71' lang='lat' dir='ltr'><strong>mihi</strong></span> <span class='ocrx_word' id='word_1_294' title='bbox 272 2303 439 2359; x_wconf 69' lang='lat' dir='ltr'><strong>dixit:</strong></span> <span class='ocrx_word' id='word_1_295' title='bbox 487 2302 668 2373; x_wconf 83' lang='lat' dir='ltr'><strong>Supra</strong></span> <span class='ocrx_word' id='word_1_296' title='bbox 714 2320 867 2375; x_wconf 75' lang='lat' dir='ltr'><strong>quem</strong></span> <span class='ocrx_word' id='word_1_297' title='bbox 921 2305 1111 2361; x_wconf 74' lang='lat' dir='ltr'><strong>videris</strong></span> <span class='ocrx_word' id='word_1_298' title='bbox 1160 2306 1418 2377; x_wconf 80' lang='lat' dir='ltr'><strong>Spiritum</strong></span> <span class='ocrx_word' id='word_1_299' title='bbox 1463 2317 1698 2362; x_wconf 82' lang='lat' dir='ltr'><strong>sanctum</strong></span> 
     </span>
    </p>
   </div>
   <div class='ocr_carea' id='block_1_39' title="bbox 119 2398 1698 2473">
    <p class='ocr_par' dir='ltr' id='par_1_39' title="bbox 119 2398 1698 2473">
     <span class='ocr_line' id='line_1_39' title="bbox 119 2398 1698 2473; baseline 0.004 -21"><span class='ocrx_word' id='word_1_300' title='bbox 119 2400 498 2455; x_wconf 69' lang='lat' dir='ltr'><strong>descendentem</strong></span> <span class='ocrx_word' id='word_1_301' title='bbox 520 2398 704 2473; x_wconf 78' lang='lat' dir='ltr'><strong>(Ioan.</strong></span> <span class='ocrx_word' id='word_1_302' title='bbox 735 2415 774 2467; x_wconf 80' lang='grc' dir='ltr'><strong>ι,</strong></span> <span class='ocrx_word' id='word_1_303' title='bbox 806 2399 922 2470; x_wconf 75' lang='lat'><strong>33).</strong></span> <span class='ocrx_word' id='word_1_304' title='bbox 955 2402 1021 2456; x_wconf 88' lang='lat' dir='ltr'><strong>Et</strong></span> <span class='ocrx_word' id='word_1_305' title='bbox 1049 2400 1195 2456; x_wconf 89' lang='lat' dir='ltr'><strong>dicto</strong></span> <span class='ocrx_word' id='word_1_306' title='bbox 1223 2402 1479 2469; x_wconf 87' lang='lat' dir='ltr'><strong>credidit,</strong></span> <span class='ocrx_word' id='word_1_307' title='bbox 1517 2412 1574 2458; x_wconf 87' lang='lat' dir='ltr'><strong>et</strong></span> <span class='ocrx_word' id='word_1_308' title='bbox 1603 2404 1698 2458; x_wconf 87' lang='lat' dir='ltr'><strong>de—</strong></span> 
     </span>
    </p>
   </div>
   <div class='ocr_carea' id='block_1_40' title="bbox 120 2494 1700 2564">
    <p class='ocr_par' dir='ltr' id='par_1_40' title="bbox 120 2494 1700 2564">
     <span class='ocr_line' id='line_1_40' title="bbox 120 2494 1700 2564; baseline 0.004 -19"><span class='ocrx_word' id='word_1_309' title='bbox 120 2503 465 2549; x_wconf 84' lang='lat' dir='ltr'><strong>monstratum</strong></span> <span class='ocrx_word' id='word_1_310' title='bbox 506 2495 751 2564; x_wconf 81' lang='lat' dir='ltr'><strong>agnovit,</strong></span> <span class='ocrx_word' id='word_1_311' title='bbox 783 2502 840 2549; x_wconf 89' lang='lat' dir='ltr'><strong>et</strong></span> <span class='ocrx_word' id='word_1_312' title='bbox 868 2494 1198 2564; x_wconf 84' lang='lat' dir='ltr'><strong>baptizatum</strong></span> <span class='ocrx_word' id='word_1_313' title='bbox 1232 2494 1498 2561; x_wconf 75' lang='lat' dir='ltr'><strong>adoravit,</strong></span> <span class='ocrx_word' id='word_1_314' title='bbox 1526 2505 1581 2552; x_wconf 87' lang='lat' dir='ltr'><strong>et</strong></span> <span class='ocrx_word' id='word_1_315' title='bbox 1606 2511 1700 2552; x_wconf 89' lang='lat' dir='ltr'><strong>ve-</strong></span> 
     </span>
    </p>
   </div>
   <div class='ocr_carea' id='block_1_41' title="bbox 121 2586 1701 2661">
    <p class='ocr_par' dir='ltr' id='par_1_41' title="bbox 121 2586 1701 2661">
     <span class='ocr_line' id='line_1_41' title="bbox 121 2586 1701 2661; baseline 0.004 -21"><span class='ocrx_word' id='word_1_316' title='bbox 121 2588 350 2642; x_wconf 84' lang='lat' dir='ltr'><strong>nientem</strong></span> <span class='ocrx_word' id='word_1_317' title='bbox 380 2586 755 2658; x_wconf 72' lang='lat' dir='ltr'><strong>prophetarit.</strong></span> <span class='ocrx_word' id='word_1_318' title='bbox 786 2586 1046 2657; x_wconf 87' lang='lat' dir='ltr'><strong>Denique,</strong></span> <span class='ocrx_word' id='word_1_319' title='bbox 1075 2586 1210 2660; x_wconf 83' lang='lat' dir='ltr'><strong>Ego,</strong></span> <span class='ocrx_word' id='word_1_320' title='bbox 1236 2590 1441 2661; x_wconf 90' lang='lat' dir='ltr'><strong>inquit,</strong></span> <span class='ocrx_word' id='word_1_321' title='bbox 1484 2591 1608 2656; x_wconf 76' lang='lat' dir='ltr'><strong>vidi,</strong></span> <span class='ocrx_word' id='word_1_322' title='bbox 1652 2598 1701 2648; x_wconf 83' lang='lat' dir='ltr'><strong>ct</strong></span> 
     </span>
    </p>
   </div>
   <div class='ocr_carea' id='block_1_42' title="bbox 120 2682 1699 2753">
    <p class='ocr_par' dir='ltr' id='par_1_42' title="bbox 120 2682 1699 2753">
     <span class='ocr_line' id='line_1_42' title="bbox 120 2682 1699 2753; baseline 0.007 -20"><span class='ocrx_word' id='word_1_323' title='bbox 120 2682 448 2735; x_wconf 73' lang='lat' dir='ltr'><strong>testimonium</strong></span> <span class='ocrx_word' id='word_1_324' title='bbox 469 2682 740 2753; x_wconf 71' lang='lat' dir='ltr'><strong>perhibui,</strong></span> <span class='ocrx_word' id='word_1_325' title='bbox 788 2684 1032 2751; x_wconf 73' lang='lat' dir='ltr'><strong>quamam</strong></span> <span class='ocrx_word' id='word_1_326' title='bbox 1073 2688 1100 2722; x_wconf 71' lang='grc' dir='ltr'>α</span> <span class='ocrx_word' id='word_1_327' title='bbox 1150 2684 1233 2739; x_wconf 76' lang='lat' dir='ltr'><strong>hic</strong></span> <span class='ocrx_word' id='word_1_328' title='bbox 1259 2696 1332 2740; x_wconf 88' lang='lat' dir='ltr'><strong>est</strong></span> <span class='ocrx_word' id='word_1_329' title='bbox 1357 2689 1547 2743; x_wconf 84' lang='lat' dir='ltr'><strong>electus</strong></span> <span class='ocrx_word' id='word_1_330' title='bbox 1597 2686 1699 2744; x_wconf 85' lang='lat' dir='ltr'><strong>Dei</strong></span> 
     </span>
    </p>
   </div>
   <div class='ocr_carea' id='block_1_43' title="bbox 122 2771 1700 2853">
    <p class='ocr_par' dir='ltr' id='par_1_43' title="bbox 122 2771 1700 2853">
     <span class='ocr_line' id='line_1_43' title="bbox 122 2771 1700 2853; baseline 0.006 -28"><span class='ocrx_word' id='word_1_331' title='bbox 122 2771 297 2843; x_wconf 81' lang='lat' dir='ltr'><strong>(lbid.,</strong></span> <span class='ocrx_word' id='word_1_332' title='bbox 328 2773 442 2847; x_wconf 67' lang='grc' dir='ltr'><strong>δι).</strong></span> <span class='ocrx_word' id='word_1_333' title='bbox 467 2774 609 2843; x_wconf 84' lang='lat' dir='ltr'><strong>Quid</strong></span> <span class='ocrx_word' id='word_1_334' title='bbox 649 2786 781 2846; x_wconf 86' lang='lat' dir='ltr'><strong>ergo</strong></span> <span class='ocrx_word' id='word_1_335' title='bbox 813 2775 927 2831; x_wconf 80' lang='lat' dir='ltr'><strong>ﬁeri</strong></span> <span class='ocrx_word' id='word_1_336' title='bbox 971 2782 1155 2853; x_wconf 81' lang='lat' dir='ltr'><strong>posset</strong></span> <span class='ocrx_word' id='word_1_337' title='bbox 1202 2784 1264 2837; x_wconf 88' lang='lat' dir='ltr'><strong>ut</strong></span> <span class='ocrx_word' id='word_1_338' title='bbox 1312 2780 1392 2834; x_wconf 89' lang='lat' dir='ltr'><strong>sic</strong></span> <span class='ocrx_word' id='word_1_339' title='bbox 1433 2780 1700 2850; x_wconf 79' lang='lat' dir='ltr'><strong>propheta</strong></span> 
     </span>
    </p>
   </div>
   <div class='ocr_carea' id='block_1_44' title="bbox 122 2867 1700 2941">
    <p class='ocr_par' dir='ltr' id='par_1_44' title="bbox 122 2867 1700 2941">
     <span class='ocr_line' id='line_1_44' title="bbox 122 2867 1700 2941; baseline 0.004 -20"><span class='ocrx_word' id='word_1_340' title='bbox 122 2874 300 2923; x_wconf 82' lang='lat' dir='ltr'><strong>tantus</strong></span> <span class='ocrx_word' id='word_1_341' title='bbox 321 2868 535 2923; x_wconf 79' lang='lat' dir='ltr'><strong>erraret</strong></span> <span class='ocrx_word' id='word_1_342' title='bbox 563 2883 578 2931; x_wconf 92' lang='lat'><strong>;</strong></span> <span class='ocrx_word' id='word_1_343' title='bbox 606 2874 666 2921; x_wconf 88' lang='lat' dir='ltr'><strong>ut</strong></span> <span class='ocrx_word' id='word_1_344' title='bbox 711 2867 779 2922; x_wconf 87' lang='lat' dir='ltr'><strong>de</strong></span> <span class='ocrx_word' id='word_1_345' title='bbox 824 2882 933 2938; x_wconf 90' lang='lat' dir='ltr'><strong>quo</strong></span> <span class='ocrx_word' id='word_1_346' title='bbox 977 2868 1197 2925; x_wconf 88' lang='lat' dir='ltr'><strong>dixerat</strong></span> <span class='ocrx_word' id='word_1_347' title='bbox 1251 2868 1412 2925; x_wconf 85' lang='lat' dir='ltr'><strong>Ecce</strong></span> <span class='ocrx_word' id='word_1_348' title='bbox 1444 2873 1529 2941; x_wconf 83' lang='lat' dir='ltr'><strong>qui</strong></span> <span class='ocrx_word' id='word_1_349' title='bbox 1562 2872 1700 2928; x_wconf 82' lang='lat' dir='ltr'><strong>tollit</strong></span> 
     </span>
    </p>
   </div>
   <div class='ocr_carea' id='block_1_45' title="bbox 124 2959 1699 3033">
    <p class='ocr_par' dir='ltr' id='par_1_45' title="bbox 124 2959 1699 3033">
     <span class='ocr_line' id='line_1_45' title="bbox 124 2959 1699 3033; baseline 0.005 -17"><span class='ocrx_word' id='word_1_350' title='bbox 124 2973 318 3029; x_wconf 73' lang='lat' dir='ltr'><strong>peccata</strong></span> <span class='ocrx_word' id='word_1_351' title='bbox 337 2961 517 3015; x_wconf 76' lang='lat' dir='ltr'><strong>mundi</strong></span> <span class='ocrx_word' id='word_1_352' title='bbox 542 2959 736 3030; x_wconf 60' lang='lat' dir='ltr'><strong>(Ibid,</strong></span> <span class='ocrx_word' id='word_1_353' title='bbox 758 2959 876 3033; x_wconf 75' lang='lat'><strong>29),</strong></span> <span class='ocrx_word' id='word_1_354' title='bbox 900 2959 1079 3019; x_wconf 84' lang='lat' dir='ltr'><strong>adhuc</strong></span> <span class='ocrx_word' id='word_1_355' title='bbox 1099 2978 1223 3018; x_wconf 89' lang='lat' dir='ltr'><strong>eum</strong></span> <span class='ocrx_word' id='word_1_356' title='bbox 1248 2964 1340 3020; x_wconf 90' lang='lat' dir='ltr'><strong>Dei</strong></span> <span class='ocrx_word' id='word_1_357' title='bbox 1360 2963 1554 3019; x_wconf 85' lang='lat' dir='ltr'><strong>Filium</strong></span> <span class='ocrx_word' id='word_1_358' title='bbox 1578 2980 1699 3024; x_wconf 86' lang='lat' dir='ltr'><strong>esse</strong></span> 
     </span>
    </p>
   </div>
   <div class='ocr_carea' id='block_1_46' title="bbox 126 3053 1701 3114">
    <p class='ocr_par' dir='ltr' id='par_1_46' title="bbox 126 3053 1701 3114">
     <span class='ocr_line' id='line_1_46' title="bbox 126 3053 1701 3114; baseline 0.004 -7"><span class='ocrx_word' id='word_1_359' title='bbox 126 3067 220 3108; x_wconf 83' lang='lat' dir='ltr'><strong>non</strong></span> <span class='ocrx_word' id='word_1_360' title='bbox 245 3053 532 3110; x_wconf 81' lang='lat' dir='ltr'><strong>crederet?</strong></span> <span class='ocrx_word' id='word_1_361' title='bbox 562 3057 673 3111; x_wconf 85' lang='lat' dir='ltr'><strong>Aut</strong></span> <span class='ocrx_word' id='word_1_362' title='bbox 697 3055 841 3111; x_wconf 85' lang='lat' dir='ltr'><strong>enim</strong></span> <span class='ocrx_word' id='word_1_363' title='bbox 875 3056 1183 3110; x_wconf 65' lang='lat' dir='ltr'><strong>insolentiae</strong></span> <span class='ocrx_word' id='word_1_364' title='bbox 1208 3066 1289 3111; x_wconf 91' lang='lat' dir='ltr'><strong>est</strong></span> <span class='ocrx_word' id='word_1_365' title='bbox 1320 3056 1499 3113; x_wconf 86' lang='lat' dir='ltr'><strong>divina</strong></span> <span class='ocrx_word' id='word_1_366' title='bbox 1530 3059 1578 3114; x_wconf 90' lang='lat' dir='ltr'><strong>ei</strong></span> <span class='ocrx_word' id='word_1_367' title='bbox 1602 3060 1701 3114; x_wconf 87' lang='lat' dir='ltr'><strong>tri-</strong></span> 
     </span>
    </p>
   </div>
   <div class='ocr_carea' id='block_1_47' title="bbox 126 3142 1691 3220">
    <p class='ocr_par' dir='ltr' id='par_1_47' title="bbox 126 3142 1691 3220">
     <span class='ocr_line' id='line_1_47' title="bbox 126 3142 1691 3220; baseline 0.004 -22"><span class='ocrx_word' id='word_1_368' title='bbox 126 3142 281 3201; x_wconf 86' lang='lat' dir='ltr'><strong>buere</strong></span> <span class='ocrx_word' id='word_1_369' title='bbox 308 3161 464 3218; x_wconf 85' lang='lat' dir='ltr'><strong>quem</strong></span> <span class='ocrx_word' id='word_1_370' title='bbox 496 3147 709 3202; x_wconf 86' lang='lat' dir='ltr'><strong>nescias</strong></span> <span class='ocrx_word' id='word_1_371' title='bbox 736 3164 748 3200; x_wconf 75' lang='grc' dir='ltr'>ε</span> <span class='ocrx_word' id='word_1_372' title='bbox 783 3144 877 3201; x_wconf 88' lang='lat' dir='ltr'><strong>aut</strong></span> <span class='ocrx_word' id='word_1_373' title='bbox 901 3146 973 3202; x_wconf 92' lang='lat' dir='ltr'><strong>de</strong></span> <span class='ocrx_word' id='word_1_374' title='bbox 996 3146 1086 3202; x_wconf 87' lang='lat' dir='ltr'><strong>Dei</strong></span> <span class='ocrx_word' id='word_1_375' title='bbox 1112 3146 1251 3202; x_wconf 75' lang='lat' dir='ltr'><strong>Filio</strong></span> <span class='ocrx_word' id='word_1_376' title='bbox 1276 3149 1557 3205; x_wconf 87' lang='lat' dir='ltr'><strong>dubitasse</strong></span> <span class='ocrx_word' id='word_1_377' title='bbox 1576 3165 1691 3220; x_wconf 86' lang='lat' dir='ltr'><strong>per-</strong></span> 
     </span>
    </p>
   </div>
   <div class='ocr_carea' id='block_1_48' title="bbox 1802 1930 3400 2006">
    <p class='ocr_par' dir='ltr' id='par_1_48' title="bbox 1802 1930 3400 2006">
     <span class='ocr_line' id='line_1_48' title="bbox 1802 1930 3400 2006; baseline -0.001 -17"><span class='ocrx_word' id='word_1_378' title='bbox 1802 1935 1939 2003; x_wconf 76' lang='lat' dir='ltr'><strong>vitte,</strong></span> <span class='ocrx_word' id='word_1_379' title='bbox 1970 1944 2016 1989; x_wconf 90' lang='lat' dir='ltr'><strong>et</strong></span> <span class='ocrx_word' id='word_1_380' title='bbox 2041 1936 2143 1989; x_wconf 82' lang='lat' dir='ltr'><strong>vita</strong></span> <span class='ocrx_word' id='word_1_381' title='bbox 2163 1937 2406 2004; x_wconf 84' lang='lat' dir='ltr'><strong>apparuit</strong></span> <span class='ocrx_word' id='word_1_382' title='bbox 2432 1933 2477 2005; x_wconf 91' lang='grc' dir='ltr'><strong>(ι</strong></span> <span class='ocrx_word' id='word_1_383' title='bbox 2502 1931 2661 1989; x_wconf 68' lang='lat' dir='ltr'><strong>John.</strong></span> <span class='ocrx_word' id='word_1_384' title='bbox 2702 1950 2740 2001; x_wconf 85' lang='grc' dir='ltr'><strong>ι,</strong></span> <span class='ocrx_word' id='word_1_385' title='bbox 2786 1936 2811 1990; x_wconf 82' lang='grc'><strong>1</strong></span> <span class='ocrx_word' id='word_1_386' title='bbox 2857 1940 2907 1988; x_wconf 82' lang='lat' dir='ltr'><strong>et</strong></span> <span class='ocrx_word' id='word_1_387' title='bbox 2940 1932 3021 2006; x_wconf 73' lang='grc'><strong>2).</strong></span> <span class='ocrx_word' id='word_1_388' title='bbox 3049 1930 3277 2002; x_wconf 81' lang='lat' dir='ltr'><strong>Quando</strong></span> <span class='ocrx_word' id='word_1_389' title='bbox 3304 1949 3400 2003; x_wconf 87' lang='lat' dir='ltr'><strong>ap—</strong></span> 
     </span>
    </p>
   </div>
   <div class='ocr_carea' id='block_1_49' title="bbox 1803 2025 3401 2097">
    <p class='ocr_par' dir='ltr' id='par_1_49' title="bbox 1803 2025 3401 2097">
     <span class='ocr_line' id='line_1_49' title="bbox 1803 2025 3401 2097; baseline 0 -16"><span class='ocrx_word' id='word_1_390' title='bbox 1803 2025 2035 2097; x_wconf 83' lang='lat' dir='ltr'><strong>paruit?</strong></span> <span class='ocrx_word' id='word_1_391' title='bbox 2074 2026 2305 2096; x_wconf 75' lang='lat' dir='ltr'><strong>Quah‘do</strong></span> <span class='ocrx_word' id='word_1_392' title='bbox 2335 2026 2590 2082; x_wconf 76' lang='lat' dir='ltr'><strong>vidimus.</strong></span> <span class='ocrx_word' id='word_1_393' title='bbox 2618 2025 2735 2081; x_wconf 79' lang='lat' dir='ltr'><strong>Non</strong></span> <span class='ocrx_word' id='word_1_394' title='bbox 2777 2025 2856 2081; x_wconf 80' lang='lat' dir='ltr'><strong>sic</strong></span> <span class='ocrx_word' id='word_1_395' title='bbox 2900 2025 3199 2097; x_wconf 70' lang='lat' dir='ltr'><strong>apparebat</strong></span> <span class='ocrx_word' id='word_1_396' title='bbox 3248 2035 3401 2081; x_wconf 87' lang='lat' dir='ltr'><strong>ante-</strong></span> 
     </span>
    </p>
   </div>
   <div class='ocr_carea' id='block_1_50' title="bbox 1802 2117 3401 2189">
    <p class='ocr_par' dir='ltr' id='par_1_50' title="bbox 1802 2117 3401 2189">
     <span class='ocr_line' id='line_1_50' title="bbox 1802 2117 3401 2189; baseline 0 -16"><span class='ocrx_word' id='word_1_397' title='bbox 1802 2135 1962 2189; x_wconf 91' lang='lat' dir='ltr'><strong>quam</strong></span> <span class='ocrx_word' id='word_1_398' title='bbox 1990 2119 2286 2175; x_wconf 87' lang='lat' dir='ltr'><strong>videretur.</strong></span> <span class='ocrx_word' id='word_1_399' title='bbox 2314 2117 2531 2174; x_wconf 85' lang='lat' dir='ltr'><strong>Gratias</strong></span> <span class='ocrx_word' id='word_1_400' title='bbox 2552 2132 2684 2188; x_wconf 90' lang='lat' dir='ltr'><strong>ergo</strong></span> <span class='ocrx_word' id='word_1_401' title='bbox 2703 2119 2952 2184; x_wconf 89' lang='lat' dir='ltr'><strong>Domino,</strong></span> <span class='ocrx_word' id='word_1_402' title='bbox 2986 2119 3075 2189; x_wconf 89' lang='lat' dir='ltr'><strong>qui</strong></span> <span class='ocrx_word' id='word_1_403' title='bbox 3099 2118 3401 2174; x_wconf 83' lang='lat' dir='ltr'><strong>cruciﬁxus</strong></span> 
     </span>
    </p>
   </div>
   <div class='ocr_carea' id='block_1_51' title="bbox 1802 2210 3401 2290">
    <p class='ocr_par' dir='ltr' id='par_1_51' title="bbox 1802 2210 3401 2290">
     <span class='ocr_line' id='line_1_51' title="bbox 1802 2210 3401 2290; baseline -0.001 -21"><span class='ocrx_word' id='word_1_404' title='bbox 1802 2223 1885 2269; x_wconf 89' lang='lat' dir='ltr'><strong>est</strong></span> <span class='ocrx_word' id='word_1_405' title='bbox 1916 2227 2015 2282; x_wconf 88' lang='lat' dir='ltr'><strong>pro</strong></span> <span class='ocrx_word' id='word_1_406' title='bbox 2043 2211 2149 2267; x_wconf 87' lang='lat' dir='ltr'><strong>tide</strong></span> <span class='ocrx_word' id='word_1_407' title='bbox 2184 2220 2391 2276; x_wconf 86' lang='lat' dir='ltr'><strong>nostra,</strong></span> <span class='ocrx_word' id='word_1_408' title='bbox 2444 2211 2733 2267; x_wconf 73' lang='lat' dir='ltr'><strong>crucillxus</strong></span> <span class='ocrx_word' id='word_1_409' title='bbox 2761 2216 2843 2267; x_wconf 80' lang='lat' dir='ltr'><strong>est</strong></span> <span class='ocrx_word' id='word_1_410' title='bbox 2880 2222 2980 2282; x_wconf 88' lang='lat' dir='ltr'><strong>pro</strong></span> <span class='ocrx_word' id='word_1_411' title='bbox 3009 2210 3401 2290; x_wconf 72' lang='lat' dir='ltr'><strong>cupiditatibus</strong></span> 
     </span>
    </p>
   </div>
   <div class='ocr_carea' id='block_1_52' title="bbox 1804 2300 2967 2363">
    <p class='ocr_par' dir='ltr' id='par_1_52' title="bbox 1804 2300 2967 2363">
     <span class='ocr_line' id='line_1_52' title="bbox 1804 2300 2967 2363; baseline 0 -1"><span class='ocrx_word' id='word_1_412' title='bbox 1804 2309 2024 2362; x_wconf 88' lang='lat' dir='ltr'><strong>nostris.</strong></span> <span class='ocrx_word' id='word_1_413' title='bbox 2052 2306 2204 2361; x_wconf 82' lang='lat' dir='ltr'><strong>Mens</strong></span> <span class='ocrx_word' id='word_1_414' title='bbox 2232 2320 2353 2362; x_wconf 85' lang='lat' dir='ltr'><strong>mea</strong></span> <span class='ocrx_word' id='word_1_415' title='bbox 2376 2300 2429 2361; x_wconf 87' lang='lat' dir='ltr'><strong>iu</strong></span> <span class='ocrx_word' id='word_1_416' title='bbox 2464 2307 2559 2361; x_wconf 90' lang='lat' dir='ltr'><strong>lllu</strong></span> <span class='ocrx_word' id='word_1_417' title='bbox 2584 2307 2837 2362; x_wconf 79' lang='lat' dir='ltr'><strong>eruciﬂxa</strong></span> <span class='ocrx_word' id='word_1_418' title='bbox 2864 2317 2967 2363; x_wconf 89' lang='lat' dir='ltr'><strong>est.</strong></span> 
     </span>
    </p>
   </div>
   <div class='ocr_carea' id='block_1_53' title="bbox 1871 2398 3402 2469">
    <p class='ocr_par' dir='ltr' id='par_1_53' title="bbox 1871 2398 3402 2469">
     <span class='ocr_line' id='line_1_53' title="bbox 1871 2398 3402 2469; baseline 0 -14"><span class='ocrx_word' id='word_1_419' title='bbox 1871 2400 1962 2455; x_wconf 85' lang='lat'><strong>97.</strong></span> <span class='ocrx_word' id='word_1_420' title='bbox 2008 2398 2277 2469; x_wconf 84' lang='lat' dir='ltr'><strong>Itaque-et</strong></span> <span class='ocrx_word' id='word_1_421' title='bbox 2307 2410 2449 2455; x_wconf 90' lang='lat' dir='ltr'><strong>nunc</strong></span> <span class='ocrx_word' id='word_1_422' title='bbox 2502 2400 2595 2469; x_wconf 88' lang='lat' dir='ltr'><strong>qui</strong></span> <span class='ocrx_word' id='word_1_423' title='bbox 2640 2408 2798 2455; x_wconf 87' lang='lat' dir='ltr'><strong>vetus</strong></span> <span class='ocrx_word' id='word_1_424' title='bbox 2845 2400 3254 2455; x_wconf 81' lang='lat' dir='ltr'><strong>Testamentum</strong></span> <span class='ocrx_word' id='word_1_425' title='bbox 3314 2415 3402 2455; x_wconf 89' lang='lat' dir='ltr'><strong>re-</strong></span> 
     </span>
    </p>
   </div>
   <div class='ocr_carea' id='block_1_54' title="bbox 1801 2493 3401 2565">
    <p class='ocr_par' dir='ltr' id='par_1_54' title="bbox 1801 2493 3401 2565">
     <span class='ocr_line' id='line_1_54' title="bbox 1801 2493 3401 2565; baseline -0.002 -15"><span class='ocrx_word' id='word_1_426' title='bbox 1801 2504 2046 2562; x_wconf 82' lang='lat' dir='ltr'><strong>censent,</strong></span> <span class='ocrx_word' id='word_1_427' title='bbox 2077 2494 2365 2564; x_wconf 80' lang='lat' dir='ltr'><strong>antequam</strong></span> <span class='ocrx_word' id='word_1_428' title='bbox 2399 2502 2729 2565; x_wconf 81' lang='lat' dir='ltr'><strong>cognoscant</strong></span> <span class='ocrx_word' id='word_1_429' title='bbox 2767 2494 3147 2565; x_wconf 87' lang='lat' dir='ltr'><strong>Evangelium,</strong></span> <span class='ocrx_word' id='word_1_430' title='bbox 3172 2503 3227 2550; x_wconf 90' lang='lat' dir='ltr'><strong>et</strong></span> <span class='ocrx_word' id='word_1_431' title='bbox 3247 2493 3401 2565; x_wconf 88' lang='lat' dir='ltr'><strong>quasi</strong></span> 
     </span>
    </p>
   </div>
   <div class='ocr_carea' id='block_1_55' title="bbox 1801 2587 3396 2660">
    <p class='ocr_par' dir='ltr' id='par_1_55' title="bbox 1801 2587 3396 2660">
     <span class='ocr_line' id='line_1_55' title="bbox 1801 2587 3396 2660; baseline -0.001 -17"><span class='ocrx_word' id='word_1_432' title='bbox 1801 2590 2046 2660; x_wconf 57' lang='lat' dir='ltr'><strong>quaedam</strong></span> <span class='ocrx_word' id='word_1_433' title='bbox 2081 2588 2345 2644; x_wconf 86' lang='lat' dir='ltr'><strong>Dotuinici</strong></span> <span class='ocrx_word' id='word_1_434' title='bbox 2365 2588 2611 2658; x_wconf 73' lang='lat' dir='ltr'><strong>carporis</strong></span> <span class='ocrx_word' id='word_1_435' title='bbox 2633 2588 2817 2657; x_wconf 72' lang='lat' dir='ltr'><strong>legunt</strong></span> <span class='ocrx_word' id='word_1_436' title='bbox 2837 2587 3086 2657; x_wconf 89' lang='lat' dir='ltr'><strong>vestigia,</strong></span> <span class='ocrx_word' id='word_1_437' title='bbox 3112 2597 3396 2643; x_wconf 89' lang='lat' dir='ltr'><strong>venturum</strong></span> 
     </span>
    </p>
   </div>
   <div class='ocr_carea' id='block_1_56' title="bbox 1803 2680 3398 2751">
    <p class='ocr_par' dir='ltr' id='par_1_56' title="bbox 1803 2680 3398 2751">
     <span class='ocr_line' id='line_1_56' title="bbox 1803 2680 3398 2751; baseline 0 -16"><span class='ocrx_word' id='word_1_438' title='bbox 1803 2692 2017 2751; x_wconf 87' lang='lat' dir='ltr'><strong>putant,</strong></span> <span class='ocrx_word' id='word_1_439' title='bbox 2042 2690 2098 2736; x_wconf 91' lang='lat' dir='ltr'><strong>et</strong></span> <span class='ocrx_word' id='word_1_440' title='bbox 2127 2682 2413 2751; x_wconf 89' lang='lat' dir='ltr'><strong>requirunt</strong></span> <span class='ocrx_word' id='word_1_441' title='bbox 2440 2689 2620 2736; x_wconf 88' lang='lat' dir='ltr'><strong>utrum</strong></span> <span class='ocrx_word' id='word_1_442' title='bbox 2661 2681 2778 2751; x_wconf 89' lang='lat' dir='ltr'><strong>ipse</strong></span> <span class='ocrx_word' id='word_1_443' title='bbox 2805 2682 2871 2736; x_wconf 90' lang='lat' dir='ltr'><strong>sit</strong></span> <span class='ocrx_word' id='word_1_444' title='bbox 2901 2680 3154 2736; x_wconf 83' lang='lat' dir='ltr'><strong>Christus</strong></span> <span class='ocrx_word' id='word_1_445' title='bbox 3180 2681 3274 2736; x_wconf 91' lang='lat' dir='ltr'><strong>Dei</strong></span> <span class='ocrx_word' id='word_1_446' title='bbox 3304 2680 3398 2736; x_wconf 85' lang='lat' dir='ltr'><strong>Fi-</strong></span> 
     </span>
    </p>
   </div>
   <div class='ocr_carea' id='block_1_57' title="bbox 1804 2772 3394 2845">
    <p class='ocr_par' dir='ltr' id='par_1_57' title="bbox 1804 2772 3394 2845">
     <span class='ocr_line' id='line_1_57' title="bbox 1804 2772 3394 2845; baseline 0.002 -18"><span class='ocrx_word' id='word_1_447' title='bbox 1804 2772 1928 2838; x_wconf 86' lang='lat' dir='ltr'><strong>lius,</strong></span> <span class='ocrx_word' id='word_1_448' title='bbox 1963 2773 2054 2835; x_wconf 86' lang='lat' dir='ltr'><strong>qui</strong></span> <span class='ocrx_word' id='word_1_449' title='bbox 2084 2783 2345 2828; x_wconf 91' lang='lat' dir='ltr'><strong>venturus</strong></span> <span class='ocrx_word' id='word_1_450' title='bbox 2375 2782 2478 2828; x_wconf 90' lang='lat' dir='ltr'><strong>est.</strong></span> <span class='ocrx_word' id='word_1_451' title='bbox 2522 2773 2591 2828; x_wconf 90' lang='lat' dir='ltr'><strong>Et</strong></span> <span class='ocrx_word' id='word_1_452' title='bbox 2626 2787 2747 2829; x_wconf 83' lang='lat' dir='ltr'><strong>com</strong></span> <span class='ocrx_word' id='word_1_453' title='bbox 2795 2773 2981 2843; x_wconf 89' lang='lat' dir='ltr'><strong>legunt</strong></span> <span class='ocrx_word' id='word_1_454' title='bbox 3009 2772 3227 2845; x_wconf 85' lang='lat' dir='ltr'><strong>quando</strong></span> <span class='ocrx_word' id='word_1_455' title='bbox 3274 2789 3394 2830; x_wconf 89' lang='lat' dir='ltr'><strong>cum</strong></span> 
     </span>
    </p>
   </div>
   <div class='ocr_carea' id='block_1_58' title="bbox 1802 2863 3393 2937">
    <p class='ocr_par' dir='ltr' id='par_1_58' title="bbox 1802 2863 3393 2937">
     <span class='ocr_line' id='line_1_58' title="bbox 1802 2863 3393 2937; baseline 0 -17"><span class='ocrx_word' id='word_1_456' title='bbox 1802 2863 2077 2920; x_wconf 82' lang='lat' dir='ltr'><strong>Abraham</strong></span> <span class='ocrx_word' id='word_1_457' title='bbox 2098 2864 2311 2919; x_wconf 83' lang='lat' dir='ltr'><strong>loeutus</strong></span> <span class='ocrx_word' id='word_1_458' title='bbox 2334 2875 2413 2919; x_wconf 73' lang='grc' dir='ltr'><strong>ρει</strong></span> <span class='ocrx_word' id='word_1_459' title='bbox 2449 2864 2603 2936; x_wconf 78' lang='lat' dir='ltr'><strong>(Gen.</strong></span> <span class='ocrx_word' id='word_1_460' title='bbox 2637 2866 2880 2932; x_wconf 70' lang='lat' dir='ltr'><strong>xvm,20</strong></span> <span class='ocrx_word' id='word_1_461' title='bbox 2894 2874 2939 2919; x_wconf 86' lang='lat' dir='ltr'><strong>et</strong></span> <span class='ocrx_word' id='word_1_462' title='bbox 2963 2877 3148 2935; x_wconf 85' lang='lat' dir='ltr'><strong>seq.,et</strong></span> <span class='ocrx_word' id='word_1_463' title='bbox 3178 2866 3393 2937; x_wconf 82' lang='lat' dir='ltr'><strong>xxu,l),</strong></span> 
     </span>
    </p>
   </div>
   <div class='ocr_carea' id='block_1_59' title="bbox 1805 2957 3403 3034">
    <p class='ocr_par' dir='ltr' id='par_1_59' title="bbox 1805 2957 3403 3034">
     <span class='ocr_line' id='line_1_59' title="bbox 1805 2957 3403 3034; baseline 0.001 -22"><span class='ocrx_word' id='word_1_464' title='bbox 1805 2961 1886 3013; x_wconf 91' lang='lat' dir='ltr'><strong>vel</strong></span> <span class='ocrx_word' id='word_1_465' title='bbox 1924 2959 2141 3025; x_wconf 83' lang='lat' dir='ltr'><strong>quando</strong></span> <span class='ocrx_word' id='word_1_466' title='bbox 2169 2974 2228 3013; x_wconf 90' lang='lat' dir='ltr'><strong>sc</strong></span> <span class='ocrx_word' id='word_1_467' title='bbox 2258 2960 2366 3013; x_wconf 84' lang='lat' dir='ltr'><strong>dux</strong></span> <span class='ocrx_word' id='word_1_468' title='bbox 2410 2959 2620 3014; x_wconf 67' lang='lat' dir='ltr'><strong>militia:</strong></span> <span class='ocrx_word' id='word_1_469' title='bbox 2663 2960 2904 3015; x_wconf 73' lang='lat' dir='ltr'><strong>cmlestis</strong></span> <span class='ocrx_word' id='word_1_470' title='bbox 2944 2959 3181 3015; x_wconf 85' lang='lat' dir='ltr'><strong>ostendit</strong></span> <span class='ocrx_word' id='word_1_471' title='bbox 3222 2957 3403 3034; x_wconf 83' lang='lat' dir='ltr'><strong>(.losue</strong></span> 
     </span>
    </p>
   </div>
   <div class='ocr_carea' id='block_1_60' title="bbox 1804 3044 3403 3124">
    <p class='ocr_par' dir='ltr' id='par_1_60' title="bbox 1804 3044 3403 3124">
     <span class='ocr_line' id='line_1_60' title="bbox 1804 3044 3403 3124; baseline 0.002 -19"><span class='ocrx_word' id='word_1_472' title='bbox 1804 3066 1861 3119; x_wconf 79' lang='grc' dir='ltr'><strong>ν,</strong></span> <span class='ocrx_word' id='word_1_473' title='bbox 1897 3052 2008 3121; x_wconf 67' lang='lat' dir='ltr'><strong>ii),</strong></span> <span class='ocrx_word' id='word_1_474' title='bbox 2050 3052 2243 3107; x_wconf 89' lang='lat' dir='ltr'><strong>dicunt</strong></span> <span class='ocrx_word' id='word_1_475' title='bbox 2300 3053 2487 3122; x_wconf 87' lang='lat' dir='ltr'><strong>utique</strong></span> <span class='ocrx_word' id='word_1_476' title='bbox 2519 3071 2529 3104; x_wconf 86' lang='lat'><strong>:</strong></span> <span class='ocrx_word' id='word_1_477' title='bbox 2563 3052 2645 3106; x_wconf 84' lang='lat' dir='ltr'><strong>Tu</strong></span> <span class='ocrx_word' id='word_1_478' title='bbox 2674 3068 2726 3107; x_wconf 84' lang='lat' dir='ltr'><strong>es</strong></span> <span class='ocrx_word' id='word_1_479' title='bbox 2778 3053 2868 3124; x_wconf 83' lang='lat' dir='ltr'><strong>qui</strong></span> <span class='ocrx_word' id='word_1_480' title='bbox 2915 3044 3159 3108; x_wconf 80' lang='lat' dir='ltr'><strong>venturus</strong></span> <span class='ocrx_word' id='word_1_481' title='bbox 3216 3069 3290 3122; x_wconf 80' lang='lat' dir='ltr'><strong>es,</strong></span> <span class='ocrx_word' id='word_1_482' title='bbox 3334 3064 3403 3109; x_wconf 84' lang='lat' dir='ltr'><strong>an</strong></span> 
     </span>
    </p>
   </div>
   <div class='ocr_carea' id='block_1_61' title="bbox 1800 3143 3400 3217">
    <p class='ocr_par' dir='ltr' id='par_1_61' title="bbox 1800 3143 3400 3217">
     <span class='ocr_line' id='line_1_61' title="bbox 1800 3143 3400 3217; baseline 0.002 -18"><span class='ocrx_word' id='word_1_483' title='bbox 1800 3148 1963 3201; x_wconf 82' lang='lat' dir='ltr'><strong>alium</strong></span> <span class='ocrx_word' id='word_1_484' title='bbox 2018 3147 2422 3217; x_wconf 72' lang='lat' dir='ltr'><strong>exspectamus?</strong></span> <span class='ocrx_word' id='word_1_485' title='bbox 2461 3143 2594 3201; x_wconf 89' lang='lat' dir='ltr'><strong>Cum</strong></span> <span class='ocrx_word' id='word_1_486' title='bbox 2625 3154 2805 3201; x_wconf 87' lang='lat' dir='ltr'><strong>autem</strong></span> <span class='ocrx_word' id='word_1_487' title='bbox 2849 3146 3100 3203; x_wconf 84' lang='lat' dir='ltr'><strong>venerint</strong></span> <span class='ocrx_word' id='word_1_488' title='bbox 3124 3146 3190 3201; x_wconf 89' lang='lat' dir='ltr'><strong>ad</strong></span> <span class='ocrx_word' id='word_1_489' title='bbox 3224 3146 3400 3202; x_wconf 89' lang='lat' dir='ltr'><strong>Evan-</strong></span> 
     </span>
    </p>
   </div>
   <div class='ocr_carea' id='block_1_62' title="bbox 130 3235 3400 3311">
    <p class='ocr_par' dir='ltr' id='par_1_62' title="bbox 130 3235 3400 3311">
     <span class='ocr_line' id='line_1_62' title="bbox 130 3235 3400 3311; baseline 0.001 -22"><span class='ocrx_word' id='word_1_490' title='bbox 130 3235 237 3289; x_wconf 85' lang='lat' dir='ltr'><strong>iidia</strong></span> <span class='ocrx_word' id='word_1_491' title='bbox 266 3252 369 3293; x_wconf 86' lang='lat' dir='ltr'><strong>est.</strong></span> <span class='ocrx_word' id='word_1_492' title='bbox 408 3238 528 3294; x_wconf 77' lang='lat' dir='ltr'><strong>Non</strong></span> <span class='ocrx_word' id='word_1_493' title='bbox 555 3238 703 3293; x_wconf 89' lang='lat' dir='ltr'><strong>cadit</strong></span> <span class='ocrx_word' id='word_1_494' title='bbox 733 3239 895 3310; x_wconf 87' lang='lat' dir='ltr'><strong>igitur</strong></span> <span class='ocrx_word' id='word_1_495' title='bbox 920 3239 975 3293; x_wconf 89' lang='lat' dir='ltr'><strong>in</strong></span> <span class='ocrx_word' id='word_1_496' title='bbox 1008 3240 1171 3296; x_wconf 86' lang='lat' dir='ltr'><strong>talem</strong></span> <span class='ocrx_word' id='word_1_497' title='bbox 1199 3240 1529 3311; x_wconf 85' lang='lat' dir='ltr'><strong>Prophetam</strong></span> <span class='ocrx_word' id='word_1_498' title='bbox 1564 3243 1700 3297; x_wconf 82' lang='lat' dir='ltr'><strong>tanti</strong></span> <span class='ocrx_word' id='word_1_499' title='bbox 1727 3242 1772 3305; x_wconf 88' lang='lat' dir='ltr'>C</span> <span class='ocrx_word' id='word_1_500' title='bbox 1804 3238 2027 3309; x_wconf 87' lang='lat' dir='ltr'><strong>gelium,</strong></span> <span class='ocrx_word' id='word_1_501' title='bbox 2048 3249 2105 3292; x_wconf 88' lang='lat' dir='ltr'><strong>et</strong></span> <span class='ocrx_word' id='word_1_502' title='bbox 2132 3238 2487 3308; x_wconf 73' lang='lat' dir='ltr'><strong>cognoverint</strong></span> <span class='ocrx_word' id='word_1_503' title='bbox 2519 3237 2812 3292; x_wconf 86' lang='lat' dir='ltr'><strong>illuminari</strong></span> <span class='ocrx_word' id='word_1_504' title='bbox 2855 3248 3029 3293; x_wconf 72' lang='lat' dir='ltr'><strong>cmcos</strong></span> <span class='ocrx_word' id='word_1_505' title='bbox 3058 3279 3072 3302; x_wconf 93' lang='lat'><strong>,</strong></span> <span class='ocrx_word' id='word_1_506' title='bbox 3120 3236 3400 3294; x_wconf 86' lang='lat' dir='ltr'><strong>ambulare</strong></span> 
     </span>
    </p>
   </div>
   <div class='ocr_carea' id='block_1_63' title="bbox 126 3332 607 3403">
    <p class='ocr_par' dir='ltr' id='par_1_63' title="bbox 126 3332 607 3403">
     <span class='ocr_line' id='line_1_63' title="bbox 126 3332 607 3403; baseline 0.008 -20"><span class='ocrx_word' id='word_1_507' title='bbox 126 3333 315 3387; x_wconf 88' lang='lat' dir='ltr'><strong>erroris</strong></span> <span class='ocrx_word' id='word_1_508' title='bbox 341 3332 607 3403; x_wconf 84' lang='lat' dir='ltr'><strong>suspicio.</strong></span> 
     </span>
    </p>
   </div>
   <div class='ocr_carea' id='block_1_64' title="bbox 184 3426 1698 3498">
    <p class='ocr_par' dir='ltr' id='par_1_64' title="bbox 184 3426 1698 3498">
     <span class='ocr_line' id='line_1_64' title="bbox 184 3426 1698 3498; baseline 0.001 -17"><span class='ocrx_word' id='word_1_509' title='bbox 184 3426 272 3484; x_wconf 67' lang='lat'><strong>94.</strong></span> <span class='ocrx_word' id='word_1_510' title='bbox 310 3427 497 3498; x_wconf 83' lang='lat' dir='ltr'><strong>itaque</strong></span> <span class='ocrx_word' id='word_1_511' title='bbox 524 3428 568 3481; x_wconf 96' lang='lat' dir='ltr'><strong>si</strong></span> <span class='ocrx_word' id='word_1_512' title='bbox 598 3427 907 3481; x_wconf 86' lang='lat' dir='ltr'><strong>intellectus</strong></span> <span class='ocrx_word' id='word_1_513' title='bbox 950 3426 1213 3497; x_wconf 81' lang='lat' dir='ltr'><strong>simplicis</strong></span> <span class='ocrx_word' id='word_1_514' title='bbox 1260 3427 1430 3482; x_wconf 81' lang='lat' dir='ltr'><strong>forma</strong></span> <span class='ocrx_word' id='word_1_515' title='bbox 1472 3440 1698 3498; x_wconf 87' lang='lat' dir='ltr'><strong>compu-</strong></span> 
     </span>
    </p>
   </div>
   <div class='ocr_carea' id='block_1_65' title="bbox 126 3518 1697 3591">
    <p class='ocr_par' dir='ltr' id='par_1_65' title="bbox 126 3518 1697 3591">
     <span class='ocr_line' id='line_1_65' title="bbox 126 3518 1697 3591; baseline 0.003 -22"><span class='ocrx_word' id='word_1_516' title='bbox 126 3527 259 3586; x_wconf 85' lang='lat' dir='ltr'><strong>gnat,</strong></span> <span class='ocrx_word' id='word_1_517' title='bbox 290 3518 591 3586; x_wconf 75' lang='lat' dir='ltr'><strong>spiritalem</strong></span> <span class='ocrx_word' id='word_1_518' title='bbox 641 3528 951 3589; x_wconf 60' lang='lat' dir='ltr'><strong>quaeramus</strong></span> <span class='ocrx_word' id='word_1_519' title='bbox 985 3518 1232 3589; x_wconf 79' lang='lat' dir='ltr'><strong>ligurum.</strong></span> <span class='ocrx_word' id='word_1_520' title='bbox 1281 3520 1349 3573; x_wconf 83' lang='lat' dir='ltr'><strong>Et</strong></span> <span class='ocrx_word' id='word_1_521' title='bbox 1382 3520 1507 3586; x_wconf 87' lang='lat' dir='ltr'><strong>quia</strong></span> <span class='ocrx_word' id='word_1_522' title='bbox 1537 3528 1697 3591; x_wconf 84' lang='lat' dir='ltr'><strong>supra</strong></span> 
     </span>
    </p>
   </div>
   <div class='ocr_carea' id='block_1_66' title="bbox 124 3610 1701 3685">
    <p class='ocr_par' dir='ltr' id='par_1_66' title="bbox 124 3610 1701 3685">
     <span class='ocr_line' id='line_1_66' title="bbox 124 3610 1701 3685; baseline 0.003 -20"><span class='ocrx_word' id='word_1_523' title='bbox 124 3612 222 3678; x_wconf 81' lang='lat' dir='ltr'><strong>jam</strong></span> <span class='ocrx_word' id='word_1_524' title='bbox 248 3612 493 3669; x_wconf 75' lang='lat' dir='ltr'><strong>diximus</strong></span> <span class='ocrx_word' id='word_1_525' title='bbox 541 3613 618 3685; x_wconf 86' lang='lat' dir='ltr'><strong>(in</strong></span> <span class='ocrx_word' id='word_1_526' title='bbox 645 3611 773 3667; x_wconf 81' lang='lat' dir='ltr'><strong>Luc.</strong></span> <span class='ocrx_word' id='word_1_527' title='bbox 802 3628 851 3667; x_wconf 74' lang='grc' dir='ltr'><strong>ο.</strong></span> <span class='ocrx_word' id='word_1_528' title='bbox 880 3616 962 3684; x_wconf 82' lang='grc' dir='ltr'>ιιι)</span> <span class='ocrx_word' id='word_1_529' title='bbox 1011 3612 1063 3667; x_wconf 89' lang='lat' dir='ltr'><strong>ln</strong></span> <span class='ocrx_word' id='word_1_530' title='bbox 1094 3610 1305 3668; x_wconf 85' lang='lat' dir='ltr'><strong>Joanne</strong></span> <span class='ocrx_word' id='word_1_531' title='bbox 1354 3614 1537 3685; x_wconf 76' lang='lat' dir='ltr'><strong>typum</strong></span> <span class='ocrx_word' id='word_1_532' title='bbox 1578 3622 1701 3670; x_wconf 82' lang='lat' dir='ltr'><strong>esse</strong></span> 
     </span>
    </p>
   </div>
   <div class='ocr_carea' id='block_1_67' title="bbox 131 3703 1701 3778">
    <p class='ocr_par' dir='ltr' id='par_1_67' title="bbox 131 3703 1701 3778">
     <span class='ocr_line' id='line_1_67' title="bbox 131 3703 1701 3778; baseline 0.001 -18"><span class='ocrx_word' id='word_1_533' title='bbox 131 3703 292 3775; x_wconf 83' lang='lat' dir='ltr'><strong>Legis,</strong></span> <span class='ocrx_word' id='word_1_534' title='bbox 320 3722 437 3775; x_wconf 71' lang='lat' dir='ltr'><strong>qum</strong></span> <span class='ocrx_word' id='word_1_535' title='bbox 463 3706 774 3775; x_wconf 71' lang='lat' dir='ltr'><strong>pneuuntia</strong></span> <span class='ocrx_word' id='word_1_536' title='bbox 796 3705 900 3761; x_wconf 80' lang='lat' dir='ltr'><strong>fuit</strong></span> <span class='ocrx_word' id='word_1_537' title='bbox 928 3704 1131 3760; x_wconf 86' lang='lat' dir='ltr'><strong>Christi</strong></span> <span class='ocrx_word' id='word_1_538' title='bbox 1166 3720 1181 3761; x_wconf 88' lang='lat'><strong>:</strong></span> <span class='ocrx_word' id='word_1_539' title='bbox 1224 3711 1373 3761; x_wconf 83' lang='lat' dir='ltr'><strong>recte</strong></span> <span class='ocrx_word' id='word_1_540' title='bbox 1417 3706 1530 3762; x_wconf 91' lang='lat' dir='ltr'><strong>Lex</strong></span> <span class='ocrx_word' id='word_1_541' title='bbox 1578 3710 1701 3778; x_wconf 62' lang='lat' dir='ltr'><strong>qua!</strong></span> 
     </span>
    </p>
   </div>
   <div class='ocr_carea' id='block_1_68' title="bbox 132 3798 1703 3870">
    <p class='ocr_par' dir='ltr' id='par_1_68' title="bbox 132 3798 1703 3870">
     <span class='ocr_line' id='line_1_68' title="bbox 132 3798 1703 3870; baseline 0.003 -18"><span class='ocrx_word' id='word_1_542' title='bbox 132 3799 420 3865; x_wconf 83' lang='lat' dir='ltr'><strong>pectoribus</strong></span> <span class='ocrx_word' id='word_1_543' title='bbox 452 3799 811 3870; x_wconf 76' lang='lat' dir='ltr'><strong>perﬁdorum,</strong></span> <span class='ocrx_word' id='word_1_544' title='bbox 847 3798 1119 3870; x_wconf 76' lang='lat' dir='ltr'><strong>tamquam</strong></span> <span class='ocrx_word' id='word_1_545' title='bbox 1152 3807 1355 3854; x_wconf 66' lang='lat' dir='ltr'><strong>mterna</strong></span> <span class='ocrx_word' id='word_1_546' title='bbox 1388 3801 1703 3857; x_wconf 86' lang='lat' dir='ltr'><strong>carceribus</strong></span> 
     </span>
    </p>
   </div>
   <div class='ocr_carea' id='block_1_69' title="bbox 132 3888 1701 3965">
    <p class='ocr_par' dir='ltr' id='par_1_69' title="bbox 132 3888 1701 3965">
     <span class='ocr_line' id='line_1_69' title="bbox 132 3888 1701 3965; baseline 0.006 -25"><span class='ocrx_word' id='word_1_547' title='bbox 132 3888 233 3943; x_wconf 82' lang='lat' dir='ltr'><strong>luce</strong></span> <span class='ocrx_word' id='word_1_548' title='bbox 262 3893 524 3958; x_wconf 84' lang='lat' dir='ltr'><strong>vacuatis,</strong></span> <span class='ocrx_word' id='word_1_549' title='bbox 552 3892 912 3962; x_wconf 85' lang='lat' dir='ltr'><strong>corporaliter</strong></span> <span class='ocrx_word' id='word_1_550' title='bbox 935 3892 1226 3948; x_wconf 84' lang='lat' dir='ltr'><strong>tenebatur</strong></span> <span class='ocrx_word' id='word_1_551' title='bbox 1269 3892 1500 3961; x_wconf 89' lang='lat' dir='ltr'><strong>inclusa,</strong></span> <span class='ocrx_word' id='word_1_552' title='bbox 1540 3906 1701 3965; x_wconf 87' lang='lat' dir='ltr'><strong>quam</strong></span> 
     </span>
    </p>
   </div>
   <div class='ocr_carea' id='block_1_70' title="bbox 131 3981 1704 4056">
    <p class='ocr_par' dir='ltr' id='par_1_70' title="bbox 131 3981 1704 4056">
     <span class='ocr_line' id='line_1_70' title="bbox 131 3981 1704 4056; baseline 0.006 -25"><span class='ocrx_word' id='word_1_553' title='bbox 131 3981 320 4037; x_wconf 75' lang='lat' dir='ltr'><strong>viscera</strong></span> <span class='ocrx_word' id='word_1_554' title='bbox 348 3982 578 4039; x_wconf 77' lang='lat' dir='ltr'><strong>fecunda</strong></span> <span class='ocrx_word' id='word_1_555' title='bbox 603 3996 911 4056; x_wconf 78' lang='lat' dir='ltr'><strong>pmnarum,</strong></span> <span class='ocrx_word' id='word_1_556' title='bbox 946 3993 1003 4039; x_wconf 89' lang='lat' dir='ltr'><strong>et</strong></span> <span class='ocrx_word' id='word_1_557' title='bbox 1040 3983 1188 4041; x_wconf 81' lang='lat' dir='ltr'><strong>fores</strong></span> <span class='ocrx_word' id='word_1_558' title='bbox 1207 3986 1462 4041; x_wconf 65' lang='lat' dir='ltr'><strong>amentiae</strong></span> <span class='ocrx_word' id='word_1_559' title='bbox 1484 4000 1704 4041; x_wconf 84' lang='lat' dir='ltr'><strong>coerce-</strong></span> 
     </span>
    </p>
   </div>
   <div class='ocr_carea' id='block_1_71' title="bbox 129 4080 1705 4153">
    <p class='ocr_par' dir='ltr' id='par_1_71' title="bbox 129 4080 1705 4153">
     <span class='ocr_line' id='line_1_71' title="bbox 129 4080 1705 4153; baseline 0.006 -25"><span class='ocrx_word' id='word_1_560' title='bbox 129 4086 256 4143; x_wconf 85' lang='lat' dir='ltr'><strong>rent,</strong></span> <span class='ocrx_word' id='word_1_561' title='bbox 282 4081 500 4148; x_wconf 87' lang='lat' dir='ltr'><strong>plenum</strong></span> <span class='ocrx_word' id='word_1_562' title='bbox 529 4081 734 4135; x_wconf 82' lang='lat' dir='ltr'><strong>exitum</strong></span> <span class='ocrx_word' id='word_1_563' title='bbox 760 4080 1056 4135; x_wconf 86' lang='lat' dir='ltr'><strong>testimonii</strong></span> <span class='ocrx_word' id='word_1_564' title='bbox 1099 4081 1394 4137; x_wconf 67' lang='lat' dir='ltr'><strong>Dominicae</strong></span> <span class='ocrx_word' id='word_1_565' title='bbox 1424 4082 1705 4153; x_wconf 42' lang='lat' dir='ltr'><strong>dispensus</strong></span> 
     </span>
    </p>
   </div>
   <div class='ocr_carea' id='block_1_72' title="bbox 132 4168 1701 4247">
    <p class='ocr_par' dir='ltr' id='par_1_72' title="bbox 132 4168 1701 4247">
     <span class='ocr_line' id='line_1_72' title="bbox 132 4168 1701 4247; baseline 0.007 -26"><span class='ocrx_word' id='word_1_566' title='bbox 132 4168 277 4227; x_wconf 88' lang='lat' dir='ltr'><strong>tionis</strong></span> <span class='ocrx_word' id='word_1_567' title='bbox 302 4174 418 4229; x_wconf 86' lang='lat' dir='ltr'><strong>sine</strong></span> <span class='ocrx_word' id='word_1_568' title='bbox 445 4173 727 4245; x_wconf 73' lang='lat' dir='ltr'><strong>Evangelii</strong></span> <span class='ocrx_word' id='word_1_569' title='bbox 753 4174 941 4245; x_wconf 82' lang='lat' dir='ltr'><strong>nequit</strong></span> <span class='ocrx_word' id='word_1_570' title='bbox 961 4172 990 4212; x_wconf 71' lang='grc' dir='ltr'>δ</span> <span class='ocrx_word' id='word_1_571' title='bbox 1015 4176 1405 4246; x_wconf 83' lang='lat' dir='ltr'><strong>astipulatione</strong></span> <span class='ocrx_word' id='word_1_572' title='bbox 1437 4176 1701 4247; x_wconf 81' lang='lat' dir='ltr'><strong>perferre.</strong></span> 
     </span>
    </p>
   </div>
   <div class='ocr_carea' id='block_1_73' title="bbox 135 4256 1705 4340">
    <p class='ocr_par' dir='ltr' id='par_1_73' title="bbox 135 4256 1705 4340">
     <span class='ocr_line' id='line_1_73' title="bbox 135 4256 1705 4340; baseline 0.006 -25"><span class='ocrx_word' id='word_1_573' title='bbox 135 4256 462 4331; x_wconf 77' lang='lat' dir='ltr'><strong>Prophetavit</strong></span> <span class='ocrx_word' id='word_1_574' title='bbox 515 4264 733 4335; x_wconf 85' lang='lat' dir='ltr'><strong>quidem</strong></span> <span class='ocrx_word' id='word_1_575' title='bbox 773 4265 885 4323; x_wconf 90' lang='lat' dir='ltr'><strong>Lex</strong></span> <span class='ocrx_word' id='word_1_576' title='bbox 909 4268 960 4323; x_wconf 89' lang='lat' dir='ltr'><strong>ltt</strong></span> <span class='ocrx_word' id='word_1_577' title='bbox 994 4267 1182 4323; x_wconf 80' lang='lat' dir='ltr'><strong>Exodo</strong></span> <span class='ocrx_word' id='word_1_578' title='bbox 1202 4268 1543 4338; x_wconf 83' lang='lat' dir='ltr'><strong>baptismatis</strong></span> <span class='ocrx_word' id='word_1_579' title='bbox 1582 4276 1705 4340; x_wconf 58' lang='lat' dir='ltr'><strong>grai-</strong></span> 
     </span>
    </p>
   </div>
   <div class='ocr_carea' id='block_1_74' title="bbox 134 4352 1705 4437">
    <p class='ocr_par' dir='ltr' id='par_1_74' title="bbox 134 4352 1705 4437">
     <span class='ocr_line' id='line_1_74' title="bbox 134 4352 1705 4437; baseline 0.008 -32"><span class='ocrx_word' id='word_1_580' title='bbox 134 4352 247 4409; x_wconf 83' lang='lat' dir='ltr'><strong>tiatn</strong></span> <span class='ocrx_word' id='word_1_581' title='bbox 275 4373 366 4426; x_wconf 88' lang='lat' dir='ltr'><strong>per</strong></span> <span class='ocrx_word' id='word_1_582' title='bbox 389 4360 591 4416; x_wconf 85' lang='lat' dir='ltr'><strong>nubem</strong></span> <span class='ocrx_word' id='word_1_583' title='bbox 621 4366 677 4416; x_wconf 91' lang='lat' dir='ltr'><strong>et</strong></span> <span class='ocrx_word' id='word_1_584' title='bbox 707 4370 854 4417; x_wconf 84' lang='lat' dir='ltr'><strong>mare</strong></span> <span class='ocrx_word' id='word_1_585' title='bbox 881 4381 896 4419; x_wconf 92' lang='lat'><strong>:</strong></span> <span class='ocrx_word' id='word_1_586' title='bbox 929 4362 1142 4437; x_wconf 70' lang='lat' dir='ltr'><strong>137B</strong></span> <span class='ocrx_word' id='word_1_587' title='bbox 1165 4363 1463 4433; x_wconf 78' lang='lat' dir='ltr'><strong>spiritalem</strong></span> <span class='ocrx_word' id='word_1_588' title='bbox 1489 4365 1540 4419; x_wconf 84' lang='lat' dir='ltr'><strong>iit</strong></span> <span class='ocrx_word' id='word_1_589' title='bbox 1566 4366 1705 4434; x_wconf 83' lang='lat' dir='ltr'><strong>agnii</strong></span> 
     </span>
    </p>
   </div>
   <div class='ocr_carea' id='block_1_75' title="bbox 135 4444 1703 4527">
    <p class='ocr_par' dir='ltr' id='par_1_75' title="bbox 135 4444 1703 4527">
     <span class='ocr_line' id='line_1_75' title="bbox 135 4444 1703 4527; baseline 0.004 -24"><span class='ocrx_word' id='word_1_590' title='bbox 135 4451 498 4512; x_wconf 58' lang='lat' dir='ltr'><strong>praenuntiavit</strong></span> <span class='ocrx_word' id='word_1_591' title='bbox 525 4467 707 4508; x_wconf 87' lang='lat' dir='ltr'><strong>escam</strong></span> <span class='ocrx_word' id='word_1_592' title='bbox 733 4454 929 4525; x_wconf 74' lang='lat' dir='ltr'><strong>(Exod.</strong></span> <span class='ocrx_word' id='word_1_593' title='bbox 957 4460 1051 4521; x_wconf 87' lang='lat' dir='ltr'><strong>xit,</strong></span> <span class='ocrx_word' id='word_1_594' title='bbox 1074 4444 1130 4527; x_wconf 79' lang='grc'>5)</span> <span class='ocrx_word' id='word_1_595' title='bbox 1154 4473 1170 4509; x_wconf 89' lang='lat'><strong>:</strong></span> <span class='ocrx_word' id='word_1_596' title='bbox 1195 4453 1395 4511; x_wconf 80' lang='lat' dir='ltr'><strong>fontem</strong></span> <span class='ocrx_word' id='word_1_597' title='bbox 1409 4470 1703 4527; x_wconf 85' lang='lat' dir='ltr'><strong>perennem</strong></span> 
     </span>
    </p>
   </div>
   <div class='ocr_carea' id='block_1_76' title="bbox 134 4535 1704 4620">
    <p class='ocr_par' dir='ltr' id='par_1_76' title="bbox 134 4535 1704 4620">
     <span class='ocr_line' id='line_1_76' title="bbox 134 4535 1704 4620; baseline 0.007 -28"><span class='ocrx_word' id='word_1_598' title='bbox 134 4535 414 4612; x_wconf 83' lang='lat' dir='ltr'><strong>designavit</strong></span> <span class='ocrx_word' id='word_1_599' title='bbox 462 4544 519 4599; x_wconf 82' lang='lat' dir='ltr'><strong>in</strong></span> <span class='ocrx_word' id='word_1_600' title='bbox 562 4556 712 4614; x_wconf 85' lang='lat' dir='ltr'><strong>petra</strong></span> <span class='ocrx_word' id='word_1_601' title='bbox 752 4542 952 4619; x_wconf 74' lang='lat' dir='ltr'><strong>(Exod.</strong></span> <span class='ocrx_word' id='word_1_602' title='bbox 986 4560 1135 4613; x_wconf 79' lang='lat' dir='ltr'><strong>xm,</strong></span> <span class='ocrx_word' id='word_1_603' title='bbox 1178 4543 1235 4620; x_wconf 70' lang='grc' dir='ltr'><strong>ϐ)</strong></span> <span class='ocrx_word' id='word_1_604' title='bbox 1273 4565 1285 4601; x_wconf 91' lang='lat'><strong>:</strong></span> <span class='ocrx_word' id='word_1_605' title='bbox 1327 4548 1704 4603; x_wconf 88' lang='lat' dir='ltr'><strong>remissionem</strong></span> 
     </span>
    </p>
   </div>
   <div class='ocr_carea' id='block_1_77' title="bbox 136 4626 1705 4710">
    <p class='ocr_par' dir='ltr' id='par_1_77' title="bbox 136 4626 1705 4710">
     <span class='ocr_line' id='line_1_77' title="bbox 136 4626 1705 4710; baseline 0.004 -22"><span class='ocrx_word' id='word_1_606' title='bbox 136 4645 456 4698; x_wconf 81' lang='lat' dir='ltr'><strong>peccatorum</strong></span> <span class='ocrx_word' id='word_1_607' title='bbox 502 4639 555 4693; x_wconf 85' lang='lat' dir='ltr'><strong>in</strong></span> <span class='ocrx_word' id='word_1_608' title='bbox 605 4637 852 4695; x_wconf 82' lang='lat' dir='ltr'><strong>Levitico</strong></span> <span class='ocrx_word' id='word_1_609' title='bbox 896 4640 1161 4696; x_wconf 86' lang='lat' dir='ltr'><strong>revelavit</strong></span> <span class='ocrx_word' id='word_1_610' title='bbox 1190 4639 1378 4710; x_wconf 75' lang='lat' dir='ltr'><strong>(Leuit.</strong></span> <span class='ocrx_word' id='word_1_611' title='bbox 1406 4646 1536 4707; x_wconf 78' lang='lat' dir='ltr'><strong>xxv,</strong></span> <span class='ocrx_word' id='word_1_612' title='bbox 1567 4626 1705 4710; x_wconf 75' lang='lat' dir='ltr'><strong>id):</strong></span> 
     </span>
    </p>
   </div>
   <div class='ocr_carea' id='block_1_78' title="bbox 134 4730 1703 4805">
    <p class='ocr_par' dir='ltr' id='par_1_78' title="bbox 134 4730 1703 4805">
     <span class='ocr_line' id='line_1_78' title="bbox 134 4730 1703 4805; baseline 0.006 -25"><span class='ocrx_word' id='word_1_613' title='bbox 134 4730 631 4802; x_wconf 72' lang='lat' dir='ltr'><strong>regnamctelorbni</strong></span> <span class='ocrx_word' id='word_1_614' title='bbox 662 4735 1004 4790; x_wconf 83' lang='lat' dir='ltr'><strong>anntmtiavit</strong></span> <span class='ocrx_word' id='word_1_615' title='bbox 1026 4736 1077 4789; x_wconf 89' lang='lat' dir='ltr'><strong>in</strong></span> <span class='ocrx_word' id='word_1_616' title='bbox 1109 4734 1335 4805; x_wconf 80' lang='lat' dir='ltr'><strong>psalmis</strong></span> <span class='ocrx_word' id='word_1_617' title='bbox 1360 4753 1374 4789; x_wconf 91' lang='lat'><strong>:</strong></span> <span class='ocrx_word' id='word_1_618' title='bbox 1403 4732 1600 4789; x_wconf 82' lang='lat' dir='ltr'><strong>terram</strong></span> <span class='ocrx_word' id='word_1_619' title='bbox 1616 4748 1703 4789; x_wconf 86' lang='lat' dir='ltr'><strong>rc-</strong></span> 
     </span>
    </p>
   </div>
   <div class='ocr_carea' id='block_1_79' title="bbox 135 4827 1705 4888">
    <p class='ocr_par' dir='ltr' id='par_1_79' title="bbox 135 4827 1705 4888">
     <span class='ocr_line' id='line_1_79' title="bbox 135 4827 1705 4888; baseline 0.003 -9"><span class='ocrx_word' id='word_1_620' title='bbox 135 4827 496 4888; x_wconf 80' lang='lat' dir='ltr'><strong>prornissiouis</strong></span> <span class='ocrx_word' id='word_1_621' title='bbox 520 4831 571 4882; x_wconf 91' lang='lat' dir='ltr'><strong>in</strong></span> <span class='ocrx_word' id='word_1_622' title='bbox 593 4828 720 4884; x_wconf 80' lang='lat' dir='ltr'><strong>Jesu</strong></span> <span class='ocrx_word' id='word_1_623' title='bbox 745 4828 896 4885; x_wconf 79' lang='lat' dir='ltr'><strong>Nave</strong></span> <span class='ocrx_word' id='word_1_624' title='bbox 920 4830 1365 4885; x_wconf 80' lang='lat' dir='ltr'><strong>manifestissime</strong></span> <span class='ocrx_word' id='word_1_625' title='bbox 1388 4828 1705 4884; x_wconf 86' lang='lat' dir='ltr'><strong>declaravit.</strong></span> 
     </span>
    </p>
   </div>
   <div class='ocr_carea' id='block_1_80' title="bbox 197 4914 1710 4993">
    <p class='ocr_par' dir='ltr' id='par_1_80' title="bbox 197 4914 1710 4993">
     <span class='ocr_line' id='line_1_80' title="bbox 197 4914 1710 4993; baseline 0.003 -21"><span class='ocrx_word' id='word_1_626' title='bbox 197 4916 279 4975; x_wconf 77' lang='lat'><strong>95.</strong></span> <span class='ocrx_word' id='word_1_627' title='bbox 324 4914 448 4977; x_wconf 68' lang='grc' dir='ltr'><strong>ΙΙωο</strong></span> <span class='ocrx_word' id='word_1_628' title='bbox 471 4922 656 4977; x_wconf 85' lang='lat' dir='ltr'><strong>omnia</strong></span> <span class='ocrx_word' id='word_1_629' title='bbox 705 4937 825 4977; x_wconf 89' lang='lat' dir='ltr'><strong>cum</strong></span> <span class='ocrx_word' id='word_1_630' title='bbox 879 4922 1106 4978; x_wconf 74' lang='lat' dir='ltr'><strong>Joannis</strong></span> <span class='ocrx_word' id='word_1_631' title='bbox 1149 4930 1363 4993; x_wconf 86' lang='lat' dir='ltr'><strong>quoque</strong></span> <span class='ocrx_word' id='word_1_632' title='bbox 1404 4926 1710 4992; x_wconf 86' lang='lat' dir='ltr'><strong>congruunt</strong></span> 
     </span>
    </p>
   </div>
   <div class='ocr_carea' id='block_1_81' title="bbox 135 5012 1709 5088">
    <p class='ocr_par' dir='ltr' id='par_1_81' title="bbox 135 5012 1709 5088">
     <span class='ocr_line' id='line_1_81' title="bbox 135 5012 1709 5088; baseline 0.004 -26"><span class='ocrx_word' id='word_1_633' title='bbox 135 5012 426 5070; x_wconf 76' lang='lat' dir='ltr'><strong>testimonio</strong></span> <span class='ocrx_word' id='word_1_634' title='bbox 458 5034 472 5069; x_wconf 91' lang='lat'><strong>:</strong></span> <span class='ocrx_word' id='word_1_635' title='bbox 510 5015 607 5070; x_wconf 90' lang='lat' dir='ltr'><strong>sed</strong></span> <span class='ocrx_word' id='word_1_636' title='bbox 636 5023 817 5071; x_wconf 83' lang='lat' dir='ltr'><strong>tamen</strong></span> <span class='ocrx_word' id='word_1_637' title='bbox 850 5016 1151 5088; x_wconf 79' lang='lat' dir='ltr'><strong>tyra&#39;rtuicis</strong></span> <span class='ocrx_word' id='word_1_638' title='bbox 1194 5015 1381 5070; x_wconf 85' lang='lat' dir='ltr'><strong>mundi</strong></span> <span class='ocrx_word' id='word_1_639' title='bbox 1428 5015 1584 5070; x_wconf 86' lang='lat' dir='ltr'><strong>istius</strong></span> <span class='ocrx_word' id='word_1_640' title='bbox 1614 5029 1709 5084; x_wconf 88' lang='lat' dir='ltr'><strong>po-</strong></span> 
     </span>
    </p>
   </div>
   <div class='ocr_carea' id='block_1_82' title="bbox 132 5107 1708 5177">
    <p class='ocr_par' dir='ltr' id='par_1_82' title="bbox 132 5107 1708 5177">
     <span class='ocr_line' id='line_1_82' title="bbox 132 5107 1708 5177; baseline 0.003 -19"><span class='ocrx_word' id='word_1_641' title='bbox 132 5107 401 5164; x_wconf 81' lang='lat' dir='ltr'><strong>testatibus</strong></span> <span class='ocrx_word' id='word_1_642' title='bbox 432 5108 724 5177; x_wconf 85' lang='lat' dir='ltr'><strong>quominus</strong></span> <span class='ocrx_word' id='word_1_643' title='bbox 750 5110 923 5164; x_wconf 88' lang='lat' dir='ltr'><strong>lucem</strong></span> <span class='ocrx_word' id='word_1_644' title='bbox 953 5109 1249 5165; x_wconf 81' lang='lat' dir='ltr'><strong>Domitticte</strong></span> <span class='ocrx_word' id='word_1_645' title='bbox 1290 5109 1708 5164; x_wconf 84' lang='lat' dir='ltr'><strong>resurrectionis</strong></span> 
     </span>
    </p>
   </div>
   <div class='ocr_carea' id='block_1_83' title="bbox 132 5196 1708 5271">
    <p class='ocr_par' dir='ltr' id='par_1_83' title="bbox 132 5196 1708 5271">
     <span class='ocr_line' id='line_1_83' title="bbox 132 5196 1708 5271; baseline 0.003 -21"><span class='ocrx_word' id='word_1_646' title='bbox 132 5196 434 5266; x_wconf 80' lang='lat' dir='ltr'><strong>etl‘uuderet,</strong></span> <span class='ocrx_word' id='word_1_647' title='bbox 466 5202 674 5257; x_wconf 85' lang='lat' dir='ltr'><strong>inclusa</strong></span> <span class='ocrx_word' id='word_1_648' title='bbox 704 5203 1010 5257; x_wconf 87' lang='lat' dir='ltr'><strong>cohibetur.</strong></span> <span class='ocrx_word' id='word_1_649' title='bbox 1057 5203 1220 5257; x_wconf 77' lang='lat' dir='ltr'><strong>Mittit</strong></span> <span class='ocrx_word' id='word_1_650' title='bbox 1249 5216 1383 5271; x_wconf 87' lang='lat' dir='ltr'><strong>ergo</strong></span> <span class='ocrx_word' id='word_1_651' title='bbox 1409 5200 1708 5270; x_wconf 87' lang='lat' dir='ltr'><strong>discipulos</strong></span> 
     </span>
    </p>
   </div>
   <div class='ocr_carea' id='block_1_84' title="bbox 134 5293 1708 5366">
    <p class='ocr_par' dir='ltr' id='par_1_84' title="bbox 134 5293 1708 5366">
     <span class='ocr_line' id='line_1_84' title="bbox 134 5293 1708 5366; baseline 0.003 -20"><span class='ocrx_word' id='word_1_652' title='bbox 134 5302 252 5347; x_wconf 77' lang='lat' dir='ltr'><strong>suos</strong></span> <span class='ocrx_word' id='word_1_653' title='bbox 269 5293 332 5347; x_wconf 84' lang='lat' dir='ltr'><strong>ad</strong></span> <span class='ocrx_word' id='word_1_654' title='bbox 351 5294 628 5350; x_wconf 85' lang='lat' dir='ltr'><strong>Christum</strong></span> <span class='ocrx_word' id='word_1_655' title='bbox 649 5294 910 5363; x_wconf 88' lang='lat' dir='ltr'><strong>Joannes,</strong></span> <span class='ocrx_word' id='word_1_656' title='bbox 930 5304 987 5349; x_wconf 91' lang='lat' dir='ltr'><strong>ut</strong></span> <span class='ocrx_word' id='word_1_657' title='bbox 1003 5295 1441 5366; x_wconf 85' lang='lat' dir='ltr'><strong>supplementum</strong></span> <span class='ocrx_word' id='word_1_658' title='bbox 1466 5293 1708 5350; x_wconf 66' lang='lat' dir='ltr'><strong>scientiae</strong></span> 
     </span>
    </p>
   </div>
   <div class='ocr_carea' id='block_1_85' title="bbox 135 5388 1703 5475">
    <p class='ocr_par' dir='ltr' id='par_1_85' title="bbox 135 5388 1703 5475">
     <span class='ocr_line' id='line_1_85' title="bbox 135 5388 1703 5475; baseline 0.002 -31"><span class='ocrx_word' id='word_1_659' title='bbox 135 5396 554 5461; x_wconf 78' lang='lat' dir='ltr'><strong>consequantur;</strong></span> <span class='ocrx_word' id='word_1_660' title='bbox 615 5391 739 5462; x_wconf 90' lang='lat' dir='ltr'><strong>quia</strong></span> <span class='ocrx_word' id='word_1_661' title='bbox 791 5391 1070 5463; x_wconf 86' lang='lat' dir='ltr'><strong>plenitudo</strong></span> <span class='ocrx_word' id='word_1_662' title='bbox 1109 5388 1271 5463; x_wconf 86' lang='lat' dir='ltr'><strong>Legis</strong></span> <span class='ocrx_word' id='word_1_663' title='bbox 1300 5392 1547 5475; x_wconf 83' lang='lat' dir='ltr'><strong>Christus</strong></span> <span class='ocrx_word' id='word_1_664' title='bbox 1578 5396 1703 5449; x_wconf 71' lang='lat' dir='ltr'><strong>eet:</strong></span> 
     </span>
    </p>
   </div>
   <div class='ocr_carea' id='block_1_86' title="bbox 200 5525 1715 5601">
    <p class='ocr_par' dir='ltr' id='par_1_86' title="bbox 200 5525 1715 5601">
     <span class='ocr_line' id='line_1_86' title="bbox 200 5525 1715 5601; baseline 0.003 -20"><span class='ocrx_word' id='word_1_665' title='bbox 200 5533 223 5560; x_wconf 75' lang='grc' dir='ltr'>ι</span> <span class='ocrx_word' id='word_1_666' title='bbox 266 5525 417 5601; x_wconf 67' lang='lat' dir='ltr'><strong>Rom.</strong></span> <span class='ocrx_word' id='word_1_667' title='bbox 465 5528 601 5601; x_wconf 86' lang='lat' dir='ltr'><strong>ed_it.</strong></span> <span class='ocrx_word' id='word_1_668' title='bbox 652 5544 804 5601; x_wconf 9' lang='lat' dir='ltr'><strong>cum,</strong></span> <span class='ocrx_word' id='word_1_669' title='bbox 845 5529 1255 5601; x_wconf 78' lang='lat' dir='ltr'><strong>paucisiisque</strong></span> <span class='ocrx_word' id='word_1_670' title='bbox 1318 5529 1715 5601; x_wconf 87' lang='lat' dir='ltr'><strong>recentioribus</strong></span> 
     </span>
    </p>
   </div>
   <div class='ocr_carea' id='block_1_87' title="bbox 142 5592 1715 5661">
    <p class='ocr_par' dir='ltr' id='par_1_87' title="bbox 142 5592 1715 5661">
     <span class='ocr_line' id='line_1_87' title="bbox 142 5592 1715 5661; baseline 0.004 -13"><span class='ocrx_word' id='word_1_671' title='bbox 142 5610 281 5661; x_wconf 91' lang='lat' dir='ltr'><strong>mss.,</strong></span> <span class='ocrx_word' id='word_1_672' title='bbox 300 5596 399 5652; x_wconf 83' lang='lat' dir='ltr'><strong>Hic</strong></span> <span class='ocrx_word' id='word_1_673' title='bbox 419 5609 493 5654; x_wconf 86' lang='lat' dir='ltr'><strong>est</strong></span> <span class='ocrx_word' id='word_1_674' title='bbox 511 5597 685 5655; x_wconf 68' lang='lat' dir='ltr'><strong>Filius</strong></span> <span class='ocrx_word' id='word_1_675' title='bbox 708 5597 826 5654; x_wconf 77' lang='lat' dir='ltr'><strong>Dei.</strong></span> <span class='ocrx_word' id='word_1_676' title='bbox 846 5592 949 5655; x_wconf 60' lang='lat' dir='ltr'><strong>&#39;Cui</strong></span> <span class='ocrx_word' id='word_1_677' title='bbox 973 5592 1188 5655; x_wconf 82' lang='lat' dir='ltr'><strong>lectioni</strong></span> <span class='ocrx_word' id='word_1_678' title='bbox 1213 5600 1354 5656; x_wconf 81' lang='lat' dir='ltr'><strong>lavet</strong></span> <span class='ocrx_word' id='word_1_679' title='bbox 1373 5600 1534 5656; x_wconf 84' lang='lat' dir='ltr'><strong>etiam</strong></span> <span class='ocrx_word' id='word_1_680' title='bbox 1557 5616 1715 5655; x_wconf 87' lang='lat' dir='ltr'><strong>sacer</strong></span> 
     </span>
    </p>
   </div>
   <div class='ocr_carea' id='block_1_88' title="bbox 143 5671 1717 5801">
    <p class='ocr_par' dir='ltr' id='par_1_88' title="bbox 143 5671 1717 5801">
     <span class='ocr_line' id='line_1_88' title="bbox 143 5671 1717 5797; baseline 0.006 -77"><span class='ocrx_word' id='word_1_681' title='bbox 143 5671 586 5797; x_wconf 52' lang='lat' dir='ltr'><strong>ttixt‘us.3e_liqu:e</strong></span> <span class='ocrx_word' id='word_1_682' title='bbox 610 5681 790 5728; x_wconf 87' lang='lat' dir='ltr'><strong>tamen</strong></span> <span class='ocrx_word' id='word_1_683' title='bbox 811 5672 943 5728; x_wconf 90' lang='lat' dir='ltr'><strong>edit.</strong></span> <span class='ocrx_word' id='word_1_684' title='bbox 969 5686 1093 5725; x_wconf 90' lang='lat' dir='ltr'><strong>eum</strong></span> <span class='ocrx_word' id='word_1_685' title='bbox 1117 5675 1327 5730; x_wconf 61' lang='lat' dir='ltr'><strong>exteris</strong></span> <span class='ocrx_word' id='word_1_686' title='bbox 1349 5688 1477 5729; x_wconf 88' lang='lat' dir='ltr'><strong>mss.</strong></span> <span class='ocrx_word' id='word_1_687' title='bbox 1493 5714 1509 5734; x_wconf 91' lang='lat'><strong>.</strong></span> <span class='ocrx_word' id='word_1_688' title='bbox 1534 5672 1618 5726; x_wconf 81' lang='lat' dir='ltr'><strong>hic</strong></span> <span class='ocrx_word' id='word_1_689' title='bbox 1641 5681 1717 5729; x_wconf 87' lang='lat' dir='ltr'><strong>est</strong></span> 
     </span>
     <span class='ocr_line' id='line_1_89' title="bbox 145 5754 457 5801; baseline 0.038 -11"><span class='ocrx_word' id='word_1_690' title='bbox 145 5754 166 5790; x_wconf 79' lang='grc' dir='ltr'><strong><em>ι</em></strong></span> <span class='ocrx_word' id='word_1_691' title='bbox 186 5755 236 5794; x_wconf 76' lang='grc' dir='ltr'><strong>ιε</strong></span> <span class='ocrx_word' id='word_1_692' title='bbox 260 5760 316 5797; x_wconf 69' lang='grc'><strong>88</strong></span> <span class='ocrx_word' id='word_1_693' title='bbox 393 5763 457 5801; x_wconf 77' lang='grc' dir='ltr'><strong>ει.</strong></span> 
     </span>
    </p>
   </div>
   <div class='ocr_carea' id='block_1_89' title="bbox 205 5810 1711 5905">
    <p class='ocr_par' dir='ltr' id='par_1_89' title="bbox 205 5810 1711 5905">
     <span class='ocr_line' id='line_1_90' title="bbox 205 5810 1711 5905; baseline 0.001 -36"><span class='ocrx_word' id='word_1_694' title='bbox 205 5818 232 5860; x_wconf 79' lang='lat' dir='ltr'><strong>b</strong></span> <span class='ocrx_word' id='word_1_695' title='bbox 258 5813 418 5886; x_wconf 86' lang='lat' dir='ltr'><strong>Edit.,</strong></span> <span class='ocrx_word' id='word_1_696' title='bbox 471 5817 836 5905; x_wconf 79' lang='lat' dir='ltr'><strong>astipulatione</strong></span> <span class='ocrx_word' id='word_1_697' title='bbox 886 5819 1123 5895; x_wconf 78' lang='lat' dir='ltr'><strong>proferre</strong></span> <span class='ocrx_word' id='word_1_698' title='bbox 1136 5810 1161 5886; x_wconf 69' lang='grc' dir='ltr'><em>ξ</em></span> <span class='ocrx_word' id='word_1_699' title='bbox 1218 5830 1348 5875; x_wconf 85' lang='lat' dir='ltr'><strong>mss.</strong></span> <span class='ocrx_word' id='word_1_700' title='bbox 1420 5812 1711 5901; x_wconf 73' lang='lat' dir='ltr'><strong>nonnulli,</strong></span> 
     </span>
    </p>
   </div>
   <div class='ocr_carea' id='block_1_90' title="bbox 1806 3331 3399 3401">
    <p class='ocr_par' dir='ltr' id='par_1_90' title="bbox 1806 3331 3399 3401">
     <span class='ocr_line' id='line_1_91' title="bbox 1806 3331 3399 3401; baseline 0 -16"><span class='ocrx_word' id='word_1_701' title='bbox 1806 3331 2052 3397; x_wconf 88' lang='lat' dir='ltr'><strong>claudos,</strong></span> <span class='ocrx_word' id='word_1_702' title='bbox 2081 3331 2305 3387; x_wconf 88' lang='lat' dir='ltr'><strong>audisse</strong></span> <span class='ocrx_word' id='word_1_703' title='bbox 2330 3332 2545 3399; x_wconf 85' lang='lat' dir='ltr'><strong>surdos,</strong></span> <span class='ocrx_word' id='word_1_704' title='bbox 2597 3331 2889 3386; x_wconf 84' lang='lat' dir='ltr'><strong>mundatus</strong></span> <span class='ocrx_word' id='word_1_705' title='bbox 2940 3346 3062 3387; x_wconf 86' lang='lat' dir='ltr'><strong>esse</strong></span> <span class='ocrx_word' id='word_1_706' title='bbox 3109 3331 3355 3401; x_wconf 69' lang='lat' dir='ltr'><strong>leproms</strong></span> <span class='ocrx_word' id='word_1_707' title='bbox 3382 3373 3399 3399; x_wconf 94' lang='lat'><strong>,</strong></span> 
     </span>
    </p>
   </div>
   <div class='ocr_carea' id='block_1_91' title="bbox 1806 3424 3400 3503">
    <p class='ocr_par' dir='ltr' id='par_1_91' title="bbox 1806 3424 3400 3503">
     <span class='ocr_line' id='line_1_92' title="bbox 1806 3424 3400 3503; baseline 0 -24"><span class='ocrx_word' id='word_1_708' title='bbox 1806 3432 2050 3503; x_wconf 74' lang='lat' dir='ltr'><strong>mortuos</strong></span> <span class='ocrx_word' id='word_1_709' title='bbox 2074 3425 2465 3491; x_wconf 81' lang='lat' dir='ltr'><strong>resurrexisse,</strong></span> <span class='ocrx_word' id='word_1_710' title='bbox 2502 3435 2627 3480; x_wconf 90' lang='lat' dir='ltr'><strong>tunc</strong></span> <span class='ocrx_word' id='word_1_711' title='bbox 2649 3425 2835 3481; x_wconf 89' lang='lat' dir='ltr'><strong>dicunt</strong></span> <span class='ocrx_word' id='word_1_712' title='bbox 2865 3444 2877 3479; x_wconf 87' lang='lat'><strong>:</strong></span> <span class='ocrx_word' id='word_1_713' title='bbox 2920 3424 3158 3480; x_wconf 84' lang='lat' dir='ltr'><strong>Vidimus</strong></span> <span class='ocrx_word' id='word_1_714' title='bbox 3189 3438 3320 3490; x_wconf 74' lang='lat' dir='ltr'><strong>sum,</strong></span> <span class='ocrx_word' id='word_1_715' title='bbox 3353 3435 3400 3481; x_wconf 86' lang='lat' dir='ltr'><strong>et</strong></span> 
     </span>
    </p>
   </div>
   <div class='ocr_carea' id='block_1_92' title="bbox 1804 3517 3401 3589">
    <p class='ocr_par' dir='ltr' id='par_1_92' title="bbox 1804 3517 3401 3589">
     <span class='ocr_line' id='line_1_93' title="bbox 1804 3517 3401 3589; baseline 0.003 -19"><span class='ocrx_word' id='word_1_716' title='bbox 1804 3517 1969 3570; x_wconf 85' lang='lat' dir='ltr'><strong>oculis</strong></span> <span class='ocrx_word' id='word_1_717' title='bbox 1992 3518 2179 3571; x_wconf 83' lang='lat' dir='ltr'><strong>nostris</strong></span> <span class='ocrx_word' id='word_1_718' title='bbox 2201 3518 2576 3589; x_wconf 56' lang='lat' dir='ltr'><strong>perspettimus,</strong></span> <span class='ocrx_word' id='word_1_719' title='bbox 2593 3518 2715 3571; x_wconf 90' lang='lat' dir='ltr'><strong>etin</strong></span> <span class='ocrx_word' id='word_1_720' title='bbox 2736 3518 2959 3589; x_wconf 82' lang='lat' dir='ltr'><strong>vestigia</strong></span> <span class='ocrx_word' id='word_1_721' title='bbox 2984 3519 3259 3573; x_wconf 79' lang='lat' dir='ltr'><strong>&#39;ciavorum</strong></span> <span class='ocrx_word' id='word_1_722' title='bbox 3284 3519 3401 3587; x_wconf 82' lang='lat' dir='ltr'><strong>ejus</strong></span> 
     </span>
    </p>
   </div>
   <div class='ocr_carea' id='block_1_93' title="bbox 1804 3608 3400 3678">
    <p class='ocr_par' dir='ltr' id='par_1_93' title="bbox 1804 3608 3400 3678">
     <span class='ocr_line' id='line_1_94' title="bbox 1804 3608 3400 3678; baseline 0.001 -15"><span class='ocrx_word' id='word_1_723' title='bbox 1804 3608 2003 3678; x_wconf 85' lang='lat' dir='ltr'><strong>digitos</strong></span> <span class='ocrx_word' id='word_1_724' title='bbox 2045 3621 2262 3665; x_wconf 90' lang='lat' dir='ltr'><strong>nostros</strong></span> <span class='ocrx_word' id='word_1_725' title='bbox 2303 3611 2652 3665; x_wconf 82' lang='lat' dir='ltr'><strong>inseruimus.</strong></span> <span class='ocrx_word' id='word_1_726' title='bbox 2680 3609 2942 3666; x_wconf 71' lang='lat' dir='ltr'><strong>Videmttr</strong></span> <span class='ocrx_word' id='word_1_727' title='bbox 2962 3611 3107 3665; x_wconf 89' lang='lat' dir='ltr'><strong>enim</strong></span> <span class='ocrx_word' id='word_1_728' title='bbox 3136 3610 3293 3666; x_wconf 86' lang='lat' dir='ltr'><strong>nobis</strong></span> <span class='ocrx_word' id='word_1_729' title='bbox 3317 3610 3400 3665; x_wconf 86' lang='lat' dir='ltr'><strong>vi-</strong></span> 
     </span>
    </p>
   </div>
   <div class='ocr_carea' id='block_1_94' title="bbox 1805 3701 3402 3774">
    <p class='ocr_par' dir='ltr' id='par_1_94' title="bbox 1805 3701 3402 3774">
     <span class='ocr_line' id='line_1_95' title="bbox 1805 3701 3402 3774; baseline 0.002 -19"><span class='ocrx_word' id='word_1_730' title='bbox 1805 3701 1951 3756; x_wconf 87' lang='lat' dir='ltr'><strong>disse</strong></span> <span class='ocrx_word' id='word_1_731' title='bbox 1971 3710 2132 3772; x_wconf 90' lang='lat' dir='ltr'><strong>quem</strong></span> <span class='ocrx_word' id='word_1_732' title='bbox 2162 3702 2411 3773; x_wconf 89' lang='lat' dir='ltr'><strong>Iegimus,</strong></span> <span class='ocrx_word' id='word_1_733' title='bbox 2433 3711 2711 3773; x_wconf 84' lang='lat' dir='ltr'><strong>spectasse</strong></span> <span class='ocrx_word' id='word_1_734' title='bbox 2733 3702 3086 3774; x_wconf 86' lang='lat' dir='ltr'><strong>pendentem,</strong></span> <span class='ocrx_word' id='word_1_735' title='bbox 3105 3714 3158 3758; x_wconf 89' lang='lat' dir='ltr'><strong>et</strong></span> <span class='ocrx_word' id='word_1_736' title='bbox 3177 3703 3402 3759; x_wconf 86' lang='lat' dir='ltr'><strong>vulnera</strong></span> 
     </span>
    </p>
   </div>
   <div class='ocr_carea' id='block_1_95' title="bbox 1806 3792 3400 3865">
    <p class='ocr_par' dir='ltr' id='par_1_95' title="bbox 1806 3792 3400 3865">
     <span class='ocr_line' id='line_1_96' title="bbox 1806 3792 3400 3865; baseline 0 -17"><span class='ocrx_word' id='word_1_737' title='bbox 1806 3795 1945 3865; x_wconf 82' lang='lat' dir='ltr'><strong>ejus,</strong></span> <span class='ocrx_word' id='word_1_738' title='bbox 1975 3796 2169 3864; x_wconf 88' lang='lat' dir='ltr'><strong>spiritu</strong></span> <span class='ocrx_word' id='word_1_739' title='bbox 2203 3792 2465 3850; x_wconf 77' lang='lat' dir='ltr'><strong>Ecclesiae</strong></span> <span class='ocrx_word' id='word_1_740' title='bbox 2503 3804 2803 3859; x_wconf 86' lang='lat' dir='ltr'><strong>scrutante,</strong></span> <span class='ocrx_word' id='word_1_741' title='bbox 2853 3804 3127 3858; x_wconf 84' lang='lat' dir='ltr'><strong>tentasse;</strong></span> <span class='ocrx_word' id='word_1_742' title='bbox 3170 3795 3213 3848; x_wconf 88' lang='lat' dir='ltr'><strong>si</strong></span> <span class='ocrx_word' id='word_1_743' title='bbox 3255 3794 3400 3848; x_wconf 87' lang='lat' dir='ltr'><strong>enim</strong></span> 
     </span>
    </p>
   </div>
   <div class='ocr_carea' id='block_1_96' title="bbox 1806 3885 3403 3967">
    <p class='ocr_par' dir='ltr' id='par_1_96' title="bbox 1806 3885 3403 3967">
     <span class='ocr_line' id='line_1_97' title="bbox 1806 3885 3403 3967; baseline -0.001 -25"><span class='ocrx_word' id='word_1_744' title='bbox 1806 3887 1978 3957; x_wconf 88' lang='lat' dir='ltr'><strong>digito</strong></span> <span class='ocrx_word' id='word_1_745' title='bbox 1994 3886 2102 3951; x_wconf 82' lang='lat' dir='ltr'><strong>Dei</strong></span> <span class='ocrx_word' id='word_1_746' title='bbox 2129 3887 2420 3956; x_wconf 79' lang='lat' dir='ltr'><strong>ejiciunthr</strong></span> <span class='ocrx_word' id='word_1_747' title='bbox 2449 3887 2737 3953; x_wconf 65' lang='lat' dir='ltr'><strong>daemonia,</strong></span> <span class='ocrx_word' id='word_1_748' title='bbox 2774 3885 2931 3967; x_wconf 58' lang='lat' dir='ltr'><strong>~lides</strong></span> <span class='ocrx_word' id='word_1_749' title='bbox 2976 3898 3191 3957; x_wconf 87' lang='lat' dir='ltr'><strong>quoque</strong></span> <span class='ocrx_word' id='word_1_750' title='bbox 3235 3886 3403 3955; x_wconf 81' lang='lat' dir='ltr'><strong>digito</strong></span> 
     </span>
    </p>
   </div>
   <div class='ocr_carea' id='block_1_97' title="bbox 1807 3974 3401 4050">
    <p class='ocr_par' dir='ltr' id='par_1_97' title="bbox 1807 3974 3401 4050">
     <span class='ocr_line' id='line_1_98' title="bbox 1807 3974 3401 4050; baseline -0.001 -15"><span class='ocrx_word' id='word_1_751' title='bbox 1807 3980 2064 4035; x_wconf 69' lang='lat' dir='ltr'><strong>Ecclesiae</strong></span> <span class='ocrx_word' id='word_1_752' title='bbox 2104 3978 2392 4049; x_wconf 86' lang='lat' dir='ltr'><strong>reperitur.</strong></span> <span class='ocrx_word' id='word_1_753' title='bbox 2437 3977 2544 4035; x_wconf 84' lang='lat' dir='ltr'><strong>Aut</strong></span> <span class='ocrx_word' id='word_1_754' title='bbox 2580 3978 2814 4037; x_wconf 76' lang='lat' dir='ltr'><strong>fortasse</strong></span> <span class='ocrx_word' id='word_1_755' title='bbox 2870 3980 2921 4034; x_wconf 93' lang='lat' dir='ltr'><strong>in</strong></span> <span class='ocrx_word' id='word_1_756' title='bbox 2973 3986 3123 4050; x_wconf 86' lang='lat' dir='ltr'><strong>parte</strong></span> <span class='ocrx_word' id='word_1_757' title='bbox 3168 3974 3401 4050; x_wconf 83' lang='lat' dir='ltr'><strong>quadam</strong></span> 
     </span>
    </p>
   </div>
   <div class='ocr_carea' id='block_1_98' title="bbox 1806 4068 3402 4145">
    <p class='ocr_par' dir='ltr' id='par_1_98' title="bbox 1806 4068 3402 4145">
     <span class='ocr_line' id='line_1_99' title="bbox 1806 4068 3402 4145; baseline -0.003 -14"><span class='ocrx_word' id='word_1_758' title='bbox 1806 4074 2113 4145; x_wconf 85' lang='lat' dir='ltr'><strong>operatrice</strong></span> <span class='ocrx_word' id='word_1_759' title='bbox 2151 4074 2397 4144; x_wconf 88' lang='lat' dir='ltr'><strong>corporis</strong></span> <span class='ocrx_word' id='word_1_760' title='bbox 2429 4074 2602 4128; x_wconf 73' lang='lat' dir='ltr'><strong>nostri</strong></span> <span class='ocrx_word' id='word_1_761' title='bbox 2642 4088 2833 4130; x_wconf 90' lang='lat' dir='ltr'><strong>omnes</strong></span> <span class='ocrx_word' id='word_1_762' title='bbox 2881 4070 3128 4129; x_wconf 83' lang='lat' dir='ltr'><strong>videmur</strong></span> <span class='ocrx_word' id='word_1_763' title='bbox 3176 4068 3402 4128; x_wconf 75' lang='lat' dir='ltr'><strong>investi-</strong></span> 
     </span>
    </p>
   </div>
   <div class='ocr_carea' id='block_1_99' title="bbox 1807 4164 3406 4241">
    <p class='ocr_par' dir='ltr' id='par_1_99' title="bbox 1807 4164 3406 4241">
     <span class='ocr_line' id='line_1_100' title="bbox 1807 4164 3406 4241; baseline 0 -19"><span class='ocrx_word' id='word_1_764' title='bbox 1807 4180 1965 4241; x_wconf 88' lang='lat' dir='ltr'><strong>gasse</strong></span> <span class='ocrx_word' id='word_1_765' title='bbox 1995 4166 2290 4223; x_wconf 70' lang='lat' dir='ltr'><strong>Domiulcze</strong></span> <span class='ocrx_word' id='word_1_766' title='bbox 2331 4169 2532 4225; x_wconf 88' lang='lat' dir='ltr'><strong>seriem</strong></span> <span class='ocrx_word' id='word_1_767' title='bbox 2582 4169 2887 4239; x_wconf 82' lang='lat' dir='ltr'><strong>passionis;</strong></span> <span class='ocrx_word' id='word_1_768' title='bbox 2943 4164 3078 4235; x_wconf 73' lang='lat' dir='ltr'><strong>rides</strong></span> <span class='ocrx_word' id='word_1_769' title='bbox 3117 4166 3262 4223; x_wconf 86' lang='lat' dir='ltr'><strong>enim</strong></span> <span class='ocrx_word' id='word_1_770' title='bbox 3310 4180 3406 4237; x_wconf 86' lang='lat' dir='ltr'><strong>per</strong></span> 
     </span>
    </p>
   </div>
   <div class='ocr_carea' id='block_1_100' title="bbox 1808 4244 3403 4332">
    <p class='ocr_par' dir='ltr' id='par_1_100' title="bbox 1808 4244 3403 4332">
     <span class='ocr_line' id='line_1_101' title="bbox 1808 4244 3403 4332; baseline -0.001 -17"><span class='ocrx_word' id='word_1_771' title='bbox 1808 4274 2009 4331; x_wconf 87' lang='lat' dir='ltr'><strong>paucos</strong></span> <span class='ocrx_word' id='word_1_772' title='bbox 2062 4260 2130 4316; x_wconf 92' lang='lat' dir='ltr'><strong>ad</strong></span> <span class='ocrx_word' id='word_1_773' title='bbox 2185 4261 2372 4332; x_wconf 85' lang='lat' dir='ltr'><strong>plures</strong></span> <span class='ocrx_word' id='word_1_774' title='bbox 2426 4244 2691 4332; x_wconf 73' lang='lat' dir='ltr'><strong>pervenit.</strong></span> <span class='ocrx_word' id='word_1_775' title='bbox 2759 4260 2873 4317; x_wconf 86' lang='lat' dir='ltr'><strong>Lex</strong></span> <span class='ocrx_word' id='word_1_776' title='bbox 2931 4266 3061 4330; x_wconf 82' lang='lat' dir='ltr'><strong>ergo</strong></span> <span class='ocrx_word' id='word_1_777' title='bbox 3128 4256 3403 4314; x_wconf 76' lang='lat' dir='ltr'><strong>Christum</strong></span> 
     </span>
    </p>
   </div>
   <div class='ocr_carea' id='block_1_101' title="bbox 1807 4353 3409 4426">
    <p class='ocr_par' dir='ltr' id='par_1_101' title="bbox 1807 4353 3409 4426">
     <span class='ocr_line' id='line_1_102' title="bbox 1807 4353 3409 4426; baseline -0.001 -17"><span class='ocrx_word' id='word_1_778' title='bbox 1807 4358 2098 4409; x_wconf 85' lang='lat' dir='ltr'><strong>venturum</strong></span> <span class='ocrx_word' id='word_1_779' title='bbox 2158 4355 2486 4410; x_wconf 82' lang='lat' dir='ltr'><strong>annuntiat:</strong></span> <span class='ocrx_word' id='word_1_780' title='bbox 2536 4353 2818 4426; x_wconf 85' lang='lat' dir='ltr'><strong>Evangelii</strong></span> <span class='ocrx_word' id='word_1_781' title='bbox 2874 4353 3142 4425; x_wconf 86' lang='lat' dir='ltr'><strong>scriptura</strong></span> <span class='ocrx_word' id='word_1_782' title='bbox 3191 4353 3409 4408; x_wconf 82' lang='lat' dir='ltr'><strong>venisse</strong></span> 
     </span>
    </p>
   </div>
   <div class='ocr_carea' id='block_1_102' title="bbox 1808 4446 2115 4505">
    <p class='ocr_par' dir='ltr' id='par_1_102' title="bbox 1808 4446 2115 4505">
     <span class='ocr_line' id='line_1_103' title="bbox 1808 4446 2115 4505; baseline 0.007 -2"><span class='ocrx_word' id='word_1_783' title='bbox 1808 4446 2115 4505; x_wconf 88' lang='lat' dir='ltr'><strong>contlrtnat.</strong></span> 
     </span>
    </p>
   </div>
   <div class='ocr_carea' id='block_1_103' title="bbox 1880 4527 3409 4611">
    <p class='ocr_par' dir='ltr' id='par_1_103' title="bbox 1880 4527 3409 4611">
     <span class='ocr_line' id='line_1_104' title="bbox 1880 4527 3409 4611; baseline -0.004 -14"><span class='ocrx_word' id='word_1_784' title='bbox 1880 4541 1974 4597; x_wconf 84' lang='lat'><strong>98.</strong></span> <span class='ocrx_word' id='word_1_785' title='bbox 2015 4530 2269 4596; x_wconf 85' lang='lat' dir='ltr'><strong>Nonnulli</strong></span> <span class='ocrx_word' id='word_1_786' title='bbox 2322 4541 2489 4597; x_wconf 85' lang='lat' dir='ltr'><strong>etiam</strong></span> <span class='ocrx_word' id='word_1_787' title='bbox 2541 4541 2609 4596; x_wconf 88' lang='lat' dir='ltr'><strong>de</strong></span> <span class='ocrx_word' id='word_1_788' title='bbox 2639 4527 2783 4611; x_wconf 54' lang='lat' dir='ltr'><strong>&#39;ipso</strong></span> <span class='ocrx_word' id='word_1_789' title='bbox 2810 4538 3019 4595; x_wconf 88' lang='lat' dir='ltr'><strong>Joanne</strong></span> <span class='ocrx_word' id='word_1_790' title='bbox 3087 4539 3168 4594; x_wconf 90' lang='lat' dir='ltr'><strong>sic</strong></span> <span class='ocrx_word' id='word_1_791' title='bbox 3209 4537 3409 4594; x_wconf 89' lang='lat' dir='ltr'><strong>intelli-</strong></span> 
     </span>
    </p>
   </div>
   <div class='ocr_carea' id='block_1_104' title="bbox 1815 4629 3407 4709">
    <p class='ocr_par' dir='ltr' id='par_1_104' title="bbox 1815 4629 3407 4709">
     <span class='ocr_line' id='line_1_105' title="bbox 1815 4629 3407 4709; baseline -0.003 -20"><span class='ocrx_word' id='word_1_792' title='bbox 1815 4644 1969 4706; x_wconf 86' lang='lat' dir='ltr'><strong>gunt,</strong></span> <span class='ocrx_word' id='word_1_793' title='bbox 1995 4644 2248 4704; x_wconf 85' lang='lat' dir='ltr'><strong>magnum</strong></span> <span class='ocrx_word' id='word_1_794' title='bbox 2289 4634 2506 4704; x_wconf 82' lang='lat' dir='ltr'><strong>quidem</strong></span> <span class='ocrx_word' id='word_1_795' title='bbox 2538 4634 2610 4688; x_wconf 86' lang='lat' dir='ltr'><strong>ita</strong></span> <span class='ocrx_word' id='word_1_796' title='bbox 2638 4632 2983 4709; x_wconf 80' lang='lat' dir='ltr'><strong>prophetam,</strong></span> <span class='ocrx_word' id='word_1_797' title='bbox 3034 4639 3091 4685; x_wconf 85' lang='grc' dir='ltr'><strong>ιιι</strong></span> <span class='ocrx_word' id='word_1_798' title='bbox 3136 4629 3407 4685; x_wconf 81' lang='lat' dir='ltr'><strong>Chrisutm</strong></span> 
     </span>
    </p>
   </div>
   <div class='ocr_carea' id='block_1_105' title="bbox 1813 4723 3406 4800">
    <p class='ocr_par' dir='ltr' id='par_1_105' title="bbox 1813 4723 3406 4800">
     <span class='ocr_line' id='line_1_106' title="bbox 1813 4723 3406 4800; baseline -0.002 -16"><span class='ocrx_word' id='word_1_799' title='bbox 1813 4736 2158 4800; x_wconf 85' lang='lat' dir='ltr'><strong>agnosceret,</strong></span> <span class='ocrx_word' id='word_1_800' title='bbox 2183 4729 2529 4783; x_wconf 89' lang='lat' dir='ltr'><strong>annuutiaret</strong></span> <span class='ocrx_word' id='word_1_801' title='bbox 2556 4727 2931 4783; x_wconf 88' lang='lat' dir='ltr'><strong>remissionem</strong></span> <span class='ocrx_word' id='word_1_802' title='bbox 2957 4737 3296 4797; x_wconf 87' lang='lat' dir='ltr'><strong>peccatorum</strong></span> <span class='ocrx_word' id='word_1_803' title='bbox 3324 4723 3406 4781; x_wconf 84' lang='lat' dir='ltr'><strong>lu-</strong></span> 
     </span>
    </p>
   </div>
   <div class='ocr_carea' id='block_1_106' title="bbox 1814 4818 3409 4899">
    <p class='ocr_par' dir='ltr' id='par_1_106' title="bbox 1814 4818 3409 4899">
     <span class='ocr_line' id='line_1_107' title="bbox 1814 4818 3409 4899; baseline -0.003 -18"><span class='ocrx_word' id='word_1_804' title='bbox 1814 4821 1991 4881; x_wconf 79' lang='lat' dir='ltr'><strong>lurain</strong></span> <span class='ocrx_word' id='word_1_805' title='bbox 2019 4842 2032 4879; x_wconf 91' lang='lat'><strong>:</strong></span> <span class='ocrx_word' id='word_1_806' title='bbox 2067 4825 2163 4881; x_wconf 90' lang='lat' dir='ltr'><strong>sed</strong></span> <span class='ocrx_word' id='word_1_807' title='bbox 2192 4832 2374 4880; x_wconf 83' lang='lat' dir='ltr'><strong>tamen</strong></span> <span class='ocrx_word' id='word_1_808' title='bbox 2401 4840 2507 4879; x_wconf 89' lang='lat' dir='ltr'><strong>non</strong></span> <span class='ocrx_word' id='word_1_809' title='bbox 2539 4826 2814 4894; x_wconf 78' lang='lat' dir='ltr'><strong>tamquam</strong></span> <span class='ocrx_word' id='word_1_810' title='bbox 2843 4818 3091 4899; x_wconf 82' lang='lat' dir='ltr'><strong>dubium,</strong></span> <span class='ocrx_word' id='word_1_811' title='bbox 3136 4820 3228 4877; x_wconf 88' lang='lat' dir='ltr'><strong>sed</strong></span> <span class='ocrx_word' id='word_1_812' title='bbox 3274 4826 3409 4877; x_wconf 85' lang='lat' dir='ltr'><strong>taut—</strong></span> 
     </span>
    </p>
   </div>
   <div class='ocr_carea' id='block_1_107' title="bbox 1812 4912 3406 4996">
    <p class='ocr_par' dir='ltr' id='par_1_107' title="bbox 1812 4912 3406 4996">
     <span class='ocr_line' id='line_1_108' title="bbox 1812 4912 3406 4996; baseline -0.004 -17"><span class='ocrx_word' id='word_1_813' title='bbox 1812 4941 1974 4996; x_wconf 87' lang='lat' dir='ltr'><strong>quam</strong></span> <span class='ocrx_word' id='word_1_814' title='bbox 2005 4924 2146 4994; x_wconf 86' lang='lat' dir='ltr'><strong>piunt</strong></span> <span class='ocrx_word' id='word_1_815' title='bbox 2176 4935 2378 4987; x_wconf 86' lang='lat' dir='ltr'><strong>vatem,</strong></span> <span class='ocrx_word' id='word_1_816' title='bbox 2411 4938 2571 4994; x_wconf 86' lang='lat' dir='ltr'><strong>quem</strong></span> <span class='ocrx_word' id='word_1_817' title='bbox 2615 4931 2899 4976; x_wconf 88' lang='lat' dir='ltr'><strong>venturum</strong></span> <span class='ocrx_word' id='word_1_818' title='bbox 2937 4912 3269 4985; x_wconf 83' lang='lat' dir='ltr'><strong>crediderat,</strong></span> <span class='ocrx_word' id='word_1_819' title='bbox 3302 4934 3406 4972; x_wconf 90' lang='lat' dir='ltr'><strong>non</strong></span> 
     </span>
    </p>
   </div>
   <div class='ocr_carea' id='block_1_108' title="bbox 1814 5002 3407 5087">
    <p class='ocr_par' dir='ltr' id='par_1_108' title="bbox 1814 5002 3407 5087">
     <span class='ocr_line' id='line_1_109' title="bbox 1814 5002 3407 5087; baseline -0.005 -13"><span class='ocrx_word' id='word_1_820' title='bbox 1814 5018 2112 5075; x_wconf 84' lang='lat' dir='ltr'><strong>credidisse</strong></span> <span class='ocrx_word' id='word_1_821' title='bbox 2141 5016 2483 5072; x_wconf 86' lang='lat' dir='ltr'><strong>moriturum.</strong></span> <span class='ocrx_word' id='word_1_822' title='bbox 2512 5015 2629 5070; x_wconf 89' lang='lat' dir='ltr'><strong>Non</strong></span> <span class='ocrx_word' id='word_1_823' title='bbox 2660 5002 2872 5087; x_wconf 71' lang='lat'><strong>1379</strong></span> <span class='ocrx_word' id='word_1_824' title='bbox 2922 5013 3083 5084; x_wconf 88' lang='lat' dir='ltr'><strong>igitur</strong></span> <span class='ocrx_word' id='word_1_825' title='bbox 3139 5010 3265 5078; x_wconf 78' lang='lat' dir='ltr'><strong>fide,</strong></span> <span class='ocrx_word' id='word_1_826' title='bbox 3312 5011 3407 5066; x_wconf 86' lang='lat' dir='ltr'><strong>sed</strong></span> 
     </span>
    </p>
   </div>
   <div class='ocr_carea' id='block_1_109' title="bbox 1817 5099 3409 5183">
    <p class='ocr_par' dir='ltr' id='par_1_109' title="bbox 1817 5099 3409 5183">
     <span class='ocr_line' id='line_1_110' title="bbox 1817 5099 3409 5183; baseline -0.006 -17"><span class='ocrx_word' id='word_1_827' title='bbox 1817 5113 2016 5183; x_wconf 83' lang='lat' dir='ltr'><strong>pietate</strong></span> <span class='ocrx_word' id='word_1_828' title='bbox 2042 5109 2326 5165; x_wconf 85' lang='lat' dir='ltr'><strong>dubitavit.</strong></span> <span class='ocrx_word' id='word_1_829' title='bbox 2357 5107 2629 5164; x_wconf 83' lang='lat' dir='ltr'><strong>Dubilavit</strong></span> <span class='ocrx_word' id='word_1_830' title='bbox 2655 5116 2709 5161; x_wconf 88' lang='lat' dir='ltr'><strong>et</strong></span> <span class='ocrx_word' id='word_1_831' title='bbox 2740 5107 2929 5160; x_wconf 81' lang='lat' dir='ltr'><strong>Petrus</strong></span> <span class='ocrx_word' id='word_1_832' title='bbox 2958 5105 3145 5160; x_wconf 85' lang='lat' dir='ltr'><strong>dicens</strong></span> <span class='ocrx_word' id='word_1_833' title='bbox 3177 5122 3188 5157; x_wconf 86' lang='lat'><strong>:</strong></span> <span class='ocrx_word' id='word_1_834' title='bbox 3218 5099 3245 5140; x_wconf 75' lang='grc' dir='ltr'>ά</span> <span class='ocrx_word' id='word_1_835' title='bbox 3279 5103 3409 5158; x_wconf 78' lang='lat' dir='ltr'><strong>Pro-</strong></span> 
     </span>
    </p>
   </div>
   <div class='ocr_carea' id='block_1_110' title="bbox 1819 5190 3413 5274">
    <p class='ocr_par' dir='ltr' id='par_1_110' title="bbox 1819 5190 3413 5274">
     <span class='ocr_line' id='line_1_111' title="bbox 1819 5190 3413 5274; baseline -0.004 -16"><span class='ocrx_word' id='word_1_836' title='bbox 1819 5202 1975 5274; x_wconf 84' lang='lat' dir='ltr'><strong>pitius</strong></span> <span class='ocrx_word' id='word_1_837' title='bbox 1996 5214 2124 5268; x_wconf 88' lang='lat' dir='ltr'><strong>esto,</strong></span> <span class='ocrx_word' id='word_1_838' title='bbox 2149 5200 2387 5268; x_wconf 89' lang='lat' dir='ltr'><strong>Domine,</strong></span> <span class='ocrx_word' id='word_1_839' title='bbox 2424 5200 2635 5269; x_wconf 81' lang='lat' dir='ltr'><strong>non’ﬁet</strong></span> <span class='ocrx_word' id='word_1_840' title='bbox 2663 5202 2759 5254; x_wconf 79' lang='lat' dir='ltr'><strong>hoc</strong></span> <span class='ocrx_word' id='word_1_841' title='bbox 2790 5192 3007 5273; x_wconf 79' lang='lat' dir='ltr'><strong>(Matth.</strong></span> <span class='ocrx_word' id='word_1_842' title='bbox 3033 5213 3141 5262; x_wconf 75' lang='lat' dir='ltr'><strong>xvr,</strong></span> <span class='ocrx_word' id='word_1_843' title='bbox 3170 5190 3287 5258; x_wconf 64' lang='grc' dir='ltr'><strong>εἳ).</strong></span> <span class='ocrx_word' id='word_1_844' title='bbox 3322 5192 3413 5251; x_wconf 89' lang='lat' dir='ltr'><strong>Ille</strong></span> 
     </span>
    </p>
   </div>
   <div class='ocr_carea' id='block_1_111' title="bbox 1818 5286 3410 5368">
    <p class='ocr_par' dir='ltr' id='par_1_111' title="bbox 1818 5286 3410 5368">
     <span class='ocr_line' id='line_1_112' title="bbox 1818 5286 3410 5368; baseline -0.009 -14"><span class='ocrx_word' id='word_1_845' title='bbox 1818 5297 1942 5354; x_wconf 80' lang='lat' dir='ltr'><strong>ﬁdei</strong></span> <span class='ocrx_word' id='word_1_846' title='bbox 1976 5297 2232 5368; x_wconf 86' lang='lat' dir='ltr'><strong>princeps</strong></span> <span class='ocrx_word' id='word_1_847' title='bbox 2257 5294 2366 5366; x_wconf 75' lang='lat' dir='ltr'><strong>(cui</strong></span> <span class='ocrx_word' id='word_1_848' title='bbox 2398 5308 2458 5350; x_wconf 89' lang='lat' dir='ltr'><strong>se</strong></span> <span class='ocrx_word' id='word_1_849' title='bbox 2480 5293 2731 5349; x_wconf 85' lang='lat' dir='ltr'><strong>Chrisuts</strong></span> <span class='ocrx_word' id='word_1_850' title='bbox 2769 5292 3009 5346; x_wconf 90' lang='lat' dir='ltr'><strong>nondum</strong></span> <span class='ocrx_word' id='word_1_851' title='bbox 3063 5286 3160 5345; x_wconf 86' lang='lat' dir='ltr'><strong>Dei</strong></span> <span class='ocrx_word' id='word_1_852' title='bbox 3213 5288 3410 5343; x_wconf 81' lang='lat' dir='ltr'><strong>Filium</strong></span> 
     </span>
    </p>
   </div>
   <div class='ocr_carea' id='block_1_112' title="bbox 1818 5381 3413 5458">
    <p class='ocr_par' dir='ltr' id='par_1_112' title="bbox 1818 5381 3413 5458">
     <span class='ocr_line' id='line_1_113' title="bbox 1818 5381 3413 5458; baseline -0.009 -11"><span class='ocrx_word' id='word_1_853' title='bbox 1818 5390 2052 5456; x_wconf 85' lang='lat' dir='ltr'><strong>dixerat,</strong></span> <span class='ocrx_word' id='word_1_854' title='bbox 2082 5394 2138 5445; x_wconf 88' lang='lat' dir='ltr'><strong>et</strong></span> <span class='ocrx_word' id='word_1_855' title='bbox 2166 5395 2348 5443; x_wconf 87' lang='lat' dir='ltr'><strong>tamen</strong></span> <span class='ocrx_word' id='word_1_856' title='bbox 2382 5386 2473 5442; x_wconf 90' lang='lat' dir='ltr'><strong>ille</strong></span> <span class='ocrx_word' id='word_1_857' title='bbox 2504 5383 2800 5458; x_wconf 80' lang='lat' dir='ltr'><strong>(Ibid.,t6)</strong></span> <span class='ocrx_word' id='word_1_858' title='bbox 2822 5381 3130 5438; x_wconf 80' lang='lat' dir='ltr'><strong>Crediderat</strong></span> <span class='ocrx_word' id='word_1_859' title='bbox 3152 5381 3219 5435; x_wconf 91' lang='lat' dir='ltr'><strong>de</strong></span> <span class='ocrx_word' id='word_1_860' title='bbox 3239 5389 3413 5435; x_wconf 87' lang='lat' dir='ltr'><strong>morte</strong></span> 
     </span>
    </p>
   </div>
   <div class='ocr_carea' id='block_1_113' title="bbox 1821 5526 3359 5673">
    <p class='ocr_par' dir='ltr' id='par_1_113' title="bbox 1821 5526 3359 5673">
     <span class='ocr_line' id='line_1_114' title="bbox 1821 5526 2737 5601; baseline -0.013 -17"><span class='ocrx_word' id='word_1_861' title='bbox 1821 5533 2105 5601; x_wconf 67' lang='lat' dir='ltr'><strong>praeferre;</strong></span> <span class='ocrx_word' id='word_1_862' title='bbox 2133 5526 2348 5597; x_wconf 90' lang='lat' dir='ltr'><strong>reliqui,</strong></span> <span class='ocrx_word' id='word_1_863' title='bbox 2380 5526 2623 5595; x_wconf 69' lang='lat' dir='ltr'><strong>perferre.</strong></span> <span class='ocrx_word' id='word_1_864' title='bbox 2732 5574 2737 5583; x_wconf 72' lang='grc'><em>,</em></span> 
     </span>
     <span class='ocr_line' id='line_1_115' title="bbox 1896 5590 3359 5673; baseline -0.008 -21"><span class='ocrx_word' id='word_1_865' title='bbox 1896 5613 1917 5673; x_wconf 60' lang='grc' dir='ltr'>ς</span> <span class='ocrx_word' id='word_1_866' title='bbox 1950 5600 2075 5673; x_wconf 51' lang='lat' dir='ltr'><strong>diss.</strong></span> <span class='ocrx_word' id='word_1_867' title='bbox 2106 5597 2446 5673; x_wconf 29' lang='lat' dir='ltr'><strong>ali_quot,-qui</strong></span> <span class='ocrx_word' id='word_1_868' title='bbox 2479 5594 2584 5647; x_wconf 88' lang='lat' dir='ltr'><strong>Deo</strong></span> <span class='ocrx_word' id='word_1_869' title='bbox 2616 5590 2860 5673; x_wconf 53' lang='lat' dir='ltr'><strong>credidit,</strong></span> <span class='ocrx_word' id='word_1_870' title='bbox 2886 5599 2993 5673; x_wconf 75' lang='lat' dir='ltr'><strong>etc.</strong></span> <span class='ocrx_word' id='word_1_871' title='bbox 3128 5661 3140 5673; x_wconf 77' lang='lat'>_</span> <span class='ocrx_word' id='word_1_872' title='bbox 3330 5662 3359 5673; x_wconf 29' lang='grc' dir='ltr'><strong><em>Α</em></strong></span> 
     </span>
    </p>
   </div>
   <div class='ocr_carea' id='block_1_114' title="bbox 1891 5660 3415 5742">
    <p class='ocr_par' dir='ltr' id='par_1_114' title="bbox 1891 5660 3415 5742">
     <span class='ocr_line' id='line_1_116' title="bbox 1891 5660 3415 5742; baseline -0.005 -15"><span class='ocrx_word' id='word_1_873' title='bbox 1891 5669 1917 5709; x_wconf 73' lang='grc' dir='ltr'>ά</span> <span class='ocrx_word' id='word_1_874' title='bbox 1948 5671 2122 5735; x_wconf 86' lang='lat' dir='ltr'><strong>Edit.,</strong></span> <span class='ocrx_word' id='word_1_875' title='bbox 2161 5660 2425 5742; x_wconf 72' lang='lat' dir='ltr'><strong>Propitius</strong></span> <span class='ocrx_word' id='word_1_876' title='bbox 2448 5678 2559 5721; x_wconf 80' lang='lat' dir='ltr'><strong>esto</strong></span> <span class='ocrx_word' id='word_1_877' title='bbox 2596 5664 2709 5729; x_wconf 84' lang='lat' dir='ltr'><strong>tibi,</strong></span> <span class='ocrx_word' id='word_1_878' title='bbox 2746 5661 3009 5730; x_wconf 88' lang='lat' dir='ltr'><strong>Domine;</strong></span> <span class='ocrx_word' id='word_1_879' title='bbox 3047 5661 3141 5719; x_wconf 88' lang='lat' dir='ltr'><strong>sed</strong></span> <span class='ocrx_word' id='word_1_880' title='bbox 3185 5675 3289 5718; x_wconf 87' lang='lat' dir='ltr'><strong>vox</strong></span> <span class='ocrx_word' id='word_1_881' title='bbox 3322 5660 3415 5720; x_wconf 87' lang='lat' dir='ltr'><strong>tibi</strong></span> 
     </span>
    </p>
   </div>
   <div class='ocr_carea' id='block_1_115' title="bbox 1828 5742 2402 5825">
    <p class='ocr_par' dir='ltr' id='par_1_115' title="bbox 1828 5742 2402 5825">
     <span class='ocr_line' id='line_1_117' title="bbox 1828 5742 2402 5825; baseline -0.012 -22"><span class='ocrx_word' id='word_1_882' title='bbox 1828 5760 1934 5803; x_wconf 91' lang='lat' dir='ltr'><strong>non</strong></span> <span class='ocrx_word' id='word_1_883' title='bbox 1968 5744 2162 5825; x_wconf 74' lang='lat' dir='ltr'><strong>legitur</strong></span> <span class='ocrx_word' id='word_1_884' title='bbox 2187 5742 2242 5803; x_wconf 86' lang='lat' dir='ltr'><strong>in</strong></span> <span class='ocrx_word' id='word_1_885' title='bbox 2270 5756 2402 5798; x_wconf 84' lang='lat' dir='ltr'><strong>mss.</strong></span> 
     </span>
    </p>
   </div>
  </div>
