3960 6310
551 291 696 350 1065

1905 293 2154 352 SANCTI
2193 295 2526 354 AMBROSII

3715 305 3829 360 1601

553 404 754 464 Christi
784 421 884 465 nec
903 407 1122 465 Christo
1164 408 1417 466 credidit.
1463 408 1687 467 Pietatis
1733 408 1984 476 allectus,
2039 425 2146 466 non
2175 413 2228 474 Α
2255 427 2361 466 non
2393 411 2605 468 duohus
2647 411 2751 468 illis
2775 412 2906 468 viris
2953 411 3178 468 Joannis
3219 412 3502 482 discipulis
3524 454 3540 480 ,
3574 412 3666 468 sed
3695 415 3836 472 nobis

553 501 920 560 indevotiouis
941 514 1026 558 est
1058 503 1260 572 lapsus.
1299 503 1538 574 Denique
1569 503 1698 560 alibi
1734 504 1902 560 lavari
1923 505 2025 560 sibi
2051 521 2136 575 pe-

550 595 648 652 des
675 607 905 661 recusat,
938 597 1023 652 ubi
1053 597 1368 667 mysterium
1393 614 1499 652 non
1528 599 1804 664 agnoscit,
1862 599 1989 654 dum
2038 600 2147 653 Do-

553 691 752 744 minico
783 700 1046 754 gravatur
1071 690 1334 760 obsequio
1357 688 1539 764 (Ioan.
1567 705 1682 753 xm,
1709 692 1788 763 8).
1821 692 1963 762 Ergo
1986 693 2150 747 muri-

552 790 734 835 turum
765 778 1043 835 Christum
1073 795 1174 836 nec
1201 782 1372 836 sancti
1395 781 1744 837 crediderunt
1772 803 1785 838 :
1819 783 1971 850 Quod
2004 783 2149 838 enim

551 874 732 928 oculus
764 890 865 928 non
887 873 1033 937 vidit,
1059 891 1152 930 nec
1182 877 1325 930 auris
1354 876 1574 941 audivit,
1599 893 1693 930 nec
1724 878 1777 932 in
1815 895 1904 932 cor
1931 878 2152 932 hominis

551 966 804 1026 ascendit.
835 967 946 1022 hac
963 970 1275 1038 preparavit
1302 966 1445 1022 Deus
1472 969 1802 1038 diligentibus
1825 987 1937 1024 eum
1965 970 2007 1040 (l
2031 969 2151 1026 Cor.

549 1073 612 1124 tt,
636 1056 716 1131 9).
748 1066 776 1097 ι
805 1057 1097 1131 Religiosis
1123 1059 1307 1130 itaque
1347 1059 1533 1131 lapsus
1579 1061 1784 1116 amoris
1834 1062 1997 1118 fidem
2046 1079 2154 1119 non

554 1151 804 1218 impedit.
1440 1189 1442 1192 ν
1798 1158 1805 1164 ’

627 1245 718 1303 99.
763 1244 1008 1315 Denique
1038 1246 1299 1302 Dominus
1330 1250 1510 1303 sciens
1533 1249 1806 1306 neminem
1831 1250 1947 1305 sine
1976 1249 2157 1306 Evan-

551 1337 698 1408 gelio
729 1338 887 1409 plene
912 1338 1138 1395 credere
1180 1355 1376 1410 posse;
1411 1342 1532 1410 quia
1575 1343 1716 1397 sicut
1756 1343 1890 1398 fides
1919 1358 1949 1397 a
1983 1344 2153 1399 veteri

553 1431 743 1500 incipit
760 1433 1132 1498 Testamento,
1147 1435 1220 1488 ita
1241 1435 1494 1504 impletur
1517 1436 1568 1490 in
1594 1450 1767 1490 novo:
1792 1437 2156 1507 interrogatus

555 1525 625 1583 de
653 1542 733 1593 se,
768 1544 873 1582 non
902 1528 1071 1584 verbo
1107 1529 1310 1600 aliquo,
1336 1530 1433 1585 sed
1468 1530 1627 1585 factis
1653 1545 1714 1586 se
1745 1546 1868 1586 esse
1899 1532 2153 1603 signavit.

629 1617 958 1690 (Vers.22.)
1003 1621 1102 1684 Ite,
1153 1621 1344 1692 inquit,
1388 1623 1621 1677 nuntiate
1662 1623 1860 1678 Joanni
1906 1641 2021 1692 qua:
2056 1641 2154 1679 au-

558 1709 732 1777 distis,
765 1721 811 1766 et
838 1712 1058 1767 vidistis.
1093 1711 1229 1768 σαεσὶ
1259 1715 1452 1780 vident,
1483 1715 1661 1770 claudi
1687 1717 1984 1783 ambulant,
2008 1717 2157 1771 surdi

2249 504 2503 559 omnibus
2534 506 2937 574 respondetur:
2969 513 3028 560 ut
3057 507 3130 558 ita
3156 506 3440 560 credamus
3467 507 3520 560 in
3553 505 3834 576 Christum,

2251 596 2295 650 si
2328 596 2462 650 facta
2489 600 2842 652 conveniunt.
2877 596 3066 652 Veniet
3093 597 3236 651 enim
3263 598 3352 662 qui
3387 598 3604 670 1380
3629 600 3727 654 hoc
3743 601 3834 656 sibi

2253 703 2454 744 nomen
2483 703 2726 755 usurpet,
2760 706 2920 761 quem
2952 690 3081 744 licet
3108 689 3346 744 hominis
3366 693 3837 763 uunqueasappel-

2253 783 2456 838 latione
2498 799 2824 849 secernere;
2870 785 3135 842 factorum
3183 792 3367 841 tamen
3417 785 3837 843 consideratione

2255 877 2552 932 disceruas.

2330 968 2511 1039 (Vers.
2540 969 2656 1040 9.4.)
2691 969 2828 1038 Quid
2855 971 3033 1026 existis
3056 972 3108 1025 in
3137 971 3397 1027 desertum
3442 973 3651 1028 videre?
3689 974 3838 1030 Acan.

2257 1063 2428 1116 dinem
2457 1074 2606 1117 vento
2639 1066 2828 1118 moveri
2855 1065 2880 1118 ?

2332 1153 2456 1209 105.
2505 1153 2605 1210 Ubi
2641 1156 2964 1224 prmtuonttil
2985 1155 3285 1226 discipulos
3310 1155 3536 1211 Joannis
3566 1157 3618 1211 in
3641 1171 3839 1213 crucem

2261 1247 2592 1302 Dominicam
2621 1263 2744 1304 esse
2776 1250 3132 1313 credendum,
3159 1250 3516 1306 redeuntibus
3556 1251 3691 1314 illis,
3727 1267 3842 1308 con-

2262 1354 2455 1395 versus
2481 1340 2544 1394 ad
2579 1341 2766 1394 turhas
2791 1383 2806 1407 ,
2838 1345 3004 1411 cuspit
3031 1341 3096 1396 ad
3125 1335 3379 1397 virtutem
3427 1359 3694 1413 pauperes
3734 1361 3843 1415 pro-

2260 1447 2455 1487 vocare
2481 1449 2494 1497 ;
2530 1449 2596 1488 nc
2628 1433 2852 1488 exaltati
2879 1433 3065 1500 corde,
3091 1444 3273 1489 mente
3303 1435 3605 1498 instabiles,
3629 1436 3842 1491 causilio

2261 1523 2482 1589 infirmi,
2508 1525 2754 1593 speciosa
2781 1525 3020 1591 utilibus,
3043 1527 3261 1580 aeternis
3283 1525 3487 1582 caduca
3507 1528 3839 1597 prmferrent:

2259 1617 2353 1672 sed
2383 1617 2568 1672 humili
2613 1618 2807 1687 spiritu
2863 1633 3083 1673 crucem
3145 1623 3324 1688 potius
3373 1619 3650 1684 tollerent,
3697 1635 3842 1690 quam

2260 1710 2512 1780 phaleras
2550 1711 2736 1765 mundi
2779 1711 2940 1781 hujus
2979 1713 3357 1767 extollereut:
3411 1723 3468 1770 et
3515 1715 3672 1785 quasi
3718 1716 3844 1770 beati

559 1801 802 1866 audiunt,
832 1803 1022 1873 leprosi
1047 1792 1605 1872 ntundanturpmortui
1633 1821 1929 1881 resurgunt,
1957 1829 2156 1882 paupe-
2188 1801 2236 1862 B
2265 1819 2550 1875 pauperes,
2579 1806 2669 1875 qui
2699 1805 2831 1860 nihil
2861 1806 3122 1862 haberent
3150 1808 3330 1861 savculi
3354 1807 3496 1874 quod
3523 1809 3842 1873 amitterent,

556 1909 640 1950 res
669 1896 1104 1966 euangelizantur.

636 1987 760 2043 100.
807 1989 1032 2044 Plenum
1094 2005 1226 2046 sane
1281 1994 1651 2050 testimonium
1707 2011 1814 2068 quo
1873 1998 2160 2054 Dominum

561 2079 834 2150 Propheta
865 2096 1261 2155 cognosceret;
1311 2090 1379 2145 de
1433 2091 1550 2161 ipso
1591 2095 1761 2159 enim,
1818 2110 1926 2150 non
1955 2096 2024 2151 de
2051 2098 2164 2152 alio

562 2171 741 2228 fuerat
781 2178 1160 2245 pr0phetatnm
1196 2197 1210 2234 :
1267 2181 1392 2251 quia
1448 2181 1701 2240 Dominus
1731 2184 1821 2240 dat
1850 2205 2018 2242 escam
2044 2205 2164 2242 esu-

562 2269 839 2335 rientibus,
870 2269 1127 2327 Dominus
1155 2276 1308 2346 erigit
1335 2278 1537 2344 allisos,
1566 2277 1822 2335 Dominus
1842 2284 1990 2337 solvit
2018 2301 2160 2338 cont-

566 2361 797 2428 peditos,
849 2361 1106 2420 Dominus
1135 2367 1396 2423 illuminat
1449 2387 1650 2437 ca'cos,
1703 2373 1953 2430 Dominus
1993 2376 2166 2448 diligit

555 2455 751 2524 justas,
775 2453 1030 2512 Dominus
1057 2459 1280 2515 custodit
1299 2463 1540 2526 advenas,
1570 2464 1863 2535 orphanum
1887 2479 1933 2521 et
1955 2469 2165 2522 uiduam

567 2547 833 2614 suscipiet,
865 2560 911 2602 et
925 2550 1058 2604 viam
1084 2563 1412 2622 peccatorum
1427 2557 1791 2612 exterminabit
1814 2559 2162 2632 (Psal.CXt.V,

567 2638 667 2695 8et
684 2640 762 2710 9).
785 2641 888 2711 Qui
920 2646 1042 2710 ista,
1076 2645 1269 2716 inquit,
1306 2647 1468 2705 faciet
1499 2667 1513 2704 :
1553 2650 1801 2720 Regnabit
1833 2652 2088 2709 Dominus
2111 2657 2164 2710 in

566 2743 812 2788 ceternum
862 2734 1052 2807 (Ibid,
1087 2741 1202 2809 10).
1238 2741 1383 2812 Ergo
1424 2760 1532 2798 non
1583 2745 1832 2802 humana:
1881 2747 2018 2815 ista,
2070 2748 2164 2804 sed

565 2825 765 2882 divina:
795 2830 1009 2887 virtutis
1040 2834 1267 2903 insignia
1299 2848 1446 2902 sunt,
1480 2841 1640 2896 cteris
1683 2853 1958 2911 perpetua:
1992 2847 2168 2901 noctis

569 2919 823 2976 tenebras
847 2926 1092 2994 aperire,
1121 2927 1572 3001 defossorumque
1614 2937 1897 2991 oculorum
1939 2938 2165 2994 vulnera

569 3009 748 3066 infusa
780 3013 901 3070 luce
929 3032 1145 3086 sanare,
1192 3021 1434 3076 auditum
1465 3024 1515 3078 in
1546 3041 1705 3081 aures
1737 3028 2015 3084 insinuare
2042 3048 2167 3086 sur-

569 3104 788 3170 dorum,
825 3108 1017 3164 laxatis
1047 3111 1221 3167 soluta
1260 3115 1500 3170 membra
1551 3119 1845 3175 reformare
1889 3125 2170 3194 compagi-

2261 1901 2760 1974 Iibentergcorporis
2798 1903 2963 1956 vitam
2995 1918 3116 1958 cum
3163 1905 3454 1958 immortali
3505 1905 3673 1971 gloria
3712 1921 3844 1959 com-

2261 2003 2552 2050 mutarent.
2585 1994 2703 2050 Non
2735 1997 2911 2050 otiose
2935 1998 3097 2064 igitur
3126 1997 3300 2051 sancti
3334 1995 3564 2052 Jonuuis
3607 1998 3689 2052 hic
3733 2014 3844 2066 pcr-

2261 2105 2395 2143 sona
2440 2089 2720 2153 laudatur,
2750 2091 2840 2157 qui
2874 2090 2998 2143 vitze
3029 2104 3219 2144 amore
3265 2089 3610 2158 posthabito,
3641 2089 3846 2160 justitize

2264 2182 2491 2238 formam
2524 2199 2622 2239 nec
2651 2185 2844 2238 mortis
2866 2193 3078 2239 terrore
3112 2181 3360 2236 umtavit.

2337 2273 2465 2329 104.
2511 2275 2670 2342 Quid,
2702 2274 2902 2343 inquit,
2939 2275 3118 2328 existis
3147 2268 3200 2327 in
3232 2275 3493 2329 desertum
3518 2273 3734 2329 videre?
3761 2273 3848 2328 Dc-

2265 2379 2414 2424 serto
2441 2371 2675 2423 mundus
2699 2367 2787 2423 hic
2809 2369 3112 2437 comparari
3137 2368 3372 2431 videtur,
3401 2367 3578 2423 adhuc
3608 2367 3847 2430 incultus,

2266 2460 2443 2515 adhuc
2467 2461 2691 2522 sterilis,
2723 2459 3282 2540 adhueiufecundus.
3317 2461 3370 2515 in
3399 2475 3555 2530 quem
3584 2469 3740 2530 negat
3765 2474 3850 2514 no-

2269 2552 2351 2606 bis
2392 2554 2463 2607 ita
2501 2553 2764 2608 Dominus
2796 2553 3172 2621 prodeundum
3202 2595 3217 2619 ,
3262 2562 3321 2608 ut
3361 2563 3543 2608 mente
3578 2555 3755 2608 carnis
3781 2555 3851 2606 in-

2269 2644 2426 2700 ﬂatus
2450 2660 2761 2716 vacuosque
2791 2647 3008 2701 virtutis
3039 2647 3270 2701 intersim
3309 2647 3478 2711 viros,
3510 2656 3560 2700 et
3590 2645 3755 2716 fragili
3799 2659 3850 2698 se

2269 2738 2456 2810 gloria:
2494 2739 2776 2795 smeularis
2821 2739 3156 2795 sublimitate
3201 2740 3500 2806 iactantes,
3545 2755 3644 2811 pro
3689 2753 3853 2794 exem-

2274 2834 2405 2904 plari
2431 2834 2662 2904 quodam
2695 2847 2751 2891 et
2792 2834 3025 2905 imagine
3052 2833 3211 2889 nobis
3245 2843 3498 2903 putemtts
3543 2835 3849 2889 imitandos:

2271 2945 2410 2999 quos
2438 2931 2689 3000 procellis
2717 2930 2903 2984 mundi
2935 2930 3093 2998 hujus
3121 2929 3391 2984 obnoxios
3419 2932 3528 2983 vita
3555 2929 3764 2985 mobilis
3785 2929 3854 2981 iu-

2271 3023 2497 3093 quietat,
2519 3022 2640 3092 jure
2660 3021 2910 3077 arundiui
2934 3021 3333 3092 comparandus
3360 3039 3374 3077 :
3398 3021 3450 3076 in
3471 3021 3664 3090 quibus
3684 3020 3853 3076 solidat

2267 3114 2496 3185 justitim
2540 3116 2717 3170 nullus
2763 3125 2846 3171 est
2893 3115 3147 3171 fructus:
3202 3115 3290 3185 qui
3347 3116 3656 3170 forensibus
3693 3111 3853 3171 criniti

568 3197 689 3264 bus,
727 3200 777 3254 in
812 3200 984 3258 lucem
1009 3217 1223 3275 quoque
1251 3205 1432 3262 refuso
1456 3204 1640 3280 vigore
1670 3211 1884 3266 vivendi
1910 3183 2169 3272 remetire
2195 3183 2240 3247 Ο
2275 3209 2534 3281 phaleris,
2579 3211 2738 3266 nodis
2783 3211 2968 3278 obsiti,
3001 3225 3172 3266 vacuo
3223 3211 3336 3266 oris
3382 3211 3617 3278 strepitu
3665 3209 3854 3272 sonori,

569 3289 879 3348 defunctos.

643 3384 770 3438 101.
813 3385 942 3442 Ιίιιό
980 3395 1105 3442 ante
1151 3389 1502 3463 Evangelium
1550 3395 1636 3451 vel
1687 3411 1828 3464 rara,
1873 3399 1958 3454 vel
1995 3401 2165 3456 nulla.

571 3473 860 3545 Receperit
883 3476 1080 3534 Tobias
1101 3483 1289 3538 oculos
1323 3483 1476 3556 (Tob.
1529 3503 1603 3552 si,
1639 3488 1754 3558 li),
1799 3507 1941 3546 unus
1988 3505 2072 3548 est
2117 3495 2170 3548 in

569 3570 860 3638 exemplo;
886 3583 940 3626 et
971 3583 1151 3628 tamen
1175 3576 1351 3646 angeli
1378 3577 1478 3632 fuit
1509 3579 1597 3634 illa
1626 3583 1920 3649 medicina,
1947 3600 2053 3640 non
2075 3585 2173 3642 ho-

572 3660 752 3715 minis.
797 3661 945 3717 Elias
991 3675 1262 3721 mortuum
1306 3671 1691 3729 suscitaverit:
1724 3675 1817 3728 ille
1847 3684 2027 3732 tamen
2078 3695 2170 3732 ro-

571 3752 714 3822 gavit
739 3753 1045 3820 etﬂevitllll
1066 3757 1196 3828 Reg.
1223 3775 1355 3825 xvii,
1378 3763 1504 3829 20):
1529 3766 1615 3820 hic
1635 3766 1819 3836 jussit.
1839 3768 2066 3823 Elisazus
2097 3771 2172 3825 le-

569 3862 791 3916 prosum
821 3851 1069 3906 mundari
1103 3851 1291 3908 fecerit
1316 3854 1408 3927 (IV
1438 3855 1570 3930 Reg.
1608 3875 1660 3923 v,
1696 3860 1821 3933 li);
1855 3878 1958 3914 non
1988 3870 2170 3918 tamen

568 3939 680 3996 illic
709 3943 873 3996 valuit
895 3945 1152 4014 praecepti
1182 3948 1478 4004 auctoritas
1499 3992 1514 4016 ,
1563 3951 1656 4006 sed
1699 3953 1870 4024 figura
1903 3957 2168 4026 mysterii.
2247 3939 2261 3948 ’

571 4031 687 4087 Non
715 4033 977 4092 defecerit
1001 4039 1066 4092 ad
1095 4055 1276 4095 escam
1307 4029 1482 4098 viduae
1506 4047 2172 4118 esurientis,pr0pheticis

573 4141 632 4180 se
655 4128 1022 4197 multiplicans
1053 4132 1222 4187 farina
1257 4139 1547 4207 przeceptis
1570 4139 1658 4210 (ΙΙΙ
1690 4140 1822 4214 Reg.
1869 4159 2006 4209 xvii,
2043 4145 2169 4217 l6);

575 4234 735 4274 unam
767 4229 947 4276 tamen
975 4223 1190 4278 viduam
1243 4225 1415 4281 farina
1450 4229 1563 4294 illa,
1596 4232 1679 4286 vel
1715 4234 1892 4300 potius
1921 4237 2169 4292 eamdem

574 4326 790 4382 quoque
813 4315 1137 4370 sacramenti
1161 4323 1372 4387 species
1408 4323 1748 4392 praeﬁgurata
1773 4329 2029 4381 servavit.
2063 4329 2170 4386 Sed

576 4414 754 4459 tamen
809 4423 969 4474 parva
1025 4411 1202 4465 adhuc
1261 4411 1359 4467 ista
1423 4414 1717 4472 Dominicae
1775 4419 2173 4480 testilicatinnis

574 4501 820 4570 exempla
853 4513 977 4558 sunt
1005 4522 1018 4558 :
1049 4505 1328 4574 plenitudo
1367 4507 1513 4572 fidei,
1537 4525 1676 4566 crux
1701 4511 1940 4580 Domini,
1984 4514 2012 4554 δ
2054 4517 2172 4571 obi-

579 4602 684 4658 tus,
717 4595 998 4664 sepultura
1019 4608 1122 4654 est.
1156 4597 1225 4654 Et
1257 4599 1378 4656 ideo
1405 4617 1527 4657 cum
1563 4603 1653 4659 illa
1677 4607 1960 4676 superiora
2001 4607 2172 4664 dixis-

575 4695 678 4750 set,
706 4687 913 4743 addidit
937 4708 950 4744 :

651 4778 829 4850 (Vers.
858 4783 976 4854 25.)
1020 4782 1235 4852 Beatus,
1279 4788 1475 4860 inquit,
1522 4791 1611 4861 qui
1648 4795 1704 4846 in
1747 4809 1827 4849 me
1870 4811 1972 4850 non
2014 4797 2170 4867 fuerit

575 4873 977 4928 scandalizatus.

652 4963 775 5018 109..
817 4962 961 5020 Crux
1002 4967 1147 5022 enim
1178 4969 1338 5024 etiam
1388 4971 1577 5027 electis
1628 4975 1946 5030 scandalum
1993 4989 2175 5046 posset

579 5057 775 5113 all'erre
806 5075 820 5112 :
849 5059 942 5114 sed
985 5061 1189 5115 nullum
1215 5063 1317 5118 hoc
1346 5065 1520 5134 majus
1555 5067 1753 5122 divinae
1799 5085 2049 5139 personte
2095 5081 2178 5125 est

581 5149 955 5205 testimonium
991 5171 1004 5206 ς
1040 5153 1176 5208 nihil
1212 5164 1290 5210 est
1325 5157 1467 5227 quod
1509 5161 1681 5230 magis
1720 5176 1844 5216 esse
1893 5162 2033 5216 ultra
2073 5161 2175 5216 hu-

583 5259 742 5303 mana
771 5246 1045 5314 videatur,
1091 5263 1250 5319 quam
1309 5260 1420 5308 toto
1468 5269 1632 5306 unum
1681 5269 1741 5310 se
1781 5257 2045 5312 obtulisse
2075 5274 2175 5329 pro

584 5338 785 5393 mundo
811 5357 825 5405 ;
857 5339 960 5397 hoc
987 5342 1068 5396 vel
1101 5344 1218 5399 solo
1250 5344 1409 5415 plene
1440 5347 1696 5404 Dominus
1718 5347 2049 5406 declaratur.
2077 5352 2178 5406 De-

585 5436 748 5503 nique
775 5436 853 5490 sic
873 5435 1186 5508 designatus
1232 5449 1317 5493 est
1343 5455 1372 5494 a
1401 5439 1610 5497 Joanne
1639 5460 1651 5496 :
1685 5442 1817 5497 Ecce
1838 5462 2005 5514 agnus
2027 5443 2125 5498 Dei
2157 5462 2177 5500 :

579 5541 696 5582 ecce
714 5527 802 5597 qui
833 5529 968 5584 tollit
995 5539 1205 5599 peccata
1227 5532 1406 5584 mundi
1428 5530 1608 5605 (Joan.
1644 5549 1682 5602 ι,
1707 5534 1827 5607 29.)
1853 5536 2049 5592 Verum
2075 5535 2178 5591 hoc

708 5753 855 5831 ﬁdit.
885 5767 1078 5831 omnes
1104 5767 1184 5831 ag
1197 5767 1330 5831 mss.
1363 5757 1634 5831 nonnulli.
1661 5758 1952 5831 Religionis
1973 5763 2166 5830 itaque.

583 5818 686 5878 Alii
718 5822 890 5875 multo
910 5823 1113 5889 plures,
1141 5819 1414 5892 Religiosis
1437 5826 1631 5894 itaque.
1664 5818 1801 5893 Duo:
1845 5831 1940 5884 sed
1981 5818 2171 5886 recen-

2197 4672 2252 4732 D

2272 3302 2418 3356 nulla
2447 3303 2527 3356 sui
2557 3302 2812 3368 utilitate,
2844 3302 3116 3372 frequenti
3151 3302 3315 3356 etiam
3367 3301 3696 3366 oll‘cnsione,
3730 3304 3857 3355 intus

2274 3392 2479 3458 inania,
2513 3392 2645 3448 foris
2673 3393 2916 3463 speciosa
2955 3402 3254 3449 sectantur.
3317 3392 3636 3448 Arundines
3666 3405 3858 3454 sunms,

2275 3485 2418 3540 nulla
2451 3487 2729 3541 validioris
2785 3495 2992 3541 natura:
3029 3487 3214 3541 radice
3266 3484 3496 3540 fuiulati.
3549 3487 3612 3540 Et
3666 3487 3711 3540 si
3742 3484 3860 3540 levis

2274 3580 2602 3647 aspiravcrit
2635 3580 2998 3650 prosperioris
3024 3595 3157 3633 aura
3189 3592 3505 3640 successus,
3561 3594 3700 3650 vago
3733 3585 3860 3632 motu

2274 3672 2552 3742 proximos
2585 3673 2937 3728 verberamus
2975 3690 2988 3725 :
3021 3673 3211 3742 inopes
3235 3673 3302 3728 ad
3332 3672 3766 3744 suffragandum,
3794 3672 3860 3724 fa-

2273 3765 2407 3819 ciles
2430 3765 2496 3818 ad
2525 3765 2854 3819 nocendum.
2880 3765 3196 3820 Arundiues
3219 3765 3415 3821 ﬂuvios
3437 3776 3646 3835 amant,
3687 3775 3742 3822 et
3778 3779 3862 3820 nos

2275 3857 2511 3911 lahcntia
2544 3857 2730 3910 mundi
2755 3857 3066 3927 eaducaque
3096 3859 3396 3913 delectant.

2352 3951 2473 4005 105.
2516 3950 2719 4004 Tamen
2769 3949 2907 4004 hanc
2965 3951 3289 4007 arundinem
3345 3951 3392 4006 si
3441 3951 3566 4022 quis
3605 3951 3674 4006 de
3719 3961 3864 4007 terra:

2275 4043 2478 4098 evellat
2503 4042 2804 4110 plantariis,
2835 4053 2889 4097 et
2921 4043 3217 4112 super-fluis
3248 4054 3434 4108 exuat,
3473 4046 3788 4116 exSpolians
3815 4057 3864 4096 se

2276 4147 2517 4190 veterem
2545 4136 2819 4190 hominem
2847 4152 2970 4190 cum
2995 4137 3206 4192 actibus
3232 4137 3377 4206 ejus,
3417 4147 3472 4191 et
3508 4141 3706 4193 scrihm
3735 4137 3866 4192 velo-

2275 4227 2411 4281 citer
2431 4227 2723 4282 scribentis
2749 4234 2910 4282 manu
2942 4237 3230 4297 temperet,
3282 4229 3472 4298 incipit
3516 4246 3624 4284 non
3672 4227 3865 4284 arundo

2275 4334 2420 4385 esse,
2454 4320 2547 4375 sed
2574 4321 2835 4383 calamus,
2869 4321 2960 4391 qui
2993 4333 3266 4391 ιιι-(Βρομία
3292 4323 3600 4378 οωιεειίυηι
3634 4323 3863 4400 δθςὶνω·

2277 4427 2457 4467 rarum
2494 4414 2862 4484 penetralibus
2890 4414 3161 4484 imprimat
3194 4417 3414 4482 mentis,
3459 4417 3659 4471 tabulis
3697 4401 3863 4472 cordis

2279 4505 2560 4560 inscribat.
2592 4501 2667 4560 De
2693 4523 2801 4576 quo
2826 4509 3037 4561 calamo
3059 4506 3226 4562 habes
3258 4507 3460 4562 dictqu
3491 4525 3505 4561 :
3539 4507 3742 4580 Lingua
3765 4523 3863 4561 meo

2277 4599 2510 4654 calamus
2541 4601 2721 4656 scriba:
2764 4601 3004 4656 uelociter
3047 4601 3322 4654 scribentis
3368 4599 3543 4672 (Psal.
3602 4618 3746 4665 XLIV,
3772 4600 3861 4670 2):

2277 4693 2420 4764 quod
2450 4694 2515 4748 ad
2547 4693 2820 4750 Christum
2848 4696 2940 4748 alii
2970 4696 3171 4750 referre
3189 4693 3400 4748 volunt.
3425 4678 3543 4750 Uno
3571 4696 3734 4765 igitur
3759 4693 3866 4749 loco

2277 4796 2332 4842 et
2357 4787 2611 4852 verbum,
2651 4798 2706 4843 et
2745 4788 2987 4840 calamus
3019 4787 3246 4856 legitur,
3285 4798 3341 4841 et
3373 4789 3574 4842 scriha.
3621 4787 3864 4845 Verbum,

2277 4882 2403 4954 quia
2435 4883 2504 4938 de
2527 4882 2748 4952 genitali
2783 4881 2957 4935 Patris
2997 4881 3262 4947 processit
3313 4896 3518 4936 arcano
3548 4900 3562 4936 :
3613 4878 3867 4935 Eructavit

2279 4993 2368 5031 eor
2398 4992 2566 5030 meum
2597 4975 2799 5029 verbum
2823 4974 3014 5028 bonum
3044 4972 3259 5045 (Ibid.).
3291 4974 3575 5043 Calamus,
3602 4977 3724 5046 quia
3753 4987 3866 5028 caro

2279 5069 2478 5125 Christi
2504 5077 2742 5138 paterna:
2768 5067 2966 5122 seriem
2988 5067 3284 5122 voluntatis
3299 5071 3592 5137 expressit,
3616 5079 3671 5123 et
3688 5070 3865 5135 lingua:

2282 5162 2531 5219 mandata
2573 5154 2773 5217 divina:
2825 5162 2964 5216 sacri
3023 5159 3291 5216 ellusione
3347 5163 3564 5217 cruoris
3621 5161 3864 5232 implevit.

2281 5255 2643 5325 Srriba,quia
2675 5255 2890 5309 calamo
2928 5268 3028 5308 suo
3075 5253 3351 5306 individua
3399 5255 3635 5322 quadam
3692 5251 3865 5307 distin-

2277 5351 2478 5414 ctione,
2502 5348 2628 5401 nnvi
2651 5358 2700 5400 et
2732 5346 2936 5401 veteris
2973 5345 3336 5410 Testameuti,
3370 5348 3457 5401 vel
3487 5347 3787 5401 divinitatis
3819 5352 3865 5395 et

2279 5445 2483 5507 carnis,
2499 5449 2736 5512 paternm
2755 5439 2910 5493 nobis
2922 5438 3299 5507 dispositionis
3323 5442 3585 5510 mysteria
3606 5435 3860 5496 revelavit.

2359 5535 2479 5591 106.
2522 5534 2677 5590 Hunc
2704 5533 2971 5589 calamum
2998 5531 3210 5587 imitare
3257 5543 3364 5586 tua:
3411 5535 3594 5589 carnis
3619 5545 3863 5603 tempera-

2278 5765 2448 5817 tiores
2480 5761 2705 5826 addunt,
2739 5761 2884 5832 uiris.
2957 5826 3015 5832 μ
3240 5828 3252 5832 Α
3365 5820 3388 5832 ,ἱ
3458 5822 3496 5832 μ
3627 5822 3649 5828 __
3769 5809 3776 5830 ,

2352 5832 2378 5870 ’τ
2411 5833 2534 5885 uss.
2568 5843 2672 5886 non
2695 5822 2884 5899 pauci,
2916 5826 3084 5884 obitus
3107 5822 3407 5900 septimum“:
3451 5822 3518 5885 Et
3542 5822 3669 5890 idet}.
3697 5823 3795 5882 etc}
