3960 6306
75 249 78 252 1
114 290 246 347 1665

1046 242 1707 343 εχροδιτιοενλιηε.
1749 279 1900 343 ssc.
1943 283 2098 344 Luc.
2140 285 2271 344 ua.
2316 286 2382 343 v.

3239 295 3382 356 1666

111 414 295 460 mento.
328 401 391 456 Et
420 400 683 454 calamum
714 397 1042 464 tuum,'hoc
1085 409 1192 465 est,
1253 415 1472 456 carnem
1527 411 1671 480 tuam
1702 405 1750 462 Α
1782 401 1922 454 intra
1975 401 2165 456 mundi
2222 401 2383 472 hujus
2429 400 2734 459 habitacula
2786 415 3209 474 consenescunt,
3251 425 3387 480 quos

110 498 238 564 tinge
265 509 367 548 non
398 501 726 557 atramento,
781 492 876 548 sed
907 492 1100 561 Spiritu
1153 491 1246 548 Dei
1278 493 1380 547 vivi
1406 511 1421 560 ;
1451 501 1506 547 ut
1532 490 1675 562 quod

108 590 299 651 scribis,
331 598 594 641 aeternum
624 587 712 641 sit.
741 585 857 640 Tali
881 587 1090 640 calamo
1133 585 1335 641 Paulus
1367 587 1512 640 illam
1563 587 1680 656 epi-

108 680 280 735 stolam
306 679 560 746 scripsit,
604 679 672 732 de
721 692 825 749 qua
880 678 1048 732 dicit:
1097 677 1337 746 Epistula
1385 688 1562 732 nostra
1591 695 1678 733 vos

106 775 325 830 estis..."
353 775 547 844 scripta
572 789 671 826 non
700 785 987 826 atramento
1012 815 1027 837 ,
1077 773 1167 826 sed
1196 773 1384 842 spiritu
1435 771 1530 825 Dei
1579 772 1680 826 viai

110 867 185 940 (lll
209 867 319 921 Cor.
355 881 436 931 ιιι,
460 867 497 920 2
521 879 566 920 et
595 865 678 935 5).
709 865 880 936 Tinge
917 880 1135 920 carnem
1186 875 1330 919 tuam
1379 882 1434 922 In
1475 865 1679 922 Christi

108 962 342 1032 sanguine
367 961 509 1016 sicut
559 960 820 1028 scriptum
862 967 945 1015 est
978 978 991 1012 :
1029 959 1098 1015 Ut
1145 961 1376 1032 tingatur
1420 976 1508 1031 pes
1553 970 1674 1015 tuus

107 1061 149 1113 in
177 1061 409 1130 sanguine
436 1058 611 1132 (Psal.
645 1074 810 1124 vatt,
841 1058 960 1127 94).
993 1061 1203 1133 1381
1240 1060 1305 1114 Et
1336 1071 1391 1115 tu
1415 1075 1546 1131 ergo
1589 1077 1681 1116 vc—

109 1156 296 1227 stigium
323 1156 488 1209 animi
522 1155 685 1220 tui,et
713 1163 908 1210 mentis
932 1156 1202 1209 incessum
1228 1155 1528 1209 indubitata
1551 1170 1681 1211 con-

113 1251 314 1304 lcssioue
338 1250 520 1304 crucis
556 1249 850 1305 Dominica:
875 1251 1041 1321 tinge.
1074 1250 1262 1321 Tingis
1285 1265 1504 1305 carnem
1533 1261 1677 1305 tuam

113 1346 156 1398 ιιι
179 1341 365 1398 Christi
397 1343 686 1412 sanguine.
716 1345 759 1397 si
784 1345 909 1398 vitia
935 1345 1133 1410 dituas,
1161 1357 1379 1412 peccata
1406 1345 1677 1416 detergas,

113 1445 310 1492 mortem
360 1435 566 1490 Christi
623 1437 675 1490 in
730 1445 816 1490 ttta
873 1451 1037 1492 carne
1087 1437 1440 1492 cireumferas
1473 1479 1488 1504 ,
1542 1438 1683 1493 sicut

115 1531 372 1597 Apostolus
399 1529 475 1581 ait
498 1545 511 1581 :
550 1527 1004 1600 Mortiﬁcationem
1023 1528 1151 1583 Jesu
1173 1527 1361 1582 Christi
1387 1531 1439 1582 in
1469 1545 1684 1601 corpore

115 1636 258 1676 austro
276 1623 689 1694 circumferentes
714 1622 780 1693 (ll
809 1620 1042 1714 Corztv,
1071 1623 1181 1691 10).
1211 1621 1328 1676 Noli
1369 1621 1435 1677 ad
1466 1630 1682 1678 terrena

117 1715 308 1780 inﬁceti,
358 1731 426 1769 ne
473 1723 619 1768 tuam
667 1715 987 1768 arundinem
1037 1714 1274 1784 frangas.
1339 1715 1405 1768 Et
1447 1714 1574 1770 ideo
1613 1715 1683 1770 de

1781 505 2026 549 rectores
2083 495 2239 565 hujus
2281 493 2467 550 tnuudi
2511 493 2538 534 δ
2581 509 2745 566 atque
2791 500 3139 555 tenebrarum
3180 502 3390 559 incolas

1781 601 1904 642 esse
1932 603 2038 642 non
2071 589 2295 642 dubium
2345 597 2448 644 est.
2483 589 2548 644 lli
2586 601 2736 661 (sunt
2772 591 2916 648 enim
2962 609 3116 664 reges
3162 593 3388 665 (Ep/tes.

1785 680 2030 748 xvt,21),
2051 682 2176 752 quia
2201 683 2448 738 smculari
2471 687 2704 754 quadam
2730 696 2997 755 p0testate
3015 687 3388 761 dominantur)

1782 788 2011 829 suorum
2044 777 2274 831 aemulos
2301 793 2529 846 Operunt
2561 788 2906 849 receperunt.

1855 867 2034 940 (Vers.
2081 867 2201 939 26.)
2245 870 2352 926 Sed
2399 873 2524 942 quid
2563 873 2741 927 existis
2779 874 2990 928 videre?
3030 872 3390 946 Prop/telam?

1786 962 1975 1034 Utique
2005 965 2120 1018 dico
2149 967 2310 1027 vobis.
2343 976 2390 1020 et
2422 968 2540 1036 plus
2567 984 2720 1038 quam
2751 972 3002 1039 praplteta
3030 969 3114 1024 hic
3147 983 3242 1027 est.

1857 1056 1982 1112 109.
2017 1069 2039 1095 ε
2071 1058 2359 1124 Quomodo
2393 1060 2553 1128 igitur
2585 1061 2639 1114 in
2663 1061 2885 1117 deserto
2913 1061 3176 1118 Joannem
3206 1063 3393 1122 videre

1782 1150 2093 1217 cupiebant.
2125 1153 2215 1222 qui
2248 1161 2365 1208 erat
2396 1153 2612 1208 clausus
2640 1153 2692 1208 iu
2737 1157 2994 1210 carcere?
3022 1157 3190 1224 Quem
3233 1156 3392 1214 nobis

1786 1241 2047 1296 Dominus
2074 1244 2398 1300 imitandum
2434 1248 2709 1316 pr0ponit,
2742 1249 2832 1316 qui
2863 1249 3002 1302 viam
3031 1249 3260 1306 Domino
3284 1266 3392 1307 non

1783 1334 1960 1388 solum
2008 1337 2268 1391 nascendi
2307 1337 2607 1393 secundum
2655 1354 2873 1395 carnem
2918 1340 3114 1397 ordine
3162 1342 3396 1415 lideiquo

1785 1427 1998 1492 nuntio,
2029 1428 2122 1481 sed
2161 1429 2324 1483 etiam
2373 1446 2652 1499 praecurso
2685 1431 2920 1501 quodam
2945 1433 3196 1504 gloriosa:
3237 1449 3396 1504 para-

1783 1520 1924 1572 verit
1954 1520 2243 1586 passionis.
2276 1521 2445 1590 Major
2481 1521 2692 1594 1382
2728 1538 2861 1578 sane
2889 1526 3176 1594 propheta,
3207 1527 3258 1580 in
3285 1541 3396 1596 quo

1787 1610 1910 1665 linis
1939 1622 2023 1666 est
2055 1614 2464 1682 prophetarum.
2510 1617 2682 1685 Major
2729 1618 3017 1687 pr0plteta,
3065 1621 3191 1691 quia
3238 1620 3396 1678 multi

1785 1705 2075 1774 cupierunt
2105 1707 2291 1762 videre
2334 1723 2497 1777 quem
2547 1707 2650 1764 iste
2685 1709 3052 1780 prophetavit,
3092 1727 3251 1783 quem
3294 1714 3398 1770 iste

115 1805 318 1870 Christo,
341 1809 465 1876 quia
490 1822 601 1860 non
633 1816 749 1860 erat
768 1806 834 1860 ad
860 1819 1075 1861 terrena
1095 1807 1423 1872 curvandus,
1450 1806 1684 1877 prophe-

1803 1797 2094 1864 :onspcxit,
2125 1812 2284 1866 quem
2315 1798 2418 1854 istc
2450 1799 2762 1868 baptizavit.

117 1909 249 1951 tuum
299 1909 379 1952 est
418 1916 430 1952 :
476 1899 805 1954 Arundinent
867 1910 1166 1968 quassatam
1230 1916 1331 1953 non
1395 1903 1684 1971 confringet

117 1993 253 2062 (litui.
279 2010 408 2059 xui,
432 1993 488 2067 5)
516 2011 532 2061 ;
563 1994 822 2064 quoniam
849 2011 1066 2052 carnem
1089 2011 1251 2067 quam
1273 2009 1492 2066 peccata
1521 2011 1685 2067 quas-

115 2095 372 2154 saverant,
430 2090 854 2144 resurrectionis
928 2088 1131 2144 virtute
1197 2089 1470 2144 solidavit.
1536 2089 1680 2144 Bona

116 2181 286 2232 arundo
324 2195 449 2235 caro
468 2181 698 2248 Christi,
722 2197 843 2251 qua:
874 2183 1146 2251 serpentis
1167 2182 1370 2238 diaboli
1419 2194 1603 2252 caput,
1627 2193 1683 2237 et

116 2274 360 2329 mundanae
375 2274 694 2346 cupiditatis
721 2275 1007 2330 illecebras
1023 2276 1258 2343 patibulo
1289 2276 1466 2331 crucis
1487 2275 1680 2332 alﬁxit.

172 2365 326 2435 (Vers.
346 2366 436 2432 24,
469 2367 594 2436 15.)
629 2367 734 2423 Sed
749 2368 874 2436 quid
901 2367 1076 2422 existis
1107 2368 1160 2421 in
1191 2367 1448 2422 desertum
1479 2367 1685 2424 videre?

115 2456 386 2512 Arundinem
413 2469 567 2512 uento
611 2459 837 2512 moveri?
869 2460 1007 2525 Quid
1031 2460 1210 2514 existis
1243 2459 1458 2515 videre?
1497 2459 1684 2515 Homi-

118 2565 205 2601 nem
229 2549 453 2604 mollibus
485 2550 806 2606 vestimentis
837 2551 1115 2604 indutum?

173 2642 279 2696 107.
315 2643 425 2698 Non
457 2642 557 2700 hic
594 2643 810 2698 Domini
842 2658 1022 2699 sermo
1065 2643 1134 2700 de
1174 2645 1448 2712 vestibus;
1496 2661 1686 2716 quam-

118 2752 244 2804 quam
277 2737 566 2808 plerosque
599 2737 867 2791 mollioris
903 2753 1030 2791 cura
1062 2739 1228 2793 vestis
1263 2739 1562 2804 clTetninet,
1594 2739 1685 2806 qui

118 2829 531 2897 quasilatneonus
571 2829 716 2885 ferre
740 2844 846 2883 non
878 2831 1111 2900 possint,
1142 2831 1345 2885 sericas
1369 2841 1549 2885 vestes
1571 2841 1685 2886 tec-

121 2921 171 2974 tis
206 2939 288 2992 per
330 2934 522 2979 terram
566 2936 788 2979 verrunt
818 2923 1080 2993 vestigiis.
1129 2939 1335 2993 usuque
1385 2924 1587 2978 faciunt
1630 2931 1688 2978 ut

120 3015 310 3070 amictus
337 3019 486 3072 oneri
542 3017 636 3070 sit.
677 3015 783 3073 Sed
815 3027 992 3085 tamen
1036 3017 1141 3071 alia
1175 3017 1385 3072 videtur
1413 3018 1498 3072 hic
1533 3018 1689 3072 indu-

121 3121 263 3162 tncnta
293 3109 525 3180 signare,
569 3120 623 3164 et
655 3110 758 3165 nisi
795 3109 974 3174 fallor,
1018 3112 1250 3164 humana
1289 3126 1519 3180 corpora
1567 3113 1687 3181 qui-

1861 1889 1986 1943 110.
2015 1889 2121 1944 Sed
2173 1901 2352 1946 tamen
2401 1892 2661 1962 numquid
2708 1903 2762 1948 et
2800 1893 2893 1949 illo
2935 1895 3131 1966 major,
3179 1897 3248 1953 de
3285 1912 3396 1968 quo

1788 1981 2002 2054 Moyses
2031 1983 2191 2050 dixit,
2220 1985 2346 2055 quia
2376 1983 2786 2056 Proplietam....
2819 1988 2962 2042 vobis
2989 1991 3256 2046 suscitabit
3291 1991 3397 2046 Do-

1786 2079 1958 2130 minus
1987 2090 2160 2132 noster
2186 2076 2366 2148 (Deut.
2396 2095 2548 2146 xvtn,
2582 2079 2711 2153 15)?
2743 2081 2809 2136 Et
2837 2081 2904 2138 de
2943 2099 3051 2152 quo
3077 2084 3253 2140 dixit:
3280 2084 3398 2141 Erit

1787 2180 1958 2223 autent
1987 2170 2151 2223 ontnis
2177 2172 2353 2224 anima
2373 2188 2489 2242 qua:
2515 2189 2616 2226 non
2645 2173 2872 2228 audierit
2910 2174 3213 2246 prophetam
3244 2177 3395 2232 illum

1787 2263 2125 2317 exterminata
2155 2266 2218 2318 de
2258 2265 2402 2336 plebe
2449 2265 2638 2336 (lbid.,
2677 2266 2803 2339 l9)?
2850 2267 2907 2324 Si
2955 2268 3120 2340 igitur
3147 2269 3400 2328 Christus

1786 2357 2076 2426 prOpheta,
2125 2359 2402 2428 quomodo
2442 2362 2617 2428 major
2661 2359 2749 2416 hic
2790 2364 3080 2419 omnibus?
3121 2365 3396 2436 Numquid

1787 2448 2066 2504 Christum
2101 2451 2422 2521 prophetam
2454 2454 2753 2522 negamus?
2774 2451 2798 2489 ά
2828 2454 3000 2510 Immo
3025 2467 3078 2511 et
3108 2459 3395 2514 Dominum

1788 2546 2174 2614 prophetarqu
2198 2543 2523 2600 conﬁtemur
2549 2545 2846 2601 :Joannetn
2872 2557 3052 2604 autem
3075 2553 3397 2622 prophetam

1788 2649 1998 2702 assero,
2033 2648 2088 2692 et
2117 2637 2263 2693 hunc
2291 2639 2546 2695 otnnibus
2573 2641 2698 2696 dico
2721 2657 2845 2698 esse
2877 2644 3167 2712 majorem,
3192 2645 3286 2702 sed
3311 2646 3394 2702 in-

1790 2735 1872 2782 ter
1904 2729 2170 2795 mulieris,
2199 2747 2305 2787 non
2332 2733 2558 2802 virginis
2602 2742 2780 2789 natos.
2811 2734 2982 2806 Major
3013 2739 3157 2792 enim
3196 2738 3300 2796 fuit
3333 2739 3401 2796 iis

1788 2819 1984 2890 quibus
2010 2823 2234 2892 aequalis
2259 2838 2380 2879 esse
2403 2835 2621 2895 poterat
2647 2837 2796 2882 sorte
2829 2829 3084 2884 nascendi
3111 2830 3268 2903 (Luc.
3301 2847 3402 2901 vtt,

1788 2909 1905 2981 28).
1941 2914 2062 2968 Alia
2092 2914 2193 2968 ista
2220 2926 2410 2971 natura
2442 2928 2548 2984 est,
2597 2933 2696 2974 nec
2727 2934 2852 2975 cum
2892 2921 3146 2978 humanis
3167 2939 3398 2994 genera-

1790 3002 2028 3060 tionibus
2064 3010 2450 3077 comparanda.
2499 3009 2616 3065 Non
2673 3022 2852 3080 potest
2896 3015 3102 3070 homini
3134 3032 3258 3073 cum
3291 3019 3404 3076 Deo

1792 3114 1918 3155 esse
1957 3101 2066 3156 ulla
2097 3104 2347 3173 collatio;
2378 3106 2494 3160 suis
2521 3107 2668 3163 enim
2695 3109 2930 3181 quisque
2956 3113 3262 3182 praefertur.
3297 3115 3404 3172 De-

122 3198 198 3254 lius
221 3204 380 3258 anima
409 3217 601 3260 nosu'a
636 3203 883 3258 vestitur.
917 3204 1160 3274 Denique
1190 3214 1244 3258 et
1272 3203 1475 3274 Joseph
1506 3207 1690 3260 tunica
1719 3192 1764 3256 C
1797 3193 1958 3263 nique
1986 3213 2229 3268 eousque
2279 3214 2402 3254 cum
2440 3202 2530 3257 Dei
2578 3202 2719 3258 Filio
2759 3221 2866 3260 non
2919 3220 3130 3278 poterat
3174 3210 3403 3270 Joannis

122 3294 171 3347 ad
213 3298 426 3367 speciem
474 3298 752 3354 Dnminit-i
797 3300 1044 3367 corporis
1073 3307 1352 3353 cruentata
1397 3307 1482 3354 est
1532 3299 1686 3367 (Gen.

126 3401 297 3455 xxxvii,
325 3391 438 3459 5|).
473 3392 550 3447 Et.
581 3391 877 3460 ADOsIOIIIS
905 3391 980 3445 ait
1009 3408 1021 3444 :
1065 3399 1091 3428 α
1124 3391 1332 3446 Exactis
1368 3408 1422 3446 se
1462 3409 1689 3458 carnem,

127 3483 402 3552 principatus
423 3497 466 3540 et
485 3494 766 3558 potestates
792 3501 966 3539 omnes
989 3483 1216 3539 traduxit
1237 3484 1455 3555 (Coloss.
1481 3501 1540 3548 ιι,
1574 3484 1688 3558 15).

126 3573 233 3640 Quid
281 3579 420 3634 aliud
467 3581 739 3646 ostendit,
800 3579 904 3634 nisi
962 3580 1079 3634 vice
1144 3579 1442 3634 indumenti
1495 3595 1694 3652 corpus

127 3651 280 3736 fuisse,
309 3688 411 3738 quo
442 3686 501 3728 se
528 3673 642 3728 ista
672 3673 994 3743 exspoliavil
1027 3673 1286 3726 Dominus
1319 3675 1369 3727 in
1405 3675 1655 3743 passione
1676 3715 1692 3742 ,

129 3769 173 3812 ut
193 3763 424 3820 divinitas
452 3767 630 3822 lihcra
655 3767 1022 3836 immuniSque
1043 3777 1287 3822 maneret
1311 3768 1564 3836 injuriae?
1591 3769 1698 3824 To—

130 3862 196 3910 tus
219 3856 362 3928 igitur
389 3861 474 3916 hic
515 3862 680 3916 locus
708 3863 960 3932 exemplo
989 3876 1091 3917 nos
1129 3862 1450 3931 pr0pltetico
1488 3863 1553 3918 ad
1584 3862 1696 3918 vir-

130 3954 265 4005 tutetn
305 3954 604 4011 subeunda:
652 3955 922 4026 paSsionis
973 3954 1244 4011 hortatur.
1294 3957 1535 4027 Denique
1596 3955 1693 4012 ad-

131 4039 237 4098 didit
263 4061 277 4100 :

186 4137 342 4208 (Vers.
370 4143 484 4214 25.)
513 4141 654 4198 Ecce
683 4143 772 4214 qui
799 4143 852 4197 in
879 4149 1012 4198 veste
1043 4143 1270 4211 pretiosa
1299 4151 1418 4197 sunt
1448 4142 1501 4196 in
1531 4143 1697 4200 domi-

133 4228 203 4285 bus
227 4247 387 4305 regam
413 4248 562 4292 sunt.

189 4327 291 4384 108.
324 4330 456 4388 Sunt
482 4331 654 4388 eziatn
689 4329 873 4386 mollia
907 4329 1222 4386 indumenta
1253 4328 1500 4384 deliciosi
1543 4339 1696 4385 actus

136 4426 178 4474 et
221 4438 383 4480 mures
429 4443 442 4479 :
501 4436 726 4496 propter
767 4423 909 4493 quod
961 4439 1061 4477 nos
1109 4421 1359 4477 hortatur
1400 4421 1696 4492 Apostolus

139 4508 320 4580 (Coloss.
367 4533 443 4586 tn,
475 4517 509 4571 9
539 4529 586 4572 et
618 4517 729 4584 10),
762 4525 820 4569 ιιι
849 4515 1217 4584 exspoliantes
1240 4525 1476 4569 veterem
1522 4513 1697 4567 homi-

1794 3289 1899 3344 ulla
1931 3305 2053 3346 esse
2084 3293 2334 3360 collatio;
2373 3304 2428 3349 ut
2459 3305 2514 3350 et
2544 3295 2680 3351 infra
2709 3301 3292 3370 Angelos-testimetur.

1837 3383 2044 3458 .(Vers.
2073 3386 2192 3458 28.)
2224 3387 2362 3441 Nam
2391 3389 2480 3460 qui
2502 3389 2672 3445 minor
2691 3401 2788 3459 est,
2815 3393 3011 3464 inquit,
3042 3395 3094 3450 in
3116 3413 3273 3468 regno
3300 3414 3404 3454 cat-

1794 3474 1985 3543 lorum,
2023 3481 2189 3550 major
2215 3489 2288 3534 est
2315 3497 2393 3536 eo.
3037 3501 3041 3507 '

1870 3569 1927 3624 il
1947 3571 1994 3624 l.
2027 3571 2236 3629 Etenim
2267 3574 2523 3644 quoniam
2549 3576 2800 3648 angelum
2829 3578 3064 3646 dixerat,
3089 3581 3402 3641 hominibus

1790 3664 1915 3734 jure
1945 3667 2199 3735 pra-latus
2229 3677 2351 3733 est;
2385 3677 2441 3724 et
2467 3671 2592 3740 quia
2629 3671 2773 3726 inter
2801 3683 2960 3730 natos
2991 3677 3280 3733 mulierum
3308 3677 3411 3735 de-

1794 3760 2096 3815 claraverat
2145 3763 2412 3831 potiorem
2445 3761 2627 3833 (Vers.
2655 3765 2771 3836 27),
2806 3767 2928 3822 ideo
2966 3769 3217 3826 addidit:
3260 3771 3406 3829 Nam

1795 3854 1884 3924 qui
1916 3855 2085 3908 minor
2105 3865 2178 3908 est
2205 3856 2256 3908 in
2287 3871 2445 3927 regno
2470 3858 2733 3922 coriorum,
2767 3861 2935 3931 major
2962 3872 3154 3928 esteo;
3204 3872 3260 3916 ut
3311 3880 3410 3918 an-

1795 3947 1932 4018 gelis
1961 3949 2132 4003 scires
2174 3962 2297 4004 esse
2326 3949 2653 4004 cedendum.
2702 3949 2898 4007 Met-ito
2939 3953 3134 4010 autem“
3163 3953 3407 4014 Joannes

1796 4040 1912 4094 suis
1963 4042 2252 4110 pra-tertur
2296 4041 2618 4112 mqualihus,
2667 4058 2696 4097 a
2739 4043 2896 4115 cujus
2922 4045 3116 4102 diebus
3164 4047 3407 4122 Regnum

1797 4134 2040 4188 caelorum
2059 4135 2261 4206 cogitur
2293 4135 2508 4205 (Matth.
2542 4152 2618 4203 XI,
2645 4137 2758 4208 12).
2785 4139 2918 4206 Quae
2954 4141 3290 4198 subobscura
3325 4145 3406 4200 vi-

1798 4227 1960 4282 detur
1989 4243 2110 4283 esse
2145 4229 2369 4296 locutio,
2403 4239 2458 4285 et
2485 4229 2608 4286 ideo
2634 4246 2754 4287 eam
2786 4233 2856 4288 de
2902 4234 3010 4289 alio
3042 4235 3184 4291 libro
3227 4236 3410 4294 Evan-

1797 4322 1926 4392 gelii
1959 4324 2267 4394 putavimus
2291 4323 2669 4380 derivandam.
2702 4325 2837 4381 Nam
2881 4327 2925 4383 si
2955 4329 3191 4385 litteram
3216 4345 3411 4402 sequa-

1800 4430 1941 4482 mur,
1976 4417 2160 4485 utique
2187 4416 2416 4472 inferior
2446 4433 2478 4473 a
2506 4419 2715 4489 potiore
2745 4420 2959 4490 cogitur
2995 4439 3008 4474 :
3049 4439 3277 4492 regnum
3307 4440 3410 4480 au-

1803 4515 1908 4562 tem
1937 4509 2056 4564 caeli
2086 4517 2308 4578 praestat
2339 4510 2616 4566 humanis.
2649 4511 2755 4566 Sed
2783 4527 2907 4567 cum
2944 4514 3054 4570 sint
3082 4515 3260 4586 aliqua
3284 4532 3411 4587 quae

138 4616 234 4659 nem
262 4621 373 4662 cum
397 4583 610 4664 actibus
640 4609 760 4678 ejus
785 4608 1074 4662 iuduamus
1104 4623 1328 4671 novum,
1359 4607 1410 4660 in
1444 4623 1554 4678 quo
1586 4623 1694 4662 non
1722 4574 1776 4634 D
1805 4603 2048 4672 cogendo
2076 4601 2293 4657 densari
2325 4600 2600 4670 feruntur,
2654 4620 2764 4659 non
2809 4616 2893 4660 est
2941 4607 3237 4662 absurdum
3285 4609 3414 4681 quia

137 4693 280 4753 dulcis
306 4701 554 4758 illecehra
599 4702 688 4767 sit,
720 4702 990 4770 ludusque
1032 4701 1290 4765 lasciviae,
1326 4699 1420 4754 sed
1453 4716 1584 4755 usus
1617 4701 1697 4754 la-

138 4783 258 4842 boris
283 4801 330 4846 et
357 4792 582 4860 fructus;
616 4809 682 4850 eo
700 4793 843 4861 quod
868 4805 1051 4848 tenera
1077 4792 1324 4860 corporis
1348 4808 1503 4857 cura,
1535 4791 1697 4847 luxu-

139 4892 242 4945 que,
265 4893 315 4938 et
354 4887 691 4942 lasciviarum
722 4886 1018 4956 cupiditate
1072 4885 1312 4940 mollitus
1349 4900 1694 4955 nequaquam

140 4972 342 5028 celestis
387 4979 506 5032 aula
555 4979 835 5048 suscipiat,
885 4977 953 5032 ad
1006 4993 1168 5044 quam
1219 4977 1369 5033 duris
1414 4977 1698 5034 laboriosas

139 5066 357 5129 gradibus
396 5069 610 5126 virtutis
650 5069 983 5126 ascenditur.
1015 5069 1076 5124 Ili
1122 5085 1253 5124 vero
1300 5070 1495 5140 quibus
1539 5069 1699 5125 lluida

141 5150 316 5212 deliciis
355 5163 593 5217 membra
622 5163 928 5228 solvuntur,
980 5163 1131 5234 regni
1161 5163 1402 5218 caelestis
1429 5171 1699 5232 extorres,

201 5300 408 5386 é‘llutit.
438 5314 570 5368 edit.
601 5315 738 5380 sola,
786 5313 996 5370 Exuens
1029 5315 1372 5386 principatus.
1411 5314 1467 5370 In
1514 5331 1624 5385 quo
1651 5317 1700 5372 ei

145 5385 474 5459 Balrocinalur
496 5396 669 5440 textus
694 5389 960 5459 Apostoli,
996 5396 1156 5456 atque
1183 5385 1376 5442 omnes
1394 5387 1699 5455 versioues,

147 5445 334 5528 Syriaca
360 5469 605 5527 excepta,
637 5445 756 5528 qua;
789 5445 1250 5513 uoltiscum'facit.

205 5517 228 5555 δ
267 5521 335 5575 Ita
381 5517 512 5580 mss.-
538 5517 744 5597 se'pt'eut
778 5531 1024 5582 melioris
1072 5539 1233 5584 notze.
1287 5528 1390 5583 Alii
1433 5530 1707 5592 nottnulli.

148 5597 274 5652 atque
303 5606 607 5672 tenebrarum
637 5611 917 5672 cwperunt.
950 5598 1020 5652 Ili
1048 5613 1190 5663 sunt,
1225 5610 1332 5654 etc.
1367 5599 1525 5671 Reliq
1551 5602 1581 5655 .i
1612 5601 1711 5672 de-

148 5672 273 5715 tuunt
298 5678 350 5740 rt
372 5670 526 5732 edtt.,
558 5670 721 5740 atque
755 5671 1084 5726 tenebrarum
1115 5685 1257 5725 uoca!
1293 5670 1594 5739 Apostolus.
1640 5670 1714 5726 Hi

151 5738 401 5813 imit-enim
428 5757 588 5813 teges.
618 5738 774 5798 Rom.
807 5744 1072 5813 expunxi!
1107 5754 1224 5795 sunt
1254 5738 1408 5798 enim.

221 5811 239 5842 '
261 5802 603 5871 ResecaVErat
625 5814 759 5870 edit.
784 5802 972 5881 Bouh,
999 5811 1268 5880 Quomodo
1288 5815 1516 5886 igitur...
1532 5853 1544 5866 .
1573 5813 1710 5868 clau-

1806 4697 2016 4768 cogitur
2040 4711 2286 4766 regnum,
2315 4696 2534 4765 quando
2561 4714 2592 4754 a
2627 4697 2871 4766 pluribus
2902 4699 3301 4771 frequentatur.

1877 4790 1999 4845 “2.
2033 4789 2385 4862 Cogentesque
2414 4791 2670 4861 diripiunt
2693 4792 2830 4846 illud
2851 4792 3071 4867 (lbid.).
3100 4793 3161 4852 Si
3198 4807 3414 4867 repeta-

1805 4899 1926 4940 mus
1951 4883 2290 4939 Dominicum
2315 4885 2446 4939 illud
2479 4884 2622 4955 quod
2654 4886 2916 4957 scriptum
2943 4899 3050 4953 est,
3077 4889 3294 4946 dicente
3321 4891 3417 4948 Fi-

1806 4980 1879 5036 lio
1912 4979 2007 5035 Dei
2043 4997 2057 5034 :
2101 4977 2340 5050 Regnum
2374 4976 2473 5033 Dei
2514 4981 2651 5034 intra
2677 4997 2764 5036 uos
2790 4991 2866 5036 est
2897 4981 3048 5054 (Luc.
3100 5000 3230 5053 xvu,
3280 4985 3414 5057 21);

1807 5072 2143 5127 advertimus
2187 5073 2239 5126 in
2269 5072 2424 5127 nobis
2455 5086 2679 5145 regnum
2719 5075 2945 5131 cteleste
2991 5076 3243 5145 solidari,
3288 5093 3414 5136 cum

1809 5165 2058 5222 Christus
2082 5165 2308 5234 exploso
2330 5165 2588 5222 mundani
2610 5168 2872 5240 principis
2893 5185 3084 5242 regno,
3109 5171 3414 5246 fugatisque

1810 5337 1898 5374 sus
1928 5321 1980 5374 in
2011 5321 2254 5375 carcere?
2280 5320 2413 5388 Qnte
2441 5322 2658 5390 quidem
2685 5325 2848 5380 verba
2883 5343 2991 5383 non
3021 5345 3144 5387 esse
3167 5331 3270 5387 hoc
3297 5333 3418 5390 loco

1811 5396 1970 5462 plane
2011 5408 2417 5472 supervacanea
2449 5411 2610 5472 exeo
2639 5396 2982 5469 intelligitur,
3005 5405 3150 5472 quod
3183 5404 3324 5459 intra
3352 5409 3422 5462 de

1811 5479 2087 5534 pru'cursu
2119 5464 2387 5530 passionis
2415 5465 2721 5534 subjicitur.

1887 5533 1914 5571 ἀ
1944 5539 2163 5609 Amerh.
2192 5551 2255 5587 ac
2275 5538 2399 5609 lira.
2426 5533 2548 5588 cum
2581 5552 2712 5592 mss.
2741 5540 3170 5609 probatiorihus.
3188 5545 3355 5602 Immo
3370 5559 3422 5603 et

1816 5606 2080 5687 dominum
2128 5607 2399 5687 prophetat
2415 5623 2502 5687 nam
2544 5606 3098 5687 (iussu:prophetam)
3141 5635 3340 5684 assero,
3372 5629 3420 5674 et

1817 5678 1953 5732 lianc
1981 5682 2240 5756 animum,
2281 5687 2390 5756 etc.
2424 5679 2578 5747 Quod
2618 5683 2841 5756 minime
2870 5678 3128 5756 diSphcet
3175 5688 3302 5745 Cill.
3326 5678 3419 5746 ἰιι-

1819 5765 1968 5815 tuen,
1997 5763 2059 5805 ac
2090 5749 2245 5805 llom.
2276 5752 2409 5807 edn.
2443 5767 2566 5808 cum
2598 5753 2724 5811 aliis
2747 5770 2886 5812 mss.
2911 5749 2975 5815 ut
2995 5775 3094 5817 nos
3124 5760 3182 5818 in
3210 5769 3383 5822 textu.
