3960 6316
526 236 666 305 i667
1855 240 2103 307 SANCTI
2140 286 2145 303 .

2259 232 2468 304 3110811

3685 232 3817 296 1668

521 364 732 421 deliciis
757 362 1135 430 saecularibus,
1170 363 1310 418 intra
1345 370 1658 419 nostrorum
1687 370 1894 419 secreta
1930 369 2120 432 regnat
2146 367 2194 427 Α
2222 372 2315 412 mo
2339 356 2482 413 enim
2514 353 2619 412 nisi
2652 353 2916 411 feStinans
2942 348 3144 426 pascha
3171 353 3467 412 manducat
3494 355 3697 429 (Exod.
3728 376 3813 427 SH.

518 457 847 511 animorum.
883 455 975 511 Vis
1023 453 1187 526 igitur
1232 454 1401 510 menti
1444 454 1673 518 alIertur
1700 454 1970 520 humanaa,
1998 469 2119 523 qua:
2224 446 2340 519 11).
2369 448 2476 504 Sed
2500 463 2621 519 quas
2652 456 2736 505 est
2759 447 2862 504 ista
2882 463 3004 519 quae
3030 447 3169 518 rapit
3193 449 3459 519 regnum?
3485 449 3601 505 Non
3621 451 3822 521 impro—

516 548 757 605 diversis
780 548 1055 604 illecebris
1081 546 1313 604 delinita
1333 547 1575 603 laborem
1608 547 1765 618 fugit,
1786 547 2120 617 voluptatem
2224 545 2384 610 bitas,
2416 557 2524 598 non
2550 541 2790 606 lascivia,
2823 557 2933 597 non
2961 543 3210 612 voluptas
3236 559 3249 596 :
3278 542 3372 597 sed
3400 542 3490 596 illa
3517 541 3586 597 de
3607 559 3711 615 qua
3741 544 3819 600 di.

522 641 749 709 expetit;
775 655 898 695 cum
930 640 1013 694 vel
1037 648 1187 697 metu
1213 640 1463 713 supplicii
1487 641 1752 707 coercita,
1786 641 1871 697 vel
1899 640 2123 711 prtemio
2224 639 2408 692 citur:
2453 636 2648 708 Magna
2675 646 2748 692 est
2774 637 2904 706 ﬁdes
2930 647 3020 691 tua
3045 652 3063 689 :
3095 637 3187 705 ﬁat
3216 636 3303 692 tibi
3327 636 3461 692 sicut
3501 637 3579 691 vis
3609 637 3819 709 (Manli.

526 741 838 801 provocatu,
890 732 1113 788 vincere
1158 733 1276 801 ipsa
1324 748 1385 789 se
1448 734 1638 789 nititur
1684 752 1699 787 ε
1742 744 1796 793 et
1849 742 2123 802 tamquam

525 824 814 880 exantlatis
829 823 1132 891 laboribus,
1169 824 1401 897 palmam
1417 840 1536 895 quae
1559 824 1661 885 sibi
1682 824 2127 902 plurimisadver-

526 916 794 989 sontibus,
824 916 1269 985 subtrahebatur,
1301 918 1582 973 contendit
1602 920 1841 988 eripere.
1867 918 2129 989 Rapitnus

524 1009 667 1062 enim
691 1023 758 1063 ex
790 1007 889 1064 hoc
920 1009 1123 1063 mundo
1165 1009 1400 1079 palmam
1430 1008 1646 1077 salutis,
1695 1019 1748 1065 et
1778 1010 1933 1080 quasi
1964 1025 2127 1069 excu—

526 1099 782 1155 bantibus
813 1101 1067 1157 obsessos
1100 1104 1447 1171 serpentibus
1470 1100 1681 1159 fructus
1703 1103 1950 1175 pervigili
1979 1103 2129 1160 labo-

528 1210 589 1249 re
626 1194 999 1265 decerpimus;
1031 1194 1107 1253 ita
1141 1204 1324 1253 tamen
1381 1205 1438 1252 ut
1482 1212 1589 1263 non
1629 1196 1825 1253 furtiva
1871 1196 2127 1263 sublatio,

528 1288 626 1359 sed
671 1288 901 1360 direptio
944 1290 1016 1344 sit
1048 1289 1411 1363 triumphalis.
1444 1290 1542 1347 Est
1558 1300 1612 1347 et
1641 1290 1787 1346 aliud
1810 1290 2132 1361 direptionis

528 1396 726 1459 genus,
760 1369 976 1453 quando
1015 1381 1137 1438 aliis
1181 1383 1392 1441 sublata
1429 1384 1734 1455 diripimus.
1762 1383 1863 1452 Qui
1896 1383 2003 1449 sint
2035 1382 2133 1454 igi-

532 1483 621 1530 tur
653 1485 901 1545 raptores
926 1476 1029 1544 illi,
1062 1493 1169 1535 non
1212 1470 1522 1537 laboramus
1559 1479 1888 1550 intelligere,
1912 1494 2036 1535 cum
2067 1479 2136 1536 de

2228 745 2322 798 xv,
2357 729 2476 801 28).
2512 732 2650 786 Ecce
2679 730 2877 801 rapuit,
2910 746 3031 801 quae
3065 723 3209 800 quod
3235 730 3422 799 voluit,
3470 732 3821 801 impetravit:

2229 824 2373 895 quod
2414 825 2641 894 rogavit,
2694 826 2940 879 extorsit.
2982 824 3184 896 Rapuit
3224 836 3280 881 et
3340 825 3433 880 illa
3480 824 3665 893 vidua,
3712 842 3825 895 qua:

2230 916 2546 986 frequenter
2573 914 2801 982 orando,
2832 916 2877 971 si
2907 933 3015 972 non
3043 926 3265 987 propter
3303 917 3702 983 innocentiam,
3727 919 3826 977 sal-

2233 1016 2340 1069 tem
2387 1017 2614 1079 propter
2659 998 3125 1080 importunitatem
3171 1019 3229 1065 ut
3274 1009 3619 1076 exaudiatur,
3650 1019 3827 1066 extor-

2233 1112 2363 1173 quet
2395 1099 2552 1173 (Luc.
2589 1117 2741 1166 xvm,
2773 1099 2855 1174 ὃ).
2904 1134 2909 1141 ‹

2311 1191 2528 1266 1384
2554 1192 2678 1250 115.
2708 1193 2907 1273 Rapuit
2942 1193 3105 1265 igitur
3135 1193 3376 1251 Ecclesia
3404 1193 3712 1267 Synagegat
3750 1213 3829 1251 rc-

2233 1299 2420 1361 guum.
2452 1284 2701 1355 Regnum
2728 1301 2909 1342 meum
2937 1285 3187 1345 Christus
3213 1296 3299 1345 est
3331 1305 3345 1343 :
3381 1288 3536 1358 rapio
3563 1286 3717 1343 tilum
3746 1288 3829 1343 ln-

2234 1375 2367 1432 da-is
2410 1376 2635 1432 missum
2677 1378 2779 1434 sub
2822 1377 2987 1450 Lege,
3036 1391 3220 1437 natum
3251 1378 3304 1435 in
3353 1379 3523 1450 Lege,
3575 1382 3827 1435 nutritum

2231 1468 2385 1541 juxta
2417 1469 2615 1540 Legem
2653 1488 2666 1525 :
2701 1480 2758 1527 ut
2806 1488 2893 1531 me
2923 1471 3016 1542 qui
3047 1487 3199 1533 eram
3223 1475 3345 1529 sine
3372 1472 3538 1544 Lege,
3572 1483 3849 1529 servaret.

531 1569 811 1645 Benjatnin
837 1572 946 1642 lupi
976 1572 1188 1645 rapacis
1206 1588 1408 1642 genere
1432 1588 1533 1633 nos
1556 1589 1779 1635 manare
1821 1575 2136 1631 noverimus
2237 1563 2466 1635 ihllllllt‘
2494 1562 2770 1632 CbriSlUS.
2801 1581 2926 1625 cum
2969 1568 3090 1626 aliis
3129 1568 3485 1638 Ρΐοωῖιιίιυβο
3541 1569 3667 1624 aliis
3711 1584 3829 1638 Ρω-

532 1661 692 1736 (Gen.
729 1679 876 1731 χιιι,
908 1663 1025 1739 27).
1052 1665 1409 1725 Praecesserat
1432 1665 1695 1734 Joannes,
1719 1675 1777 1723 ut
1814 1665 2137 1737 justilicaret
2237 1656 2539 1725 destinatur
2569 1661 2809 1727 :rapitur
2836 1658 3111 1729 Christus,
3143 1676 3266 1717 cum
3294 1662 3417 1716 aliis
3438 1661 3831 1727 nascitur,aliis

534 1757 791 1825 populum
830 1756 1139 1811 .ludaeorum
1183 1776 1194 1810 :
1226 1758 1339 1830 ipse
1367 1758 1628 1816 Dominus
1654 1766 1879 1821 venerat
1912 1758 1980 1814 ad
2005 1773 2137 1815 oves
2169 1771 2215 1832 ι
2240 1749 2566 1822 Sull'ragatur
2591 1768 2604 1804 :
2629 1752 2838 1823 rapitur
2862 1751 3136 1820 Christus,
3166 1768 3289 1810 cum
3309 1754 3378 1808 ab
3404 1753 3531 1809 aliis
3555 1753 3828 1819 (Inciditur.

534 1848 779 1931 perditas
818 1846 1014 1903 domus
1060 1848 1227 1905 Israel
1276 1867 1290 1903 :
1339 1850 1615 1920 apostolos
1660 1850 2047 1918 destinaverat,
2083 1863 2140 1906 ut

535 1941 699 1997 tidem
731 1941 945 2023 1333
974 1942 1162 2013 populi
1185 1941 1498 2027 Jnqurum
1523 1944 1609 2005 vel
1630 1943 2022 2014 disputatione,
2053 1946 2139 2002 vel

536 2033 729 2104 signis,
783 2034 1165 2107 miraculisque
1200 2033 1490 2097 funderent
1543 2054 1556 2089 :
1606 2036 1703 2094 sed
1747 2052 1870 2095 cum
1903 2037 1980 2093 illi
2023 2054 2141 2093 mue

540 2141 672 2198 nera
716 2126 819 2187 sibi
849 2126 1028 2193 oblata
1068 2126 1411 2199 defugerem,
1445 2130 1717 2201 publicani
1747 2142 1800 2186 et
1829 2141 2142 2201 peccatores

538 2223 594 2278 iu
633 2222 798 2277 Deum
842 2222 1088 2293 credere,
1130 2223 1180 2281 in
1214 2223 1373 2287 fidem
1417 2226 1566 2281 coire
1613 2234 1918 2295 ceperunt.
1959 2225 2016 2281 In
2060 2224 2143 2281 his

539 2313 708 2387 igitur
735 2314 1036 2387 apostolica
1078 2315 1465 2386 praedicatione
1491 2331 1712 2388 regnum
1756 2317 2018 2375 ctelorum
2046 2332 2141 2379 co-.

541 2408 711 2481 gitur,
741 2416 796 2471 et
836 2407 1015 2462 fidelis
1054 2408 1239 2479 pepuli
1274 2408 1609 2480 aSpiratione
1642 2409 1927 2467 solidatur.

618 2500 743 2555 115.
778 2500 975 2570 Diripit
1002 2515 1231 2572 regnum
1261 2501 1351 2563 illa
1375 2517 1494 2573 quae
1522 2501 1669 2565 ﬂuxu
1694 2502 1970 2574 sanguinis
1997 2501 2144 2557 labos

541 2589 876 2665 rabat(Luc.
914 2607 1032 2660 vni,
1062 2592 1191 2661 il);
1247 2608 1370 2649 nam
1410 2609 1534 2655 cum
1583 2594 1843 2655 Dominus
1872 2594 1938 2650 ad
1985 2595 2146 2651 filiam

544 2687 811 2761 principis
863 2702 1151 2763 synagoga:
1192 2688 1464 2758 tenderet,
1496 2688 1695 2749 furtivo
1733 2689 1970 2761 quodam
2002 2698 2148 2745 tactu

543 2778 795 2847 sanitatis
824 2780 1126 2837 remedium
1155 2789 1181 2817 τι
1209 2782 1536 2854 prtelibavit.
1568 2782 1765 2853 Diripit
1803 2798 2030 2854 regnum
2058 2782 2147 2837 illa

548 2869 878 2935 Chananaea,
908 2888 1028 2943 quae
1076 2888 1104 2941 a
1142 2876 1258 2928 suis
1294 2874 1492 2945 finibus
1521 2890 1738 2945 egressa
1765 2876 2034 2935 clamabat
2063 2875 2148 2931 di:-

2244 1844 2509 1913 sepelitur
2564 1862 2594 1898 a
2648 1845 2803 1905 nobis
2845 1863 2859 1900 :
2905 1844 3113 1916 rapitur
3162 1845 3583 1915 insidiantibus,
3632 1846 3832 1919 rapitur

2242 1922 2659 1999 dormientibus.
2719 1936 2897 1995 Habes
2925 1936 3014 1997 ubi
3042 1937 3145 2008 ipsi
3176 1936 3418 1997 confessi
3458 1947 3586 1997 sunt
3616 1952 3717 1993 nos
3755 1953 3832 1992 ra-

2242 2029 2451 2105 puisse,
2484 2044 2544 2084 se
2574 2029 2865 2097 dormisse,
2901 2029 3150 2089 dicentes
3190 2048 3205 2087 :
3242 2029 3411 2087 Dicite
3439 2032 3567 2102 quia
3598 2031 3833 2100 discipuli

2243 2122 2357 2192 ejus
2387 2129 2532 2174 nocte
2548 2131 2814 2187 venerunt,
2832 2120 3052 2186 ειμινωὶ
3083 2130 3203 2187 sunt
3229 2139 3370 2190 eum,
3398 2123 3547 2179 nobis
3573 2123 3828 2179 dormien-

2245 2212 2378 2268 tibus
2400 2211 2618 2283 (Matth.
2647 2228 2844 2280 xxvnt,
2873 2214 2988 2287 t3).
3014 2214 3188 2285 Surge
3210 2214 3373 2286 igitur
3389 2216 3481 2285 qui
3503 2215 3743 2279 dormis;
3773 2228 3833 2268 ne
3916 2211 3917 2285 ᾖ

2245 2315 2300 2363 et
2332 2314 2387 2367 tu
2417 2305 2545 2369 dum
2586 2305 2812 2371 dormis,
2837 2305 3111 2369 Christum
3140 2308 3380 2367 amittas.
3424 2307 3593 2380 Surge
3611 2308 3829 2380 quidar-
3916 2305 3917 2379 ᾖ

2246 2401 2363 2467 mis,
2389 2408 2436 2457 et
2452 2413 2669 2468 exsurge
2692 2416 2727 2451 a
2744 2400 2956 2459 mortuis
2979 2398 3196 2472 (Ep/tes.
3219 2415 3273 2466 ν,
3291 2400 3407 2471 14).
3428 2399 3586 2458 Vides
3600 2412 3834 2457 mortuos

2247 2506 2370 2547 esse
2408 2492 2499 2563 qui
2534 2491 2836 2547 dormiunt?
2860 2493 2927 2553 Et
2952 2492 3076 2553 ideo
3103 2508 3212 2552 non
3237 2495 3538 2551 invidemus
3573 2492 3832 2562 aliis,setl

2250 2586 2597 2655 providemus
2644 2588 2832 2654 nobis;
2887 2603 2996 2645 nou
3020 2588 3169 2645 enim
3207 2590 3405 2647 tuor-tui
3436 2598 3689 2661 poterant
3722 2604 3824 2645 ser-
3916 2582 3917 2651 ἲ

2252 2691 2377 2739 rare
2402 2677 2697 2739 viventem.
3916 2670 3917 2739 l

2335 2769 2457 2827 116.
2492 2769 2798 2842 Exsurgant
2831 2771 2918 2828 vel
2962 2787 3088 2829 scro
3142 2774 3237 2842 qui
3273 2774 3635 2842 dormierunt,
3686 2777 3830 2831 etiam

2251 2862 2343 2935 qui
2373 2861 2648 2919 Christum
2695 2865 3070 2935 perdiderunt.
3120 2867 3241 2926 Non
3279 2866 3363 2924 sic
3396 2870 3667 2924 amittitur
3688 2869 3829 2925 Chri-

551 2975 684 3016 ccns
713 2980 727 3014 :
762 2961 1012 3020 Miserere
1042 2966 1168 3029 mei,
1212 2963 1457 3035 Domine,
1493 2966 1596 3027 Fili
1626 2967 1794 3024 David
1820 2984 1840 3024 :
1885 2970 2000 3038 ﬁlia
2040 2985 2145 3023 mea

2259 2969 2394 3025 stus,
2424 2954 2453 2994 ιι
2484 2968 2542 3013 ιιι
2580 2975 2690 3015 non
2720 2968 3046 3028 revertatur,
3077 2961 3123 3017 si
3157 2971 3336 3021 tamen
3370 2962 3684 3033 requiratur
3710 2979 3723 3015 :
3749 2961 3830 3016 sed

550 3055 685 3119 male
716 3072 748 3110 a
793 3056 1048 3123 (immania
1077 3068 1285 3117 vexatur
1332 3061 1550 3135 (Matth.
1584 3080 1678 3133 xv,
1712 3064 1828 3133 22).
1861 3064 2005 3121 Vere
2037 3065 2145 3120 haec

2259 3050 2602 3119 tigilanttbus
2630 3050 2954 3122 regreditur,
2985 3054 3481 3125 etexsurgentibus
3508 3063 3704 3126 prmio
3725 3060 3830 3109 est:

552 3165 778 3225 regnum
806 3153 1006 3222 coegit,
1042 3152 1290 3221 pertinax
1320 3154 1371 3208 iu
1410 3155 1683 3223 precibus,
1725 3156 1945 3228 sapiens
1970 3155 2024 3211 in
2052 3172 2151 3211 re-.-

2258 3143 2423 3198 immo
2449 3142 2703 3198 omnibus
2749 3143 2928 3212 adest,
2961 3146 3052 3214 qui
3100 3146 3302 3217 ubique
3330 3161 3551 3218 semper
3590 3155 3694 3213 est,
3724 3145 3832 3216 quia
3916 3142 3917 3221 ξ

551 3243 788 3312 sponsis,
822 3241 996 3298 fidelis
1021 3245 1075 3303 iu
1113 3243 1313 3300 verbis.
1351 3244 1776 3315 Praetereuntem
1801 3256 2037 3315 revocat,
2071 3258 2151 3303 ta-
2173 3239 2219 3305 C
2252 3235 2700 3306 οοηιιιιειυωιιία.
2722 3237 3358 3306 Nullieniutdelicit,nus
3374 3238 3831 3305 deﬁcimnsmllub

551 3345 764 3390 centeni
818 3346 989 3407 rogat,
1021 3346 1373 3397 excusantem
1414 3338 1625 3405 adorat,
1672 3351 1957 3411 negantem
1998 3342 2150 3419 incli-

2251 3330 2721 3401 inquartt,delicit,
2764 3333 3168 3403 superabuudat
3196 3335 3487 3400 omnibus;
3521 3335 3832 3407 superabun-

554 3435 667 3481 nat.
699 3427 891 3483 Nonne
926 3428 1021 3482 tibi
1049 3429 1266 3485 videtur
1292 3431 1528 3500 eripere,
1570 3446 1693 3487 cum
1716 3433 1866 3490 elicit
1888 3434 2033 3503 quod
2057 3450 2153 3491 nee
2253 3420 2399 3477 (ίανίι
2436 3423 3835 3499 enimPeccatum.utﬁunerabundaralsraua.Gratia
3916 3422 3917 3493 ξ

552 3526 736 3590 gatur,
767 3512 1080 3590 praeripere
1114 3516 1257 3590 quod
1297 3523 1419 3579 aliis
1468 3524 1808 3580 reservatur?
1851 3525 2154 3596 Negaverat
2254 3513 2500 3571 Christus
2516 3514 2729 3584 est,vita
2752 3516 3112 3586 Cbristusest,
3135 3517 3384 3579 Christus
3400 3527 3486 3576 est
3507 3518 3833 3577 resurrectio:
3916 3512 3917 3577 Ξ

552 3609 695 3664 enim
735 3609 995 3666 Dominus
1018 3627 1211 3682 panem
1237 3612 1468 3671 filiorum
1498 3617 1611 3670 dari
1634 3616 1859 3673 canibus
1874 3629 2149 3688 oportere:

558 3713 613 3759 at
637 3705 727 3760 illa
754 3707 1050 3774 consensit,
1079 3718 1132 3763 et
1158 3709 1544 3766 consentiendo
1571 3710 2152 3781 diripttitdiccnszUti-

556 3796 944 3873 que,Domine';
975 3817 1093 3855 nam
1121 3812 1168 3856 et
1192 3803 1366 3857 catelli
1388 3803 1544 3873 edunt
1564 3804 1628 3863 de
1657 3807 1804 3862 micis
1824 3822 1939 3877 quin
1966 3808 2156 3863 cadunt

557 3891 621 3946 de
648 3908 827 3947 mensa
856 3885 1186 3959 dominorum
1208 3911 1420 3951 suorum
1449 3893 1641 3971 (Ibid.,
1668 3896 1784 3970 27).

623 3984 744 4040 ill.
780 3980 1024 4041 Didicisti
1054 3986 1517 4058 quemadmodum
1544 4004 1775 4061 regnum
1798 3990 2025 4050 caeleste
2068 3998 2158 4053 ‘ra-

2256 3608 2347 3679 qui
2375 3609 2546 3680 surgit
2574 3610 2754 3681 igitur,
2789 3610 2997 3671 invenit
3020 3626 3147 3673 esse
3171 3623 3520 3683 praesentem.
3916 3608 3917 3679 Ῐ

2334 3700 2459 3757 117.
2493 3701 2743 3771 Rapitur
2768 3717 2901 3775 ergo
2950 3718 3175 3775 regnum
3223 3705 3512 3771 caelorum,
3547 3720 3671 3763 cum
3704 3700 3835 3759 (Ἁλάς

2262 3800 2378 3861 stus
2408 3808 2436 3847 a
2463 3793 2778 3853 domesticis
2817 3794 3139 3866 denegatur,
3169 3812 3201 3864 θ
3228 3797 3526 3868 gentilibus
3553 3799 3796 3857 aduratur
3820 3808 3834 3848 δ
3916 3806 3917 3865 l

2264 3886 2473 3957 rapitur
2500 3902 2623 3944 cum
2652 3888 2721 3942 ab
2752 3888 2860 3944 illis
2888 3889 3206 3961 repudiatur
3230 3930 3248 3957 ,
3280 3906 3309 3946 a
3334 3890 3492 3972 nobis
3512 3891 3710 3953 colitur
3730 3906 3742 3942 :
3765 3903 3835 3945 rae

2263 3982 2411 4052 pitur
2432 3995 2557 4037 cum
2581 3998 2677 4052 per
2707 3982 3079 4040 haereditatem
3110 4001 3219 4041 non
3241 3989 3580 4059 agnoscitur,
3610 4001 3704 4059 per
3721 3984 3835 4041 ado-

556 4075 751 4144 piatur.
783 4073 1051 4147 Cogamus
1073 4076 1240 4151 igitur
1261 4087 1318 4135 et
1356 4094 1480 4147 nos,
1514 4079 1834 4152 diripiamus
1863 4082 2029 4150 illud;
2065 4097 2171 4139 ne-.-
2266 4078 2506 4149 titionem
2532 4079 2855 4150 acquiritur.

628 4218 654 4245 ει
684 4208 741 4288 in
771 4208 893 4288 cod.
923 4208 1046 4288 Fui.
1079 4219 1135 4265 et
1163 4211 1375 4267 duobus
1403 4210 1562 4288 Colb.
1598 4223 1721 4288 post
1743 4217 1993 4283 verbum,
2016 4233 2153 4288 prm-

553 4279 748 4359 liliatvit,
802 4282 1205 4359 interpolantur
1242 4286 1520 4359 sequentia
1571 4279 1912 4359 :A'Dwmones,
1959 4279 2149 4359 inquit,

552 4351 742 4427 ejicile,
769 4348 1016 4427 et'dis‘cite
1041 4354 1156 4425 quis
1183 4348 1237 4408 in
1257 4348 1528 4427 ett-dignus
1554 4357 1642 4422 sit,
1669 4369 1818 4427 atque
1839 4348 1910 4415 ibi
1932 4348 2149 4415 manete:

552 4371 580 4404 ε
607 4371 742 4418 tcue,
769 4371 812 4405 et
835 4371 1016 4407 atsctte
1041 4371 1156 4425 quis
1183 4371 1237 4408 tn
1257 4371 1319 4408 ea
1342 4371 1528 4425 mgnus
1554 4371 1642 4422 stt,
1669 4371 1818 4427 atque
1839 4371 1910 4415 tot
1932 4371 2149 4415 manete.

550 4371 736 4489 Illique
756 4440 851 4477 nec
876 4424 959 4477 Itic
990 4426 1291 4480 mandatum
1314 4425 1515 4480 videtur
1546 4437 1600 4481 ut
1636 4427 1900 4484 Christum
1932 4430 2028 4484 Dei
2060 4430 2155 4485 Fi-

553 4494 684 4551 lium
723 4493 1085 4565 proﬁcerent.
1139 4496 1284 4551 Ordo
1323 4498 1486 4569 igitur
1533 4500 1901 4573 disputationis
1929 4511 2005 4555 est
2027 4503 2154 4558 ordo

2253 4226 2594 4291 tractamaet
2623 4215 2740 4291 ideo
2768 4219 2813 4275 si
2838 4216 2926 4272 hic
2967 4218 3144 4291 diripit
3188 4234 3425 4290 regnum,
3466 4232 3577 4275 etc.
3613 4218 3715 4291 Sed
3738 4215 3833 4270 lucc

2255 4290 2444 4345 utttuia
2473 4289 2698 4346 aliunde
2753 4292 2806 4345 in
2836 4300 3046 4346 textum
3072 4289 3333 4347 translata
3355 4305 3483 4347 esse
3510 4290 3830 4348 manifestum

2258 4370 2363 4417 εει.

2329 4430 2356 4469 ι)
2385 4430 2476 4516 Sic
2504 4448 2696 4491 omnes
2728 4448 2860 4490 mss.
2890 4431 2935 4488 E
2963 4428 3462 4497 contrario'mtines
3491 4434 3652 4502 edit.,
3680 4441 3731 4495 ut
3751 4445 3834 4493 uolt

2257 4515 2567 4575 reperiatur.

573 4609 3080 4635 *Μ

548 4646 579 4657 η

1740 4685 2094 4779 LIBER
2167 4686 2665 4783 SEXTUS.

631 4920 843 4999 1383
867 4920 1049 4994 (Vers.
1073 4923 1166 4995 29,
1193 4925 1311 5000 50.)
1344 4925 1412 4983 Et
1439 4928 1610 4997 omnis
1652 4927 1878 5002 populus
1906 4928 2149 4998 audiens,
2175 4928 2234 4991 D
2257 4945 2288 4983 α
2317 4929 2443 5000 ﬁliis
2490 4932 2603 4989 suis
2646 4931 2871 5006 (Matth.
2913 4949 2996 5003 si,
3053 4933 3168 5007 l9).
3211 4936 3458 4995 Primum
3499 4953 3623 5012 qua:
3649 4937 3716 4993 sit
3751 4931 3832 4988 illa

553 5022 604 5066 et
637 5012 912 5073 Publicani
945 5019 1357 5088 iustiﬁcaveruut
1386 5018 1570 5090 Deum,
1626 5021 1876 5094 baptizati
1901 5021 2158 5095 baptismo

2263 5028 2554 5095 sapientia,
2585 5028 2675 5084 hic
2695 5029 2940 5086 videmus
2958 5046 3313 5101 expressum;
3345 5033 3424 5088 ait
3444 5022 3597 5090 enim
3619 5053 3630 5088 ;
3651 5025 3834 5096 ,Ικειὶῤ-

559 5105 782 5181 haunit
836 5127 855 5166 :
885 5109 1143 5173 Phariswi
1171 5126 1343 5186 autem
1375 5125 1424 5172 et
1450 5115 1732 5197 legisperiti
1765 5119 2039 5181 consilium
2066 5117 2165 5183 Dei
2266 5132 2511 5176 caverunt
2531 5119 2718 5176 Deum.
2747 5121 2889 5177 Dens
2910 5138 3045 5194 ergo
3065 5125 3332 5196 sapientia
3352 5136 3466 5183 est:
3491 5128 3615 5198 quia
3642 5121 3831 5194 sapien—

563 5214 864 5271 spreverunt
892 5206 945 5259 in
971 5223 1044 5274 se,
1075 5225 1179 5263 non
1211 5209 1479 5280 baptizati.

586 5342 591 5347 .
634 5298 683 5352 1.
712 5300 941 5368 Aperuit
968 5311 1190 5359 sanctus
1213 5302 1389 5359 Lucas
1410 5305 1742 5372 specialibus
1762 5304 1982 5372 additis,
2013 5305 2158 5377 quod

558 5390 719 5459 quasi
763 5394 1109 5463 generalibus
1155 5405 1377 5452 sanctus
1422 5397 1708 5467 Matthreus
1755 5401 2155 5467 subobscurum

562 5482 894 5555 reliquerat;
928 5487 1019 5542 ille
1045 5488 1190 5557 enim
1221 5491 1297 5549 ait
1329 5507 1344 5545 :
1378 5490 1443 5559 Et
1481 5492 1773 5563 iustiﬁcata
1797 5504 1871 5548 est
1899 5493 2155 5557 sapientia

633 5602 1009 5679 nllom._cdit.
1060 5606 1215 5679 sola,
1246 5606 1341 5661 illa
1378 5608 1553 5679 genita
1605 5618 1699 5679 est.
1746 5609 1853 5679 Sed
1900 5623 2161 5679 quorsum

562 5670 931 5753 ista-mutatio,
953 5675 1343 5753 cumChristus
1367 5670 1569 5753 passim
1595 5670 1896 5753 inscriptis
1912 5670 2160 5753 Patrum,

563 5743 834 5813 variisque
861 5744 1133 5815 Symbolis
1152 5762 1273 5817 quae
1303 5743 1602 5820 et'rccipit,
1623 5760 1677 5806 et
1714 5743 1958 5823 quotidie
1981 5743 2167 5807 cantat
2214 5762 2237 5819 χ

2265 5213 2337 5268 tia
2374 5212 2465 5268 Dei
2498 5212 2666 5269 Filius
2710 5224 2833 5271 est:
2871 5217 3135 5288 sapientia
3167 5233 3264 5291 per
3290 5231 3566 5289 naturam,
3610 5232 3715 5274 non
3749 5222 3830 5285 per

2264 5304 2586 5375 profectum.
2611 5306 2731 5363 Alia
2765 5317 2850 5365 est
2880 5310 3151 5383 sapientia
3187 5311 3284 5368 Dei
3324 5306 3507 5371 Patris
3534 5301 3829 5374 sirtus,alla

2258 5399 2528 5467 sapientia
2560 5401 2733 5458 virtus
2765 5403 2964 5461 anima:
2994 5422 3008 5458 :
3041 5412 3070 5443 ι
3104 5404 3196 5461 illa
3225 5414 3351 5473 nata
3377 5416 3485 5476 est,
3517 5405 3632 5461 haec
3653 5406 3826 5457 creata-

2257 5490 2380 5547 Alia
2405 5492 2669 5564 sapientia
2690 5505 2880 5552 auctor
2906 5512 3156 5568 operum,
3212 5498 3317 5553 alia
3344 5513 3517 5571 opus;
3567 5511 3693 5570 opus
3710 5489 3827 5551 eninl

2278 5609 2546 5689 Εεοιεεὶξς
2589 5631 2699 5681 nun
2744 5616 2906 5677 modo
2929 5617 3156 5689 genitus,
3185 5632 3379 5685 verum
3406 5618 3577 5677 etiam
3602 5630 3661 5671 ea:
3699 5608 3825 5666 Pam

2272 5691 2428 5739 natus
2458 5683 2696 5751 dicatur.
2858 5726 2862 5730 ε
