3960 6302
541 273 674 330 1671

1908 241 2154 308 ΞΑἯΟΤΙ
2194 240 2516 305 AMBROSII

3709 223 3831 282 ωτι

531 394 564 454 ιν
606 389 659 444 9.
688 385 915 442 anetnr
940 393 1070 452 ergo
1097 376 1364 452 propheta
1397 372 1659 445 plaudere
1683 383 1866 434 manu,
1907 350 1974 423 et
2019 381 2140 437 per-
2167 380 2221 439 Α
2245 361 2418 432 possit
2443 356 2688 412 abolere.
2715 352 2922 407 Domus
2951 351 3136 403 autem
3171 341 3379 418 138')
3411 334 3618 410 leprosi
3647 345 3759 393 erat
3784 337 3830 390 iu

2255 452 2266 454 λ
2353 451 2362 454 -
2461 449 2471 454 -
2833 441 2846 452 -
2893 449 2903 454 -
3214 453 3236 454 η
3358 432 3549 454 an-.-
3585 427 3810 454 dum...“

534 493 725 539 cutere
755 478 891 550 pede
925 494 937 530 :
964 476 1184 546 iubetur
1206 471 1446 542 psallere
1468 510 1484 534 ,
1514 467 1639 538 quia
1684 463 1872 534 sponsi
1933 461 2146 531 nuptias

533 576 646 647 jam
677 572 912 635 videbat,
945 569 996 622 in
1039 565 1238 637 quibus
1267 563 1630 632 desponsatur
1666 556 1929 622 Ecclesia,
1962 553 2148 609 Chris-

539 681 622 726 tus
645 668 949 722 adatnatur.
975 661 1046 717 Et
1067 660 1222 714 bon-.e
1245 657 1471 726 nuptiae,
1496 652 1712 726 quando
1743 651 1922 707 Verbo
1943 649 2144 715 anima,

429 783 438 793 ·
537 760 752 834 spiritui
783 775 912 815 caro
953 753 1125 812 nubit.
1184 751 1242 807 In
1294 753 1378 806 his
1427 749 1693 820 pmpheta
1733 744 1905 802 David
1946 741 2149 814 nuptiis

527 5796 535 5804 ι

540 855 728 912 ludere
750 867 852 908 nos
871 851 1062 915 voluit,
1088 847 1155 902 ad
1185 847 1282 902 has
1315 843 1562 899 invitavit
1591 884 1605 906 ,
1658 841 1780 912 quia
1811 852 1940 894 suos
1973 847 2150 906 poste-

540 965 632 1007 ros
655 948 984 1019 c0pulabat;
1017 954 1073 1000 et
1097 941 1219 998 ideo
1250 939 1424 995 laetior
1469 951 1628 1008 quam
1675 923 1890 996 caeteri,
1915 928 2069 1000 quasi
2097 929 2148 982 in

541 1043 662 1115 ipso
693 1053 816 1097 actu
865 1039 1170 1110 nuptiarum
1219 1035 1470 1106 positus,
1519 1045 1617 1085 nos
1660 1027 1728 1082 ad
1773 1023 2150 1082 celebritatem

541 1136 665 1192 festi
689 1135 929 1190 muneris
953 1130 1278 1185 adhortatur
1304 1126 1496 1180 dicens
1527 1140 1538 1175 :
1573 1120 1844 1176 Exsultate
1861 1117 1972 1172 Deo
1994 1119 2150 1189 adju-

544 1230 645 1285 tori
671 1237 865 1290 nostro,
885 1223 1110 1298 jubilate
1160 1221 1269 1275 Deo
1312 1219 1496 1272 Jacob.
1534 1215 1737 1270 Sumite
1789 1211 2075 1278 psalmum,
2104 1219 2151 1262 et

545 1322 664 1375 date
703 1331 1029 1390 tympanum,
1092 1312 1393 1381 psalterium
1425 1305 1719 1382 jucundam
1766 1320 1882 1358 cum
1953 1302 2153 1355 cithara

546 1415 721 1489 (Psal.
749 1429 911 1476 ωαχ,
935 1411 970 1464 9.
1002 1419 1050 1465 et
1071 1410 1152 1478 3).
1182 1405 1374 1461 Nonne
1395 1412 1572 1457 actum
1603 1397 1891 1470 quemdam
1921 1393 2153 1466 prophe-

548 1488 616 1560 ta:
640 1506 888 1561 saltantis
928 1500 1211 1557 advertis?
1236 1498 1480 1567 Denique
1500 1494 1626 1549 alibi
1662 1509 1675 1546 :
1730 1490 1964 1545 Psallam
1991 1488 2079 1541 tibi
2101 1488 2155 1541 in

547 1599 773 1665 cithara,
797 1605 1010 1652 sanctus
1038 1591 1228 1648 Israel.
1253 1589 1558 1646 Gaudebant
1589 1585 1727 1641 labia
1750 1600 1862 1639 mea
1897 1598 2011 1636 cum
2032 1597 2155 1634 can-

557 1701 732 1745 tavero
762 1689 873 1752 tibi,
903 1695 951 1740 et
979 1688 1151 1740 anima
1192 1699 1300 1737 mea
1329 1696 1485 1748 quam
1531 1676 1792 1733 redemisti
1821 1672 1992 1742 (Psal.
2023 1667 2156 1737 Lix,

549 1784 623 1839 22
643 1796 688 1838 et
713 1779 829 1854 25).
859 1781 1032 1837 Audis
1058 1777 1495 1834 citltarizanliutn
1524 1787 1688 1828 voces
1707 1812 1723 1837 ,
1753 1768 1908 1825 audis
1957 1767 2161 1823 saltan-
2191 1777 2238 1838 Β

551 1875 686 1931 tium
719 1872 1006 1944 crepitus?
1033 1869 1259 1938 Nuptias
1281 1866 1469 1923 crede.

626 1969 716 2024 10.
746 1968 913 2022 Sume
938 1975 993 2020 et
1016 1973 1073 2018 tu
1097 1963 1389 2026 citharam,
1419 1967 1480 2015 ut
1523 1957 1730 2030 pulsata
1770 1956 1995 2026 spiritus
2020 1953 2162 2023 plec-

555 2069 642 2116 tro
672 2059 995 2114 interiorum
1028 2053 1230 2111 chorda
1253 2067 1540 2115 venarum,
1593 2050 1719 2104 boni
1759 2048 1941 2117 operis
1970 2061 2164 2102 sonum

555 2154 765 2211 reddat.
797 2151 965 2208 Sume
989 2148 1326 2220 psalterium,
1359 2153 1418 2200 ut
1441 2144 1724 2200 harmonia
1752 2142 2020 2196 dictorum
2057 2137 2168 2192 fac-

557 2257 848 2316 torumque
877 2257 1092 2300 tuorum
1113 2242 1389 2298 concinat.
1425 2238 1590 2296 Sume
1623 2246 1960 2307 tympanum,
1987 2241 2048 2287 ut
2077 2246 2168 2286 or-

555 2357 754 2414 ganum
783 2338 862 2395 tui
893 2337 1137 2407 corporis
1174 2334 1402 2404 spiritus
1431 2330 1739 2385 moduletur
1771 2328 2000 2381 interior
2023 2366 2038 2391 ,
2085 2323 2168 2378 la-

557 2435 771 2505 etisque
817 2429 1173 2503 operantibus
1201 2426 1374 2482 dulcis
1407 2439 1617 2479 morum
1667 2431 1882 2477 tuorum
1931 2418 2170 2473 suavitas

561 2525 917 2598 exprimatur.
949 2523 1045 2580 Sic
1099 2521 1361 2592 peullebat
1405 2517 1709 2590 propheta,
1757 2530 1879 2569 cum
1931 2513 2169 2568 diceret:

562 2621 694 2677 Veni
717 2622 814 2675 huc
845 2636 876 2674 a
901 2617 1122 2683 Libano,
1160 2631 1362 2686 sponsa
1387 2654 1401 2679 ,
1429 2611 1545 2666 veni
1575 2611 1674 2664 huc
1704 2625 1735 2662 a
1766 2607 1964 2664 Libano
1995 2603 2170 2676 (Cant.

568 2729 640 2782 tv,
671 2709 751 2784 δ).

639 2804 728 2859 Η.
757 2802 871 2859 lloc
919 2802 1190 2858 canticum
1249 2799 1572 2856 cecinerunt
1622 2795 1819 2865 pueri,
1859 2805 1962 2848 ncc
2006 2788 2197 2847 auditi'

564 2881 713 2954 sunt.
739 2899 840 2966 Qui
874 2895 1070 2968 pueri?
1099 2895 1173 2949 De
1189 2895 1388 2964 quibus
1418 2891 1554 2946 dicit
1585 2908 1598 2944 :
1633 2887 1766 2943 Ecce
1793 2902 1910 2958 ego,
1943 2894 1989 2938 et
2030 2884 2177 2954 pueri

565 3009 692 3064 quos
720 2988 907 3044 dedisti
937 2987 1063 3040 mihi
1091 2984 1264 3058 (Esai.
1301 2999 1418 3049 vnt,
1453 2982 1566 3051 l8).
1619 2979 1724 3035 Sed
1756 2979 1860 3032 hoc
1909 2975 2176 3032 canticum

568 3103 676 3143 non
709 3085 762 3139 in
796 3083 937 3149 loro,
967 3096 1073 3135 non
1104 3079 1156 3134 in
1204 3077 1397 3147 plateis
1424 3074 1720 3129 cauebatur
1744 3113 1759 3137 ,
1789 3069 1884 3124 Sl'd
1909 3069 1960 3123 in
1987 3067 2174 3122 Hieru-

568 3175 910 3245 salem;ipsa
944 3181 1028 3227 est
1075 3171 1220 3227 ettim
1276 3166 1616 3224 Dominicum
1678 3164 1855 3218 forum
1891 3203 1906 3229 ,
1967 3160 2022 3214 in
2068 3172 2178 3229 quo

573 3279 974 3344 praeceptorum
1006 3265 1313 3322 caelestium
1339 3263 1458 3330 jura
1477 3258 1806 3315 conduntur.

645 3365 826 3438 (Vers.
859 3362 976 3433 57.)
1006 3359 1071 3416 Et
1099 3374 1214 3414 ecce
1241 3357 1426 3412 mulier
1475 3369 1589 3425 quae
1612 3361 1718 3408 erat
1747 3351 1800 3404 in
1829 3348 2033 3402 civitate
2064 3361 2180 3418 pec-

575 3460 766 3516 σαίνειν.

649 3552 740 3608 12.
772 3549 886 3606 Hoc
903 3548 1026 3603 loco
1053 3545 1300 3616 plerique
1330 3541 1439 3613 pati
1460 3540 1714 3596 videntur
1734 3533 2048 3604 scrupulum
2080 3572 2094 3596 ,
2125 3539 2181 3586 et

573 3657 761 3700 serere
787 3639 1140 3712 quaestiones,
1167 3645 1472 3691 utrumnam
1523 3631 1806 3686 videantur
1862 3625 2177 3694 Evangelis-

576 3744 646 3792 tte
673 3735 782 3791 duo
806 3702 1157 3795 discordasse
1185 3729 1255 3785 de
1283 3727 1415 3792 lide;
1449 3741 1516 3780 an
1539 3740 1672 3779 vero
1701 3721 1933 3792 aliquam
1988 3719 2040 3772 in
2066 3702 2182 3772 dic-

574 3839 752 3885 torum
777 3825 1096 3904 diversitate
1117 3822 1486 3879 diversitatem
1517 3818 1733 3888 signare
1759 3813 1997 3870 voluisse
2028 3824 2178 3882 mys-

571 3922 740 3980 terii?
771 3921 948 3977 Habes
974 3920 1120 3974 enim
1145 3919 1198 3973 in
1232 3913 1531 3985 Evangelio
1549 3909 1846 3967 secundum
1869 3907 2178 3960 blatthazum

573 4019 700 4091 quia
721 4017 874 4071 Jesus
894 4032 1010 4070 cum
1029 4013 1245 4068 venisset
1271 4011 1324 4064 in
1359 4007 1682 4072 Bethaniam,
1727 4004 1781 4057 in
1833 4001 2043 4055 domum
2092 3997 2180 4051 Si-

577 4109 744 4164 monis
772 4106 987 4177 leprosi,
1014 4105 1225 4158 accessit
1250 4102 1318 4155 ad
1349 4116 1465 4154 eum
1507 4098 1693 4151 mulier
1733 4093 1923 4148 habens
1971 4089 2178 4144 alabas-

571 4212 712 4256 trum
739 4198 986 4270 unguenti
1015 4197 1244 4266 pretiosi,
1275 4203 1320 4248 et
1351 4191 1670 4247 recumbente
1697 4187 1815 4253 illo,
1845 4187 1980 4258 fudit
2024 4199 2180 4253 super

576 4305 730 4364 caput
758 4295 872 4366 ejus
897 4289 1111 4361 (Matth.
1130 4303 1278 4352 xxvr,
1301 4287 1335 4343 6
1361 4297 1407 4341 et
1432 4284 1510 4357 7).
1544 4282 1753 4362 Deinde
1778 4283 1896 4335 istic
1927 4297 1940 4333 :
1987 4278 2179 4333 Phari-

574 4402 713 4443 δαημς
739 4387 879 4440 intra
905 4359 960 4438 se
976 4383 1124 4447 dicit,
1153 4385 1292 4453 quod
1324 4379 1368 4433 si
1396 4387 1526 4434 esset
1557 4359 1810 4448 propheta
1829 4415 1843 4440 ,
1870 4374 2023 4428 sciret
2061 4388 2181 4442 pec-

573 4479 835 4541 catricem,
869 4486 917 4531 et
944 4460 1260 4546 unguentum
1286 4475 1402 4546 ejus
1445 4473 1605 4524 uitare
1643 4468 1843 4522 deberet
1871 4464 2060 4538 (lbid.,
2096 4463 2172 4535 8).

2251 427 2531 514 Bethania,
2559 461 2679 518 quae
2709 459 2806 514 per
2832 435 3333 508 interpretationem
3355 432 3554 486 domus
3582 427 3835 485 obeditio-

2251 544 2335 599 nis
2354 542 2572 596 dicitur.
2598 537 2787 593 Omnis
2815 533 2980 605 igitur
3009 531 3160 585 locus
3201 525 3463 582 Bethania
3493 563 3510 589 ,
3539 519 3714 592 portio
3749 534 3836 574 au-
3934 519 3935 594 ξ

2251 646 2358 690 tem
2383 633 2548 690 totius
2591 612 2695 686 loci
2735 627 2931 684 domus
2957 620 3222 679 Simonis.
3270 617 3461 673 Nonne
3501 613 3602 668 tibi
3643 611 3839 666 videtur
3934 621 3935 676 ᾖ

2250 726 2510 782 Bethania
2548 720 2784 777 mundus
2816 719 2903 774 hic
2927 730 3080 782 esse,
3105 714 3158 768 in
3181 727 3288 783 quo
3318 707 3526 764 servitii
3553 703 3840 760 obedientis

2252 819 2514 876 debemus
2539 813 2884 885 obsequium,
2931 808 3128 864 domus
3159 815 3338 860 autem
3381 799 3621 858 Simonis
3656 796 3841 868 leprosi

2255 924 2396 969 terra
2424 925 2568 976 esse,
2598 921 2720 977 quae
2773 902 2960 960 mundi
3011 901 3189 972 portio
3229 897 3354 952 est?
3385 894 3650 963 Princeps
3674 901 3842 946 autem

2253 997 2439 1060 Sicanii
2472 1000 2631 1070 hujus
2671 997 2891 1066 quidam
2943 993 3192 1062 leprosos
3220 997 3307 1044 est
3337 986 3548 1041 Simon.
3584 983 3724 1054 Ergo
3752 981 3844 1037 Do-

2256 1095 2437 1152 minus
2458 1093 2620 1148 Jesus
2648 1088 2902 1146 Christus
2923 1101 2988 1141 ex
3014 1084 3122 1140 illis
3149 1079 3527 1152 superioribus
3557 1079 3693 1133 locis
3712 1076 3846 1132 venit
3934 1059 3935 1082 ἢ

2255 1189 2310 1244 in
2339 1188 2484 1243 hunc
2515 1182 2800 1249 mundum,
2829 1191 2885 1236 et
2907 1176 3190 1234 descendit
3239 1175 3293 1230 in
3324 1183 3547 1230 terram.
3597 1169 3714 1226 Non
3744 1178 3846 1225 erat
3934 1167 3935 1170 “

2257 1283 2310 1337 in
2342 1281 2448 1336 hoc
2487 1280 2712 1342 mundo,
2765 1273 2862 1330 sed
2892 1273 3182 1329 obediente
3210 1271 3429 1340 pietate,
3465 1265 3663 1322 missus
3688 1273 3770 1321 est
3801 1264 3848 1320 in
3934 1301 3935 1316 η

2259 1373 2404 1428 hunc
2438 1370 2718 1426 tnundum.
2748 1367 2869 1437 Ipse
2900 1364 3031 1420 dicit
3072 1381 3085 1418 :
3111 1362 3267 1418 Sicut
3297 1358 3495 1414 misisti
3526 1372 3615 1412 me
3637 1359 3688 1412 in
3721 1358 3851 1410 hunc

2257 1466 2520 1522 nmudutn
2550 1461 2731 1535 (Joan.
2785 1475 2879 1526 νι,
2925 1456 3045 1529 57).
3093 1451 3317 1510 Auditit
3345 1466 3478 1523 ergo
3525 1448 3720 1505 mulier
3757 1448 3852 1503 ista

2260 1561 2476 1617 venisse
2505 1557 2806 1622 Christum,
2851 1554 3074 1608 intravit
3128 1551 3180 1604 in
3211 1548 3434 1603 domum
3462 1541 3732 1608 Simonis;
3769 1559 3853 1597 ne-

2260 1673 2365 1726 que
2386 1657 2534 1710 enim
2562 1652 2745 1709 sanari
2778 1646 3046 1720 patuisset
3072 1644 3188 1700 hare
3222 1641 3436 1724 mulier,
3488 1640 3591 1694 nisi
3622 1635 3854 1692 Christus

2264 1756 2503 1804 venisset
2547 1749 2601 1803 in
2651 1756 2873 1801 terram.
2924 1741 2993 1796 Et
3040 1741 3269 1794 fortasse
3298 1718 3422 1790 ideo
3448 1735 3614 1790 etiam
3643 1734 3751 1802 ipsa
3777 1728 3853 1786 iu-

2265 1841 2509 1912 greditur
2533 1839 2753 1894 dotnum
2815 1830 3076 1893 Simonis.
3126 1827 3273 1900 quod
3313 1829 3553 1898 speciem
3593 1822 3856 1893 cuiusdam

2267 1931 2466 1988 habeat
2487 1928 2786 2000 superioris
2816 1925 3013 1981 animae
3040 1920 3270 1982 scilicet.
3306 1918 3394 1974 vel
3443 1915 3721 1981 Ecclesiae,
3750 1927 3858 1982 qum

2268 2026 2558 2084 descendit
2604 2025 2659 2079 in
2689 2033 2922 2086 terram,
2975 2025 3032 2073 ut
3081 2016 3227 2070 bono
3271 2012 3440 2068 odore
3488 2009 3596 2067 sibi
3621 2009 3860 2081 pupulum

2269 2129 2651 2194 congregaret.

2342 2215 2429 2272 14.
2461 2213 2646 2286 (Vers.
2674 2211 2764 2267 58.
2798 2215 2815 2280 )
2843 2207 2996 2264 lianc
3023 2219 3156 2276 ergo
3185 2201 3470 2258 mulierem
3496 2197 3703 2254 inducit
3719 2210 3864 2252 sanc-

2275 2323 2362 2367 tus
2377 2309 2501 2364 Matt
2512 2307 2664 2362 hmus
2679 2318 2843 2374 supra
2856 2309 3019 2371 caput
3030 2296 3233 2352 Christi
3253 2293 3620 2351 ell‘undentem
3643 2305 3864 2362 unguen-

2274 2416 2386 2460 tum
2425 2402 2652 2473 (Matth.
2684 2413 2833 2463 xxvi,
2861 2394 2927 2466 7)
2967 2412 2982 2448 :
3031 2401 3088 2449 et
3135 2390 3260 2446 ideo
3301 2387 3442 2443 forte
3485 2385 3661 2442 noluit
3696 2383 3867 2439 dicere

2277 2495 2634 2569 peccatricem
2653 2532 2668 2557 ,
2703 2505 2826 2545 nam
2857 2484 3132 2558 peccatrix
3162 2478 3456 2537 secundum
3484 2476 3684 2532 Lucam
3714 2488 3865 2544 supra

2272 2588 2476 2646 Christi
2503 2584 2668 2656 pedes
2700 2579 2891 2639 alludit
2918 2582 3276 2648 unguentum.
3307 2571 3492 2626 Potest
3535 2583 3668 2639 ergo
3696 2575 3725 2605 ι
3768 2581 3866 2620 non

2277 2681 2470 2740 eadem
2494 2694 2618 2735 esse
2641 2717 2658 2744 ,
2717 2692 2784 2732 ne
2808 2673 2913 2729 sibi
2937 2669 3271 2727 contrarium
3301 2662 3651 2735 evangelista:
3679 2659 3868 2716 dixisse

2278 2776 2582 2831 videantur.
2634 2771 2823 2826 Potest
2864 2766 3027 2822 etiam
3058 2761 3288 2834 quasstio
3316 2758 3496 2814 meriti
3523 2765 3580 2810 et
3623 2751 3865 2824 temporis

2278 2867 2596 2925 diversitate
2639 2861 2904 2926 dissolvi,
2931 2865 2991 2912 ut
3017 2857 3198 2912 adhuc
3228 2852 3316 2908 illa
3347 2848 3625 2922 peccatrix
3649 2848 3741 2911 sit,
3761 2845 3865 2915 jam

2281 2964 2384 3018 ista
2416 2958 2729 3030 perfectior.
2753 2954 2869 3010 Etsi
2897 2953 3042 3008 enim
3091 2961 3384 3020 personam
3435 2959 3544 2998 non
3577 2949 3748 2996 mutet
3778 2938 3868 2994 Ec.

2281 3054 2475 3117 clesia,
2505 3051 2587 3105 vel
2639 3050 2818 3102 anima
2847 3061 2861 3111 ;
2894 3053 3077 3100 tamen
3137 3046 3310 3096 mutat
3344 3037 3670 3108 profectum.
3698 3031 3868 3102 Itaque

2205 3157 2251 3222 ρ
2283 3147 2328 3200 si
2355 3143 2656 3199 constituas
2673 3140 2910 3195 animam
2941 3123 3177 3190 ﬁdeliter
3196 3129 3729 3202 apprOpinquantem
3744 3121 3867 3186 Deo,

2283 3256 2392 3296 non
2426 3238 2661 3309 peccatis
2691 3233 2939 3302 turpibus
2985 3237 3041 3286 et
3078 3224 3375 3286 obscenis,
3405 3219 3436 3261 δ
3486 3219 3584 3276 sed
3631 3215 3715 3286 pie
3765 3230 3870 3269 sero

2283 3336 2518 3389 rientem
2543 3330 2639 3386 Dei
2671 3327 2878 3392 Verbo,
2905 3323 3194 3379 habentem
3233 3316 3597 3373 immaculata:
3637 3309 3870 3367 ﬁduciam

2282 3424 2549 3482 castitatis
2574 3462 2589 3488 ,
2638 3415 2876 3474 advertis
2905 3412 3048 3484 quod
3091 3410 3179 3489 ad_
3201 3410 3375 3477 ipsum
3403 3401 3610 3460 Christi
3645 3398 3874 3456 ascendit

2282 3529 2446 3591 caput
2477 3521 2654 3586 (caput
2687 3521 2860 3567 autem
2888 3507 3083 3563 Christi
3103 3504 3148 3575 (l
3175 3500 3298 3556 Cor.
3330 3515 3388 3554 ιι
3407 3539 3425 3566 ,
3448 3499 3509 3567 5)
3539 3497 3679 3549 Deus
3703 3493 3800 3564 est)
3824 3497 3873 3546 et

2283 3615 2508 3671 odorem
2557 3609 2876 3666 meritorum
2917 3597 3126 3673 Spargit
3176 3610 3445 3652 suorum:
3505 3588 3701 3647 Christi
3743 3586 3872 3643 enim

2285 3711 2450 3765 bonus
2473 3705 2603 3760 odor
2623 3717 2802 3758 sumus
2830 3697 2942 3752 Deo
2971 3696 3036 3766 (ll
3067 3694 3188 3748 Cor.
3220 3705 3278 3755 ιι,
3315 3686 3430 3760 15).
3488 3686 3661 3740 Deum
3691 3681 3873 3754 quippe

2284 3805 2515 3862 honorat
2533 3802 2733 3856 bonum
2757 3795 3001 3866 fragrans
3021 3789 3250 3846 odorem
3279 3786 3388 3839 vita
3410 3782 3710 3853 iustorum.

2357 3898 2448 3953 ts.
2478 3895 2536 3949 sa
2567 3895 2683 3947 haec
2714 3865 3021 3958 intelligas,
3057 3879 3265 3936 videbis
3287 3880 3426 3930 hanc
3447 3873 3705 3929 l'etninatn
3733 3865 3874 3922 valde

2285 3992 2524 4052 beatam,
2551 3985 2878 4051 ubicumque
2921 3974 3270 4047 praedicatum
3317 3967 3480 4024 fuerit
3507 3965 3612 4020 hoc
3648 3963 3875 4027 Evange-

2283 4083 2441 4148 lium,
2465 4075 2759 4140 nominari,
2805 4085 2908 4127 nec
2936 4067 3056 4140 ejus
3100 4077 3354 4134 umquam
3397 4056 3720 4116 memoriam
3758 4065 3876 4109 exo-

2284 4177 2491 4232 lescere
2520 4171 2738 4246 (Matth.
2791 4179 2958 4229 xxvt,
3013 4159 3154 4231 13);
3201 4171 3267 4212 eo
3311 4153 3455 4225 quod
3512 4150 3879 4220 super-caput

2283 4269 2482 4327 Christi
2522 4269 2793 4324 bonorum
2831 4253 3182 4328 l‘ragrantiam
3236 4262 3472 4312 morum,
3501 4248 3872 4314 justorumque

2283 4363 2548 4418 factorum
2579 4355 2769 4413 eﬂ'udit
2813 4359 3110 4423 unguenta.
3156 4342 3259 4411 Qui
3316 4339 3528 4396 accedit
3574 4334 3642 4390 ad
3701 4340 3869 4400 caput,

2285 4460 2457 4515 nescit
2477 4453 2698 4517 extolli;
2731 4450 2872 4504 sicut
2892 4421 2984 4500 ille
3012 4441 3212 4497 frustra
3235 4436 3455 4493 inﬂatus
3476 4438 3664 4486 mente
3710 4421 3873 4481 carnis

573 4522 835 4541 -.....--...,
870 4522 916 4531 -.
944 4522 1256 4546 π--,η-----η-η
1290 4522 1304 4526 ν
1585 4522 1594 4523 κ
1875 4522 1890 4538 .
2047 4522 2058 4530 ,
2133 4522 2144 4535 ,

573 4572 692 4629 Illic
718 4558 990 4644 unguento
1020 4569 1193 4625 effuso
1214 4522 1466 4637 disdipuli
1497 4572 1924 4635 conquerantur.
1959 4560 2182 4618 Utrum-
2205 4560 2257 4620 D
2283 4569 2419 4620 suae,
2449 4560 2505 4606 et
2534 4564 2640 4605 non
2670 4556 2863 4602 tenens
2902 4547 3086 4609 caput.
3117 4533 3225 4591 Sed
3254 4530 3346 4602 qui
3391 4534 3554 4600 caput
3600 4538 3710 4577 non
3742 4522 3876 4644 tenet

2605 4643 2611 4644 κ
2735 4638 2746 4644 -
3003 4639 3014 4644 -
3149 4627 3188 4644 .,
3234 4636 3424 4644 --ψη
3670 4621 3876 4644 Mm”-

573 4681 680 4736 que
711 4665 873 4736 igitur
900 4661 1283 4733 explicandum
1312 4669 1418 4724 est.
1466 4659 1562 4715 sed
1591 4665 1716 4713 ante
1765 4657 1909 4728 quod
1942 4655 2179 4725 scripto-

571 4777 694 4818 rum
717 4761 908 4816 ordine
936 4758 1090 4828 prius
1110 4766 1218 4821 est,
1245 4756 1478 4828 priorem
1509 4766 1722 4824 quoque
1743 4750 1994 4806 ordinem
2013 4747 2182 4802 inter-

575 4853 897 4926 pretationis
917 4851 1170 4921 accipiat.

649 4945 737 5005 l5.
773 4947 930 5004 Venit
950 4960 1084 5018 ergo
1115 4942 1377 5000 Dominus
1407 4941 1569 4997 Jcsus
1597 4940 1650 4996 in
1679 4937 1901 4994 domum
1937 4933 2180 4992 Simonis

578 5041 804 5114 leprosi.
827 5044 1066 5112 Apparet
1091 5033 1578 5106 mconomia,quod
1612 5034 1888 5103 leprosum
1913 5026 2180 5085 nonrefu-

575 5138 677 5208 git,
699 5153 806 5191 non
821 5131 1308 5189 vitatimmundum
1324 5171 1340 5197 ,
1361 5141 1417 5184 ut
1436 5128 1677 5183 maculas
1693 5118 2178 5192 lunnanicorporis

649 5267 677 5296 ἰ
718 5256 905 5313 Utrum
936 5252 1128 5306 mulier
1160 5247 1455 5316 peccatrix,
1480 5243 1644 5301 Maria
1669 5257 1825 5298 soror
1857 5239 2042 5296 Lazari
2071 5277 2085 5301 ,
2109 5251 2173 5290 ac

579 5329 743 5385 Maria
781 5325 1098 5396 Mugdalene
1129 5322 1332 5396 plures
1375 5330 1620 5388 perstinzc
1674 5316 1917 5396 fuerint,
1961 5327 2028 5396 att
2071 5323 2172 5361 una

583 5411 819 5463 tantum,
864 5382 920 5452 ἕι
957 5397 1066 5462 jam
1090 5382 1218 5447 olim
1246 5382 1660 5463 controversum
1717 5395 1801 5441 est
1828 5426 1843 5447 .
1907 5382 2174 5463 hodieque

581 5452 1020 5527 Controvertittir.
1045 5466 1188 5521 Prim
1209 5461 1603 5527 tmopinionem
1630 5471 1972 5526 propugnare
1997 5452 2177 5527 viden:

581 5551 670 5597 tur
697 5521 938 5611 plerique
956 5521 1386 5611 AGt'mcimPatre's.
1411 5521 1670 5611 alraltera
1693 5521 1829 5610 vero
1842 5541 1989 5580 stare
2024 5521 2177 5611 multi

579 5594 769 5668 Palrrtes
797 5594 996 5666 Latini.
1021 5610 1128 5661 llos
1156 5607 1402 5664 Seriona
1445 5604 1677 5656 alumnis
1717 5601 1830 5652 suis
1869 5594 2176 5668 sequendos

623 5664 866 5756 roposuit
887 5699 904 5746 ς
929 5664 1029 5756 nec
1047 5687 1230 5735 tamen
1251 5677 1557 5756 desuntqui
1593 5672 1861 5728 calculum
1894 5664 2050 5723 suum
2081 5664 2175 5717 tri-

632 5745 761 5810 ua'nt
780 5754 1040 5824 opposita:
1066 5748 1353 5807 sententiae
1388 5763 1401 5799 :
1431 5748 1597 5802 immo
1629 5755 1685 5799 et
1715 5745 2007 5798 novissime
2048 5749 2176 5808 pro-

2279 4646 2506 4709 Christi,
2532 4643 2615 4698 vel
2647 4638 2814 4712 pedes
2837 4627 3198 4700 teneat;quia
3227 4636 3426 4694 corpus
3475 4631 3642 4672 unum
3669 4607 3876 4712 copula:

2283 4749 2396 4796 tum
2419 4748 2476 4794 et
2501 4697 2975 4791 subniinistratum
3015 4719 3219 4780 crescit
3248 4717 3308 4772 in
3359 4712 3760 4768 incrementum
3790 4697 3876 4756 Dei

2285 4833 2511 4908 (Coloss.
2540 4846 2602 4896 ιι,
2634 4826 2746 4897 l9).

2359 4928 2448 4982 16.
2492 4895 2677 4980 Altera
2705 4895 2802 4974 Vest
2848 4916 2939 4970 illa
2963 4911 3046 4967 vel
3076 4920 3308 4981 persona
3335 4900 3427 4957 vel
3470 4895 3742 4969 profectu,
3768 4899 3875 4982 qua:

2268 5020 2590 5091 .propinqua
2617 5014 2776 5069 nobis
2795 5017 2898 5079 est.
2941 5003 3190 5062 Nondum
3229 4997 3372 5054 enim
3405 4987 3648 5064 peccatis
3689 4978 3874 5042 nostris

2287 5111 2742 5172 remmtiavimus.
2783 5102 2884 5159 Ubi
2913 5107 3040 5156 sunt
3067 5103 3267 5151 nostrae
3294 5090 3573 5159 lacrymac,
3603 5080 3694 5137 ubi
3718 5071 3874 5150 gemi-

2273 5231 2376 5287 diit
2407 5227 2624 5282 libellus
2650 5223 2706 5278 in
2748 5217 3064 5287 publicum,
3099 5226 3208 5282 quo
3254 5207 3437 5287 plures
3481 5201 3660 5287 luisse
3706 5189 3870 5287 multis

2274 5276 2895 5361 ieiuniis};saeuos.
2929 5285 3068 5361 ραι]
3095 5276 3345 5361 ergonos
3373 5276 3430 5330 in
3478 5277 3871 5361 tantacpntzrloi;

2278 5330 2506 5359 Ocreaqu
2541 5330 2895 5361 ιιικειηιυιη-σ.
2931 5330 3068 5356 κυν-
3097 5330 3220 5352 vos
3249 5330 3278 5334 η
3329 5330 3339 5332 -
3791 5337 3798 5346 .
3841 5333 3849 5341 _

2278 5375 2452 5430 vcrsia
2477 5370 2500 5424 ’ἲ
2525 5365 2799 5424 Ambrosii
2829 5360 3000 5413 nostri
3022 5357 3075 5411 in
3096 5371 3152 5408 re
3177 5352 3401 5430 minime
3441 5341 3728 5430 pet-'Spiclua
3755 5330 3870 5390 mlul

2607 5414 2921 5503 e-it‘eiit'plunt
2951 5430 3111 5503 nobis
3134 5423 3424 5503 credimus
3441 5414 3784 5503 itnilattdttm.

2348 5485 2887 5576 ίξ
2918 5544 2936 5576 _.
2971 5514 3071 5555 nec
3099 5495 3313 5576 inﬁmae
3347 5499 3516 5576 notae,
3545 5487 3636 5541 sed
3667 5485 3870 5576 piepcr;

2275 5559 2795 5644 vanzéiiiiieiii'rtzl
2816 5559 2998 5632 Potior
3028 5581 3208 5625 tamen
3230 5563 3444 5621 videtur
3465 5565 3697 5615 altorum
3725 5559 3869 5618 atque

2279 5661 2411 5718 edit.
2439 5658 2624 5716 lectio.
