3960 6296
147 281 291 337 1073

132 681 428 750 possimus.
458 680 709 738 Nondum
737 683 880 739 enim
915 699 1204 755 possumus
1238 684 1304 740 ad
1333 686 1735 757 caputvenire,

131 775 252 846 quia
287 786 542 846 peccator
568 777 635 832 ad
663 777 849 848 pedes,
877 787 904 817 ι
921 778 1103 849 justus
1124 778 1189 834 ad
1221 789 1402 849 caput.

200 868 291 923 17.
350 867 526 924 liabet
576 877 756 926 tamen
811 879 866 927 et
914 886 1035 942 quae
1085 874 1330 942 peccavit
1378 882 1730 944 unguentum.

135 961 349 1034 1388
383 962 538 1018 Defer
563 962 693 1019 mihi
731 973 788 1021 et
832 974 886 1020 tu
920 974 1043 1036 post
1081 976 1298 1036 peccata
1330 969 1728 1038 paenitentiam.

129 1053 480 1125 Quocumque
506 1055 592 1111 vel
637 1054 666 1094 δ
712 1056 766 1111 ἰιι
793 1055 1012 1112 dommn
1045 1057 1274 1129 indigni,
1305 1060 1388 1115 vel
1430 1059 1482 1115 in
1508 1059 1729 1116 domum

129 1146 381 1218 pharistni
407 1147 647 1206 audieris
665 1149 868 1221 justum
891 1151 1131 1218 venisse,
1159 1151 1426 1208 contende
1456 1171 1470 1208 :
1500 1153 1733 1223 prmripe

129 1240 322 1313 hospiti
347 1241 609 1312 gratiam,
644 1247 878 1313 prteripe
899 1260 1123 1314 regnum
1155 1245 1417 1300 cmlerum
1445 1262 1458 1297 :
1482 1244 1528 1298 A
1553 1243 1731 1300 diebus

128 1333 260 1390 enim
291 1331 522 1389 Joannis
544 1333 917 1405 Baptista“...
946 1353 1164 1408 regnum
1213 1337 1457 1392 caelorum
1502 1337 1725 1408 cogitur,

125 1439 169 1483 et
195 1439 432 1498 cogentes
464 1427 726 1500 diripiunt
748 1429 883 1485 illud
930 1429 1149 1503 (Matth.
1203 1447 1279 1496 xl,
1315 1428 1431 1502 1‘2).
1470 1429 1729 1487 Ubicum-

125 1536 219 1590 que
242 1521 490 1576 audieris
514 1518 718 1577 Christi
746 1537 944 1578 nomen
980 1564 995 1589 ,
1025 1538 1251 1578 accurre
1278 1542 1291 1576 :
1325 1523 1378 1578 in
1418 1523 1729 1595 cujuscum-

123 1629 216 1683 que
243 1614 568 1670 interiorem
589 1614 811 1670 domum
837 1613 1018 1670 Jesum
1043 1615 1278 1670 intrasse
1298 1615 1640 1686 cognoveris,
1672 1625 1729 1673 et

121 1706 227 1778 ipse
255 1708 480 1764 festina.
509 1706 644 1763 Cum
678 1707 951 1775 repereris
978 1706 1324 1777 sapientiam,
1355 1723 1479 1763 eum
1505 1723 1724 1776 repere-

121 1801 188 1856 ris
217 1801 495 1870 justitiam
547 1801 598 1855 in
631 1801 860 1869 alicujus
886 1799 1256 1872 penetralibus
1287 1801 1719 1869 recumbentem,
1751 1791 1800 1852 B
1829 1797 1970 1885 Erga
2001 1832 2101 1872 nec
2135 1791 2335 1877 Ρειιηυέ
2396 1798 2534 1894 ἱρέε,
2587 1827 2614 1866 d
2671 1791 2797 1902 auia

120 1908 333 1949 accurre
362 1893 431 1947 ad
463 1892 629 1964 pedes
655 1934 670 1957 ,
714 1891 819 1948 hoc
874 1901 959 1948 est
987 1935 1001 1959 ,
1055 1892 1140 1948 vel
1179 1901 1478 1948 extremam
1511 1902 1722 1963 partem

119 2004 288 2060 qua-re
316 1988 631 2058 sapientia).
657 1987 777 2042 Noli
803 1985 1049 2043 fastidire
1075 1985 1246 2056 pedes
1278 2006 1290 2041 :
1334 1987 1606 2041 timbriam
1632 1986 1722 2042 illa

121 2082 303 2152 tetigit,
339 2089 398 2136 et
424 2093 612 2136 sanata
645 2090 728 2137 est
752 2081 902 2153 (Luc.
937 2095 1050 2143 vnt,
1083 2080 1198 2148 44).
1228 2077 1508 2149 Lacrymis
1536 2076 1708 2132 conﬁ-

119 2186 224 2233 tere
249 2177 483 2243 delicta,
516 2177 661 2234 dicat
681 2178 750 2234 de
777 2188 830 2235 te
856 2194 1073 2249 quoque
1089 2177 1295 2249 justitia
1326 2176 1417 2232 illa
1440 2177 1680 2233 caelestis
1704 2193 1718 2232 :

179 2271 365 2343 (Vers.
407 2273 531 2342 44.)
579 2271 846 2345 Laerymis
900 2273 1010 2328 suis
1036 2272 1223 2344 rigavit
1271 2272 1426 2344 pedes
1469 2288 1644 2339 meos,
1674 2281 1724 2328 et

117 2371 310 2442 capillis
333 2372 447 2426 suis
479 2372 644 2426 tersit.

180 2463 264 2519 18.
298 2464 373 2520 Et
397 2465 630 2520 fortasse
659 2464 785 2521 ideo
808 2481 914 2521 non
944 2466 1078 2521 lavit
1098 2467 1262 2537 pedes
1291 2481 1420 2524 suos
1447 2467 1717 2536 Christus,

119 2567 167 2613 ut
187 2574 278 2615 eos
309 2559 570 2633 lacrymis
600 2575 701 2615 nos
752 2561 1016 2617 lavemus.
1071 2561 1239 2618 Bome
1281 2564 1557 2636 lacrymae,
1598 2580 1721 2636 qua:

119 2666 214 2707 non
263 2653 448 2708 solum
489 2665 1029 2732 ,nostrum‘possunt
1082 2656 1266 2713 lavare
1297 2658 1554 2714 delictum
1577 2699 1592 2725 ,
1623 2658 1720 2714 sed

117 2751 266 2805 etiam
294 2750 466 2806 Verbi
510 2752 751 2807 cmlestis
791 2752 970 2823 rigare
1018 2753 1349 2824 vestigium;
1394 2764 1451 2810 ut
1497 2770 1719 2826 gressus

117 2845 220 2915 ejus
248 2846 313 2901 in
336 2847 496 2902 nobis
542 2847 862 2904 exuberent.
893 2849 1059 2904 Bona:
1106 2850 1362 2922 lacryma:
1393 2892 1410 2918 ,
1443 2851 1497 2906 in
1523 2853 1718 2923 quibus

117 2955 210 2996 non
238 2941 421 2997 solum
446 2941 752 3012 redemptio
801 2953 1148 3014 peccatorum
1176 2987 1191 3010 ,
1223 2945 1318 3000 sed
1354 2946 1517 3000 etiam
1549 2946 1720 3002 refec-

119 3035 184 3090 tio
200 3044 290 3091 est
310 3035 607 3106 iustorum,
651 3035 784 3104 justi
826 3037 975 3094 enim
1025 3054 1133 3092 vox
1162 3047 1288 3093 est:
1323 3037 1560 3094 Fuerunt
1589 3041 1720 3095 mihi

118 3129 354 3200 lacryrnae
382 3144 511 3184 mea:
541 3145 701 3200 panes
722 3130 807 3185 die
833 3146 896 3184 ae
913 3141 1062 3186 nocte
1082 3130 1258 3199 (Psal.
1285 3148 1394 3200 xu,
1419 3132 1500 3203 4).

179 3221 268 3278 l9.
293 3222 363 3278 Et
386 3224 433 3279 si
454 3223 522 3278 ad
545 3232 709 3294 caput
734 3221 935 3279 Christi
957 3225 1220 3282 accedere
1248 3240 1353 3281 non
1385 3236 1567 3296 potes,
1599 3237 1718 3284 tan-

119 3324 195 3385 gat
229 3314 462 3386 pedibus
518 3314 634 3370 suis
670 3326 832 3386 caput
871 3324 1024 3392 tuum
1063 3315 1333 3373 Christus.
1391 3319 1456 3374 Et
1503 3321 1712 3380 llinbria

120 3409 224 3479 ejus
243 3421 422 3478 curat,
455 3419 512 3467 et
531 3410 698 3481 pedes
720 3424 928 3468 curant.
963 3410 1229 3482 Expandc
1255 3415 1506 3482 capillos,
1528 3427 1714 3477 sterne

119 3513 233 3562 ante
255 3522 379 3560 eum
403 3521 599 3562 omnes
623 3508 700 3562 tui
724 3509 973 3579 corporis
1001 3508 1308 3580 dignitales.
1342 3504 1458 3564 Non
1506 3513 1712 3570 rnedio-

120 3614 227 3656 cres
254 3601 439 3670 capilli
462 3612 610 3668 sunt,
652 3604 742 3674 qui
787 3616 1017 3676 possunt
1046 3614 1261 3676 tergere
1297 3607 1460 3678 pedes
1486 3607 1711 3668 Christi.

122 3690 355 3750 Testatur
380 3695 485 3749 hoc
511 3694 624 3757 ille,
658 3696 746 3767 qui
772 3699 1031 3768 quamdiu
1060 3701 1287 3770 capillos
1309 3701 1490 3756 habuit
1521 3743 1535 3766 ,
1571 3705 1712 3762 vinci

123 3786 344 3855 nequivit
365 3785 522 3856 (Jud.
553 3803 665 3853 xvn,
689 3788 722 3844 5
751 3799 798 3842 et
820 3807 927 3859 seq.
960 3788 1001 3862 ).
1055 3792 1292 3864 Denique
1333 3803 1389 3848 et
1427 3797 1709 3852 nmlierem

123 3875 440 3933 decalvatam
495 3893 656 3934 orare
685 3895 793 3935 non
825 3881 984 3936 decet
1024 3882 1067 3952 (1
1113 3880 1236 3938 Cor.
1265 3901 1342 3952 xl,
1397 3887 1473 3956 5).
1504 3885 1712 3944 Habeat

123 3970 264 4040 plane
290 3970 525 4040 capillos
554 3971 749 4042 quibus
785 3971 988 4029 Christi
1035 3977 1423 4034 circmnvolvat
1463 3983 1709 4054 vestigia,

127 4071 146 4100 ε
174 4064 362 4130 quibus
383 4079 498 4121 sum
537 4065 815 4141 eriniculis
857 4069 1271 4138 pulchritudinis
1302 4082 1358 4130 et
1381 4073 1597 4132 decoris
1625 4093 1713 4133 sa-

126 4154 319 4223 pientia:
346 4156 521 4227 pedes
543 4167 754 4229 tergat;
783 4171 839 4214 ut
865 4172 1114 4220 extremo
1139 4165 1332 4222 saltem
1366 4184 1491 4226 rore
1512 4169 1709 4227 divinae

125 4251 317 4308 virtutis
348 4254 693 4316 humescant,
719 4253 843 4326 ligat
877 4256 1102 4326 justitise
1126 4260 1352 4330 pedibus
1373 4263 1560 4321 oscula
1585 4281 1705 4320 sua.

127 4341 223 4399 Non
248 4345 546 4402 mediocris
565 4344 684 4402 hazc
705 4349 884 4405 meriti
911 4360 998 4407 est
1024 4391 1040 4418 ,
1064 4352 1132 4409 de
1161 4369 1266 4426 qua
1305 4364 1486 4427 potest
1524 4357 1707 4416 dicere

126 4435 381 4510 Sapientia
407 4459 421 4496 :

1113 266 1491 346 exposn‘to
1524 282 1787 342 nunc.
1824 285 1973 346 see.
2016 293 2170 354 LUC.
2212 299 2343 358 LIB.
2389 304 2474 361 νι.

141 407 247 462 tus,
277 395 370 452 ubi
406 398 600 454 ﬂetus?
632 397 831 465 Venite,
852 399 1144 469 adoremus,
1176 413 1225 458 et
1265 403 1598 473 procidamus
1623 414 1740 458 ante
1762 401 1841 465 A'
1915 407 2008 463 21.
2036 409 2216 481 (Vcrs.
2244 415 2365 489 46.)
2409 418 2607 477 Beatus

136 489 306 546 Deum
332 533 350 556 ,
382 503 434 547 et
461 493 721 562 ploremus
746 505 865 550 ante
893 493 1173 551 Dominum
1198 507 1429 551 nostrum
1453 540 1470 564 ,
1500 499 1588 566 qui
1617 498 1741 568 fecit
1843 501 2010 572 pedes
2035 503 2238 564 Christi
2273 527 2286 564 :
2319 511 2553 584 denique
2597 535 2612 571 ι

135 601 228 641 nos
259 583 442 655 (Psal.
475 602 622 655 serv,
650 588 745 660 6);
777 597 839 645 ut
879 589 1071 645 saltem
1107 589 1174 646 ad
1204 590 1370 661 pedes
1391 589 1520 647 Jesu
1551 592 1739 648 venire

3303 333 3441 392 1671

2648 428 2741 494 qui
2792 438 2969 500 potest
3013 445 3065 491 et
3097 437 3217 496 oleo
3248 459 3450 516 ungere

1843 593 1951 690 ξιιιί
2000 598 2215 658 beatior
2241 620 2362 675 qua:
2393 609 2546 667 unxit
2590 629 2900 687 unguento;
2949 625 3242 686 multorum
3299 637 3446 690 enim

1838 683 2032 746 ﬂorum
2061 692 2113 748 in
2144 711 2308 753 unum
2337 701 2568 760 collecta
2590 710 2760 776 gratia
2788 716 2987 786 spargit
3017 719 3242 778 odorum
3267 728 3446 786 varias

1837 785 2158 880 suavitates.
2193 791 2258 846 Et
2307 793 2538 854 fortasse
2591 799 2736 860 ismd
2793 796 3125 880 unguentum
3157 833 3279 872 nou-
3303 785 3444 878 alius

1837 878 2010 982 possit
2033 881 2136 983 nisi
2163 883 2406 944 Ecclesia
2451 892 2565 948 sola
2589 895 2809 955 deferre
2837 943 2852 969 ,
2871 878 3005 975 qua:
3037 909 3234 966 diversi
3264 915 3441 984 spira-

1836 970 2002 1072 minis
2035 973 2466 1038 innumerabiles
2496 984 2659 1042 ﬂores
2687 991 2848 1047 habet
2881 970 3049 1068 :vqutc
3078 970 3443 1078 merito'spe-

1835 1061 1973 1118 ciem
2003 1068 2203 1139 accipit
2236 1077 2576 1144 peccatricis,
2619 1083 2744 1152 quia
2766 1083 3014 1149 Christus
3056 1111 3272 1169 quoque
3320 1061 3434 1158 ior-

1834 1169 1975 1211 mam
2002 1164 2306 1228 peccatoris
2335 1171 2566 1242 accepit.

1903 1250 1995 1306 22.
2027 1253 2212 1346 (Vers.
2247 1261 2367 1356 17.)
2400 1264 2469 1320 Ει
2500 1267 2625 1324 ideo
2654 1288 2818 1356 nemo
2870 1286 3077 1337 tantum
3111 1296 3285 1353 potest
3311 1290 3438 1345 dili-

1829 1355 1985 1445 gere,
2007 1359 2270 1417 quantum
2304 1354 2392 1409 illa
2417 1373 2542 1428 qua:
2585 1361 2639 1417 in
2692 1354 2938 1436 pluribus
2970 1373 3166 1445 diligit.
3197 1378 3309 1435 Nec
3334 1381 3438 1438 Pe-

1832 1445 1948 1543 trus
1972 1440 2084 1511 ipse
2115 1445 2207 1514 qui
2255 1447 2432 1504 dixit:
2473 1450 2699 1512 Domine
2724 1501 2738 1526 ,
2787 1470 2841 1514 tu
2874 1467 3012 1519 nosti
3036 1440 3159 1538 quia
3201 1472 3361 1543 diligo
3394 1486 3441 1529 te

1829 1526 2012 1632 (Joan.
2051 1550 2164 1601 xm,
2219 1539 2332 1611 17).
2367 1542 2476 1598 Nec
2511 1546 2703 1603 Petrus
2742 1554 2956 1628 1389
2999 1526 3117 1628 ipse
3142 1565 3232 1632 qui

1827 1627 2340 1724 quiai‘nterrogatus
2371 1648 2456 1693 est
2484 1655 2498 1694 :
2525 1641 2683 1699 Amas
2714 1661 2792 1700 me
2827 1627 3062 1723 (ibid)?
3091 1627 3245 1724 Quod
3287 1661 3434 1717 enim

1827 1719 2172 1822 manifestum
2199 1739 2340 1794 erat,
2388 1731 2609 1810 nolebat
2665 1741 2818 1808 quasi
2876 1719 3206 1818 incognitum
3238 1756 3431 1822 qumri.

2851 1835 3095 1896 Ecclesia
3146 1844 3336 1902 dilexit
3379 1850 3435 1907 in

1825 1903 2011 2008 Petro.
2045 1909 2158 2008 13cc
2185 1911 2389 1970 Paulus
2421 1918 2558 1988 ipse,
2590 1923 2715 1992 quia
2734 1924 2933 1984 Paulus
2963 1947 3180 2005 quoque
3205 1940 3322 2008 ejus
3349 1903 3437 1998 est

1824 2001 2026 2099 portio.
2053 2002 2121 2058 Et
2163 2015 2217 2060 tu
2247 2009 2538 2078 plurimum
2571 2015 2768 2088 dilige,
2804 2030 2862 2076 ut
2899 2033 2956 2079 et
2995 2001 3108 2084 tibi
3134 2001 3428 2099 plurimum

1823 2095 2156 2197 remittatur.
2180 2099 2408 2157 Multum
2441 2109 2688 2184 peccavit
2719 2110 2922 2169 Paulus
2951 2159 2965 2184 ,
2996 2120 3084 2188 qui
3115 2095 3274 2177 etiam
3300 2143 3428 2197 per-

1820 2195 2043 2242 secutor
2085 2189 2184 2246 fuit
2226 2208 2242 2247 :
2285 2195 2380 2250 sed
2431 2198 2659 2255 multum
2732 2203 2967 2274 dilexit,
3007 2213 3096 2280 qui
3142 2189 3316 2286 usque
3363 2220 3432 2274 ad

1821 2281 2144 2352 martyrium
2192 2295 2587 2354 perseveravit.
2645 2296 2891 2354 Remissa
2933 2313 3062 2359 sunt
3108 2307 3157 2362 ei
3209 2281 3431 2382 peccata

1821 2374 2030 2444 multa;
2064 2379 2187 2448 quia
2235 2391 2291 2437 et
2332 2385 2446 2456 ipse
2487 2387 2682 2445 dilexit
2734 2395 2964 2451 multum
2993 2439 3008 2466 ,
3057 2402 3148 2470 qui
3179 2374 3430 2476 sanguini

1820 2470 2043 2540 proprio
2074 2487 2174 2542 pro
2214 2475 2308 2540 Dei
2340 2479 2561 2536 nomine
2584 2497 2689 2538 non
2722 2490 2984 2556 pepercit.

1891 2565 1982 2622 25.
2030 2567 2210 2640 (Vers.
2242 2571 2362 2641 59.)
2399 2572 2533 2629 Vide
2559 2583 2921 2636 oeconomiam
2950 2601 2962 2637 :
3004 2585 3057 2639 in
3093 2587 3256 2644 domo
3287 2590 3428 2648 Plia-

1820 2656 1966 2712 risa'i
2000 2665 2273 2728 peccatrix
2305 2665 2640 2732 gloriﬁcatur
2668 2688 2680 2723 :
2714 2670 2767 2725 in
2814 2673 3166 2751 domo‘Legis
3196 2690 3251 2737 et
3296 2699 3426 2754 pro-

1821 2747 2001 2818 pheta:
2029 2766 2136 2806 non
2167 2754 2488 2825 pliariswus,
2514 2760 2607 2814 sed
2636 2761 2875 2817 Ecclesia
2895 2747 3221 2835 justilieatur
3246 2791 3260 2840 ;
3294 2747 3430 2846 pha-

1820 2844 2012 2900 risseus
2039 2849 2184 2902 enim
2221 2865 2328 2904 non
2378 2853 2630 2920 credidit,
2685 2857 2785 2912 ista
2844 2863 3120 2919 credebat.
3182 2844 3427 2940 Denique

1821 2937 1914 2993 ille
1937 2941 2151 2996 dicebat
2176 2961 2189 2995 :
2220 2943 2282 3000 Si
2313 2956 2442 3000 esset
2473 2948 2555 3002 hic
2581 2952 2832 3021 propheta
2852 2996 2866 3021 ,
2888 2958 3052 3014 sciret
3094 2962 3267 3032 utique
3311 2937 3427 3036 qua:

1821 3041 1868 3085 et
1895 3033 2067 3102 qualis
2097 3045 2172 3088 est
2197 3037 2406 3104 mulier,
2430 3056 2544 3108 qua:
2572 3045 2738 3114 tangit
2783 3063 2920 3101 eunt.
2958 3050 3161 3109 Domus
3190 3033 3370 3112 autem
3401 3069 3425 3098 ο

1821 3123 1978 3196 Legis
2008 3126 2218 3195 Judzea,
2249 3147 2371 3201 quae
2399 3149 2506 3188 non
2532 3129 2592 3188 in'
2617 3135 2889 3206 lapidibus
2915 3145 3191 3214 scribitur,
3239 3149 3333 3204 sed
3370 3151 3422 3206 in

1824 3217 2018 3272 tabulis
2051 3219 2255 3275 cordis.
2292 3220 2348 3277 In
2377 3224 2478 3280 hac
2498 3224 2826 3295 justilieatur
2857 3231 3098 3289 Ecclesia
3117 3237 3228 3308 jam
3277 3239 3423 3311 Lege

1819 3312 1996 3380 major
2027 3329 2041 3379 ;
2078 3313 2188 3368 Lex
2223 3316 2366 3371 enim
2404 3325 2754 3387 peccatorum
2785 3327 2958 3381 nescit
2997 3331 3372 3389 remissionem
3407 3354 3420 3401 ;

1818 3401 1930 3458 Lex
1954 3406 2271 3475 mysterium
2303 3424 2410 3464 non
2441 3409 2606 3466 habet
2644 3430 2750 3483 quo
2783 3420 2997 3473 occulta
3041 3428 3374 3482 muudaotur
3404 3445 3417 3492 ;

1817 3507 1871 3551 et
1902 3495 2025 3551 ideo
2055 3499 2202 3568 quod
2237 3499 2291 3556 in
2333 3501 2474 3574 Lege
2509 3507 2690 3562 minus
2741 3517 2856 3576 est,
2912 3525 3326 3573 consummatur
3366 3521 3418 3575 iu

1819 3587 2133 3658 Evangelio.

1891 3681 2073 3755 (Vers.
2105 3684 2223 3760 41.)
2257 3685 2404 3755 Duo,
2456 3690 2661 3762 inquit,
2717 3692 2971 3753 debitores
3019 3712 3164 3756 erant
3211 3709 3416 3764 cuidam

1814 3778 2097 3848 feneratori
2119 3796 2138 3834 :
2178 3796 2312 3835 unus
2337 3782 2548 3838 debebat
2584 3786 2826 3844 denarios
2855 3791 3181 3864 quingentos,
3205 3809 3251 3851 et
3280 3802 3415 3856 alius

1812 3871 2205 3947 quinquaginta.
2272 3889 2276 3892 ’

1883 3961 1974 4024 24.
2017 3961 2118 4030 Qui
2143 3971 2270 4017 sunt
2296 3964 2382 4019 iSti
2409 3965 2684 4023 debitores
2724 3969 2854 4037 duo,
2906 3972 3007 4028 nisi
3050 3979 3235 4047 pepuli
3263 3980 3411 4039 duo:

1811 4072 1950 4111 unus
1997 4073 2063 4113 ex
2117 4057 2342 4127 Juda-is,
2399 4066 2537 4117 alter
2573 4079 2638 4117 ex
2695 4066 2946 4134 gentibus
2995 4059 3284 4126 t'eueratori
3339 4074 3413 4131 illi

1812 4149 2053 4208 thesauri
2075 4153 2317 4210 caelestis
2348 4156 2617 4212 obnoxii?
2653 4157 2824 4225 Unus,
2857 4163 3048 4232 inquit,
3077 4166 3290 4222 debebat
3317 4169 3412 4226 de-

1810 4245 1986 4299 narios
2010 4247 2337 4316 quingentos,
2364 4249 2500 4303 alias
2528 4251 2924 4324 quinquaginta.
2958 4255 3075 4312 Non
3119 4259 3412 4317 mediocris

1808 4347 1892 4393 est
1915 4337 2016 4393 iste
2043 4339 2319 4405 denarius,
2347 4341 2400 4396 in
2423 4357 2530 4412 quo
2555 4345 2700 4415 regis
2745 4347 2923 4418 imago
2979 4347 3268 4421 formatur,
3318 4355 3410 4424 qui

1809 4439 2072 4503 tropzeum
2105 4432 2270 4489 habet
2304 4435 2650 4502 imperatoris
2675 4454 3014 4508 expressum.
3065 4441 3184 4497 Non
3239 4458 3411 4499 mate-

184 4534 357 4601 (νοτε.
385 4537 507 4609 45.)
537 4536 624 4592 Em
644 4553 744 4609 quo
783 4537 972 4594 intran
1000 4579 1016 4608 ,
1067 4555 1169 4596 non
1210 4547 1426 4602 cessavi,
1476 4549 1703 4606 osculan-
1728 4554 1786 4618 Β
1806 4521 1996 4578 rialem
2026 4522 2320 4580 fencratori
2351 4526 2476 4582 huic
2495 4528 2756 4584 debemus
2787 4533 3095 4600 pecuniam,
3122 4535 3217 4590 sed
3246 4541 3411 4594 meri-

128 4629 256 4695 pedes
285 4647 448 4687 meos.

183 4721 267 4779 20.
292 4723 360 4781 Ut
380 4723 528 4782 aliud
552 4725 656 4782 nisi
683 4728 1004 4799 sapientiam
1033 4729 1180 4801 loqui
1206 4734 1412 4790 nesciat
1429 4775 1444 4801 ,
1474 4745 1532 4792 ut
1557 4738 1702 4794 aliud

130 4813 491 4886 nisijustitiam
518 4817 746 4889 diligere
789 4821 1016 4885 neseiat,
1061 4830 1121 4877 ut
1168 4823 1314 4881 aliud
1352 4827 1459 4882 nisi
1483 4831 1705 4885 castita-

131 4911 222 4962 tem
247 4909 414 4967 libare
446 4913 676 4981 nesciat,
717 4922 774 4970 ut
805 4914 949 4970 aliud
973 4914 1080 4972 nisi
1122 4917 1436 4988 pudicitiam
1465 4924 1703 4980 osculari

127 5002 329 5058 nesciat.
354 5003 614 5061 Osculqu
657 5007 800 5062 enim
830 5008 1239 5079 muluiamoris
1280 5013 1536 5074 indicium
1573 5026 1660 5074 est
1689 5036 1702 5073 :

128 5094 348 5152 osculum
379 5099 574 5170 pignus
595 5111 679 5155 est
697 5099 999 5161 charitatis.

189 5241 212 5270 ³
244 5234 366 5292 Mss.
399 5235 609 5361 aliguot
650 5238 890 5296 melioris
913 5243 1035 5310 sevi,
1071 5247 1254 5317 justus
1279 5248 1350 5301 ad
1378 5259 1530 5322 caput
1557 5249 1706 5304 habet

189 5319 439 5361 attentum.
521 5308 650 5361 efer.
673 5318 778 5361 etc.
809 5312 986 5361 Minus
1008 5317 1145 5361 liene
1169 5334 1182 5361 τ
1209 5320 1422 5361 νίιίριιηι
1448 5323 1590 5361 ρηίιη
1618 5322 1703 5361 Isin

127 5316 439 5385 unguentum.
467 5308 650 5377 Defer,
673 5318 778 5385 etc.
808 5312 986 5368 Minus
1008 5308 1145 5372 lie-ne
1169 5334 1184 5385 ;
1209 5320 1422 5375 videtur
1440 5308 1591 5375 'enim
1618 5322 1704 5376 hic

128 5371 296 5464 lacuna
323 5395 464 5462 esse,
486 5371 655 5464 quam
680 5382 820 5436 forte
851 5371 1137 5442 traxerunt
1169 5371 1704 5464 Iabr

126 5459 218 5517 quo
253 5449 509 5517 descripti
535 5463 682 5507 sunt.

185 5516 212 5555 δ
248 5519 402 5575 Rern.
426 5516 561 5578 edit.
585 5523 727 5590 sola,
751 5525 801 5579 in
814 5526 1023 5583 domum
1044 5530 1314 5588 immundi.
1343 5534 1546 5591 Eadem
1569 5549 1702 5590 vero

127 5599 232 5676 cum
267 5591 683 5676 aliisomnibus,
734 5610 799 5653 ac
829 5603 1015 5676 paucis
1044 5619 1202 5663 mss..
1233 5607 1482 5661 contende
1514 5609 1700 5676 praeri-

123 5661 720 5751 perel‘tospitisqratiam
737 5708 758 5751 _,
778 5661 1078 5751 .p'rteripere
1098 5714 1115 5742 ,
1147 5661 1253 5733 etc.
1283 5678 1392 5735 Sed
1417 5661 1546 5734 mss.
1580 5678 1697 5750 plu-

127 5742 209 5786 res
230 5747 297 5804 ac
314 5735 670 5804 probatiores,
694 5747 753 5793 ut
775 5735 829 5794 in
853 5735 1032 5799 textu.
1099 5735 1112 5742 ’
1580 5735 1596 5750 ⁸
1647 5751 1705 5779 ιθ

197 5812 218 5836 ιτ
257 5802 376 5862 llis.
406 5821 513 5865 non
545 5802 726 5880 pauci,
749 5825 851 5868 nec
875 5811 1153 5874 inferioris
1180 5826 1344 5888 notae,
1371 5821 1556 5894 quibus
1575 5821 1710 5895 jpul-

552 5908 832 5974 Ρηιιοι..
879 5909 1019 5973 XV.

1809 4623 1986 4672 torum
2035 4619 2316 4685 examina,
2366 4635 2477 4674 sera
2520 4627 2827 4678 virtutum:
2873 4641 3100 4696 quarum
3155 4632 3408 4687 meritum

1805 4711 2084 4783 gravitatis
2115 4713 2377 4784 pondere,
2406 4714 2631 4784 justitize
2654 4719 2857 4786 specie,
2883 4735 3020 4776 sono
3047 4723 3410 4782 confessionis

1805 4801 2153 4876 expenditur.
2193 4807 2284 4862 Vae
2307 4807 2438 4862 mihi
2466 4810 2512 4864 si
2559 4825 2665 4865 non
2697 4811 2936 4869 habuero
2981 4816 3125 4886 quod
3177 4821 3406 4890 accepi;

1805 4908 1898 4953 aut
1927 4901 2052 4970 quia
2082 4899 2306 4956 difﬁcile
2333 4901 2621 4972 quisquam
2665 4912 2750 4959 est
2804 4907 2894 4976 qui
2935 4905 3233 4964 feneratori
3281 4895 3409 4970 huic

1809 4989 2079 5062 integrum
2107 4993 2345 5048 debitum
2378 4992 2552 5064 possit
2580 4996 2890 5062 exsolvere.
2923 5014 3005 5053 vre
3045 5001 3174 5056 mihi
3225 5002 3269 5058 si
3301 5020 3410 5060 non

1812 5089 2070 5164 petiero:
2101 5087 2360 5144 Concede
2399 5086 2534 5143 mihi
2581 5075 2821 5146 debitum
2867 5090 3101 5163 (Matth.
3150 5109 3228 5162 vi,
3258 5096 3365 5167 12)
3395 5099 3410 5152 ι

1811 5239 1962 5293 cirros
1987 5248 2048 5286 ac
2069 5230 2281 5284 decoros
2309 5224 2579 5296 sapientia:
2594 5223 2969 5297 pedestergeat.

1884 5305 1912 5346 (ι
1951 5307 2153 5360 Omnes
2197 5299 2357 5357 edit..
2387 5297 2511 5366 quia
2563 5296 2848 5349 Ecclesium
2895 5297 3076 5352 dilexit
3129 5298 3182 5352 in
3227 5297 3406 5357 Petro.

1808 5380 2014 5437 Contra
2042 5372 2228 5441 scripti
2260 5370 2383 5424 cod.
2412 5382 2576 5437 prope
2591 5367 2670 5441 ad
2703 5383 2891 5430 unum,
2923 5371 3050 5441 quia.
3064 5367 3300 5424 Ecclesia
3325 5375 3409 5427 di-

1807 5452 1932 5507 lexit
1953 5451 2006 5502 in
2040 5439 2198 5499 Petro
2227 5457 2245 5496 :
2273 5456 2434 5509 quam
2480 5439 2766 5495 lectionem
2797 5440 3082 5496 manifeste
3107 5456 3302 5497 senSus
3343 5459 3409 5500 ac

1805 5514 2389 5594 ratiocinatioexigit.’
2469 5583 2480 5594 .
2555 5582 2596 5594 h
2995 5535 3052 5554 ~.

1885 5604 1908 5632 e
1942 5592 2070 5647 Post
2115 5581 2327 5649 vocem,
2356 5583 2529 5654 Legis,
2555 5582 2716 5654 Rom.
2765 5581 2898 5637 edit.
2941 5599 3150 5653 vocem,
3194 5583 3410 5653 ludam,

1808 5666 2094 5725 omiserat,
2125 5673 2284 5730 quam
2313 5653 2492 5713 tamen
2535 5653 2722 5712 sensui
2752 5657 3118 5715 necessariam
3150 5670 3272 5714 esse
3314 5661 3413 5717 ob—

1813 5751 2035 5798 scurum
2065 5747 2172 5792 nou
2202 5739 2304 5787 est.

2931 5913 3009 5975 16
