3960 6310
552 264 694 326 1075

1914 254 2166 324 sanari
2203 252 2536 328 suenosn

3722 249 3831 332 ists

549 377 668 434 Non
693 376 840 434 enim
868 389 968 430 nos
995 374 1065 430 ita
1096 373 1356 429 Dominus
1381 386 1541 430 orare
1563 371 1858 438 docuisset,
1909 382 1967 427 ut
1999 380 2151 441 pete—
2176 373 2230 449 Α
2253 371 2474 428 ditl‘erre
2505 384 2800 443 pauperem
2831 369 3041 434 debes;
3087 369 3210 439 quia
3262 380 3483 443 semper
3533 375 3712 424 tecum
3749 378 3832 433 est,

552 484 737 524 remus
761 467 960 522 dimitti
990 465 1147 521 nobis
1175 475 1360 519 nostra
1394 463 1598 532 debita,
1619 463 1723 519 nisi
1741 463 1906 520 sciret
1933 461 2152 518 difﬁcile

550 562 758 640 aliquos
784 560 900 615 fore
931 559 1161 614 idoneos
1190 556 1492 612 debitores.

619 656 711 710 95.
737 654 841 710 Sed
855 653 974 724 quis
999 663 1082 709 est
1109 652 1343 726 p0pulus
1368 651 1467 706 iste
1485 650 1573 721 qui
1588 649 1820 720 amplius
1834 647 2018 714 debet,
2050 645 2152 701 nisi

551 763 668 812 nos,
726 747 922 818 quibus
998 745 1231 817 amplius
1284 743 1550 800 creditum
1602 742 1736 799 est?
1785 740 1896 798 illis
1945 738 2153 796 credita

545 825 673 897 sunt
699 840 914 912 eloquia
969 839 1085 907 Dei,
1143 837 1300 893 nobis
1358 836 1600 893 creditur
1656 844 1843 906 partus
1892 831 2150 904 Virginis.

548 937 724 992 Habes
753 936 1015 990 talentum
1049 933 1288 1004 Virginis
1314 942 1528 1004 partum
1566 951 1582 987 :
1618 931 1786 987 habes
1810 929 1935 986 ﬁdei
1967 936 2154 986 centec

542 1032 740 1088 simum
765 1030 1019 1084 fructum.
1063 1027 1316 1084 Creditus
1365 1035 1450 1082 est
1500 1024 1821 1081 Emmanuel
1865 1022 2151 1078 nobiscum

547 1123 712 1191 Deus,
738 1123 946 1180 credita
978 1119 1192 1176 Domini
1214 1133 1370 1182 crux,
1401 1133 1572 1185 mors,
1629 1115 1984 1173 resurrectio.
2014 1113 2082 1168 Et
2107 1112 2154 1168 si

543 1213 796 1269 Christus
822 1229 920 1285 pro
966 1212 1220 1267 omnibus
1264 1225 1454 1280 passus
1481 1219 1584 1274 est,
1633 1224 1734 1279 pro
1786 1207 1944 1263 nobis
1971 1215 2152 1261 tamen

545 1306 857 1376 specialiter
882 1318 1073 1376 passus
1104 1311 1188 1358 est
1213 1319 1227 1368 ;
1257 1302 1384 1374 quia
1414 1317 1512 1372 pro
1537 1299 1784 1356 Ecclesia
1829 1313 2021 1370 passus
2045 1306 2150 1354 est.

545 1394 732 1468 Itaque
759 1412 867 1451 non
895 1401 979 1451 est
1004 1394 1230 1450 dubium
1276 1393 1420 1474 quod
1468 1392 1589 1463 plus
1641 1392 1839 1447 debeat
1885 1391 1976 1461 qui
2033 1390 2154 1465 plus

542 1489 776 1559 accepit.
807 1487 876 1542 Et
897 1486 1198 1544 secundum
1227 1485 1478 1542 homines
1501 1484 1624 1556 plus
1647 1483 1878 1540 fortasse
1899 1481 2155 1552 oli’endit,

543 1584 634 1653 qui
667 1581 788 1653 plus
819 1579 1066 1640 debuerit
1102 1597 1118 1634 :
1163 1579 1259 1634 sed
1310 1595 1407 1650 per
1453 1576 1884 1635 misericordiam
1936 1576 2154 1632 Domini

542 1689 704 1732 eausa
732 1683 994 1741 mutatur,
1025 1681 1083 1726 ut
1108 1671 1343 1743 amplius
1369 1671 1558 1743 diligat
1580 1669 1920 1742 quiamplius
1939 1667 2149 1726 debuit:

2262 483 2385 524 cum
2411 468 2504 522 tibi
2529 467 2799 537 Propheta
2829 465 2976 530 dicat
3003 482 3016 518 :
3049 463 3136 519 Ne
3164 463 3360 524 dixeris
3390 463 3702 542 pauperi....
3730 461 3832 518 Cm

2255 563 2388 620 dabo
2415 559 2597 631 (Prov.
2630 576 2712 625 ιιι,
2747 559 2840 632 28)
2871 558 2896 611 't
2943 557 3052 615 Sed
3083 557 3172 612 ille
3201 555 3267 612 de
3317 556 3436 616 sola
3481 554 3832 611 misericordia

2255 654 2473 712 locutus
2498 662 2586 709 est
2611 670 2624 707 :
2660 653 2748 710 hic
2772 659 2955 706 autem
2983 649 3381 710 misericordia:
3409 647 3573 703 ﬁdem
3603 649 3832 718 praetulit,

2256 763 2377 818 quae
2405 756 2533 802 tunc
2561 746 2730 804 habet
2759 746 3037 812 meritum,
3064 744 3111 806 si
3138 742 3246 798 fide
3274 740 3647 814 praecedente,
3675 739 3834 796 conle-

2259 851 2430 900 ratur.
2468 841 2682 897 Mittens
2705 841 2839 896 enim
2868 848 3186 912 unguentum
3218 837 3315 894 hoc
3354 836 3409 892 in
3455 851 3644 908 corpus
3674 850 3834 900 mum,

2256 936 2325 990 ad
2353 935 2706 1006 sepeliendum
2732 949 2810 988 me
2828 933 2948 1006 fecit
2984 930 3207 1001 (Matth.
3237 943 3386 998 xxw,
3422 926 3534 1000 12).
3589 925 3705 983 Non
3733 941 3836 995 ergo

2256 1037 2590 1098 unguentum
2621 1025 2902 1092 Dominus,
2949 1023 3044 1080 sed
3091 1021 3413 1090 charitatem
3459 1019 3672 1087 dilexit,
3704 1017 3838 1074 iidem

2259 1123 2524 1194 suscepit,
2552 1113 2914 1178 humilitatem
2941 1118 3210 1190 probavit.

2327 1213 2420 1269 29.
2455 1213 2520 1270 Et
2550 1220 2606 1268 tu
2637 1211 2684 1268 si
2716 1211 3000 1270 desideras
3022 1210 3275 1281 gratiam,
3320 1206 3642 1264 charitatem
3688 1221 3835 1276 auge:

2259 1305 2414 1360 mitte
2441 1304 2495 1360 in
2524 1318 2727 1374 corpus
2771 1303 2902 1360 Jcsu
2930 1301 3090 1358 (idem
3146 1299 3594 1364 resurrectionis,
3640 1297 3838 1354 odorem

2257 1395 2544 1460 Ecclesize,
2573 1395 2881 1452 communis
2927 1393 3216 1452 charitatis
3260 1397 3600 1462 unguentum
3632 1407 3647 1456 ;
3700 1400 3749 1446 et
3780 1388 3837 1443 ita

2257 1487 2613 1558 progrediens
2662 1486 2889 1562 pauperi
2932 1484 3110 1540 dabis.
3159 1483 3290 1539 Plus
3340 1483 3435 1538 tibi
3491 1483 3715 1556 pecunia
3765 1480 3836 1537 illa

2258 1580 2519 1652 proderit,
2554 1584 2734 1636 sinon
2789 1587 3062 1648 tamquam
3113 1576 3429 1632 afﬂuentem
3487 1573 3716 1639 tribuas,
3761 1571 3837 1628 sed

2260 1682 2537 1748 tamquam
2567 1671 2906 1744 profuturam
2953 1670 3155 1726 Christi
3207 1669 3432 1724 nomine
3468 1667 3718 1740 largiaris
3749 1683 3760 1718 :
3801 1662 3837 1718 si

539 1768 584 1822 si
615 1775 792 1822 tamen
823 1765 1054 1837 gratiam
1083 1772 1471 1836 consequatur.
1500 1763 1744 1820 Gratiam
1787 1763 1929 1818 enim
1984 1769 2040 1816 et
2061 1759 2154 1832 qui
2185 1782 2232 1844 Β
2263 1767 2333 1822 ita
2361 1781 2482 1822 eam
2511 1763 2764 1821 conferas
2796 1763 3047 1836 pauperi,
3094 1771 3150 1817 ut
3197 1760 3413 1817 deferas
3468 1759 3706 1814 Christo.
3743 1756 3838 1813 Non

541 1860 742 1927 reddit,
779 1859 945 1913 habet
976 1875 988 1910 :
1021 1866 1076 1912 et
1104 1856 1456 1928 quihabetin
1482 1871 1548 1910 eo
1603 1857 1723 1924 ipso
1769 1855 1916 1926 quod
1965 1853 2151 1924 habet,

543 1953 709 2008 solvit
736 1970 750 2019 ;
786 1961 813 1989 ιι
842 1967 967 2006 nam
994 1960 1048 2007 ct
1075 1950 1356 2006 reddendo
1386 1950 1640 2013 habetur,
1667 1957 1723 2006 et
1749 1948 1999 2005 habendo
2033 1947 2157 2005 red-

541 2047 687 2103 ditur
716 2045 844 2119 (Cf.
899 2047 1034 2117 Aug.
1087 2045 1180 2100 lib.
1231 2061 1250 2101 ι
1302 2044 1366 2098 de
1399 2043 1581 2099 Gratia
1605 2039 1832 2111 Christi,
1868 2059 1989 2114 cap.
2033 2041 2153 2114 Η).

611 2139 704 2210 26.
747 2139 814 2194 Et
840 2137 963 2194 ideo
1013 2137 1272 2209 quoniam
1331 2136 1466 2193 nihil
1519 2145 1604 2192 est
1650 2135 1800 2208 quod
1854 2136 2017 2206 digne
2045 2135 2156 2190 Deo

543 2231 756 2287 referre
783 2230 1074 2301 possimus,
1102 2229 1254 2302 (quid
1281 2229 1424 2285 enim
1445 2227 1748 2284 referamus
1762 2243 1861 2299 pro
1882 2235 2154 2297 susceptae

547 2327 761 2400 1390
785 2325 967 2380 carnis
997 2324 1238 2396 injuria?
1293 2322 1423 2393 quid
1476 2320 1979 2392 pro'verberibus?
2023 2318 2156 2402 quid

539 2435 638 2490 pro
665 2435 846 2484 cruce,
877 2419 1052 2485 obitu,
1081 2415 1431 2490 sepultura?)
1460 2433 1540 2470 vae
1567 2416 1699 2470 mihi
1723 2417 1767 2471 si
1793 2429 1899 2469 non
1951 2413 2158 2469 dilexe‘

538 2529 601 2568 ro
632 2513 645 2566 !
676 2511 867 2568 Audeo
895 2511 1116 2567 dicere:
1151 2527 1256 2566 non
1280 2509 1517 2565 reddidit
1545 2508 1763 2574 Petrus,
1794 2516 1851 2563 et
1881 2506 2007 2561 ideo
2036 2505 2159 2576 plus

537 2603 756 2659 dilexit.
787 2603 905 2658 Non
937 2601 1175 2660 reddidit
1200 2601 1442 2657 Paulus?
1471 2600 1730 2656 Reddidit
1756 2599 1977 2671 quidem
2009 2613 2158 2653 mor-

537 2705 646 2752 tem
677 2713 774 2767 pro
803 2705 1000 2762 morte,
1033 2697 1129 2753 sed
1159 2697 1259 2751 alia
1311 2712 1418 2752 non
1470 2695 1708 2751 reddidit
1738 2711 1753 2761 ;
1803 2694 1929 2766 quia
1978 2692 2148 2748 multa

542 2790 795 2845 debebat.
830 2789 966 2843 Audi
993 2789 1168 2860 ipsum
1193 2788 1467 2843 dicentem
1520 2787 1646 2858 quia
1704 2801 1815 2840 non
1866 2783 2151 2841 reddidit:

543 2881 675 2946 Quis
700 2883 842 2951 prior
863 2882 1007 2940 dedit
1031 2882 1134 2950 illi,
1165 2891 1212 2935 et
1264 2881 1581 2936 retribuetur
1605 2879 1873 2952 ei’(Rom.
1905 2896 1982 2947 xt,
2017 2877 2158 2950 34)?

547 2972 859 3030 Reddamus
881 2973 1008 3027 licet
1035 2987 1257 3028 crucem
1293 2989 1388 3042 pro
1418 2987 1603 3039 cruce,
1622 2971 1784 3026 funus
1811 2985 1910 3042 pro
1939 2969 2154 3037 funere,

542 3063 806 3132 numquid
837 3062 1114 3118 reddimus
1140 3063 1288 3134 quod
1317 3079 1387 3120 ex
1423 3064 1562 3133 ipso,
1621 3073 1674 3118 et
1707 3078 1802 3132 per
1833 3064 2015 3134 ipsum
2035 3103 2052 3130 ,
2105 3071 2161 3118 et

2259 1875 2392 1930 ergo
2419 1859 2570 1930 juxta
2604 1859 2843 1914 litteram
2889 1856 3272 1912 tantummodo
3325 1853 3566 1923 accipias
3611 1848 3837 1923 superfu-

2259 1967 2382 2008 sum
2413 1951 2576 2022 capiti
2608 1957 2939 2022 unguentum
2974 1967 2986 2002 :
3039 1949 3215 2003 littera
3236 1946 3374 2002 enim
3429 1945 3624 2002 occidit
3645 1943 3715 2016 (li
3738 1943 3835 1999 Cor.

2260 2060 2344 2111 ιιι,
2377 2043 2443 2116 6)
2475 2060 2490 2110 ;
2535 2043 2635 2101 sed
2681 2043 2982 2100 secundum
3015 2041 3294 2113 spiritum,
3325 2040 3456 2112 quia
3510 2039 3726 2112 spiritus
3749 2039 3838 2093 vita

2261 2147 2366 2194 est.
3564 2203 3574 2213 .

2331 2230 2422 2294 50.
2463 2228 2620 2306 Quod
2669 2243 2799 2300 ergo
2850 2227 3006 2284 istius
3053 2225 3300 2282 mulieris
3354 2233 3689 2296 unguentum
3733 2221 3838 2278 est?

2257 2321 2392 2390 Quis
2424 2321 2527 2376 hoc
2553 2321 2746 2376 audire
2783 2321 3010 2390 potest?
3041 2319 3174 2389 Quis
3229 2318 3366 2374 tales
3385 2333 3550 2396 aures
3598 2317 3769 2381 habet,
3790 2324 3837 2369 ut

2261 2414 2476 2471 dicente
2501 2415 2631 2472 Jesu
2666 2415 2889 2472 verbum
2933 2414 3078 2485 quod
3136 2414 3349 2484 accepit
3393 2428 3422 2467 a
3463 2412 3642 2480 Patre,
3693 2412 3836 2466 immo

2261 2507 2352 2579 qui
2379 2509 2496 2578 ipse
2525 2507 2766 2564 Verbum
2797 2519 2904 2575 est,
2935 2507 3109 2578 possit
3137 2515 3343 2560 tantam
3377 2504 3616 2577 mysterii
3675 2503 3838 2557 altitu-

2261 2601 2442 2657 dinem
2471 2601 2712 2672 capere?
2743 2601 2810 2656 Et
2837 2599 3087 2671 discipuli
3119 2615 3186 2656 ex
3215 2607 3371 2669 parte
3401 2598 3723 2670 intelligunt,
3751 2596 3835 2650 etsi

2262 2711 2370 2751 non
2401 2705 2574 2751 totum
2595 2695 2922 2766 intelligant.
2955 2694 3109 2751 Unde
3129 2703 3184 2749 et
3205 2693 3424 2763 quidam
3455 2689 3834 2763 putantdixisse

2262 2787 2559 2856 discipulos
2583 2789 2845 2859 unguenti
2874 2788 3049 2859 pretio
3067 2786 3276 2860 1391
3303 2785 3410 2840 emi
3439 2784 3596 2839 ﬁdem
3625 2783 3834 2853 gentium

2261 2880 2542 2946 debuisse,
2569 2895 2692 2950 quae
2717 2879 3004 2950 sanguinis
3034 2877 3303 2933 Dominici
3339 2875 3546 2931 tantum
3577 2875 3740 2946 pretio
3759 2873 3835 2928 de-

2261 2972 2496 3029 bebatur
2522 2988 2537 3038 ;
2561 2971 2705 3042 quod
2739 2973 2953 3027 videtur
2979 2971 3300 3028 verisimile.
3342 2969 3588 3040 Denique
3629 2969 3835 3025 Joannes

2263 3065 2616 3136 Evangelista
2646 3065 2852 3120 inducit
2878 3079 3130 3119 sermone
3146 3062 3300 3120 ludas
3327 3059 3604 3118 lscariOtis
3632 3060 3836 3116 aestima-

549 3158 606 3211 ίιι
638 3157 754 3227 ipso
782 3155 1042 3212 habemus
1078 3154 1310 3212 omnia?
1364 3154 1677 3210 Reddam“
1726 3169 1860 3226 ergo
1915 3170 2157 3210 amorem
2189 3167 2235 3232 ε
2269 3171 2381 3218 tum
2411 3160 2671 3216 trecentis
2695 3159 2937 3216 denariis
2959 3159 3093 3214 illud
3119 3169 3479 3230 unguentum,
3513 3157 3646 3213 sicut
3673 3154 3833 3210 babes:

550 3266 649 3322 pro
705 3249 930 3318 debito,
986 3249 1305 3306 charitatem
1361 3265 1458 3320 pro
1511 3263 1781 3315 munere,
1835 3247 1861 3285 δ
1926 3250 2155 3320 gratiam

547 3357 649 3412 pro
673 3343 953 3413 sanguinis
979 3342 1152 3413 pretio
1186 3357 1201 3406 ;
1247 3341 1366 3412 plus
1399 3340 1552 3398 enim
1585 3339 1762 3412 diligit
1790 3341 1878 3396 cui
1923 3341 2160 3400 donatur

553 3433 809 3502 amplius.

621 3526 715 3580 27.
760 3526 869 3582 Sed
913 3534 1254 3582 revertamur
1283 3527 1350 3581 ad
1399 3525 1547 3581 illam
1587 3526 1950 3596 superiorem,
2004 3527 2161 3597 cujus

552 3619 844 3674 consilium
868 3619 1046 3673 adhuc
1071 3633 1172 3674 nec
1202 3619 1436 3688 apostoli
1489 3619 1821 3690 intelligunt,
1869 3619 2015 3688 quod
2042 3629 2163 3677 erat

555 3713 940 3770 absconditum
971 3729 999 3765 a
1023 3713 1239 3767 saeculis
1268 3713 1319 3766 in
1370 3713 1480 3768 Deo
1513 3730 1526 3766 :
1578 3711 1706 3780 Quis
1748 3713 1886 3767 enim
1929 3714 2166 3785 cegnovit

555 3823 760 3863 sensum
792 3803 1006 3860 Domini
1038 3803 1233 3877 (Ibid)
1255 3806 1278 3858 ?
1301 3804 1786 3874 Conquerebantur
1835 3821 1964 3876 ergo
1994 3805 2162 3862 disci-

557 3902 667 3974 puli
699 3901 825 3972 quia
852 3899 1050 3956 mulier
1079 3915 1243 3969 super
1266 3908 1430 3972 caput
1472 3898 1662 3955 etludit
1691 3909 2055 3972 unguentum,
2109 3907 2168 3956 et

556 3995 943 4066 quaerebantur
972 3993 1261 4047 dicentes:
1317 3993 1491 4057 Quare
1530 3991 1626 4046 hoc
1675 3993 1750 4046 sic
1802 3993 2008 4061 periit?
2055 3990 2166 4046 Po-

561 4088 659 4141 tuit
682 4086 817 4139 enim
847 4085 1155 4138 venumdari
1180 4084 1366 4152 pretio,
1394 4092 1440 4136 et
1471 4082 1586 4137 dari
1609 4084 1920 4155 pauperibus
1943 4083 2161 4154 (Matth.

559 4194 709 4243 xxvi,
734 4176 810 4248 8).
841 4177 980 4245 Quid
1005 4177 1190 4246 utique
1239 4176 1586 4247 displicuerit
1629 4176 1848 4233 Clu-isto
1890 4181 1941 4233 in
1971 4195 2163 4234 eorum

555 4269 926 4334 sermonibus,
959 4284 1068 4323 non
1099 4267 1307 4338 poteris
1338 4266 1778 4337 deprehendere,
1828 4270 1931 4326 nisi
1964 4281 2164 4343 myste-

560 4364 700 4420 rium
732 4361 1008 4433 intelligas
1041 4378 1055 4428 ;
1085 4361 1348 4432 luxuriosi
1377 4359 1523 4414 enim
1555 4360 1812 4427 hominis,
1873 4364 1956 4419 vel
1988 4365 2167 4434 potius

562 4473 668 4513 non
697 4454 936 4511 hominis
963 4463 1047 4510 est
1085 4455 1232 4510 olere
1256 4463 1610 4524 unguentum.
1641 4453 1803 4510 Certe
1841 4465 1897 4511 et
1941 4455 2043 4526 ipsi
2073 4459 2166 4528 qui

2265 3253 2450 3310 Potuit
2470 3255 2609 3308 enim
2630 3252 2938 3308 venumdari
2961 3253 3203 3308 trecentis
3230 3251 3484 3317 denariis,
3509 3260 3559 3304 et
3599 3249 3706 3303 dari
3729 3265 3838 3317 pau-

2264 3348 2471 3420 peribus
2503 3345 2690 3419 (Joan.
2725 3361 2827 3412 xu,
2856 3344 2933 3416 5).
2986 3344 3256 3401 Trecenta
3308 3354 3493 3398 autem
3535 3357 3642 3398 :rra
3687 3339 3838 3396 crucis

2265 3441 2484 3511 insigne
2509 3441 2794 3497 declarant
2825 3456 2838 3492 :
2874 3439 2970 3494 sed
2993 3439 3255 3494 Dominus
3287 3453 3395 3492 non
3444 3433 3837 3506 perl‘unctoriam

2264 3536 2512 3607 mysterii
2535 3535 2938 3605 praescientiam
2966 3533 3182 3603 quaerit,
3211 3531 3306 3587 sed
3349 3529 3673 3602 consepeliri
3719 3527 3766 3582 in
3790 3539 3839 3581 se

2266 3627 2426 3683 fidem
2449 3627 2788 3684 credentium
2815 3625 3039 3682 mavult.

2339 3720 2428 3775 5i.
2472 3719 2528 3774 id
2561 3732 2737 3774 tamen
2767 3719 2836 3774 de
2881 3728 3205 3774 caeterorum
3235 3716 3615 3788 apostolorum
3643 3713 3837 3770 vocibus

2269 3810 2663 3883 intelligimus:
2721 3809 2888 3865 Judas
2934 3818 3113 3866 autem
3160 3809 3557 3865 condemnatur
3605 3803 3834 3868 avaritize,

2270 3904 2360 3974 qui
2416 3905 2704 3973 pecuniam
2753 3903 3051 3958 Dominica:
3101 3902 3337 3973 pra'tulit
3393 3901 3720 3971 sepulturae,
3763 3895 3840 3968 qui

2268 3996 2485 4052 etiamsi
2505 3995 2574 4050 de
2595 3994 2847 4065 passione
2876 3995 3074 4060 sensit,
3095 3994 3298 4050 erravit
3321 4002 3427 4048 tam
3449 4008 3575 4049 cara
3597 3991 3838 4048 auctione:

2270 4087 2358 4142 vili
2382 4088 2496 4142 vult
2525 4086 2782 4142 aestimari
2805 4102 2862 4141 se
2887 4084 3161 4154 Christus,
3185 4096 3240 4141 ut
3265 4086 3334 4141 ab
3357 4085 3612 4141 omnibus
3631 4091 3838 4144 ematur,

2270 4195 2339 4234 ne
2365 4181 2486 4249 quis
2512 4195 2724 4250 pauper
2745 4179 3104 4235 deterrentur.
3138 4177 3335 4246 Gratis,
3363 4177 3556 4249 inquit,
3580 4171 3837 4246 accepistis.

2253 4272 2431 4342 gratis
2462 4271 2581 4326 date
2609 4269 2826 4344 (Matth.
2863 4286 2923 4338 x,
2953 4270 3031 4343 8).
3065 4269 3356 4326 Pecuniam
3376 4285 3483 4326 non
3509 4269 3700 4341 quaarit
3723 4263 3839 4321 divi-

2271 4365 2466 4418 tiarum
2493 4363 2746 4428 altitudo,
2777 4363 2873 4420 sed
2902 4363 3154 4435 gratiam.
3187 4363 3310 4433 ipse
3339 4380 3436 4418 nos
3478 4363 3712 4434 pretioso
3732 4372 3838 4413 sano

2268 4457 2434 4528 guine
2466 4456 2716 4522 redemit,
2744 4472 2852 4511 non
2878 4456 3143 4512 vendidit.
3171 4457 3245 4512 De
3285 4472 3394 4527 quo
3420 4455 3629 4526 plenius
3656 4451 3838 4507 dicere-

559 4553 730 4617 olent,
759 4565 962 4620 ungere
992 4565 1073 4615 se,
1108 4565 1214 4602 non
1249 4547 1579 4618 perfundere
1614 4547 1812 4604 solent.
1842 4548 1982 4617 Quid
2031 4565 2164 4621 ergo
2189 4563 2244 4626 D
2271 4565 2412 4615 mus,
2440 4551 2545 4604 nisi
2572 4565 2601 4604 a
2625 4549 2783 4605 nobis
2809 4550 2943 4621 ipsis
2971 4558 3255 4606 tractatum
3285 4549 3414 4606 alibi
3453 4547 3836 4606 recordarentur

561 4643 835 4714 displicuit
879 4642 1003 4711 quia
1053 4639 1256 4695 dictum
1307 4648 1395 4695 est
1436 4658 1450 4694 :
1487 4639 1668 4694 Potuit
1713 4641 1808 4695 hoc
1856 4642 2160 4698 venumdari

561 4738 749 4808 pretio,
772 4746 819 4790 et
850 4735 965 4788 dari
994 4732 1302 4805 pauperibus
1328 4731 1543 4805 (Matth.
1579 4749 1709 4801 xxv,
1738 4732 1876 4805 40)?
1913 4733 2075 4791 Certe
2105 4743 2161 4792 et

557 4832 675 4901 ipse
705 4844 866 4898 supra
906 4826 1156 4881 dixerat:
1190 4824 1456 4893 Quidquid
1479 4826 1568 4878 uni
1595 4825 1922 4880 minimarum
1971 4826 2158 4882 horum

563 4921 780 4992 fecistis,
803 4929 849 4972 et
881 4919 1006 4971 mihi
1035 4918 1252 4988 fecistis.
1278 4916 1386 4972 Sed
1433 4917 1548 4988 ipse
1579 4927 1808 4973 mortem
1857 4934 2010 4974 suam
2061 4935 2158 4990 pro

561 5008 892 5083 pauperibus
921 5007 1201 5064 oli'crcbat.

627 5105 720 5158 28.
763 5102 878 5158 Non
903 5111 987 5157 est
1017 5101 1177 5172 igitur
1204 5101 1435 5172 simplex
1465 5102 1667 5174 figura;
1697 5113 1753 5160 et
1784 5105 1906 5161 ideo
1934 5119 2157 5175 reSpon-

559 5199 639 5254 dit
664 5197 771 5253 illis
801 5195 898 5250 Dei
923 5195 1162 5252 Verbum
1194 5213 1206 5248 :
1253 5196 1394 5264 Quid
1421 5197 1624 5254 molesti
1662 5199 1783 5256 estis
1811 5199 1932 5263 huic
1973 5201 2158 5274 mulie-

557 5291 602 5344 ri
803 5276 1017 5356 Sent-per
1038 5305 1288 5360 pauperes
1317 5290 1515 5344 habetis
1538 5291 1818 5359 uobiscum,
1870 5310 1951 5349 me
1987 5305 2159 5350 autem

560 5399 661 5436 non
695 5397 893 5453 semper
923 5378 1139 5454 (Matth.
1175 5398 1324 5448 sxw,
1359 5383 1424 5439 10
1474 5393 1522 5438 et
1579 5385 1691 5455 11).
1741 5386 1971 5458 Semper
2029 5402 2160 5460 ergo

560 5485 737 5530 tecum
766 5487 1058 5542 pauperem
1091 5473 1280 5541 habes,
1306 5483 1360 5529 et
1385 5475 1509 5531 ideo
1537 5475 1781 5548 bepefac.
1815 5478 1953 5536 Num
1993 5481 2160 5554 igitur

627 5656 654 5686 ι
695 5647 949 5721 Nonnulli
982 5662 1145 5709 mss.,
1173 5665 1291 5721 nam
1338 5660 1386 5704 et
1425 5651 1680 5707 credendo
1717 5652 1954 5721 habetur,
1985 5664 2032 5708 et
2061 5654 2154 5710 lus-

474 5738 484 5744 -
559 5719 719 5772 bendo
754 5719 1071 5784 redhibetur;
1097 5720 1338 5788 quidam,
1369 5723 1659 5776 redimitur.

2267 4640 2404 4708 (Lib.
2438 4657 2496 4696 ιιι
2527 4642 2590 4696 de
2610 4643 2812 4712 Spiritu
2831 4652 3030 4709 sancto,
3062 4659 3181 4713 cap.
3218 4633 3330 4711 18).

2333 4733 2424 4788 32.
2457 4734 2597 4804 Ergo
2617 4734 2916 4790 secundum
2942 4733 3088 4789 dicta
3116 4734 3353 4800 Domini,
3387 4733 3454 4788 In
3470 4751 3570 4802 quo
3591 4741 3705 4788 sunt
3740 4730 3834 4783 the.

2266 4827 2407 4880 sauri
2433 4827 2702 4898 sapientite
2721 4837 2768 4880 et
2807 4828 3032 4882 scientia:
3074 4827 3359 4882 absconditi
3401 4827 3621 4901 (Coloss.
3664 4842 3719 4892 ιι,
3768 4821 3831 4891 5),

2263 4935 2403 4992 quos
2427 4936 2588 4976 nemo
2619 4923 2794 4990 potuit
2824 4920 3149 4990 praevidere,
3177 4921 3395 4992 operari
3424 4935 3512 4977 me
3549 4927 3753 4992 oportet
3791 4915 3832 4968 in

2264 5017 2594 5087 sepulturam
2622 5016 2781 5085 ejus;
2811 5026 2867 5070 ut
2891 5029 3020 5071 caro
3044 5016 3160 5086 ejus
3189 5017 3542 5086 requievisse,
3597 5027 3699 5070 non
3735 5021 3835 5064 cor-

2268 5113 2578 5182 ruptionem
2606 5112 2808 5166 vidisse
2829 5111 3124 5166 credatur:
3156 5118 3211 5165 et
3253 5126 3402 5166 mors
3449 5109 3690 5180 corporis
3736 5103 3831 5172 ejus

2268 5205 2342 5259 ita
2371 5205 2588 5260 domum
2609 5213 2847 5260 nostram
2877 5203 3048 5259 odore
3077 5203 3158 5258 sui
3176 5203 3467 5276 compleat,
3497 5211 3555 5258 ut
3579 5198 3829 5257 credamus

2266 5302 2390 5372 quia
2421 5301 2471 5356 in
2500 5316 2692 5358 manus
2722 5300 2899 5360 Patris
2932 5297 3338 5358 commendavit
3382 5297 3630 5369 spiritum
3675 5301 3826 5350 suum.

2267 5404 2323 5447 et
2361 5408 2388 5444 a
2445 5400 2619 5449 morte
2662 5401 2998 5462 sequestrata
3053 5389 3310 5446 divinitas
3349 5388 3702 5462 corporalium
3740 5392 3828 5436 non

2268 5485 2433 5540 subiit
2463 5485 2798 5541 consortium
2831 5486 3167 5556 passionum.

2339 5654 2366 5693 ι)
2395 5656 2580 5728 Iidem.
2613 5670 2766 5719 mss.,
2797 5655 3020 5728 gratiam
3045 5671 3139 5726 pro
3160 5655 3431 5723 sanguine,
3459 5667 3553 5728 pro
3582 5649 3732 5724 pretio
3755 5656 3824 5716 με

2261 5728 2484 5783 cuniam.
2520 5726 2622 5783 Alii
2657 5726 2927 5794 nonnulli,
2954 5727 3175 5796 gratiam
3203 5742 3300 5798 pro
3334 5726 3574 5796 pecunia.
