3960 6346
154 334 307 415 terr-

1077 326 1739 419 EXPOSITIQEVANG.
1783 325 2133 387 SEC.,LUC.
2179 326 2308 386 LIB.
2352 327 2445 385 VI.

3266 333 3409 393 ιοιε

208 446 288 503 33.
325 443 564 522 Intelligo
584 441 1038 515 quemadmodum
1077 457 1279 518 corpus
1327 444 1424 501 ﬁlii
1462 459 1705 516 unguen-
1732 450 1787 511 Α
1812 441 2011 513 Legem
2058 458 2189 515 ergo
2229 458 2432 516 genera
2507 449 2875 515 peccatorum.
2939 424 3414 517 praevaricationis

149 551 245 597 tum
267 539 424 596 oleat.
458 537 665 609 Corpus
691 536 823 593 illud
871 550 955 595 εει
998 538 1143 611 quod
1187 548 1409 596 exutum
1440 547 1546 607 est,
1599 553 1708 595 non

146 633 271 702 quod
315 634 564 691 amissum
611 642 714 689 est.
763 630 975 705 Corpus
1021 632 1143 704 ejus
1214 625 1535 689 traditiones
1583 639 1711 688 sunt

145 727 537 798 Scripturarum.
566 725 772 796 Corpus
826 726 947 795 ejus
992 724 1239 781 Ecclesia
1289 736 1393 784 est.
1450 723 1711 796 Corporis

143 821 243 893 ejus
268 819 397 879 odor
422 834 642 885 sumus;
674 826 728 876 et
755 816 879 874 ideo
905 819 1063 875 decet
1088 828 1145 874 ut
1181 827 1415 876 mortem
1461 818 1711 891 corporis

141 898 244 985 ejus
268 926 536 968 ornemus.
570 911 685 966 Etsi
714 919 934 967 nostros
964 911 1057 967 illa
1079 926 1188 967 non
1246 912 1495 983 requirat
1541 926 1709 967 orna-

142 1004 232 1067 tus.
259 1003 345 1061 sed
374 1003 650 1076 requirunt
677 1017 969 1075 pauperes.
1001 1002 1235 1084 Ornabq
1265 1018 1468 1075 corpus
1494 1004 1634 1074 ejus,
1664 1004 1709 1061 si

145 1099 253 1155 liam
276 1112 581 1154 sermonum
616 1096 736 1167 ejus
776 1095 1128 1165 praedicator,
1169 1106 1225 1154 et
1278 1098 1483 1164 possim
1537 1096 1711 1167 genti-

140 1186 227 1250 bus
259 1191 427 1247 crucis
456 1188 669 1263 aperire
693 1191 1034 1264 mysterium.
1056 1188 1282 1247 Ornavit
1308 1191 1399 1246 ille
1422 1190 1513 1262 qui
1539 1190 1709 1245 dixit:

146 1286 261 1355 Quia
301 1284 639 1353 praedicamus
675 1282 942 1339 Christum
988 1283 1315 1355 cruciﬁxum,
1358 1281 1560 1338 Judwis
1590 1284 1710 1353 qui-

142 1372 235 1432 dem
262 1376 578 1443 scandalum,
607 1375 841 1450 gentibus
868 1385 1040 1431 autem
1073 1375 1347 1431 stultitiam
1394 1392 1413 1430 :
1436 1374 1564 1448 ipsis
1590 1389 1711 1430 vero

140 1470 301 1525 vocatis
326 1467 524 1524 Judazis
551 1477 703 1537 atque
722 1466 940 1544 Grauis,
967 1464 1231 1524 Christum
1256 1464 1355 1522 Dei
1377 1468 1638 1533 uirtutem,
1663 1474 1712 1521 et

141 1562 220 1618 Dei
240 1562 532 1636 sapientiam
558 1560 601 1634 (I
623 1560 745 1617 Cor.
770 1576 809 1630 ι,
828 1560 903 1617 23
923 1570 972 1616 et
993 1560 1110 1636 24).
1133 1559 1373 1617 Ornatur
1398 1573 1559 1623 crux,
1583 1573 1709 1614 cum

139 1655 181 1711 id
214 1653 340 1726 quod
376 1669 472 1726 per
505 1651 834 1725 imperitiam
865 1651 1089 1708 stultum
1120 1658 1365 1723 putatur,
1398 1664 1496 1720 per
1527 1649 1711 1705 Evan-

139 1748 304 1820 gelium
351 1746 651 1817 sapientius
697 1745 1033 1811 aestimatur;
1085 1753 1145 1801 ut
1189 1744 1465 1815 possimus
1509 1742 1709 1801 docere

1813 551 2031 607 quoque
2055 537 2261 592 crimen
2293 551 2553 608 agnosco,
2584 551 2748 594 curro
2776 536 2842 592 ad
2868 539 3267 609 paenitentiam,
3292 555 3416 611 gra-

1810 628 1939 684 tiam
1970 644 2298 701 consequor.
2329 628 2440 687 Lex
2465 644 2596 702 ergo
2618 640 2812 686 auctor
2840 641 2923 687 est
2952 631 3107 699 boni,
3134 647 3259 703 qua:
3288 634 3416 689 mit-

1802 718 1880 775 -tit
1901 720 1967 775 ad
1993 721 2244 791 gratiam.

1888 813 2041 887 (Cap.
2075 813 2210 870 VIII.
2246 844 2317 857 ——
2343 815 2499 887 Vers.
2529 814 2647 888 ει.)
2674 814 2843 871 Mater
2883 825 2933 872 et
2978 821 3169 889 fratres
3203 819 3308 876 mei
3355 819 3415 875 hi

1758 918 1763 919 ’
1811 916 1952 970 sunt.
1981 907 2068 977 qui
2094 908 2303 962 verbum
2327 906 2427 961 Dei
2456 908 2698 975 audiunt,
2731 916 2781 963 et
2810 910 3029 980 faciunt.

1884 997 1974 1055 56.
2022 998 2241 1055 Moralis
2267 999 2526 1069 magister
2570 1000 2662 1069 qui
2715 999 2785 1056 de
2831 1016 2893 1058 se
2946 1003 3162 1061 caeteris
3208 1004 3414 1074 prabet

1811 1090 2146 1161 exemplum,
2176 1100 2339 1164 atque
2364 1092 2481 1165 ipse
2511 1104 2831 1166 praeceptor,
2857 1098 2972 1168 ipse
2994 1099 3160 1156 etiam
3184 1116 3409 1158 suorum

1812 1193 2100 1240 exsecutor
2128 1194 2211 1240 est
2238 1195 2650 1257 praeceptorum.
2683 1189 3106 1262 Praescripturus
3133 1195 3280 1251 enim
3306 1205 3415 1253 ca:-

1813 1274 1948 1330 teris
1972 1275 2229 1346 quoniam
2259 1278 2353 1348 qui
2381 1292 2488 1335 non
2523 1280 2807 1350 reliquerit
2846 1291 3054 1353 patrem
3087 1297 3143 1343 et
3180 1295 3411 1346 matrem

1813 1382 1993 1434 suam.
2023 1386 2133 1427 non
2163 1381 2247 1429 est
2273 1371 2416 1430 Filio
2444 1372 2541 1430 Dei
2579 1374 2797 1447 dignus,
2828 1377 3117 1435 sententiae
3143 1378 3270 1437 huic
3296 1381 3411 1452 pri-

1813 1478 1937 1519 mus
1959 1463 2077 1533 ipse
2102 1478 2163 1520 se
2191 1464 2412 1536 subjicit
2445 1482 2460 1523 :
2492 1480 2600 1523 non
2639 1482 2749 1538 quo
2774 1478 3037 1527 maternae
3066 1470 3265 1529 refutet
3301 1473 3416 1544 pie-

1814 1557 1941 1612 tatis
1968 1556 2232 1628 obsequia
2276 1557 2473 1629 (ipsius
2510 1545 2660 1617 enim
2711 1571 3040 1634 praeceptum
3086 1573 3171 1623 est
3213 1566 3413 1639 (Exod.

1813 1648 1931 1721 xx),
1962 1650 2067 1717 Qui
2113 1667 2219 1707 non
2247 1652 2576 1710 honoraucrit
2618 1664 2817 1728 patrem
2862 1669 2949 1714 aut
2979 1667 3220 1729 matrem,
3253 1671 3417 1719 marte

1811 1741 2107 1822 moriatur),
2135 1743 2233 1801 sed
2265 1745 2393 1815 quia
2432 1754 2459 1783 ⁸
2485 1747 2729 1815 paternis
2769 1763 2831 1807 se
2878 1751 3154 1821 mySIeriis
3179 1753 3413 1822 amplius

140 1836 553 1909 quemadmodum
580 1837 753 1895 virtus
789 1837 1097 1894 adversaria
1126 1852 1226 1908 per
1244 1851 1460 1893 crucem
1494 1835 1707 1891 Domini
1735 1845 1785 1907 Β
1811 1851 1972 1908 quam
2015 1838 2277 1893 maternis
2318 1838 2603 1895 aﬁ'ectibus
2628 1838 2829 1896 debere
2876 1852 3190 1913 cognoscat.
3223 1843 3412 1916 Neque

142 1933 436 1989 destruatur.
467 1933 591 1989 Misi
628 1933 684 1987 in
716 1932 930 1988 Domini
968 1946 1169 2002 corpus
1202 1938 1558 2002 unguentum,
1594 1930 1710 2002 spi-

140 2040 239 2082 rare
262 2026 437 2096 incipit
476 2025 625 2097 quod
661 2034 938 2081 mortuum
969 2024 1282 2092 putabatur.

194 2117 270 2174 54.
292 2118 414 2175 Iden
438 2118 821 2190 unusquisque
850 2117 1134 2174 adoriatur
1155 2133 1342 2176 emere
1368 2118 1557 2175 labore
1587 2133 1708 2185 suo,

141 2212 334 2283 nisuque
358 2212 621 2267 virtutum
652 2211 990 2268 alabastrum
1021 2211 1309 2283 unguenti,
1337 2226 1445 2267 non
1478 2211 1587 2266 vile
1613 2210 1713 2267 ali-

139 2301 254 2372 quod
279 2311 432 2373 atque
453 2317 771 2366 commune,
800 2301 896 2358 sed
920 2302 1217 2372 pretiosum
1240 2311 1577 2373 unguentum
1597 2301 1713 2357 ala-

142 2393 299 2461 bastri,
336 2402 387 2451 et
426 2404 767 2466 unguentum
801 2394 1074 2465 pisticum.
1116 2394 1177 2451 Si
1214 2394 1365 2451 enim
1413 2394 1537 2465 quis
1587 2393 1722 2476 ﬁdei,

138 2495 390 2556 congregat
415 2485 610 2551 ﬁeres,
643 2492 699 2540 et
722 2484 982 2555 pradicet
1014 2484 1203 2541 .Iesum
1231 2483 1506 2543 Christum
1531 2484 1711 2542 cruci-

140 2574 279 2630 lisum
312 2594 327 2632 :
362 2577 415 2632 in
459 2590 688 2644 omnem
723 2575 1048 2643 Ecclesium,
1101 2590 1223 2646 quae
1263 2573 1469 2633 Christi
1510 2590 1711 2646 corpus

140 2674 223 2732 est,
244 2668 432 2725 mundo
452 2677 698 2734 mortue,
723 2667 1075 2739 requiescens
1088 2667 1223 2733 Deo,
1252 2666 1377 2724 ﬁdei
1400 2682 1513 2723 sua:
1534 2676 1712 2725 trans—

114 2760 284 2817 tundit
321 2771 683 2835 unguentum.
718 2759 879 2821 Olere
911 2760 1103 2830 incipit
1136 2768 1246 2817 tnta
1275 2761 1472 2817 domus
1494 2758 1708 2816 Domini

140 2854 408 2922 passionem
435 2875 449 2912 :
481 2857 644 2915 olere
671 2854 867 2925 incipit
896 2864 1127 2910 mortem
1160 2871 1175 2910 :
1224 2853 1414 2924 incipit
1437 2853 1587 2910 olere
1617 2847 1707 2910 re?-

140 2951 512 3017 surreetionem;
542 2959 606 3006 ut
624 2948 795 3020 possit
811 2948 1190 3018 unusquisque
1202 2962 1270 3005 ex
1287 2948 1390 3003 hoc
1403 2962 1574 3003 sacrae
1593 2946 1711 3016 ple-

141 3040 205 3095 bis
218 3059 429 3099 numero
448 3043 646 3101 dicere
675 3060 687 3095 :
724 3039 858 3103 Mihi
879 3051 1051 3097 autem
1079 3040 1212 3095 absit
1233 3040 1478 3112 gloriari,
1507 3039 1607 3094 nisi
1656 3040 1712 3093 in

139 3147 260 3189 erm
285 3134 483 3193 Domini
512 3134 686 3197 nostri
715 3133 845 3203 Jesu
870 3132 1065 3189 Christi
1104 3131 1306 3206 (Colat.
1338 3149 1413 3202 vr,
1446 3132 1562 3203 Η).
1588 3132 1711 3203 Spi-

1817 1938 1997 1995 tamen
2016 1929 2280 1999 injuriose
2302 1929 2611 1995 refutantur
2627 1939 2900 2002 parentes,
2928 1934 3023 1989 sed
3047 1934 3415 2006 religiosiores

1815 2022 2026 2097 copulae
2054 2022 2316 2079 mentium
2346 2022 2612 2083 docentur
2639 2040 2784 2092 esse,
2818 2042 2979 2098 quam
3007 2018 3337 2098 corporumJ

1885 2115 1976 2171 37.
2007 2114 2153 2187 Ergo
2184 2130 2290 2170 non
2322 2114 2624 2173 debuerant
2655 2116 2787 2173 foris
2813 2129 2978 2187 stare,
3014 2120 3108 2191 qui
3135 2118 3411 2203 Christum

1813 2207 2001 2265 videre
2029 2206 2385 2278 quaerebant:
2422 2208 2596 2281 Prope
2621 2219 2695 2266 est
2724 2211 2867 2265 enim
2890 2211 3099 2267 uerbum
3119 2214 3170 2269 in
3195 2231 3284 2271 ora
3304 2224 3415 2285 tuo,

1814 2309 1859 2356 et
1904 2300 1958 2354 in
2006 2300 2161 2355 corde
2199 2309 2289 2355 tua
2323 2300 2504 2373 (Rom.
2553 2318 2609 2370 x,
2643 2303 2721 2373 8).
2770 2302 2919 2361 Intus
2969 2305 3133 2379 igitur
3166 2308 3416 2376 verbum,

1813 2392 1960 2461 intus
1989 2401 2073 2449 est
2096 2392 2300 2449 lumen.
2336 2392 2493 2450 Unde
2518 2401 2575 2451 et
2597 2393 2687 2450 ille
2717 2394 2796 2451 ait
2828 2414 2842 2450 :
2876 2395 3117 2453 Accedite
3141 2399 3213 2454 ad
3233 2398 3417 2455 Domi-

1812 2501 1956 2550 num,
1984 2494 2031 2540 et
2057 2484 2429 2541 illuminamini
2460 2485 2636 2558 (Psal.
2659 2503 2861 2553 χχχιιι,
2905 2487 2983 2561 6).
3012 2489 3069 2546 Si
3108 2491 3255 2547 enim
3287 2492 3418 2548 ieris

1811 2587 2051 2645 amantes
2080 2590 2182 2633 nec
2210 2576 2313 2647 ipsi
2345 2588 2711 2648 agnoscuntur
2753 2588 3005 2649 parentes
3052 2621 3068 2647 ,
3097 2591 3153 2637 et
3194 2591 3417 2654 propter

1811 2679 2056 2726 nostrum
2084 2669 2314 2729 fortasse
2335 2688 2442 2728 non
2463 2674 3151 2745 agnoscunturexemplum
3178 2693 3192 2730 :
3217 2692 3416 2748 quem-

1812 2762 2102 2819 admodum
2118 2779 2216 2820 nos
2241 2780 2624 2834 agnoscemur,
2647 2766 2690 2821 si
2723 2757 2856 2822 foris
2883 2769 3123 2824 stemus?

1881 2853 1973 2912 58.
2005 2853 2115 2910 Nec
2151 2863 2306 2926 putet
2345 2854 2541 2928 aliquis
2582 2855 2967 2914 oﬁendiculum
3009 2873 3132 2917 esse
3169 2860 3410 2934 pietatis,

1813 2946 1905 3003 ubi
1950 2948 2266 3004 mandatum
2322 2948 2479 3019 Legis
2521 2950 2778 3021 impletur
2819 2967 2834 3002 :
2875 2951 2921 3005 si
2950 2949 3095 3006 enim
3150 2953 3419 3027 relinquet

1810 3036 1976 3095 homo
2007 3049 2219 3110 patrem
2259 3048 2315 3095 et
2348 3047 2600 3108 matrem,
2631 3051 2688 3096 et
2732 3040 3031 3099 adhaerebit
3074 3045 3233 3100 uxori
3275 3054 3410 3116 suae,

1809 3139 1865 3187 et
1890 3140 2051 3187 erunt
2070 3131 2188 3188 'duo
2225 3131 2279 3187 in
2323 3146 2492 3188 carne
2535 3147 2664 3198 una,
2698 3141 2849 3189 recte
2880 3143 3287 3192 sacramentum
3315 3137 3421 3193 hoc

140 3237 207 3280 rat
230 3229 368 3295 odor,
391 3230 611 3291 redolet
636 3237 971 3299 unguentum
997 3227 1049 3281 in
1074 3241 1328 3297 corpore,
1358 3226 1403 3282 si
1436 3225 1559 3297 quis
1584 3240 1708 3297 pos-
1737 3230 1783 3296 C
1811 3224 1867 3282 in
1895 3225 2117 3282 Christo
2148 3233 2397 3282 servatur
2425 3234 2479 3282 et
2510 3224 2754 3282 Ecclesia
2785 3223 3004 3299 (Ephes.
3038 3243 3093 3296 ν,
3123 3228 3189 3284 51
3220 3237 3268 3284 et
3294 3228 3412 3303 32).

140 3318 195 3375 sit
232 3320 401 3395 (atque
434 3323 658 3396 ιω
700 3321 907 3381 utinam
953 3334 1056 3392 ego
1087 3319 1314 3392 possim)
1365 3317 1709 3375 conﬁdenter

141 3413 293 3485 loqui:
323 3416 451 3473 Mihi
474 3428 666 3475 autem
691 3415 919 3475 mundus
943 3413 1227 3487 cruciﬁxus
1249 3421 1321 3469 est
1350 3410 1566 3484 (Ibid)
1588 3411 1705 3477 Non

139 3511 304 3567 amanti
340 3510 575 3578 divitias,
630 3524 741 3567 non
788 3509 993 3573 amanti
1042 3508 1285 3564 honores
1335 3505 1546 3573 szcculi,
1596 3520 1707 3563 non

140 3608 306 3662 amanti
343 3623 460 3679 quae
486 3622 585 3664 sua
642 3613 794 3671 aluit.
831 3602 928 3665 sed
968 3617 1092 3674 quae
1143 3600 1275 3659 Jesu
1317 3599 1561 3656 Christi:
1596 3613 1704 3659 non

142 3700 305 3755 amanti
344 3714 462 3772 qua:
489 3699 775 3766 videntur,
806 3696 903 3759 sed
944 3712 1065 3769 quae
1120 3711 1229 3751 non
1269 3694 1521 3750 videntur
1550 3710 1563 3748 :
1598 3708 1707 3751 non

142 3790 303 3859 cupido
332 3791 478 3860 vita,
523 3790 628 3849 sed
678 3791 730 3847 ei
777 3791 869 3861 qui
925 3788 1147 3847 festinat
1183 3787 1429 3855 dissolvi,
1479 3796 1535 3843 et
1582 3800 1706 3843 cum

141 3878 323 3941 Christo
348 3901 489 3954 esse,
520 3884 831 3944 cruciﬁxus
874 3892 962 3940 est
1006 3881 1261 3939 mundus.
1295 3881 1411 3937 Hoc
1449 3894 1531 3936 εει
1559 3878 1704 3937 enim

140 3986 319 4033 erucem
341 3979 549 4046 tollere,
585 3987 648 4035 et
685 3976 839 4047 sequi
868 3973 1181 4043 Christum;
1230 3984 1285 4030 ut
1331 3983 1385 4029 et
1420 3988 1522 4030 nos
1551 3987 1704 4027 corn-

142 4070 394 4129 tneristuur
413 4078 470 4130 et
493 4069 943 4141 consepeliamur
969 4084 1095 4127 cum
1124 4082 1227 4136 eo;
1267 4077 1327 4139 ιιι
1368 4072 1704 4136 unguentum

142 4160 260 4228 quod
289 4162 383 4229 ista
420 4164 622 4223 mulier
676 4162 733 4219 in
778 4161 1120 4232 sepulturam
1167 4159 1288 4230 ejus
1338 4158 1508 4226 misit,
1556 4157 1707 4217 olere

144 4254 395 4323 minus.
436 4256 558 4315 Non
592 4253 875 4319 mediocre
923 4252 1072 4311 istud
1099 4259 1435 4319 unguentum
1466 4261 1570 4316 est,
1597 4264 1706 4322 quo

144 4338 306 4401 Christi
328 4349 482 4420 longe
510 4349 735 4417 lateque
763 4345 1082 4401 diffunditur
1110 4357 1330 4399 nomen.
1360 4340 1516 4425 Unde
1541 4342 1702 4397 etiam

133 4437 411 4518 .Pfophetice
460 4441 669 4501 dictum
706 4444 793 4497 est
839 4455 853 4493 :
889 4437 1219 4510 Unguentum
1267 4434 1589 4491 exinanitum
1632 4445 1707 4490 est

142 4543 288 4591 tamen
313 4545 452 4593 tuum
474 4533 651 4611 (Cant.
682 4550 723 4601 ι,
754 4533 836 4605 2).
869 4530 998 4588 Ideo
1027 4529 1385 4597 exinanitum,
1418 4538 1475 4585 ut
1496 4528 1706 4600 majore

144 4618 251 4678 ﬁdes
273 4625 432 4683 odore
458 4625 746 4698 iragraret.

193 4715 269 4771 35.
299 4718 374 4774 Ex
403 4719 501 4775 hac
527 4734 662 4791 ergo
682 4716 911 4775 muliere
936 4715 1286 4788 intelligimus
1315 4714 1445 4771 illud
1469 4715 1702 4786 Aposto-

142 4800 275 4865 licum
301 4811 419 4884 quid
453 4812 559 4867 sit:
586 4808 1062 4880 Superahundavit
1092 4816 1391 4879 peceatum,
1422 4816 1481 4862 ut
1507 4819 1700 4877 super-

141 4899 398 4965 abundant
431 4908 601 4980 gratia
629 4896 813 4981 (Rom.
846 4922 900 4975 v,
934 4902 1048 4978 20).
1097 4902 1232 4961 Nam
1276 4903 1323 4960 si
1366 4903 1423 4958 in
1452 4903 1553 4959 ista
1582 4917 1700 4957 mu-

140 4990 249 5051 liere
289 5014 388 5055 non
440 4998 943 5074 superabundasset
994 5005 1302 5069 peccatum,
1355 5011 1462 5051 non
1508 5009 1699 5066 super-

142 5085 428 5149 abundasset
464 5094 670 5166 gratia;
709 5092 929 5165 agnovit
977 5091 1122 5147 enim
1154 5095 1460 5161 peccatum,
1503 5095 1559 5141 et
1598 5085 1694 5140 de-

143 5180 241 5238 tulit
267 5187 500 5256 gratiam.
536 5187 605 5245 Et
644 5186 768 5247 ideo
811 5182 926 5244 Lex
958 5183 1299 5249 necessaria;
1348 5197 1446 5259 per
1491 5178 1692 5250 Legem

140 5274 258 5331 enim
280 5291 547 5350 peccatum
578 5281 792 5352 agnovi.
822 5279 877 5337 Si
899 5278 1012 5339 Lex
1040 5293 1149 5335 non
1169 5276 1383 5342 fuisset,
1409 5282 1692 5345 peccatum

141 5363 320 5427 lateret.
367 5375 722 5447 Agnoscendo
771 5383 1077 5448 peccatum,
1127 5371 1339 5427 veniam
1388 5376 1536 5439 peto.
1589 5365 1695 5422 Per

197 5532 221 5605 ξ’
248 5525 392 5605 Bern.
419 5530 551 5605 edit.
580 5533 718 5605 sola,
751 5530 979 5605 paternis
1005 5544 1060 5584 se
1082 5525 1398 5583 ministeriis.
1523 5593 1580 5605 Α,
1636 5592 1650 5605 ⁸

150 5642 157 5645 -
197 5591 220 5634 δ
243 5594 337 5671 Qui
363 5602 557 5669 fuerint
584 5591 825 5661 Itzrret'ici
848 5599 948 5666 illi,
973 5609 1027 5657 et
1056 5614 1155 5655 cur
1184 5604 1412 5671 matrem
1450 5610 1479 5649 α
1512 5592 1686 5671 tam.

142 5666 462 5748 {tonisgatam
487 5686 593 5731 tam
622 5674 968 5748 impudenter
993 5668 1352 5748 asserint-int,
1382 5666 1691 5748 luculenter

143 5738 718 5829 (ἕξιιαιίιηίεςρηιεηυὲ
748 5747 803 5801 in
820 5760 962 5829 -csr-
990 5741 1275 5829 ξιξκτιωις
1292 5738 1692 5829 Ψηξῖειϐιέξῐῖ

144 5814 256 5883 qui}.
276 5819 421 5888 iusta
448 5813 763 5878 Mar'cionem
784 5826 831 5873 et
860 5813 1209 5872 Manicheum
1226 5819 1441 5867 matrem
1463 5813 1689 5880 negavit;

1809 3318 1877 3375 Et
1903 3317 2027 3374 ideo
2068 3330 2323 3389 parentes
2352 3318 2570 3388 corpori
2618 3318 2840 3389 proprio
2890 3334 3000 3375 non
3047 3321 3223 3391 potuit
3260 3330 3415 3379 ante-

1809 3410 1976 3469 ferre.
2002 3410 2153 3483 Ergo
2173 3409 2262 3468 hic
2291 3426 2399 3468 non
2428 3410 2511 3483 (ut
2536 3409 2755 3483 quidam
2782 3410 2810 3451 ι’
2838 3410 3086 3470 haeretici
3116 3411 3418 3472 tendicu‘las

1808 3506 2174 3577 aucupentur)
2218 3515 2394 3561 mater
2439 3494 2690 3576 negatur,
2741 3521 2863 3577 quae
2909 3505 2979 3563 de
3022 3522 3189 3565 cruce
3243 3509 3412 3567 etiam

1808 3597 2125 3671 agnoscitur
2157 3596 2338 3671 (Joan.
2369 3612 2484 3663 xxx,
2516 3596 2641 3669 26),
2673 3596 2768 3654 sed
2811 3599 3202 3657 necessitudini
3221 3616 3415 3674 corpo-

1808 3693 1913 3748 rali
1946 3692 2391 3765 praescriptorum
2422 3689 2729 3747 cmlestium
2769 3689 2941 3748 forma
2987 3694 3297 3764 praefertur.
3344 3696 3415 3752 ll-

1808 3786 1902 3843 lud
1933 3785 2487 3857 quoqueintelligere
2530 3801 2639 3840 non
2683 3784 2963 3853 abhorret,
3006 3790 3129 3858 quia
3155 3803 3252 3858 per
3276 3789 3414 3861 ﬁgu-

1808 3894 1925 3935 ram
1979 3887 2264 3950 parentum
2309 3878 2653 3934 demonstrat
2698 3874 2927 3945 iudicis,
2978 3895 3046 3936 ex
3091 3880 3289 3951 quibus
3330 3892 3418 3940 est

1812 3968 2025 4046 1393
2053 3971 2303 4028 Christus
2343 3970 2645 4027 secundum
2682 3984 2925 4040 carnem,
2958 3968 3256 4030 Ecclesium
3288 3990 3412 4047 quae

1807 4068 2060 4133 Credidit,
2089 4064 2505 4137 praeferendam.

1878 4159 1969 4217 39.
1995 4154 2181 4231 Itaque
2201 4160 2294 4231 qui
2324 4173 2385 4215 se
2432 4157 2759 4232 intelligeret
2809 4169 3030 4233 propter
3067 4160 3310 4221 divinum
3356 4165 3411 4224 in

1807 4257 1985 4308 terras
2012 4250 2227 4307 venisse
2256 4249 2598 4324 mysterium,
2645 4250 3010 4326 Ecclesimque
3056 4266 3406 4330 conventum,

1807 4343 2013 4400 relictis
2038 4356 2232 4400 navem
2252 4340 2502 4400 ascendit
2526 4345 2862 4416 parentibus.
2880 4346 3066 4419 Neque
3086 4351 3230 4406 enim
3260 4353 3408 4422 quis-

1806 4452 1968 4509 quam
1996 4448 2208 4510 poterat
2235 4437 2381 4495 hunc
2402 4440 2662 4494 mundum
2692 4441 2979 4512 enavigare
3024 4443 3143 4499 sine
3190 4442 3407 4503 Christo

1804 4528 2024 4601 quando
2053 4545 2148 4587 eos
2169 4545 2387 4602 quoque
2419 4525 2614 4601 quibus
2658 4530 2918 4589 Dominus
2955 4533 3129 4603 adest,
3154 4539 3408 4596 tentatio-

1724 4626 1780 4697 1)
1806 4636 1935 4676 num
1979 4621 2322 4677 saecularium
2372 4634 2518 4692 saepe
2547 4622 2788 4692 procella
2836 4626 3136 4695 perturbat.
3165 4626 3232 4684 Et
3258 4645 3406 4687 oeco-

1806 4714 1987 4770 nomia
2016 4723 2268 4769 servatur
2292 4713 2346 4769 in
2376 4712 2659 4784 apostolis,
2689 4724 2748 4769 ut
2787 4716 3039 4774 advertas
3067 4720 3184 4776 sine
3230 4731 3404 4779 tenta-

1805 4809 1955 4865 tione
1982 4807 2258 4865 neminem
2305 4822 2468 4879 posse
2498 4824 2563 4863 ex
2613 4808 2717 4864 hoc
2740 4809 2863 4867 vitae
2902 4814 3177 4872 curricqu
3228 4816 3405 4877 demi-

1799 4917 1979 4975 grare,
2010 4901 2135 4975 quia
2165 4903 2483 4962 exercitium
2498 4900 2624 4959 ﬁdei
2653 4904 2879 4960 tentatio
2899 4917 3002 4963 est.

1870 4996 1964 5055 eo.
1991 4996 2236 5068 Subjecti
2257 4996 2422 5068 igitur
2465 5011 2655 5057 sumus
2700 4986 2955 5069 nequitia!
2993 5004 3257 5073 epiritaiis
3284 5023 3405 5079 pro-

1798 5087 1993 5144 cellis:
2021 5086 2119 5143 sed
2159 5087 2312 5158 quasi
2341 5087 2628 5160 pervigiles
2655 5099 2833 5146 nautae
2856 5092 3275 5163 gubernatorem
3307 5116 3405 5157 ex-

1799 5180 2052 5235 citemus.
2106 5177 2309 5236 Verum
2380 5189 2434 5233 et
2479 5179 2583 5250 ipsi
2634 5181 2929 5252 periclitari
2977 5186 3177 5244 solent.
3228 5190 3402 5261 Quem

1799 5270 1963 5345 igitur
2015 5271 2433 5343 gubernatorem
2486 5275 2868 5359 requiramus?
2900 5278 3053 5341 Illum
3100 5282 3285 5354 utique
3307 5287 3405 5357 qui

1800 5380 1911 5423 non
1939 5365 2162 5432 serviat,
2206 5363 2304 5421 sed
2332 5365 2566 5438 imperet
2580 5368 2755 5424 ventis
2768 5368 3264 5447 ,dequo-scriptum
3294 5387 3399 5437 est:

1792 5553 1850 5599 ut
1879 5554 2033 5627 natus
2067 5547 2130 5599 de
2160 5545 2521 5627 phantasmate
2557 5553 2827 5627 putaretur
2850 5551 2985 5627 {sed
3018 5526 3281 5627 apostolos
3315 5577 3405 5617 σο-

1793 5616 2428 5700 gnation_i_prwtutit,-etc.
2461 5614 2776 5700 Ilis;s_imilia
2796 5616 2973 5700 habes
2990 5614 3129 5700 apud
3151 5614 3397 5700 Epiphﬁ-

1794 5685 1962 5817 ἱιέιιιπίῗ¹
2000 5685 2208 5814 Haeres.
2276 5685 2368 5755 ιε,
2429 5695 2489 5745 et
2547 5685 3104 5761 Cbrysostomiim'in
3146 5685 3278 5772 ca'p:
3303 5685 3401 5765 "in

1847 5775 1875 5816 a
1970 5799 2009 5829 .,
2041 5774 2148 5818 ec.
