3960 6308
221 250 357 310 1681
1202 259 1568 324 BXPOSITIO
1606 266 1782 327 ΕνΑιι

1910 270 2059 331 SEC.
2103 273 2257 333 LUC.
2300 276 2429 334 LIB.
2476 278 2561 336 Ἣ.
3389 294 3529 354 1682

214 372 330 425 ritis
378 374 693 445 margaritas
716 378 920 447 porcis;
949 393 1012 432 ne
1062 381 1195 453 forte
1228 384 1527 440 conculcent
1553 401 1640 440 eos
1671 387 1814 457 pedi»
1845 389 1897 452 Α
1993 391 2081 448 55.
2111 391 2219 449 Cur
2249 407 2430 452 autem
2450 408 2557 454 non
2590 401 2852 474 recipitur
2874 404 3154 474 liberatus,
3181 409 3277 466 sed
3304 410 3523 472 domum

210 464 305 520 bus
333 467 446 521 suis
491 466 709 539 (Matth.
739 486 835 537 vu,
872 473 927 541 6)
953 472 977 527 ?
1008 472 1085 528 llli
1136 475 1367 542 scilicet,
1390 479 1483 548 qui
1515 478 1837 567 immundo-v
1925 487 2107 543 redire
2136 502 2389 548 censetur
2420 509 2434 559 ;
2468 495 2569 551 nisi
2600 505 2660 551 ut
2688 464 2744 553 et
2776 498 3053 570 iaetantite
3088 464 3264 573 causa
3304 510 3522 576 vitetur,
3580 502 3587 509 ’

210 572 330 615 rum
366 561 801 619 usuanimalium
844 566 994 621 vocis
1025 577 1080 623 et
1108 570 1337 626 rationis
1363 585 1644 642 expertes,
1673 564 1837 633 lutu-V
1924 590 1978 635 et
2010 582 2315 639 inﬁdelibus
2338 588 2409 642 sit
2436 590 2708 660 exemplo,
2753 595 3006 661 quoniam
3032 569 3228 652 domus
3251 598 3337 652 illa
3362 609 3522 653 natu-

209 649 374 705 lentis
407 653 620 728 1395
643 658 765 711 vita:
794 673 907 715 sum
936 662 1148 718 actibus
1195 668 1521 723 naturalium
1571 671 1816 743 coinqui~
1923 674 2035 729 rale
2064 676 2134 730 sit
2162 677 2520 735 diversorium
2545 682 2568 735 ?
2595 693 2650 737 et
2681 684 2802 738 ideo
2832 689 2920 756 qui
2952 689 3248 743 remedium
3277 693 3525 748 sanitatis

164 748 169 753 ’
207 748 460 800 naverint
498 761 821 806 ornamenta
872 754 1151 811 virtutum.
1184 758 1285 827 Qui
1319 760 1522 831 impetu
1571 765 1818 821 feruntur
1922 765 2099 822 fuerat
2122 785 2519 839 consecutus,a
2548 778 2768 831 ttnnulis
2796 790 2844 833 cl
2870 782 3207 851 Sepulcrisin
3232 782 3380 838 illam
3411 785 3523 857 spi—

206 834 258 891 in
294 853 540 911 przcceps
569 857 585 907 ;
614 848 869 910 quoniam
900 848 1103 903 nullius
1136 852 1317 907 meriti
1350 857 1815 927 contemplatione
1919 854 2129 916 ritalem
2176 864 2395 920 domum
2448 858 2633 922 redire
2661 874 3013 942 pr:ecipitur;
3046 886 3105 929 ut
3137 879 3225 931 liat
3252 876 3343 932 Dei
3377 834 3517 936 tem-

202 945 576 990 revocantur:
609 936 705 992 sed
748 948 1017 1011 tamquam
1058 942 1127 998 de
1183 946 1557 1015 superioribus
1612 950 1680 1006 ad
1733 951 1816 1007 in-
1919 955 2089 1024 plum.
2120 956 2170 1008 in
2194 974 2303 1025 quo
2332 968 2451 1014 erat
2479 936 2679 1015 nn-ntis
2706 936 3045 1033 )t’ptiicnlttt.

199 1023 401 1081 feriora
437 1044 537 1097 per
591 1030 955 1101 improbitatis
1009 1037 1250 1107 proclive
1280 1039 1509 1106 detrusi,
1542 1042 1812 1099 suﬁ‘ocau-
1992 1047 2203 1120 1396
2231 1049 2391 1114 (Vers
2447 1049 2541 1117 4t,
2570 1052 2692 1115 ΑΞ.)
2723 1052 2790 1108 Et
2826 1072 2941 1111 erce
2962 1058 3095 1113 venit
3126 1059 3199 1113 vir
3220 1062 3303 1113 cui
3331 1079 3514 1119 nomen

202 1125 286 1170 tur
314 1119 368 1173 in
401 1120 582 1191 aquis,
622 1122 763 1179 inter
808 1126 1126 1183 ﬂuctuantia
1155 1131 1341 1186 mundi
1376 1133 1532 1190 istius
1560 1146 1811 1207 straugu-
1912 1119 2114 1206 erus,
2147 1154 2192 1195 ιιι
2219 1160 2329 1214 ipse
2360 1147 2597 1218 princeps
2623 1148 2914 1219 Syringogtr
2934 1163 3040 1205 crat
3070 1168 3087 1217 ;
3120 1165 3164 1204 et
3187 1155 3368 1208 recidit
3397 1168 3518 1211 ante

197 1210 434 1268 latorum
467 1214 518 1269 in
556 1216 799 1284 modum,
828 1219 1122 1278 intercluso
1152 1228 1623 1297 pereunLSpiritus
1654 1245 1803 1284 com-
1912 1226 2067 1306 pedes
2089 1233 2236 1295 Jesu,
2267 1253 2457 1307 rogans
2491 1254 2607 1291 enm
2626 1254 2675 1291 ut
2703 1240 2925 1296 intraret
2945 1244 3151 1297 domum
3179 1262 3325 1299 suum
3350 1265 3369 1310 ;
3390 1248 3513 1320 quia

199 1316 379 1361 meatu
407 1326 423 1372 ;
457 1323 634 1379 neque
661 1311 805 1366 enim
850 1311 904 1368 in
934 1313 1001 1369 iis
1031 1316 1121 1385 qui
1170 1316 1337 1373 ﬂuido
1390 1330 1524 1375 aestu
1552 1321 1805 1392 volupta-
1910 1325 2021 1394 ﬁlia
2055 1329 2207 1381 unica
2227 1341 2334 1382 erat
2362 1330 2442 1383 illi
2458 1334 2567 1403 fere
2590 1350 2843 1387 annorum
2871 1336 3165 1405 duodecim,
3195 1350 3241 1392 et
3267 1340 3378 1394 luce
3400 1358 3512 1396 mo-
3558 1336 3561 1341 “

197 1405 307 1453 ιιιιη
340 1398 451 1455 ltuc
481 1410 647 1472 atque
677 1402 801 1459 illuc
850 1404 1098 1462 feruntur
1152 1409 1368 1477 incerti,
1401 1411 1562 1468 ullius
1582 1413 1805 1485 Spiritus
1907 1416 2153 1473 riebatnr.

194 1498 376 1561 potest
401 1506 528 1548 esse
550 1494 714 1550 vitale
736 1499 1145 1555 commercium.

257 1581 350 1639 48.
382 1582 643 1642 Videmus
673 1587 836 1658 igitur
865 1589 992 1660 quia
1021 1591 1187 1648 homo
1228 1593 1344 1665 ipse
1366 1595 1470 1652 sibi
1499 1605 1582 1653 est
1611 1607 1801 1655 auctor

189 1689 471 1731 aerumnae.
500 1675 634 1733 Nam
686 1680 788 1737 nisi
818 1680 942 1752 quis
973 1683 1125 1754 porci
1158 1700 1309 1742 more
1357 1687 1603 1759 vixisset,
1636 1706 1795 1746 num-

1979 1511 2418 1585 54.Re|iqtterat
2470 1516 2521 1572 in
2578 1517 2868 1576 Geraseuis
2921 1521 3262 1595 Synagogam
3323 1527 3511 1582 Cirris-

1904 1610 2013 1670 tus,
2040 1618 2092 1659 ut
2118 1605 2401 1675 diximus;
2434 1621 2490 1664 et
2519 1626 2677 1682 quem
2723 1618 2802 1667 sui
2843 1631 2947 1671 non
2982 1628 3324 1683 receperant,
3347 1636 3507 1677 exce-

1906 1697 2085 1766 pimus
2112 1700 2300 1765 alieni,
2341 1704 2660 1769 excepimus
2686 1721 2845 1775 quem
2892 1714 3371 1777 exspectabamus.
3396 1709 3508 1769 Nec

188 1783 347 1840 quam
377 1772 680 1841 accepisset
732 1772 787 1828 in
818 1790 941 1830 eum
999 1776 1253 1834 diabolus
1304 1789 1628 1851 potestatem
1664 1800 1679 1849 ;
1706 1792 1801 1839 aut
1830 1784 1875 1845 Β
1906 1791 2064 1845 nobis
2092 1794 2255 1863 igitur
2277 1810 2307 1850 a
2337 1798 2531 1863 quibus
2558 1772 3015 1868 exspectabatur,
3044 1802 3131 1858 diu
3160 1803 3328 1858 defuit
3357 1823 3373 1873 ;
3405 1822 3505 1863 nec

188 1863 229 1916 si
260 1863 590 1934 accepisset,
623 1882 730 1921 non
759 1877 817 1921 ut
848 1867 1123 1938 perderet,
1164 1871 1259 1926 sed
1289 1883 1347 1927 ut
1375 1874 1649 1944 probaret.
1683 1874 1793 1930 Aut

186 1955 421 2014 fortasse
449 1960 575 2029 quia
605 1971 730 2030 post
767 1960 983 2018 Domini
1026 1963 1322 2020 adventum
1354 1965 1531 2022 bonos
1554 1967 1665 2037 jam
1693 1969 1792 2024 de-

185 2065 415 2123 pravare
474 2068 583 2110 non
634 2063 869 2124 poterat,
902 2071 1010 2111 non
1064 2058 1308 2113 omnium
1362 2058 1667 2127 hominum,
1698 2062 1792 2117 sed

181 2144 384 2201 levium
409 2144 523 2216 jam
548 2148 748 2217 quaerit
790 2148 1112 2217 interitum;
1147 2159 1200 2205 ut
1230 2151 1370 2206 latro
1408 2166 1514 2206 non
1570 2154 1794 2210 armatis

183 2238 495 2308 insidiatur,
528 2241 625 2296 sed
674 2242 1008 2311 inermibus;
1055 2252 1109 2299 et
1140 2244 1352 2314 injuriis
1396 2246 1795 2304 lacessitinﬁr-

183 2349 353 2403 mum,
379 2334 469 2407 qui
502 2350 563 2391 se
590 2336 848 2407 intelligit
877 2347 901 2375 τι
933 2339 1015 2394 vel
1045 2354 1074 2394 a
1115 2337 1239 2395 forti
1267 2341 1500 2409 conteri,
1531 2343 1667 2398 vela
1697 2359 1794 2415 po-

186 2431 316 2485 tenti
341 2430 613 2488 damnari.

251 2521 340 2578 49.
367 2523 474 2579 Sed
504 2524 638 2580 dicit
667 2524 865 2596 aliquis
895 2542 910 2583 :
955 2540 1054 2582 cur
1084 2526 1189 2584 ltoc
1230 2544 1260 2584 a
1294 2528 1409 2585 Deo
1458 2531 1792 2600 permittitur

187 2613 445 2672 diabolo?
476 2619 550 2673 At
587 2632 690 2689 ego
742 2619 889 2685 dico,
932 2628 990 2675 ut
1019 2619 1146 2675 boni
1204 2622 1527 2692 probentur,
1557 2624 1788 2695 improbi

189 2709 507 2777 puniantur;
539 2709 657 2765 lucc
678 2710 821 2765 enim
846 2725 1004 2781 paena
1030 2714 1234 2781 peccati
1258 2724 1361 2795 est.
1396 2715 1639 2787 Denique
1671 2717 1790 2787 lege

187 2802 304 2869 quia
334 2802 578 2858 immittit
606 2803 870 2860 Dominus
910 2806 1139 2876 febrem,
1170 2816 1225 2863 et
1252 2817 1568 2877 tremorem,
1590 2822 1645 2867 et
1675 2828 1789 2867 ma-

188 2890 267 2947 los
337 2896 601 2966 spiritus,
668 2906 727 2953 ct
775 2899 1123 2969 caecitatem,
1199 2911 1255 2956 et
1299 2904 1482 2958 omnia
1550 2904 1785 2975 ﬂagella,

184 2985 326 3057 juxta
352 2992 541 3046 merita
573 2999 916 3061 peccatorum
965 2992 1146 3067 (Deut.
1192 3010 1384 3065 xxvm,
1416 2997 1486 3054 59
1528 3007 1577 3054 et
1627 3003 1782 3071 seq.).

186 3079 289 3137 Sed
312 3083 597 3140 redeamus
619 3085 686 3141 ad
713 3086 1026 3144 lectionem.

188 3195 200 3239 ι
260 3174 565 3248 (Vers.54.)
604 3176 878 3246 Viderunt,
908 3180 1099 3252 inquit,
1131 3182 1229 3237 hoc
1280 3184 1516 3256 magistri
1546 3167 1779 3259 gregum,
1812 3179 1857 3243 C
1890 3215 2091 3272 lamus,

190 3278 232 3323 et
255 3273 509 3344 fugerunt.

256 3363 341 3418 50.
367 3363 552 3436 Neque
580 3366 724 3422 enim
753 3368 987 3439 aliquam
1022 3369 1382 3441 philosophiae
1412 3372 1771 3443 professores,

194 3456 273 3512 vel
301 3458 569 3529 principes
594 3459 896 3533 Synagogae
927 3464 1282 3533 pereuntibus
1310 3465 1523 3536 populis
1547 3476 1775 3537 possunt

196 3544 327 3605 ferre
348 3551 690 3608 medicinam.
724 3552 885 3609 Solus
914 3564 995 3609 est
1048 3554 1297 3611 Christus
1324 3558 1412 3627 qui
1443 3556 1619 3613 aufert
1647 3573 1774 3627 pec-

195 3648 301 3695 cata
332 3645 687 3718 populoruro;
720 3647 765 3701 si
804 3657 981 3703 tamen
1014 3648 1269 3706 medendi
1320 3650 1632 3719 patientiam
1666 3667 1772 3708 non

197 3745 448 3794 recusent.
472 3738 745 3794 Czeterum
794 3754 985 3796 curare
1038 3756 1145 3795 non
1178 3741 1433 3811 dignatur
1468 3744 1694 3810 invitos,
1720 3753 1775 3799 et

198 3827 291 3881 cito
314 3829 553 3887 inﬁrmos
581 3832 806 3899 deserit,
859 3834 1056 3904 quibus
1108 3832 1263 3889 oneri
1309 3834 1457 3889 videt
1483 3850 1605 3891 esse
1635 3850 1777 3906 prte-

196 3920 404 3976 sentiam
419 3937 599 3989 suam,
629 3923 769 3979 sicut
789 3922 1191 3979 Gerasenorum
1218 3926 1450 3994 populis,
1467 3926 1557 3996 qui
1575 3942 1773 3982 exeun-

199 4018 269 4066 tes
290 4014 351 4069 de
374 4017 589 4072 civitate
616 4017 668 4071 in
701 4032 805 4087 qua
828 4018 1039 4085 species
1068 4017 1368 4090 Synagogte
1392 4017 1606 4073 videtur
1631 4022 1773 4075 exis.
1870 4032 1873 4035 ‘

200 4111 319 4174 tere,
344 4110 603 4181 rogabant
626 4119 683 4165 ut
709 4111 1014 4167 discederet
1046 4128 1058 4165 :

178 4188 185 4197 ⁴
259 4200 424 4266 (Vers.
448 4204 565 4269 37.)
600 4204 735 4271 Quia
764 4205 946 4259 timore
966 4222 1154 4277 magno
1180 4206 1481 4261 tenebantur
1504 4224 1523 4273 ;

260 4292 341 4348 5i.
374 4296 588 4351 Inﬁrma
614 4298 756 4351 enim
790 4313 946 4353 meus
978 4315 1085 4353 non
1111 4299 1256 4369 capit
1283 4300 1381 4355 Dei
1409 4302 1774 4363 verbum,nec

200 4397 358 4454 p0test
382 4389 592 4461 pondus
643 4390 913 4447 sustinere
964 4392 1290 4462 sapientiae;
1325 4392 1544 4459 fatiscit,
1574 4404 1628 4449 et
1658 4394 1773 4449 solo

231 4479 323 4501 ζ’--.-
1726 4480 1746 4501 .

199 4490 340 4534 Viilll‘.

260 4573 340 4627 52,
372 4574 438 4631 Ει
471 4575 594 4631 ideo
619 4575 818 4631 diutius
865 4576 971 4632 mo!

200 4663 281 4729 dit,
314 4679 357 4723 et
384 4686 646 4741 regressus
671 4681 743 4725 est
762 4671 1049 4728 :ascentlit
1104 4671 1292 4742 utique
1321 4673 1390 4728 ab
1419 4671 1771 4731 inferioribus

200 4845 460 4919 Regressus
488 4870 579 4924 per
600 4863 841 4927 stagnum
871 4865 967 4921 est,
994 4845 1059 4910 ut
1089 4855 1176 4912 hic
1206 4850 1328 4911 ait:
1361 4867 1454 4911 aut
1475 4861 1618 4913 sicut
1640 4858 1775 4913 Mat—

201 4940 353 5001 tltaens
372 4963 462 5016 per
517 4947 707 5018 fretum
733 4948 950 5020 (Matth.
984 4966 1059 5015 rx,
1092 4948 1182 5021 1);
1214 4951 1356 5007 inter
1400 4966 1500 5007 nos
1549 4953 1692 5008 cnim
1724 4960 1781 5008 ct

197 5033 303 5090 illos
323 5036 518 5095 fretum
549 5056 801 5111 mtgnum
824 5053 927 5097 est.
949 5042 1136 5113 Itaque
1162 5033 1324 5099 nemo
1353 5034 1422 5099 de
1444 5043 1685 5100 Ecclesia
1714 5046 1779 5100 ad
1866 5088 1869 5091 .

199 5126 516 5202 Syuagogam
568 5133 688 5188 sine
717 5135 960 5203 pericqu
985 5136 1181 5190 transit
1225 5136 1439 5192 salutis.
1464 5136 1568 5193 Sed
1598 5147 1651 5193 et
1684 5138 1773 5195 ille

198 5224 274 5288 qui
319 5224 392 5281 de
433 5226 713 5297 Synagoga
762 5227 828 5281 ad
860 5228 1159 5284 Ecclesiam
1208 5230 1441 5305 transire
1471 5230 1771 5300 desiderat,

184 5324 393 5387 crucem
423 5332 577 5372 suam
612 5319 787 5385 tollat,
814 5327 877 5374 ut
904 5319 1197 5378 discrimen
1235 5322 1449 5378 evadat.

259 5460 284 5489 ⁸
304 5452 376 5509 Ita
404 5472 539 5512 mss.
565 5471 763 5527 magno
789 5473 1019 5513 numero
1061 5468 1118 5516 et
1170 5460 1513 5516 auctoritate.
1545 5460 1775 5529 Quidam

178 5526 358 5598 tamen
379 5536 542 5597 atque
566 5526 726 5591 edit.,
748 5530 825 5583 vel
844 5547 875 5582 a
902 5531 1033 5598 {orte
1068 5532 1344 5585 contemni.

259 5594 282 5634 δ
306 5594 506 5655 Omnes
546 5601 680 5655 edit.
731 5616 795 5655 ac
823 5594 977 5669 pauci
1033 5619 1188 5670 mss.,
1211 5618 1550 5657 recensemus.
1586 5603 1778 5660 Plures

182 5664 549 5740 imtiomsque,
608 5664 949 5728 retractemus
977 5690 995 5737 ;
1027 5664 1184 5739 unus,
1215 5684 1308 5727 aut
1354 5676 1514 5737 alter,
1544 5685 1779 5731 recanta-

196 5752 319 5795 nutst
351 5741 457 5798 Sed
506 5752 849 5799 retractantur
877 5742 965 5799 hic
989 5743 1132 5801 idem
1183 5751 1361 5811 sonat,
1390 5754 1552 5814 atque
1595 5747 1779 5801 iterum

1900 1886 1964 1940 ad
2010 1887 2151 1953 illos,
2180 1890 2223 1943 si
2278 1902 2519 1957 rogetur,
2562 1894 2741 1949 redire
2791 1896 3019 1951 fastidit.
3086 1896 3177 1952 Vir
3205 1902 3348 1954 enim
3400 1900 3505 1957 iste

1898 1979 2152 2052 princeps
2196 1981 2520 2056 Synagogr,
2546 1989 2629 2040 cui
2663 1985 2767 2040 ﬁlia
2815 2000 2930 2041 erat
2989 1991 3168 2058 unica,
3205 2006 3303 2062 pro
3329 1991 3504 2061 Syna-

1897 2087 2047 2143 gogte
2083 2081 2363 2144 pereuntis
2409 2080 2650 2132 remedio
2674 2082 3018 2146 precabatur,
3047 2100 3168 2153 quae
3211 2086 3505 2155 urgebatur

1897 2166 1952 2222 in
2011 2178 2242 2223 mortem
2270 2186 2284 2233 ;
2316 2174 2437 2239 quia
2471 2173 2824 2229 desert-batur
2854 2192 2881 2228 a
2928 2180 3163 2233 (ΣΗ-ἰείη.
3198 2179 3369 2247 Quem
3407 2198 3504 2249 pu-

1899 2269 2075 2318 tamus
2107 2266 2408 2334 Synagngm
2452 2265 2748 2333 principem
2781 2284 2925 2335 esse,
2960 2270 3060 2326 nisi
3090 2270 3312 2337 Legem.
3344 2277 3500 2333 cuius

1896 2357 2358 2419 contemplatione
2385 2360 2643 2413 l'ontinus
2664 2361 3005 2432 Synagouam
3031 2380 3137 2417 non
3169 2382 3268 2433 pm
3295 2379 3381 2419 tus
3406 2366 3501 2421 de-

1897 2450 2141 2521 reliquit,
2174 2451 2267 2506 sed
2298 2457 2618 2509 medicinam
2651 2454 2843 2509 ~altttis
2872 2460 3223 2513 credentibus
3254 2475 3500 2514 rem-rva-

1899 2543 2020 2597 vit?
2058 2544 2137 2598 At]
2172 2544 2310 2599 hanc
2353 2561 2484 2612 ergo
2539 2547 2799 2615 principis
2852 2548 3016 2603 ﬁliam
3067 2552 3193 2604 tiuu:
3242 2562 3496 2620 properat

1896 2637 1989 2692 Dei
2026 2638 2285 2705 Verbum,
2326 2651 2383 2694 ut
2429 2640 2615 2695 salvis
2653 2639 2848 2696 faceret
2899 2644 3040 2699 ﬁlios
3088 2644 3275 2709 l~rael,
3306 2661 3493 2702 sancta

1894 2730 2137 2786 Ecclesia
2191 2731 2260 2786 de
2300 2734 2549 2801 gentibus
2604 2746 2969 2800 congregata,
3022 2752 3141 2807 qute
3175 2738 3488 2795 inferiorum

1893 2825 2045 2893 lapsu
2077 2828 2364 2881 criminum
2413 2829 2716 2900 deperibat,
2746 2843 2987 2900 pa-atam
3035 2831 3154 2887 aliis
3177 2832 3281 2889 ﬁde
3304 2837 3491 2906 preeri-

1892 2924 2000 2992 puil
2046 2924 2353 2979 Sanitatem.
2953 2995 2956 2999 ἢ

1962 3015 2051 3071 55.
2089 3016 2364 3072 Moraliter
2391 3018 2532 3073 bunc
2576 3019 2753 3074 locum
2800 3022 2932 3075 satis
2965 3023 3269 3092 putavimus
3307 3026 3497 3083 exuri-

1890 3114 2144 3167 mendum
2170 3130 2186 3179 ;
2217 3123 2273 3169 et
2322 3115 2443 3171 ideo
2472 3130 2577 3170 non
2628 3116 2715 3170 i'la
2767 3134 2886 3185 qua-
2916 3117 3057 3173 diota
3081 3132 3201 3173 sunt
3226 3117 3254 3160 δ
3286 3132 3489 3177 retrac-

2114 3210 2208 3262 sed
2234 3212 2459 3279 utystica
2487 3212 2634 3266 brevi
2652 3213 2924 3268 voluimus
2943 3232 3196 3271 sermone
3223 3220 3486 3285 perstrin-

1878 3312 2032 3370 gere.
2066 3302 2146 3356 An
2197 3318 2302 3355 non
2359 3302 2431 3358 ita
2479 3305 2678 3358 factum
2734 3316 2836 3369 est,
2870 3319 2923 3361 ιιι
2957 3307 3050 3362 Dei
3081 3301 3315 3365 Verbum
3357 3327 3480 3366 cum

1875 3394 2122 3449 venisset
2176 3395 2242 3449 ad
2290 3395 2508 3449 .Iuda-os
2541 3438 2558 3464 ,
2610 3397 3007 3455 adn-isceretur
3037 3394 3065 3452 ιι
3114 3402 3390 3470 gentibus,
3429 3419 3464 3459 e

1877 3488 2028 3556 prius
2059 3490 2127 3543 ab
2155 3490 2259 3544 illis
2288 3491 2380 3561 qui
2414 3491 2466 3546 in
2515 3491 2657 3564 Lege
2682 3507 2789 3549 non
2838 3493 3205 3562 crediderant,
3232 3496 3283 3549 itt
3313 3496 3484 3565 gratia

1875 3584 2191 3641 crederetur
2216 3584 2241 3637 ?

1894 3728 1895 3731 η
1949 3677 2036 3734 56.
2070 3678 2251 3745 (Vers.
2281 3680 2349 3735 43
2380 3679 2399 3749 )
2431 3678 2563 3735 Nam
2593 3681 2731 3735 sicut
2760 3680 2853 3737 illa
2883 3697 3004 3752 qum
3033 3683 3087 3738 in
3111 3682 3335 3737 medicis
3359 3698 3484 3739 ero-

1877 3781 2099 3841 gaverat
2124 3788 2342 3843 omnem
2368 3776 2726 3829 substantiam
2755 3790 2928 3840 suam,
2964 3778 3033 3829 ita
3067 3776 3230 3830 etiam
3256 3790 3485 3845 congre-

1876 3867 2024 3939 gatio
2069 3871 2311 3936 gentium
2340 3877 2361 3906 ο
2395 3869 2653 3922 amiserat
2700 3855 3087 3951 omnia‘doua‘
3128 3876 3372 3935 natura),
3428 3880 3485 3926 et

1878 3959 2263 4030 patrimonium
2290 3959 2454 4014 vitale
2479 3959 2842 4028 prodegerat,
2885 3968 3094 4041 sant-ta,
3146 3961 3476 4041 verecunda,

1877 4052 2153 4120 religiosa,
2187 4051 2293 4106 ﬁde
2319 4052 2638 4127 promptior,
2674 4051 2876 4121 pudore
2902 4055 3207 4107 cunctatior
3231 4069 3246 4112 ;
3275 4052 3377 4108 boc
3399 4065 3485 4110 est

1862 4145 2020 4211 enim
2053 4144 2285 4219 pudoris
2305 4154 2359 4200 et
2407 4144 2529 4201 ﬁdei
2558 4142 2870 4225 agnoscere
2936 4147 3322 4206 inﬁrmitatem.
3368 4165 3476 4203 non

1861 4236 2172 4306 desperare
2200 4239 2436 4295 veniam.
2472 4238 2787 4295 Vcrecnnda
2834 4255 2967 4301 ergo
2996 4229 3262 4297 fimbriam
3288 4243 3480 4312 tetigit,

1861 4332 2059 4398 ﬁdelis
2084 4334 2347 4407 accessit,
2382 4315 2642 4413 religiosa
2691 4317 2946 4413 credidit,
2974 4324 3209 4411 sapiens
3237 4348 3483 4391 sanatam

1879 4437 1940 4480 se
1967 4440 2091 4480 esse
2119 4409 2731 4503 cogn0vit.;Sic‘sancta
2766 4409 2917 4493 plebs
2946 4409 3187 4494 gentium
3221 4414 3341 4492 qua»
3374 4427 3483 4480 Deo

1879 4518 2134 4591 credidit,
2163 4526 2446 4588 peccatum
2479 4520 2714 4583 erubuit,
2747 4529 2799 4570 ut
2844 4517 3163 4573 desereret:
3195 4517 3351 4572 ﬁdem
3383 4516 3483 4573 de-

978 4585 1126 4680 θξῐυε
1149 4591 1255 4680 ﬁo"
1289 4576 1385 4680 ίυξί
1458 4578 1770 4680 δέει-ΑΕΘ·
1804 4595 1852 4657 D
1881 4588 2025 4675 tulit,
2051 4576 2389 4666 ut'c'rederet
2416 4626 2430 4675 ;
2464 4610 2808 4664 devotionem
2828 4598 3096 4675 exhibuit,
3129 4619 3188 4662 ut
3228 4620 3483 4680 rogaret;
3526 4664 3537 4667 _

1307 4690 1391 4774 ,³¹ξ
1419 4690 1771 4774 ¹ξ¹⁴¹θ¹ξ¹⁰¹ί¹⁰¹¹³
1808 4758 1813 4774 ξ
1879 4705 2204 4774 Sapientiam
2236 4702 2431 4768 induit,
2467 4714 2523 4755 ut
2566 4690 2854 4756 sanitatem
2906 4691 3068 4756 suam.
3092 4712 3146 4757 et
3174 4703 3285 4770 ipsa
3319 4703 3483 4758 senti-

201 4756 256 4811 ad
303 4764 578 4829 superiora
605 4803 620 4828 ,
661 4778 689 4816 a
742 4762 1029 4849 Synagoga
1073 4756 1391 4821 scilicet'ad
1445 4766 1768 4823 Ecclesiam.
1808 4758 1814 4779 ³

1879 4804 1965 4851 ret
1994 4811 2007 4859 ;
2034 4794 2286 4850 ﬁduciam
2326 4795 2580 4865 sumpsit,
2618 4804 2677 4849 ut
2719 4794 2980 4851 fateretur
3004 4785 3147 4866 quod
3177 4796 3485 4870 prteripuiso

1881 4898 1966 4944 set
1988 4890 2246 4944 alienum.
2863 4878 2867 4883 ’

1956 4980 2134 5052 (Vers.
2165 4980 2285 5053 4.4.)
2310 4981 2533 5057 Accessit
2556 4990 2710 5037 retro.
3062 5036 3071 5043 ,

1954 5072 2045 5127 57.
2077 5072 2188 5126 Cur
2216 5085 2396 5128 autem
2440 5082 2585 5129 retro
2637 5074 2877 5144 ta--gitnr
2905 5074 3197 5131 Christus?
3247 5077 3329 5131 An
3361 5078 3484 5143 quis

1858 5164 2142 5242 'scriptum
2184 5175 2269 5220 est
2330 5184 2342 5220 :
2394 5165 2526 5221 Post
2555 5166 2862 5244 .Dominum
2908 5168 3074 5224 Deum
3124 5181 3266 5226 tuum
3307 5173 3490 5228 ambat-

1882 5258 2013 5313 labis
2038 5255 2221 5331 (Deut.
2250 5273 2369 5325 ιιιιι,
2405 5258 2464 5330 4)
2491 5260 2515 5312 ?
2541 5261 2681 5329 Quid
2729 5262 2893 5318 etiam
2939 5264 3043 5319 sibi
3100 5262 3213 5319 vult
3266 5267 3409 5336 quod
3437 5276 3495 5325 et

1860 5351 2149 5423 principis
2196 5350 2308 5406 ﬁlia
2356 5367 2621 5409 annorum
2672 5353 2958 5412 duodecim
3009 5358 3385 5425 mariebatur,
3437 5370 3492 5417 et

1882 5462 2184 5541 etsecunda
2232 5464 2358 5519 cura
2387 5472 2694 5532 tractamus,
2737 5482 2846 5521 non
2873 5482 3024 5533 vero,
3058 5469 3375 5541 palinodiam
3401 5488 3492 5527 ca-

1858 5562 1866 5569 -
1883 5536 2080 5590 nimus.

1959 5617 1980 5645 ο
2032 5605 2192 5661 Rom.
2243 5606 2400 5672 cdit.,
2456 5623 2579 5683 quat
2622 5609 2865 5664 amiserat
2920 5612 3209 5667 omnia.....
3240 5614 3490 5683 prodege-

1882 5689 1999 5743 rat,
2047 5682 2199 5762 factq_
2219 5690 2295 5731 est
2330 5680 2731 5762 verecunda...,.
2774 5683 2971 5749 pudore
2995 5680 3332 5739 constantior.
3360 5680 3492 5762 Aiia‘;

1883 5763 2008 5826 cum
2035 5749 2287 5805 omnilms
2329 5765 2459 5826 mss.
2497 5754 2548 5806 in
2584 5753 2875 5826 lectionem
2919 5763 3186 5822 nostram,
3228 5768 3351 5826 qun
3388 5750 3493 5814 ιιεὲ

1886 5820 2001 5889 ipsa
2033 5823 2429 5878 contemnenda
2470 5832 2579 5885 est,
2610 5824 2947 5891 conspirant;
