3960 6346
542 321 680 380 1683

1870 311 2120 370 SANCTI
2159 311 2485 370 AMBROSII

3697 308 3810 372 168i

544 438 740 494 mulier
763 437 861 492 ista
906 437 1050 492 ﬂuxu
1083 433 1363 506 sanguinis
1393 432 1462 488 ab
1490 432 1647 488 annis
1669 431 1953 488 duodecim
1981 431 2137 487 laho-
2163 437 2212 497 Α
2243 433 2346 504 cipi
2372 448 2390 486 :
2423 431 2551 487 Noli
2573 446 2755 486 vexare
2783 430 2954 492 illum,
2991 428 3103 498 ﬁlia
3132 436 3221 483 tua
3251 427 3462 482 'mortua
3500 434 3598 481 est.

542 532 738 596 rahat;
786 530 886 588 nisi
914 539 971 585 ut
1017 529 1349 598 intelligatur
1395 527 1519 597 quia
1549 525 1806 596 quamdiu
1857 525 2142 596 Synagoga

535 624 727 696 viguit,
754 623 1018 696 laboravit
1065 620 1303 675 Ecclesia
1329 617 1352 672 ἲ
1374 619 1632 675 Defectus
1656 617 1826 686 illius,
1871 617 2032 688 hujus
2060 622 2144 671 est

539 718 711 770 virtus
741 732 754 782 ;
788 715 912 786 quia
945 713 1175 768 Illorum
1204 712 1391 766 delicto
1417 713 1560 766 salus
1590 711 1824 782 gentibus
1851 709 2029 783 (Rom.
2064 723 2140 775 χι,

540 808 670 881 ll);
721 817 775 864 et
827 807 1223 864 consummatio
1269 806 1434 872 illius,
1470 805 1629 876 lmjus
1676 804 1984 870 exordium,
2035 819 2140 860 non

539 914 746 956 natura:
776 901 1082 964 exordium,
1119 899 1215 956 sed
1247 900 1438 954 salutis
1463 915 1474 952 :
1513 899 1649 967 Quia
1679 900 1884 954 accitas
1912 915 1976 953 ea:
1999 905 2146 967 parte

535 993 705 1048 Israel
724 995 962 1076 contigit,
984 993 1144 1047 donec
1167 991 1437 1063 plenitudo
1458 998 1685 1063 gentium
1712 985 1928 1047 intraret
1949 991 2142 1065 (lbid.,

535 1087 650 1161 25).
679 1087 794 1144 Non
819 1088 980 1160 igitur
1008 1095 1273 1157 tempore,
1290 1085 1384 1142 sed
1403 1084 1587 1158 specie
1605 1087 1850 1141 sanitatis
1872 1086 2145 1156 antiquior

535 1181 818 1254 Synagoga
841 1194 1002 1250 quam
1025 1179 1263 1235 Ecclesia
1281 1196 1294 1244 ;
1312 1179 1437 1249 quia
1457 1178 1713 1250 quamdiu
1743 1179 1832 1232 illa
1857 1177 2140 1247 credebat,

535 1273 638 1328 ista
673 1288 779 1327 non
812 1271 1064 1338 credidit,
1083 1280 1137 1326 et
1159 1286 1256 1341 per
1279 1271 1457 1326 varias
1477 1272 1723 1341 corporis
1745 1281 1907 1342 atque
1949 1270 2144 1327 animai

535 1366 869 1434 passionesn
927 1363 1306 1418 immedicabili
1363 1362 1608 1418 remedio
1654 1378 1796 1434 aegra
1823 1359 2137 1433 languebat.

536 1457 758 1512 Audivit
803 1464 1068 1528 aegrotare
1116 1455 1370 1526 populum
1415 1455 1754 1521 Iudaeorum,
1785 1453 1995 1528 1397
2020 1469 2145 1525 spe—

532 1566 654 1605 rare
683 1551 851 1620 etrapit
903 1550 1093 1606 salutis
1137 1565 1250 1606 suta
1305 1550 1640 1606 remedium:
1676 1561 1884 1622 tempus
1931 1554 2145 1607 venisse

533 1649 786 1717 cognovit
808 1662 916 1717 quo
940 1647 1186 1702 medicus
1211 1645 1425 1702 adesset
1456 1664 1486 1702 c
1517 1648 1678 1714 ctelo,
1699 1647 1944 1704 surrexit
1969 1657 2030 1702 ut
2052 1662 2144 1704 oc-

532 1749 782 1796 curreret
803 1740 989 1796 Verbo
1017 1782 1032 1806 ,
1063 1740 1200 1798 vidit
1227 1741 1349 1812 quia
1368 1741 1832 1811 comprimebatur
1860 1756 1887 1794 a
1924 1741 2099 1796 turbis
2123 1758 2138 1807 ;

533 1849 640 1890 non
683 1836 828 1892 enim
883 1833 1117 1892 credunt
1181 1842 1273 1905 qui
1322 1834 1709 1904 comprimunt,
1763 1833 1992 1888 credunt
2049 1835 2139 1904 qui

2324 524 2413 580 60.
2449 525 2512 580 Et
2542 526 2773 596 primum
2818 523 2946 578 illud
2988 522 3399 576 consideremus
3442 519 3586 592 quod
3613 520 3811 576 suscita-

2248 624 2397 671 turus
2429 629 2720 682 mortuam,
2751 616 2816 670 ad
2845 614 3146 670 faciendam
3179 613 3338 668 fidem
3369 612 3808 668 haemorrhousatn

2246 720 2371 766 ante
2418 711 2645 765 curavit.
2697 709 2764 764 Et
2808 719 2866 765 ut
2921 710 3062 764 scias
3112 705 3351 777 exempli
3403 707 3576 777 gratia
3618 707 3811 762 stetisse

2246 805 2524 875 sanguinis
2558 803 2761 859 ﬂuxum
2797 821 2808 857 :
2845 813 2866 840 θ
2893 803 3019 857 dum
3070 802 3161 857 illa
3194 802 3416 871 petitur,
3449 801 3550 856 ista
3597 808 3808 856 curatur.

2245 896 2333 952 Sic
2361 907 2415 953 et
2439 898 2767 953 resurrectio
2793 896 3108 965 temporalis
3135 896 3187 950 in
3211 893 3425 948 Domini
3460 893 3702 962 passione
3733 908 3810 948 cc-

2247 988 2522 1055 Iebratur;
2559 999 2616 1045 ut
2650 998 2705 1045 et
2734 998 2995 1061 perpetua
3026 988 3117 1044 illa
3157 987 3436 1042 credatur.
3464 985 3553 1042 Sic
3584 995 3636 1039 et
3656 984 3810 1040 Mariae

2248 1087 2487 1156 paritura
2529 1086 2729 1140 sterilis
2776 1085 3042 1139 indicatur
3071 1081 3222 1156 (Luc.
3253 1098 3290 1148 ι,
3322 1079 3456 1153 36);
3509 1087 3568 1134 ut
3605 1094 3813 1149 concep-

2248 1189 2364 1233 tura
2398 1180 2548 1250 virgo
2579 1178 2850 1234 credatur.
2885 1178 3126 1246 Denique
3163 1175 3370 1229 audivit
3399 1174 3687 1244 parituram
3712 1172 3810 1228 Eli-

2245 1271 2460 1334 zabeth,
2493 1285 2593 1326 nec
2623 1271 2691 1326 de
2720 1285 2814 1326 sua
2844 1267 3198 1342 generatione
3227 1266 3515 1322 dubitavit.

2318 1365 2408 1421 6!.
2436 1365 2718 1433 Venerunt,
2751 1365 2948 1436 inquit,
2991 1364 3121 1418 servi
3157 1363 3384 1417 dicentes
3414 1361 3641 1432 principi
3664 1377 3682 1416 :
3705 1355 3812 1414 Noli

2245 1475 2427 1514 vexare
2456 1459 2626 1514 illum.
2656 1458 2848 1514 Adhuc
2880 1467 2934 1513 et
2965 1456 3020 1511 hi
3070 1455 3335 1512 increduli
3375 1453 3443 1509 ad
3489 1453 3815 1509 resurrectio-

2246 1567 2393 1619 nem,
2436 1567 2597 1623 quam
2635 1551 2793 1607 Jesus
2842 1551 2897 1605 in
2935 1550 3079 1621 Lege
3122 1548 3392 1620 praedixit,
3441 1548 3494 1603 in
3547 1547 3813 1619 Evangelio

2244 1645 2553 1716 complevit.
2587 1644 2772 1714 Itaque
2815 1659 2940 1699 cum
2985 1632 3222 1702 venisset
3271 1642 3323 1697 in
3352 1642 3595 1705 domum,
3638 1653 3815 1710 paucos

2245 1737 2441 1793 fut'urm
2472 1737 2707 1792 arbitros
2747 1733 3167 1794 résurrectionis
3199 1733 3466 1799 adscivit;
3500 1747 3605 1787 non
3635 1731 3764 1787 enim
3786 1743 3813 1785 a

2246 1833 2430 1889 multis
2456 1832 2716 1886 continuo
2738 1838 2822 1886 est
2851 1829 3059 1886 credita
3100 1828 3453 1891 resurrectio.
3487 1826 3721 1898 Denique
3745 1824 3816 1879 di-

536 1935 780 1997 tangunt.
824 1925 959 1981 Fide
992 1902 1231 1998 tangitur
1279 1902 1554 2001 Christus,
1588 1925 1695 1980 ﬁde
1723 1925 1970 1981 Christus
1990 1902 2142 1982 vide-
2169 1902 2217 1964 Β
2246 1935 2404 1982 cente
2435 1926 2666 1982 Domino
2692 1945 2706 1981 :

533 2027 621 2073 tur
654 2037 668 2076 :
698 2035 804 2075 non
855 2036 1087 2094 corpore
1138 2021 1390 2092 tangitur,
1428 2036 1535 2076 non
1571 2022 1748 2077 oculis
1778 2021 2137 2093 comprehen-

533 2111 715 2177 ditur;
745 2127 921 2182 neque
979 2113 1124 2168 enim
1157 2113 1320 2182 videt,
1360 2115 1450 2185 qui
1474 2115 1663 2170 videns
1691 2131 1796 2169 non
1825 2116 2008 2182 videt;
2039 2130 2136 2171 ne-

531 2218 636 2274 que
659 2203 832 2272 audit,
867 2205 958 2274 qui
985 2220 1044 2260 ea
1077 2221 1198 2276 quze
1228 2205 1397 2273 audit,
1430 2223 1535 2262 non
1571 2207 1826 2278 intelligit
1857 2225 1873 2274 ;
1905 2205 1932 2245 δ
1958 2223 2135 2279 neque

533 2298 704 2369 tangit
734 2299 824 2370 qui
846 2314 953 2360 non
984 2299 1216 2355 ﬁdeliter
1247 2300 1433 2370 tangit.
1464 2300 1704 2371 Denique
1733 2310 1790 2355 ut
1820 2300 1981 2356 ﬁdem
2012 2309 2132 2356 tan-

528 2391 705 2461 gentis
727 2392 1080 2461 exprimeret,
1108 2395 1182 2447 ait
1213 2411 1225 2445 :

595 2483 779 2556 (Vers.
809 2483 926 2557 46.)
967 2484 1156 2556 Tetigit
1209 2503 1289 2540 me
1326 2487 1561 2558 aliquis;
1613 2504 1733 2541 nam
1765 2504 1862 2560 ego
1912 2488 2133 2561 cognovi

528 2575 764 2629 virtutem
791 2576 854 2630 de
881 2593 960 2631 me
989 2578 1173 2632 exisse.

598 2668 688 2726 58.
720 2668 877 2736 Quod
897 2680 979 2726 est
1003 2671 1271 2727 evidentis
1300 2671 1511 2738 indicii,
1543 2671 1666 2742 quia
1696 2687 1802 2725 non
1837 2671 1977 2726 intra
2004 2686 2132 2742 pos-

525 2759 842 2816 sibilitatem
876 2762 1208 2818 conditionis
1255 2765 1530 2830 humanae,
1578 2773 1740 2832 atque
1769 2763 1909 2819 intra
1937 2778 2132 2834 corpo-

528 2853 604 2907 ris
634 2854 932 2909 claustrum
962 2856 1167 2910 inclusa
1197 2869 1216 2894 ε
1250 2857 1536 2926 sapientia,
1569 2856 1825 2910 divinitas
1854 2864 2133 2911 coarctata

527 2953 612 2999 est
645 2961 658 2998 :
688 2960 793 3000 non
837 2948 1050 3015 capitur
1091 2950 1355 3018 angusuis
1402 2943 1803 3018 ctarporalihus,
1838 2965 1944 3004 non
1979 2960 2128 3006 tene-

526 3047 630 3102 tur,
663 3038 755 3092 sed
784 3040 923 3094 ultra
957 3040 1089 3095 lines
1115 3050 1314 3096 nostra:
1344 3042 1736 3096 mediocritatis
1757 3044 1931 3096 virtus
1957 3059 2130 3098 exun-

525 3134 615 3186 dat
644 3143 870 3189 :cterna.
918 3133 1035 3188 Non
1082 3135 1228 3190 enim
1260 3136 1496 3189 humana
1545 3151 1647 3205 ope
1690 3136 1844 3204 plebs
1886 3137 2126 3206 gentium

2318 2021 2532 2094 1398
2572 2020 2750 2092 (Vers.
2789 2023 2879 2089 52,
2931 2020 3052 2092 55.)
3097 2019 3219 2074 Non
3262 2028 3336 2073 est
3386 2026 3593 2072 mortua
3638 2016 3810 2089 puella,

2238 2113 2330 2169 sed
2359 2116 2570 2168 dormit.
2603 2113 2934 2180 Deridebant,
2967 2113 3164 2184 inquit,
3189 2128 3324 2166 eum.

2311 2205 2400 2260 62.
2432 2206 2772 2278 Quicumque
2813 2208 2960 2263 enim
3005 2219 3111 2260 non
3155 2203 3350 2270 credit,
3386 2201 3599 2258 irridet.
3642 2199 3815 2256 Fleant

2240 2300 2404 2372 igitur
2426 2311 2672 2355 mortuos
2703 2316 2853 2366 suos,
2883 2302 2973 2370 qui
3008 2307 3196 2368 putant
3219 2306 3465 2354 mortuos
3498 2296 3626 2352 :ubi
3653 2309 3812 2351 resur-

2237 2393 2498 2448 rectionis
2527 2391 2664 2447 ﬁdes
2693 2402 2800 2459 est,
2832 2407 2938 2446 non
2965 2391 3157 2446 mortis
3185 2399 3272 2444 est
3294 2389 3527 2458 species,
3558 2386 3650 2442 sed
3676 2383 3811 2457 quie-

2239 2489 2330 2542 tis.
2361 2485 2471 2541 Nec
2514 2485 2775 2542 abhorret
2821 2486 2952 2540 illud
3000 2485 3257 2550 Matthxi,
3289 2482 3433 2553 quod
3466 2483 3542 2537 ait
3583 2481 3810 2536 tibicines

2237 2575 2404 2631 fuisse
2434 2577 2488 2632 in
2529 2576 2693 2631 domo
2731 2575 3018 2648 principis,
3066 2585 3120 2630 et
3149 2574 3362 2629 turbam
3413 2572 3810 2628 tumultuantem

2236 2668 2453 2740 (Matth.
2483 2683 2558 2730 rx,
2586 2669 2680 2737 25)
2713 2687 2725 2721 :
2759 2669 2845 2723 vel
2876 2664 3036 2740 quia!
3065 2681 3218 2722 more
3255 2665 3428 2720 veteri
3470 2663 3719 2720 tibicines
3752 2659 3808 2714 ad

2238 2759 2607 2815 incendendos
2643 2759 3068 2828 excitandosque
3112 2759 3289 2813 luctus
3318 2755 3650 2811 videbantur
3677 2751 3812 2808 adhi-

2235 2851 2349 2906 beri
2387 2870 2398 2904 :
2434 2851 2519 2906 vel
2552 2851 2674 2921 quia
2718 2866 2814 2921 per
2843 2851 3005 2921 Legis
3035 2859 3089 2906 et
3113 2849 3308 2903 littera:
3354 2847 3707 2910 cantilenam,
3730 2858 3810 2898 ex-

2235 2946 2585 3000 sultationem
2639 2945 2923 3018 Synagoga
2971 2957 3078 2999 non
3141 2951 3356 3012 poterat
3417 2955 3620 3011 capere
3665 2934 3808 3008 spiri-

2235 3040 2418 3094 talem.

2303 3131 2394 3186 63.
2426 3131 2610 3202 (Vers.
2628 3130 2858 3203 54—56.)
2887 3130 3105 3186 Tenens
3132 3143 3264 3200 ergo
3284 3144 3506 3184 manum
3532 3123 3810 3200 puellmle-

521 3225 782 3280 liberatur
813 3246 824 3280 :
852 3227 944 3282 sed
983 3229 1071 3282 Dei
1099 3243 1297 3282 munus
1327 3237 1411 3282 est
1435 3229 1786 3298 congregatio
1818 3232 2122 3296 nationum,
2233 3238 2326 3279 sus
2353 3223 2568 3278 sanavit
2612 3239 2756 3289 eam,
2788 3233 2840 3278 et
2862 3225 3024 3291 jussit
3051 3225 3100 3278 ei
3133 3223 3250 3276 dari
3290 3221 3640 3276 manducare.
3673 3215 3808 3285 Quod

522 3335 644 3388 qua:
692 3320 851 3374 etiam
885 3305 1033 3376 brevi
1079 3320 1184 3376 lide
1221 3321 1652 3381 misericordiam
1703 3322 1929 3376 inclinat
1966 3336 2125 3379 aeter-
2151 3313 2197 3375 C
2231 3329 2314 3372 est
2335 3319 2702 3373 testimonium
2746 3322 2908 3385 vitae;
2955 3328 3011 3374 ut
3043 3335 3146 3372 non
3177 3319 3522 3389 phantasma,
3567 3315 3657 3370 sed
3686 3312 3811 3367 veri-

524 3402 668 3465 na'm.
703 3413 855 3468 Nunc
883 3415 926 3468 si
970 3415 1383 3469 consideremus
1428 3422 1626 3481 quanta
1659 3415 1729 3468 sit
1753 3413 1886 3470 ﬁdes
1914 3427 2121 3486 nostra,
2239 3421 2321 3467 tas
2347 3412 2685 3467 crederetur.
2717 3411 2915 3467 Beatus
2947 3413 3038 3468 ille
3063 3412 3147 3467 cui
3181 3428 3401 3467 manum
3442 3409 3700 3480 sapientiai
3737 3419 3804 3462 te-

520 3513 576 3559 et
603 3505 964 3574 intelligamus
992 3516 1229 3576 quantus
1270 3508 1339 3560 sit
1369 3506 1538 3560 Filius
1569 3507 1686 3572 Dei,
1721 3507 1969 3562 videmus
1995 3510 2122 3577 quia
2230 3515 2342 3560 net.
2373 3504 2586 3561 Utinam
2617 3521 2764 3560 meos
2809 3523 3023 3578 quoque
3063 3515 3245 3561 teneat
3277 3517 3452 3574 actus,
3489 3513 3670 3561 teneat
3706 3516 3808 3556 ma-

520 3597 930 3667 comparatione
953 3597 1070 3667 ejus
1104 3598 1374 3653 ﬁmbriam
1417 3599 1792 3654 tantummodo
1825 3600 2119 3670 tangimus,
2229 3613 2356 3652 num
2382 3599 2612 3668 justitia,
2660 3607 2842 3653 teneat
2889 3599 2983 3655 Dei
3025 3598 3286 3666 Verbum,
3322 3599 3545 3654 inducat
3583 3600 3634 3652 in
3665 3609 3811 3667 pene—

508 3682 801 3760 'superiora
833 3704 960 3744 vero
1003 3690 1314 3745 vestimenti
1346 3688 1464 3761 ejus
1495 3691 1785 3761 nequimus
1829 3693 2116 3762 attingere.
2229 3693 2384 3747 tralia
2415 3707 2534 3758 sua,
2575 3693 2826 3762 Spiritum
2864 3703 3070 3748 avertat
3098 3695 3328 3760 erroris,
3363 3701 3652 3749 convertat
3679 3690 3809 3744 salu-

515 3778 570 3837 Si
603 3783 765 3852 igitur
790 3791 844 3836 et
886 3797 984 3837 nos
1023 3775 1201 3838 curari
1234 3783 1504 3850 volumus,
1541 3783 1646 3839 ﬁde
1684 3793 1966 3857 tangamus
1999 3785 2120 3840 ﬁtn-
2227 3788 2315 3852 tis,
2345 3786 2462 3841 dari
2485 3785 2826 3857 mihijubeat
2871 3786 3234 3842 manducare!
3267 3790 3422 3857 panis
3460 3788 3608 3842 enim
3637 3786 3813 3842 coeles-

518 3875 689 3929 briam
723 3870 950 3930 Christi.
2227 3879 2318 3946 tis,
2384 3879 2484 3934 Dei
2529 3881 2752 3935 verbum
2801 3889 2906 3936 est.
2967 3881 3096 3937 Inde
3149 3890 3204 3936 et
3257 3881 3345 3935 illa
3392 3881 3661 3952 sapientia
3705 3890 3811 3949 qua:

584 3969 675 4023 59.
706 3967 823 4023 Non
855 3969 991 4024 latet
1020 3985 1143 4025 eum
1187 3969 1516 4042 quicumque
1559 3971 1825 4027 ﬁmbriam
1856 3973 2115 4045 tetigerit,
2224 3974 2393 4030 divini
2419 3975 2664 4045 corporis
2699 3984 2754 4030 et
2795 3975 3075 4044 sanguinis
3110 3985 3458 4031 sacrosancta
3503 3976 3699 4031 altaria
3737 3987 3814 4028 re-

510 4061 602 4130 qui
627 4061 1138 4130 tetigeritaversum
1167 4079 1390 4136 ;_neque
1413 4066 1560 4118 enim
1586 4064 1729 4121 Deus
1756 4065 1961 4135 indiget
1983 4083 2113 4122 ocu-
2223 4071 2390 4139 plevit
2433 4069 2706 4125 alimentis
2740 4087 2753 4124 :
2795 4068 2992 4135 Venite,
3037 4069 3229 4140 inquit,
3275 4070 3410 4124 edite
3449 4087 3615 4139 panes
3662 4081 3810 4131 meos,

512 4151 577 4205 lis
624 4159 683 4204 ut
724 4151 923 4218 videat,
956 4169 1131 4223 neque
1171 4156 1532 4223 corporaliter
1582 4157 1767 4222 sentit,
1818 4158 1912 4212 sed
1950 4159 2003 4213 in
2056 4173 2116 4215 se
2222 4169 2271 4214 et
2299 4159 2452 4215 bibite
2476 4161 2649 4215 vinum
2674 4161 2812 4232 quod
2839 4161 3020 4215 miscui
3041 4161 3179 4215 vobis
3210 4159 3397 4230 (Prov.
3431 4177 3506 4228 tx,
3541 4163 3624 4231 5).

507 4245 673 4300 habet
693 4245 1062 4315 cognitionem
1093 4248 1362 4303 omnium.
1395 4249 1600 4304 Beatus
1629 4265 1760 4319 ergo
1790 4254 1879 4321 qui
1914 4253 1995 4308 vel
2019 4269 2118 4309 ex-
2293 4255 2384 4309 64.
2415 4254 2547 4323 Quae
2575 4264 2755 4310 tamen
2777 4264 2942 4310 tantae
2968 4254 3297 4310 diversitatis
3319 4267 3401 4310 est
3429 4255 3810 4324 causa?Supra

511 4349 739 4394 tremam
797 4347 1003 4409 partem
1036 4339 1202 4394 Verbi
1248 4341 1569 4409 contigerit;
1620 4358 1744 4396 nam
1777 4351 1951 4398 tntum
1993 4347 2114 4415 quis
2221 4345 2434 4416 publice
2461 4347 2638 4402 vidute
2669 4347 2813 4401 ﬁlius
2852 4347 3144 4402 suscitatur
3167 4346 3319 4416 (Luc.
3344 4363 3441 4412 vtt,
3478 4347 3597 4416 12),
3629 4347 3716 4401 hic
3735 4359 3813 4401 re-

509 4441 688 4503 potest
735 4433 1247 4504 comprehendere?
1301 4433 1504 4490 Verum
1557 4442 1616 4490 ut
1676 4437 1741 4490 ad
1788 4437 1934 4491 illam
1991 4446 2123 4508 quae‘
2220 4447 2508 4493 moventur
2536 4439 2720 4509 plures
2751 4439 2964 4495 arbitri.
3010 4439 3117 4495 Sed
3150 4448 3280 4508 puto
3306 4439 3452 4510 quod
3483 4441 3538 4494 in
3585 4455 3652 4495 eo
3681 4451 3808 4510 quo-

490 4526 683 4581 adhuc
711 4543 853 4598 :egra
884 4534 988 4594 est,
1017 4536 1390 4594 revertamur;
1420 4525 1446 4564 ά
1475 4544 1541 4584 ne
1571 4544 1668 4600 per
1709 4538 1951 4586 nostram
1994 4547 2111 4585 mo-
2217 4544 2322 4601 que
2367 4532 2545 4600 pietas
2602 4531 2815 4586 Domini
2870 4532 3206 4598 declaretur;
3260 4533 3384 4603 quia
3432 4532 3601 4587 vidua
3650 4538 3813 4586 mater

503 4635 618 4674 ram
655 4618 784 4675 dum
817 4619 908 4674 diu
954 4619 1156 4675 Christi
1202 4635 1482 4676 moramur
1521 4623 1846 4695 ingressum,
1893 4632 2108 4679 mortua
2217 4605 2499 4678 unici'non
2528 4625 2835 4694 patiebatur
2863 4640 3094 4691 moram,
3125 4635 3180 4681 et
3211 4625 3334 4681 ideo
3371 4640 3440 4681 ne
3473 4626 3709 4696 amplius
3739 4620 3812 4675 af.

501 4727 624 4768 esse
652 4712 911 4768 credatur
939 4732 952 4766 :
2138 4714 2194 4776 D
2221 4717 2473 4773 ﬁceretur
2497 4719 2778 4774 maturitas
2807 4719 3045 4774 additur.
3077 4719 3178 4775 Est
3203 4720 3366 4775 etiam
3401 4721 3576 4774 forma
3606 4719 3814 4788 sapien-

573 4806 756 4881 (Vers.
789 4805 909 4877 49.)
948 4806 1232 4876 Venerunt,
1282 4809 1477 4881 inquit,
1521 4811 1654 4866 servi
1699 4809 1926 4866 dicentes
1956 4812 2104 4881 prin-
2213 4811 2323 4878 tite,
2367 4811 2417 4864 in
2451 4811 2626 4866 vidua:
2659 4811 2769 4866 ﬁlio
2791 4812 2900 4866 cito
2929 4809 3230 4867 Eeclesiam
3257 4810 3617 4877 credituram,
3650 4811 3702 4866 in
3729 4823 3810 4862 ar—

569 5039 595 5067 α
625 5027 769 5085 Edit.
795 5026 980 5094 Rom.,
1028 5029 1422 5086 immedicabilis
1476 5031 1726 5086 remedio.
1783 5029 1899 5088 Non
1935 5032 2098 5099 male,

495 5108 601 5166 nisi
629 5109 696 5163 ab
722 5109 865 5172 aliis,
899 5117 954 5162 et
985 5123 1116 5170 mss.
1149 5109 1404 5164 omnibus
1437 5110 1526 5166 hic
1555 5111 1838 5166 deficeret.
1871 5112 2103 5167 Sumen-

492 5190 619 5248 dum
675 5188 856 5262 igitur,
887 5187 1259 5242 immedicabili
1307 5205 1405 5260 pro
1463 5191 1721 5261 inefﬁcaci
1751 5201 1903 5262 atque
1928 5193 2102 5262 inepto

491 5267 562 5322 ad
593 5259 926 5322 medendum.

561 5348 589 5388 δ
612 5347 688 5402 Ita
721 5354 829 5402 vet.
862 5345 994 5402 edit.
1021 5361 1144 5402 cum
1170 5347 1443 5418 plerisque
1474 5361 1607 5403 mss.
1633 5349 1791 5405 Rom.
1819 5365 1953 5408 vero
1975 5368 2100 5411 cum

485 5427 627 5492 aliis.
658 5443 819 5496 neque
842 5427 1108 5498 intelligit,
1145 5429 1232 5498 qui
1263 5445 1368 5484 non
1396 5429 1623 5498 ﬁdeliter
1649 5433 1837 5501 tangit.

563 5508 809 5562 rOmnes
855 5507 987 5560 edit.
1015 5548 1030 5572 ,
1082 5508 1341 5576 sapientia
1386 5509 1671 5565 divinitatis
1722 5519 1960 5568 coartata
1997 5524 2096 5569 est.

482 5587 684 5644 Omnes
717 5600 873 5647 mss.,
896 5586 1184 5656 sapientia,
1213 5587 1478 5652 divinitas,
1511 5600 1620 5642 etc.

558 5661 585 5702 ά
611 5664 739 5718 Mss.
775 5663 1004 5732 aliquot,
1052 5664 1120 5715 ad
1141 5681 1233 5732 per
1278 5681 1372 5719 nos
1401 5667 1566 5738 magis
1605 5683 1762 5732 quam
1794 5685 1888 5738 per
1935 5685 2086 5724 suam

490 5747 703 5804 moram,
725 5751 925 5794 mortua
949 5755 1056 5794 esse
1077 5741 1340 5796 credatur.

565 5828 586 5854 ο
610 5816 813 5874 Omnes
839 5817 997 5883 edit.,
1035 5819 1160 5870 dum
1205 5834 1268 5873 ne
1313 5819 1462 5874 illam
1497 5825 1712 5894 petitur.
1745 5825 1874 5880 Mss.
1905 5834 2086 5890 autem

2213 5031 2482 5099 nonnulli,
2510 5032 2636 5087 dum
2661 5032 2755 5088 illa
2779 5034 2993 5105 patitur.
3021 5033 3126 5090 Alii
3153 5035 3330 5092 multo
3359 5035 3568 5107 plures,
3607 5051 3674 5092 ac
3704 5031 3810 5094 me?

2208 5112 2362 5170 lioris
2395 5122 2559 5178 notze,
2591 5113 2714 5167 dum
2743 5113 2838 5168 illa
2865 5116 3076 5183 petitur.
3102 5114 3340 5186 Optime,
3369 5116 3511 5170 idem
3548 5117 3699 5173 enim
3729 5123 3806 5169 at-

2207 5207 2332 5264 que,
2369 5193 2493 5246 dum
2518 5191 2615 5246 illa
2635 5194 2956 5258 convenitur,
2981 5196 3117 5263 sive,
3151 5198 3219 5248 ad
3248 5197 3397 5249 illam
3427 5200 3557 5252 itur.

2284 5269 2302 5309 ι
2328 5272 2593 5326 Dicuntur
2620 5288 2650 5326 a
2686 5272 3009 5342 quibusdam
3037 5274 3806 5344 Grmcigfuisse'primi‘aucto-

2203 5365 2292 5405 res
2335 5350 2496 5422 hujus
2545 5351 2714 5407 moris
2748 5369 2760 5404 :
2791 5367 2950 5422 quem
3003 5355 3172 5425 tangit
3209 5354 3371 5410 Ovid.
3413 5357 3510 5412 lib.
3551 5375 3604 5414 tv
3637 5359 3799 5423 Fast.,

2201 5439 2257 5486 et
2284 5446 2318 5485 v
2342 5429 2508 5511 Trist.
2541 5431 2679 5500 eleg.
2719 5433 2767 5496 Ι,
2800 5431 2889 5486 ubi
2919 5449 3027 5488 non
3058 5436 3292 5491 obscure
3320 5435 3525 5491 indicat
3545 5437 3801 5511 :comnut-

2203 5527 2324 5564 nem
2359 5510 2528 5567 fuisse
2559 5528 2682 5569 cum
2718 5523 2824 5568 tam
2858 5513 3157 5584 hominum,
3189 5533 3349 5588 quam
3382 5510 3682 5588 puerorum
3727 5520 3804 5576 fu.

2196 5590 2439 5646 neribus.
2466 5591 2777 5648 Lactantius
2803 5601 2981 5648 tamen
3016 5595 3177 5651 tibias
3219 5613 3512 5666 puerorum
3571 5599 3797 5666 inferiis,

2194 5669 2462 5740 majorum
2503 5687 2631 5725 vero
2669 5672 2826 5726 tubas
2865 5673 3108 5730 adhiberi
3155 5681 3511 5736 consuevisse
3545 5690 3797 5736 testatur.

2191 5748 2299 5804 Sed
2329 5749 2488 5804 tibias
2518 5750 2572 5804 in
2594 5750 2757 5819 justis
2801 5752 2963 5807 etiam
3005 5755 3295 5824 majorum,
3323 5759 3370 5813 si
3414 5777 3520 5815 non
3553 5774 3741 5818 essent
3759 5751 3798 5816 'e

2194 5827 2460 5894 nobilium
2493 5830 2705 5902 ordine,
2737 5830 2914 5885 locum
2945 5832 3200 5901 habuisse
3233 5831 3424 5905 velunt
3447 5841 3724 5915 nonnulli.
3794 5890 3797 5897 .
