3960 6298
153 311 288 376 i683

1107 310 1475 374 EXPOSlTlO
1513 304 1772 370 EVANG.
1813 301 1966 368 SEC.
2007 301 2166 368 LUC.
2206 308 2338 367 LIB.
2381 309 2471 368 νι.

3301 299 3441 367 {Ball

149 438 487 511 ehisynagogi
532 439 649 494 lilia
670 439 975 496 credituros
1003 434 1223 507 quidem
1251 430 1495 496 Iudaeos,
1537 426 1634 484 sed
1663 427 1730 483 ex
1759 427 1925 490 A~tor
1963 423 2255 482 haereticus
2283 424 2553 482 deformat
2584 422 2978 491 habitaculum,
3006 421 3229 480 vitanda
3261 417 3439 479 luere-

153 530 391 600 pluribus
420 531 723 596 pauciores.
922 597 962 600 _
1082 599 1089 600 ί
1671 590 1681 600 .

213 598 368 674 (Cap.
398 600 493 656 IX.
517 630 588 643 —
608 602 764 658 Vers.
798 601 878 673 5.)
913 597 982 655 Et
1004 599 1310 669 quicumque
1329 608 1432 647 non
1453 597 1741 661 receperint

150 707 254 758 vos,
275 701 512 748 manus
539 694 604 748 de
633 693 836 748 ciuitate
874 692 991 758 illa,
1020 690 1175 744 etiam
1202 685 1462 756 pulverem
1503 683 1567 736 de
1595 681 1741 752 pedi-

151 782 238 838 bus
258 784 441 840 uestris
469 784 688 838 excutit:
714 781 1139 847 intestimonium
1167 793 1329 849 supra
1355 775 1494 830 illos.

215 875 302 932 65.
350 876 542 946 Qualis
582 876 782 933 debeat
825 889 948 931 esse
989 875 1080 946 qui
1127 869 1470 941 euangelizat
1511 879 1735 937 regnum

150 969 264 1035 Dei,
291 970 578 1040 praeceptis
604 969 934 1040 evangelicis
955 966 1307 1038 designatur;
1341 971 1399 1016 ut
1421 959 1540 1016 sine
1564 957 1734 1028 virga,

149 1064 263 1119 sine
291 1077 443 1132 pera,
497 1063 617 1119 sine
643 1063 1034 1125 calceamento,
1082 1060 1201 1115 sine
1235 1069 1398 1127 pane,
1430 1053 1549 1108 sine
1575 1066 1738 1123 pecu-

151 1156 230 1210 nia
259 1153 442 1228 (Vers.
474 1156 558 1224 ὃ),
590 1155 694 1210 hoc
717 1163 824 1219 est,
847 1153 1076 1210 subsidii
1105 1149 1386 1226 saecularis
1410 1143 1735 1200 adminicula

151 1263 249 1304 non
283 1249 588 1319 requirens,
621 1257 648 1285 ⁸
678 1247 911 1318 ﬁdeique
940 1245 1157 1302 deditus
1187 1244 1280 1308 sit,
1321 1253 1377 1298 et
1403 1247 1606 1312 quanto
1636 1239 1737 1292 mi-

151 1358 243 1398 nus
283 1352 509 1413 appetat
539 1340 880 1412 temporalia,
928 1349 1080 1396 tanto
1110 1338 1283 1409 magis
1309 1345 1496 1406 speret
1523 1349 1585 1388 ea
1631 1331 1737 1387 sibi

151 1449 298 1506 posse
334 1441 656 1507 suppetere.
703 1435 837 1501 Qum
875 1440 1106 1504 possunt.
1141 1430 1233 1501 qui
1273 1429 1457 1484 volunt
1503 1426 1569 1481 ad
1609 1439 1734 1481 eum

149 1527 383 1584 derivare
419 1535 740 1590 tractatum;
772 1535 828 1581 ut
855 1525 1158 1596 spiritalem
1183 1518 1558 1578 tantummodo
1588 1519 1737 1573 locus

149 1619 244 1679 iste
271 1620 509 1675 formare
544 1619 793 1675 videatur
824 1618 1103 1682 allectum,
1135 1617 1226 1688 qui
1256 1616 1407 1671 velut
1452 1612 1736 1668 indumen-

151 1723 250 1768 tum
287 1712 566 1782 quoddam
599 1712 850 1768 videatur
873 1713 1121 1781 corporis
1149 1709 1389 1772 exuisse,
1420 1720 1528 1761 non
1557 1704 1732 1760 solum

151 1816 406 1880 potestate
449 1807 679 1878 reiecta,
710 1806 1147 1877 contemptisque
1177 1803 1406 1870 divitiis,
1447 1799 1543 1857 sed
1569 1799 1733 1860 etiam
1765 1823 1814 1884 Β

150 1902 313 1958 carnis
343 1901 524 1973 ipsius
549 1901 822 1957 illecebris
857 1899 1142 1955 abdicatis.

210 1995 294 2051 66.
323 1994 540 2064 Quibus
571 1995 750 2065 primo
767 1993 1010 2048 omnium
1039 1991 1199 2047 datur
1218 1988 1370 2062 pacis
1409 1997 1570 2058 atque
1603 2001 1735 2041 con-

149 2087 344 2143 stantiae
377 2087 643 2159 generale
670 2085 983 2141 mandatum
1013 2083 1194 2157 (Vera.
1225 2082 1319 2154 4);
1366 2091 1423 2140 ut
1451 2095 1638 2152 pacem
1667 2077 1738 2134 fe-

149 2189 279 2248 rant,
305 2177 680 2235 constantiam
707 2185 948 2245 servent,
992 2175 1279 2246 hospitalis
1320 2170 1738 2229 necessitudinis

145 2272 253 2341 jura
287 2270 654 2338 custodiant;
686 2270 928 2326 alienum
970 2283 1000 2324 a
1031 2268 1394 2340 praedicatore
1444 2267 1593 2337 regni
1625 2279 1739 2322 ete-

149 2365 287 2420 lestis
322 2376 587 2420 astruens
621 2364 890 2420 cursitare
916 2379 1016 2435 per
1057 2362 1274 2426 domos,
1307 2373 1361 2416 et
1405 2359 1738 2416 inviolabilis

149 2456 360 2527 hospitii
388 2461 510 2527 jura
563 2469 800 2512 mutare.
843 2455 950 2530 Sed
997 2465 1057 2511 ut
1107 2452 1334 2524 hospitii
1370 2453 1544 2524 gratia
1589 2451 1740 2508 defe-

148 2551 298 2608 renda
331 2563 592 2608 censetur
617 2569 630 2606 :
656 2552 727 2607 ita
750 2551 913 2606 etiam
940 2549 987 2604 si
1013 2565 1122 2605 non
1146 2548 1492 2618 recipiantur,
1528 2545 1740 2619 1399

148 2647 523 2704 excutiendum
553 2646 854 2718 pulverem,
885 2654 941 2702 et
973 2643 1360 2716 egrediendum
1400 2642 1470 2698 de
1519 2643 1740 2704 civitate

149 2740 446 2797 mandatur.
479 2740 601 2809 Quo
627 2756 737 2796 non
769 2739 1062 2795 mediocris
1082 2737 1214 2794 boni
1246 2737 1613 2792 remuneratio
1643 2736 1740 2792 do-

150 2844 289 2888 cetur
328 2834 575 2904 hospitii,
619 2842 814 2888 utnon
855 2833 1030 2887 solum
1064 2847 1251 2902 pacem
1281 2830 1580 2886 tribuamus
1608 2829 1740 2888 hos-

151 2930 342 2999 pitibus
375 2946 389 2986 :
420 2945 610 2986 verum
641 2931 804 2986 etiam
826 2931 870 2986 si
900 2946 1005 3001 qua
1028 2946 1126 2986 eos
1153 2939 1388 2986 terrente
1413 2930 1742 2986 obumbrant

152 3022 341 3078 delicta
386 3022 650 3090 levitatis,
692 3023 927 3094 receptis
975 3023 1296 3093 apostolicae
1335 3022 1741 3093 praedicationis

152 3114 423 3185 vestigiis,
471 3115 815 3172 auferantur.
866 3115 976 3171 Nec
1017 3116 1192 3172 otiose
1247 3116 1546 3171 secundum
1605 3116 1736 3172 Mat-

1843 519 2072 573 ticorum
2120 519 2455 584 communio,
2517 518 2772 588 fugienda
2827 517 3108 589 Synagoga
3162 526 3439 573 censetur.

1842 610 2211 667 Excutiendus
2235 611 2433 681 pedum
2467 611 2660 680 pulvis,
2690 627 2760 667 ne
2792 611 3171 667 fatiscen‘tibus
3196 610 3442 684 perﬁdia:

1841 703 2047 757 sterilis
2095 701 2452 767 siccitatibus,
2493 712 2766 775 tamquam
2798 704 2947 759 humi
2985 703 3141 759 arido
3180 716 3446 758 arenoso-

1839 807 1946 864 que
1975 795 2175 850 mentis
2194 801 2301 849 tuae
2325 796 2614 864 vestigium
2642 795 2939 864 polluatur.
2983 794 3117 850 Nam
3146 793 3286 850 sicut
3315 807 3442 849 cor-

1840 901 2040 958 poreas
2070 887 2416 942 inﬁrmitates
2443 888 2626 958 populi
2657 887 2831 943 ﬁdelis
2868 889 3151 958 suscipere
3179 888 3234 942 iu
3265 901 3326 942 se
3347 886 3444 941 de-

1839 980 1930 1037 bet
1961 979 2238 1051 Evangelii
2263 979 2610 1051 praedicator,
2645 989 2700 1036 et
2739 989 3013 1049 tamquam
3047 979 3282 1050 prepriis
3323 975 3441 1032 lna-

1839 1074 1929 1131 nia
1957 1087 2108 1147 gesta
2131 1077 2342 1147 pulveri
2365 1075 2755 1148 comparanda,
2779 1075 3022 1130 allevare
3039 1083 3200 1146 atqtie
3222 1075 3444 1130 abolere

1839 1169 2103 1240 vestigiis,
2129 1169 2282 1238 juxta
2311 1170 2455 1240 quod
2498 1171 2760 1239 scriptum
2805 1178 2888 1223 est
2921 1185 2932 1220 :
2968 1167 3097 1234 Quis
3123 1169 3442 1238 inﬁrmatur,

1839 1271 1887 1317 et
1907 1280 1997 1336 ego
2027 1279 2130 1317 non
2153 1264 2391 1332 infirmor
2415 1262 2479 1336 (Il
2509 1261 2630 1316 Cor.
2657 1276 2735 1327 ιιι,
2761 1259 2899 1332 29)?
2925 1260 3003 1316 lla
3035 1262 3079 1315 si
3104 1277 3208 1330 qua
3232 1269 3317 1315 est
3339 1260 3443 1314 Ec-

1838 1355 2152 1424 clesiaquaa
2180 1354 2340 1409 fidem
2387 1358 2629 1424 respuat,
2681 1368 2782 1408 nec
2827 1353 3142 1424 aposwlicae
3180 1352 3444 1423 przcdica-

1839 1447 2004 1502 tionis
2035 1447 2382 1502 fundamenta
2417 1446 2728 1517 possideat;
2773 1461 2842 1501 ne
2871 1453 3040 1516 quam
3066 1445 3246 1501 labem
3279 1447 3444 1515 perti-

1838 1540 1945 1596 dia:
1975 1541 2147 1612 possit
2172 1555 2483 1611 aspergere,
2527 1540 2827 1595 deserenda
2861 1549 2968 1594 est.
3009 1539 3164 1607 Quod
3205 1539 3441 1609 Aposto-

1837 1636 2152 1706 lusquoque
2174 1635 2458 1691 evidenter
2482 1636 2715 1689 asseruit
2738 1634 2932 1689 dicens
2965 1651 2978 1688 :
3009 1633 3326 1689 Htereticum
3347 1634 3440 1686 Iw-

1837 1729 2023 1781 minem
2044 1736 2161 1800 post
2186 1743 2436 1782 unum...
2465 1727 2843 1797 correptionem
2870 1725 3041 1779 devita
3059 1723 3186 1796 (Tit.
3215 1736 3296 1788 ιιι,
3323 1723 3436 1793 10).

1911 1820 2093 1894 (Vers.
2131 1818 2248 1891 15.)
2282 1819 2368 1874 Ait
2413 1827 2586 1874 autem
2613 1818 2682 1872 ad
2713 1833 2800 1872 eos
2833 1834 2846 1871 :
2881 1814 3018 1871 Date
3042 1817 3148 1870 illis
3175 1832 3266 1872 vos
3292 1831 3441 1870 man-

1839 1912 2046 1966 ducare.
2093 1911 2160 1965 At
2198 1910 2276 1965 illi
2325 1910 2567 1965 dixerunt
2594 1925 2613 1963 :
2637 1907 2761 1962 Non
2808 1918 2924 1962 sunt
2967 1906 3116 1962 nobis
3162 1909 3440 1978 plusquam

1838 2004 2061 2075 quinque
2081 2019 2263 2076 panes.

1911 2098 2001 2154 69.
2034 2097 2219 2170 (Vera.
2253 2095 2328 2167 8).
2354 2096 2486 2164 Quae
2514 2095 2652 2151 ratio
2695 2102 2802 2155 est,
2834 2092 2976 2162 quod
3018 2106 3142 2147 cum
3171 2091 3228 2146 in
3257 2099 3442 2160 poste-

1838 2191 2076 2248 rioribus
2096 2190 2324 2246 Joannis
2347 2190 2530 2260 passio
2550 2187 2920 2252 describatur,
2951 2186 3037 2240 hic
3057 2185 3170 2256 jam
3194 2192 3442 2239 mortuus

1838 2285 2024 2340 verbis
2061 2283 2292 2338 Herodis
2331 2281 2668 2337 ostenditur?
2712 2281 2791 2336 Ne
2820 2279 2960 2335 forte
3001 2279 3116 2345 illa,
3149 2277 3274 2348 quia
3316 2287 3442 2348 post

1839 2375 1998 2447 Legis
2025 2375 2299 2432 delectum
2323 2373 2683 2444 Evangelicus
2709 2373 2865 2429 cibus
2888 2371 3082 2442 incipit
3097 2372 3285 2441 jejuna
3317 2385 3441 2440 pas-

1839 2483 1965 2530 cere
2013 2469 2178 2524 corda
2217 2468 2538 2540 populorum
2576 2467 2863 2537 ?Denique
2906 2474 3093 2536 postea
3133 2479 3295 2535 quam
3345 2462 3438 2518 illa

1841 2578 1960 2634 quae
1987 2561 2248 2619 Ecclesia:
2273 2573 2457 2634 typum
2487 2562 2720 2631 accepit,
2747 2575 2778 2615 a
2812 2560 2960 2615 ﬂuxu
2987 2569 3172 2614 curata
3204 2567 3286 2613 est
3313 2570 3438 2613 san-

1839 2655 2040 2726 guinis,
2063 2665 2245 2724 postea
2276 2668 2437 2725 quam
2463 2654 2697 2726 apostoli
2731 2653 2796 2706 ad
2838 2650 3320 2722 evangelizandum
3348 2665 3439 2706 re-

1840 2760 2006 2817 gnum
2034 2746 2130 2801 Dei
2161 2754 2290 2802 sunt
2312 2745 2591 2812 destinati,
2621 2744 2815 2814 gratia:
2847 2743 3091 2798 caelestis
3121 2741 3434 2812 impartitur

1841 2839 2181 2894 alimentum.
2227 2837 2335 2894 Sed
2377 2837 2578 2908 quibus
2629 2837 3000 2907 impartiatur,
3045 2835 3290 2890 adverte.
3322 2834 3440 2889 Non

1841 2933 2054 3000 otiosis,
2097 2948 2204 2987 non
2247 2934 2300 2987 in
2337 2931 2548 3005 ιιοο
2585 2931 2806 2987 civitate
2835 2931 2990 3001 quasi
3033 2931 3087 2984 in
3128 2928 3438 3001 Synsgoga,

1842 3026 1928 3081 vel
1957 3025 2209 3080 saeculari
2239 3025 2503 3095 dignitate
2527 3023 2911 3088 residentibus,
2937 3023 3032 3078 sed
3060 3023 3204 3077 inter
3223 3023 3440 3080 deserta

1843 3122 2214 3191 quterentibus
2260 3118 2574 3185 Christum;
2623 3118 2717 3189 qui
2756 3118 2902 3174 enim
2966 3131 3075 3172 non
3122 3115 3438 3179 fastidiunt,

154 3211 349 3264 timum
375 3209 575 3267 domus
621 3226 784 3282 quam
819 3210 1189 3281 ingrediantur
1220 3210 1479 3280 apostoli,
1512 3209 1736 3281 legenda
1763 3211 1808 3276 C
1842 3212 1946 3282 ipsi
1973 3212 2318 3282 excipiuntur
2341 3227 2372 3266 a
2401 3210 2644 3278 Christo,
2675 3220 2730 3264 et
2762 3224 2885 3266 cum
2918 3210 3051 3278 ipsis
3072 3207 3316 3278 loquitur
3342 3206 3444 3261 Del

151 3302 452 3361 decernitur
475 3303 690 3377 (Matth.
709 3321 766 3370 ι,
791 3303 910 3374 12);
937 3313 994 3359 ut
1025 3304 1267 3360 mutandi
1296 3303 1518 3374 hospitii
1545 3319 1739 3364 "8008-.

153 3397 503 3469 situdinisque
534 3399 803 3454 violandae
843 3413 1010 3456 causa
1050 3413 1159 3454 non
1189 3407 1462 3468 suppetat.
1503 3397 1624 3454 Non
1655 3407 1738 3454 ta-

155 3503 265 3545 men
310 3490 506 3548 eadem
537 3492 722 3546 cautio
749 3491 1024 3562 recepturi
1066 3489 1352 3548 mandatur
1383 3491 1632 3560 hospitii;
1671 3503 1740 3546 ne

154 3582 270 3638 dum
302 3585 502 3653 hospes
525 3583 767 3654 eligitur,
801 3585 1146 3654 hospitalitas
1173 3584 1288 3653 ipsa
1317 3584 1609 3639 minuatur.

149 3694 156 3699 ·
218 3676 308 3731 67.
348 3675 458 3732 Sed
491 3678 608 3733 haec
635 3688 692 3733 ut
718 3677 1020 3733 secundum
1052 3677 1289 3732 litteram
1310 3677 1380 3732 de
1409 3676 1626 3747 hospitii
1654 3691 1741 3732 re-

158 3767 345 3839 ligione
374 3769 704 3826 venerabilis
732 3779 818 3826 est
845 3769 1014 3825 forma
1049 3770 1308 3841 praecepti
1342 3788 1355 3824 :
1388 3770 1459 3825 ita
1488 3771 1653 3824 etiam
1671 3769 1742 3825 de

158 3865 401 3934 mysterio
427 3864 701 3920 sententia
721 3863 964 3920 etnlestis
992 3863 1228 3919 arridet.
1252 3863 1466 3919 Etenim
1495 3877 1618 3920 cuin
1639 3862 1738 3918 do-

159 3971 268 4014 mus
300 3957 544 4029 eligitur,
593 3958 791 4029 dignus
839 3957 1038 4029 hospes
1087 3957 1400 4029 inquiritur.
1442 3955 1740 4014 Videamus

160 4045 307 4117 igitur
335 4065 404 4105 ne
448 4051 591 4109 forte
630 4049 876 4106 Ecclesia
918 4048 1256 4121 praeferenda
1299 4048 1638 4120 designetur,
1684 4059 1742 4106 et

160 4140 409 4202 Christus.
439 4145 573 4216 Quae
602 4146 749 4200 enim
793 4145 1008 4216 dignior
1035 4145 1231 4202 domus
1265 4144 1576 4215 apostolicae
1603 4160 1740 4215 prte-

161 4234 430 4294 dicatiouis
490 4240 781 4309 ingressu,
833 4253 998 4308 quam
1051 4245 1242 4293 sancta
1296 4237 1539 4294 Ecclesia
1587 4237 1737 4308 (24,

163 4341 322 4398 quaest.
359 4334 410 4400 1,
441 4349 558 4404 cup.
590 4331 721 4400 Qui:
749 4331 959 4402 dignior
987 4332 1045 4402 )‘t
1072 4334 1181 4389 Aut
1210 4331 1335 4402 quis
1365 4330 1740 4401 praeferendus

167 4423 318 4495 magis
339 4427 596 4480 omnibus
622 4425 835 4482 videtur
871 4439 995 4480 esse
1023 4440 1183 4496 quam
1214 4423 1486 4492 Christus,
1520 4424 1614 4494 qui
1657 4438 1743 4493 pe-

165 4512 249 4567 des
270 4515 378 4569 suis
403 4517 588 4574 lavare
607 4516 894 4570 consuevit
927 4515 1252 4584 hOSpitibus,
1272 4525 1328 4570 et
1370 4529 1740 4585 quoscumque

1845 3306 2080 3362 Verbum
2107 3321 2214 3361 non
2241 3305 2308 3360 de
2346 3305 2726 3371 saecularibus,
2769 3305 2864 3360 sed
2911 3302 2980 3359 de
3009 3316 3180 3374 regno
3212 3301 3328 3358 Dei.
3374 3301 3443 3355 Et

1837 3400 1885 3457 si
1911 3401 2004 3470 qui
2029 3399 2332 3471 corporalis
2369 3407 2567 3470 gerunt
2595 3398 2778 3453 ulcera
2810 3396 3104 3468 passionis,
3152 3395 3235 3458 his
3266 3393 3437 3456 medi-

1842 3498 2020 3554 cinam
2045 3512 2200 3552 suam
2229 3495 2463 3552 libenter
2488 3494 2756 3565 indulget.

1914 3588 2005 3645 70.
2031 3590 2384 3660 Consequens
2418 3587 2581 3658 igitur
2630 3596 2771 3652 erat,
2803 3593 2864 3640 ut
2891 3597 3028 3656 quos
3076 3597 3107 3638 a
3150 3581 3440 3636 vulnerum

1841 3681 2033 3738 dolore
2063 3689 2374 3748 sanaverat,
2405 3695 2500 3735 eos
2526 3679 2802 3734 alimoniis
2827 3677 3164 3749 Spiritalibus
3182 3689 3211 3728 a
3233 3673 3442 3744 jejunio

1841 3775 2128 3831 liberaret.
2171 3774 2357 3845 Itaque
2396 3789 2558 3830 nemo
2602 3773 2784 3829 cibum
2832 3772 3032 3840 accipit
3058 3768 3288 3834 Christi,
3333 3767 3438 3822 nisi

1842 3865 2006 3922 fuerit
2039 3874 2166 3919 ante
2202 3874 2445 3920 sanatus.
2493 3863 2558 3918 Et
2587 3864 2664 3918 illi
2692 3863 2782 3932 qui
2815 3869 3079 3916 vocantur
3105 3859 3173 3914 ad
3199 3873 3438 3923 umnam,

1843 3961 1991 4031 prius
2033 3958 2278 4014 vocando
2321 3965 2606 4012 sanantur.
2653 3957 2707 4011 Si
2742 3955 2963 4010 claudus
3003 3953 3124 4018 fuit,
3154 3951 3437 4023 gradiendi

1842 4051 2152 4108 facultatem
2184 4058 2243 4105 ut
2269 4049 2502 4115 veniret,
2547 4047 2774 4118 accepit.
2825 4046 2883 4102 Si
2926 4045 3129 4100 lumine
3157 4045 3439 4102 oculorum

1843 4147 2087 4217 privatus
2132 4156 2274 4209 erat,
2317 4145 2540 4199 domum
2588 4142 2776 4212 utique
2824 4138 3060 4204 Domini,
3105 4136 3213 4193 nisi
3258 4136 3442 4192 refusa

1843 4242 1983 4306 luce,
2018 4241 2220 4296 intrare
2246 4254 2356 4294 non
2387 4239 2579 4308 potuit.

1905 4335 1996 4391 ιι.
2031 4334 2244 4404 Ubique
2274 4333 2438 4404 igitur
2465 4328 2868 4404 mysterii-ordo
2892 4336 3172 4392 servatur;
3197 4334 3258 4381 ut
3292 4325 3444 4394 prius

1843 4443 1942 4499 per
1981 4427 2363 4483 remissionem
2411 4432 2762 4496 peccatorum
2804 4421 3125 4476 vulneribus
3173 4418 3445 4474 medicina

1844 4524 2134 4588 tribuatur,
2175 4530 2362 4593 postea
2411 4519 2671 4574 alimonia
2723 4529 2927 4571 mensae
2958 4511 3202 4570 caelestis
3239 4510 3448 4566 exube-

167 4618 250 4662 ⁸³³³
281 4611 544 4678 receperit
594 4608 784 4674 (Ῐοωον
823 4609 1044 4678 Donum
1093 4623 1200 4662 ηοη
1234 4609 1467 4676 Pallam"
1498 4609 1742 4674 habitare
1767 4597 1819 4657 Ῑ)
1848 4625 1958 4671 ret:
1979 4627 2304 4685 quamquam
2327 4611 2566 4666 nondum
2597 4606 2954 4662 validioribus
2985 4605 3104 4660 haec
3131 4603 3287 4657 turba
3311 4601 3444 4656 reli-

170 4699 416 4769 vestigiis:
433 4699 529 4756 sed
547 4699 855 4756 maculosos
870 4700 996 4754 licet
1015 4699 1136 4756 vita:
1155 4691 1372 4768 prioris,
1399 4701 1451 4755 in
1474 4700 1740 4770 reliquum

172 4794 330 4846 tamen
363 4792 621 4862 dignetur
667 4791 931 4847 mundare
975 4792 1300 4861 processus?
1328 4792 1426 4848 Hic
1468 4801 1552 4849 est
1578 4793 1744 4864 igitur

174 4879 306 4936 solus
333 4899 492 4954 quem
521 4899 683 4940 nemo
705 4884 867 4940 debet
885 4883 1165 4948 deserere,
1195 4899 1356 4940 nemo
1385 4893 1616 4940 mutare.
1646 4886 1745 4940 Cui

172 4972 296 5030 bene
321 4977 518 5034 dicitur
545 4997 564 5040 ε
596 4977 840 5044 Domine,
887 4977 956 5031 ad
979 4994 1127 5048 quem
1153 4978 1380 5033 ibimus?
1425 4977 1590 5034 Verba
1628 4981 1746 5035 vita

171 5077 360 5126 tutetute
402 5072 581 5139 habes,
615 5081 660 5126 et
701 5087 794 5126 nos
838 5071 1098 5132 credimus
1125 5069 1306 5140 (Joan.
1343 5086 1416 5136 vi,
1443 5070 1513 5127 69
1552 5081 1601 5125 et
1627 5071 1744 5145 70).

177 5159 318 5219 Vides
364 5176 745 5224 exsecutorem
797 5165 1103 5222 ctelestium
1157 5177 1598 5236 prmceptorum:
1656 5167 1747 5235 qui

172 5257 404 5324 quoniam
455 5273 564 5314 non
606 5258 832 5313 mutavit
865 5257 1181 5326 hospitium,
1231 5258 1475 5314 cmlestis
1517 5272 1745 5314 consor-

172 5344 290 5402 tium
314 5351 746 5406 consecrationis
770 5351 1024 5405 emeruit.

235 5439 318 5496 68.
341 5442 499 5499 Fides
517 5443 679 5514 igitur
702 5442 973 5512 imprimis
999 5442 1256 5502 Ecclesiae
1278 5443 1569 5513 quaerenda
1594 5458 1746 5499 man-

173 5530 336 5598 datur,
368 5537 419 5590 in
463 5550 571 5606 qua
600 5537 645 5590 si
674 5535 927 5590 Christus
959 5534 1232 5589 habitator
1275 5536 1366 5600 sit,
1412 5535 1553 5590 haud
1585 5535 1748 5592 dubie

173 5624 237 5678 sit
262 5625 499 5698 legenda.
525 5627 620 5684 Sin
652 5643 782 5682 vero
825 5625 1062 5698 perﬁdus
1090 5627 1342 5697 populus,
1379 5637 1470 5683 aut
1506 5644 1747 5701 prtecep-

1846 4711 2020 4764 ciatur
2040 4705 2338 4769 alimentis,
2378 4717 2558 4773 neque
2585 4699 2789 4755 Christi
2815 4709 3049 4768 corpove
3075 4705 3133 4752 et
3177 4695 3444 4764 sanguine

1843 4801 2026 4872 jejuna
2077 4785 2353 4852 solidioris
2396 4793 2523 4850 ﬁdei
2568 4791 2736 4848 corda
2769 4798 3079 4862 pascantur.
3127 4785 3304 4849 Lacte,
3358 4785 3444 4838 in-

1848 4894 1985 4965 quit,
2032 4908 2121 4947 vos
2151 4890 2342 4960 potavi,
2392 4904 2497 4942 non
2535 4901 2684 4951 esca;
2730 4884 2958 4939 nondum
2997 4882 3132 4936 enim
3171 4879 3444 4950 poteratis,

1847 4989 1936 5042 sed
1979 5003 2072 5042 nec
2113 4984 2286 5039 adhuc
2315 4982 2520 5053 quidem
2559 4980 2772 5052 potestis
2805 4977 2849 5049 (l
2879 4976 3097 5040 Cor-.111,
3125 4973 3206 5044 2).
3239 4971 3298 5026 ln
3331 4985 3449 5025 mo-

1847 5080 1975 5136 dum
2002 5079 2158 5135 lactis
2188 5078 2430 5148 quinque
2453 5084 2579 5129 sunt
2607 5087 2798 5142 panes.
2832 5070 2975 5125 Esca
3003 5075 3184 5122 autem
3223 5063 3450 5120 solidior

1848 5187 2048 5244 corpus
2093 5179 2178 5226 est
2228 5168 2452 5235 Christi,
2485 5177 2644 5238 potus
2691 5161 3078 5219 vehementior
3116 5157 3334 5229 sanguis
3365 5165 3452 5212 est

1852 5263 2088 5321 Domini.
2122 5262 2239 5316 Non
2281 5263 2460 5316 statim
2493 5275 2523 5312 a
2557 5259 2738 5328 primo
2781 5255 3070 5324 epulamur
3103 5249 3309 5316 omnia,
3353 5261 3451 5304 no-

1852 5373 1960 5430 que
1986 5367 2238 5426 potamus
2266 5355 2470 5410 omnia.
2500 5352 2615 5406 Hoc
2638 5351 2884 5420 primum,
2913 5346 3111 5416 inquit,
3138 5345 3249 5398 bibe
3273 5339 3449 5414 (Emi.

1853 5467 1928 5516 ix,
1964 5445 2041 5520 1).
2077 5449 2172 5504 Est
2195 5463 2330 5518 ergo
2372 5447 2631 5516 primum,
2661 5451 2746 5498 est
2775 5441 2938 5496 etiam
2983 5435 3280 5493 secundum
3307 5433 3454 5504 quod

1855 5542 2029 5597 bibas.
2080 5541 2176 5594 Est
2225 5550 2281 5595 et
2323 5539 2554 5609 primum
2598 5534 2742 5604 quod
2790 5531 3109 5596 ntauduces,
3161 5538 3245 5584 est
3285 5529 3450 5584 etiam

1858 5631 2179 5698 secundum,
2203 5643 2284 5689 est
2308 5631 2557 5689 tertium.
2585 5628 2831 5685 Primum
2856 5625 3095 5697 quinque
3118 5635 3283 5693 panes
3305 5627 3455 5686 sunt,

241 5767 375 5844 fSie
400 5767 665 5844 plerique,
696 5779 800 5821 nec
827 5778 934 5844 non
955 5764 1173 5834 optimae
1203 5774 1345 5821 nota:
1374 5781 1506 5822 mss.
1539 5766 1644 5824 Alii
1665 5742 1845 5827 tamen
1873 5771 2100 5842 aliquot,
2129 5783 2430 5844 omnesque
2457 5766 2808 5839 edit.fideque
2830 5771 2994 5832 tutus,
3023 5766 3166 5838 putet
3192 5759 3290 5822 sibi
3330 5776 3460 5833 quo-

180 5835 334 5904 minus
358 5835 414 5892 ea
446 5835 696 5923 requirat,
721 5836 888 5909 magis
915 5852 1061 5905 posse
1084 5846 1372 5908 suppetere.
