3960 6306
520 272 666 331 im

1860 272 2110 331 SANCTI
2146 270 2468 330 AMBROSIl

3671 282 3790 340 1688

517 389 816 446 secundum
840 395 1073 460 septem,
1099 389 1318 447 tertium
1352 391 1529 462 ipsum
1555 403 1755 462 corpus
1780 399 1866 447 est
1890 385 2116 446 Christi.
2146 387 2202 449 Α
2254 462 2257 464 _
2297 409 2388 466 75,
2428 407 2622 467 Nonne
2664 414 2724 468 ιη
2760 425 2902 469 esca;
2924 412 3123 469 νίτιιιιε
3151 427 3274 469 cum
3321 413 3434 486 iam
3476 415 3719 476 deﬁcere,
3743 424 3790 477 in

591 484 683 541 72.
705 483 1057 556 Nequaquam
1081 485 1245 556 igitur
1272 487 1437 543 talem
1460 486 1750 543 Dominum
1777 486 2118 550 deseramus.

520 577 616 648 qtti
650 593 747 649 pro
774 577 1202 649 uniuscujusqtte
1244 578 1452 634 viribus
1499 579 1780 650 impartire
1823 578 1982 634 nobis
2023 578 2126 646 ali-V

521 679 700 726 menta
733 671 1018 740 dignatur;
1049 686 1116 724 ne
1143 682 1236 725 aut
1277 672 1562 741 inlirtuumg
1582 672 1817 727 validior
1843 671 1997 726 cibus
2023 685 2121 741 op-

526 760 746 830 primat,
790 769 881 814 ant
929 760 1169 815 validum
1209 763 1370 817 exilia
1411 763 1672 819 alimenta
1720 779 1826 819 non
1877 763 2118 819 satient:

522 851 625 919 Qui
647 853 795 906 enim
822 854 1062 920 inﬁrmus
1089 864 1184 919 est,
1218 856 1360 910 olera
1397 856 1672 911 manducet
1695 856 1870 928 (Rom.
1902 872 2014 922 xw,
2035 855 2129 934 2).

517 944 587 1000 Et
619 946 709 1001 ille
733 952 822 1016 qni
853 947 962 1016 jam
993 947 1206 1002 videtur
1238 949 1464 1020 laqueos
1504 951 1832 1003 inlirmitatis
1863 949 2118 1017 evadere,

521 1039 589 1092 de
619 1040 860 1109 quinque
889 1041 1006 1096 istis
1029 1042 1320 1099 manducet
1365 1045 1594 1111 panibus
1625 1055 1680 1100 et
1715 1044 1929 1100 duobus
1963 1044 2131 1114 pisci:

518 1128 642 1184 huc.
678 1132 841 1185 Certe
869 1133 912 1184 si
936 1143 1125 1202 petere
1161 1135 1346 1188 cibum
1381 1135 1697 1190 validiorem
1731 1147 1970 1200 veretur,
2007 1138 2123 1204 ipse

511 1225 719 1280 relictis
746 1228 858 1281 suis
886 1227 1161 1292 omnibus,
1195 1227 1416 1283 festinet
1459 1230 1526 1284 ad
1560 1231 1650 1284 Dei
1683 1231 1926 1286 verbum.
1987 1230 2132 1296 Dum,

515 1316 705 1371 audire
759 1318 992 1387 incipit,
1045 1320 1512 1390 incipitoesurire.
1565 1321 2122 1392 lncipiuntapostoli

519 1411 850 1466 esurientem
885 1411 1088 1469 videre.
1131 1414 1198 1468 Et
1244 1415 1289 1468 si
1322 1415 1394 1468 illi
1441 1415 1618 1472 adhuc
1673 1431 1779 1472 non
1813 1417 2124 1488 intelligunt

514 1504 646 1574 quid
671 1507 896 1572 esuriat,
920 1506 1186 1562 intellexit
1208 1507 1476 1564 Christus.
1509 1509 1620 1566 Scit
1649 1512 1790 1581 quod
1817 1527 1923 1566 non
1952 1527 2125 1567 saecu-

515 1600 688 1655 lari-m
720 1601 902 1658 cibum
936 1602 1158 1668 esuriat,
1193 1602 1506 1659 sed'cibum
1534 1604 1762 1661 Christi.
1801 1606 1946 1662 Dicat
1981 1625 1993 1660 :
2027 1605 2125 1660 Di-

515 1695 716 1750 ntittere
763 1714 848 1751 eos
869 1699 1083 1770 iejunos
1112 1698 1256 1762 nolo,
1298 1715 1362 1754 ne
1392 1699 1633 1768 deficiant
1677 1701 1732 1754 in
1779 1701 1863 1754 via
1894 1699 2118 1768 (Matth.

2225 503 2310 560 via
2338 516 2557 562 sanctus
2579 505 2758 574 Elias,
2785 506 3140 578 quadraginta
3168 506 3465 564 ambulavit
3499 509 3683 566 diebus
3701 554 3715 578 ,
3738 523 3786 570 et

2225 597 2368 653 illam
2399 613 2578 655 escam
2606 599 3011 670 angelnsdedit
3045 598 3146 673 (Ill
3177 598 3308 672 Reg.
3347 617 3462 668 xix,
3494 601 3588 674 8)?
3615 603 3670 660 Si
3703 621 3784 662 au-

2225 697 2334 744 tem
2365 699 2416 745 te
2446 692 2654 760 paverit
2676 690 2853 754 Jesus,
2878 699 2934 747 et
2963 703 3240 762 acceptam
3268 708 3448 749 escam
3483 699 3784 763 servaveris,

2224 781 2526 837 ambulabis
2577 799 2685 838 non
2731 783 3083 854 quadraginta
3128 783 3322 840 diebus
3363 794 3419 839 et
3457 786 3784 859 quadraginta

2227 874 2498 941 noctibus,
2517 871 2621 930 sed
2651 875 2860 947 (audeo
2888 875 3069 932 dicere
3106 876 3403 948 Scriptura:
3433 879 3597 936 fretus
3623 896 3792 938 exem-

2226 967 2367 1039 plis)
2399 969 2750 1041 quadraginta
2782 972 2940 1026 annis
2980 963 2996 1023 ἐ
3028 979 3082 1025 et
3125 971 3425 1040 egredieris
3449 975 3518 1029 ab
3547 973 3791 1046 {Egyptiis

2227 1059 2640 1129 ﬁnilnts,'donec
2663 1061 2949 1131 pervenias
2973 1063 3023 1117 in
3041 1071 3242 1119 terram
3269 1065 3515 1127 multam.
3536 1069 3594 1121 in
3613 1078 3790 1125 terram

2227 1136 2484 1208 ﬂuentem
2520 1153 2602 1209 lac
2623 1163 2678 1209 et
2701 1155 2805 1209 tn'el
2823 1196 2839 1222 ,
2865 1147 3024 1226 quam
3051 1148 3257 1227 juravit
3280 1155 3542 1214 Dominus
3565 1161 3790 1218 daturum

2224 1259 2284 1299 se
2316 1241 2554 1315 patribus
2587 1248 2831 1302 nostris.
2860 1246 3031 1318 Hujus
3059 1241 3216 1304 terrm
3265 1250 3360 1305 tibi
3409 1251 3577 1307 virtus
3619 1255 3781 1325 requi-

2224 1339 2392 1393 renda
2440 1347 2555 1406 est,
2600 1355 2764 1410 quam
2799 1341 3040 1416 possidet
3064 1335 3231 1397 mitis.
3265 1341 3382 1397 Non
3423 1343 3582 1399 istam
3613 1356 3788 1402 terram

2223 1428 2348 1486 dico
2367 1445 2488 1501 quae
2510 1432 2658 1486 arida
2685 1422 2790 1498 est,
2815 1435 2910 1489 sed
2935 1435 3081 1490 illam
3107 1451 3227 1507 qua!
3247 1435 3446 1491 Christi
3468 1438 3794 1494 conﬁrmatur

2224 1523 2534 1591 alimentis,
2565 1540 2688 1596 quae
2732 1527 2833 1582 sub
2871 1518 3100 1598 imperio
3128 1527 3424 1584 constituta
3457 1534 3599 1603 regis
3627 1533 3791 1588 arterui

2224 1628 2536 1673 sanctorum
2570 1619 2900 1676 incolatibus
2933 1621 3336 1692 frequentatur.
3418 1634 3422 1636 '

2300 1712 2388 1766 76.
2433 1712 2633 1768 Dividit
2664 1728 2793 1785 ergo
2811 1730 2966 1770 escas
2998 1715 3262 1773 Dominus
3289 1707 3472 1774 lesus.
3502 1719 3571 1774 Et
3591 1719 3674 1776 ille
3693 1721 3793 1792 qni-

514 1806 614 1857 xv,
639 1790 759 1863 52).
791 1791 975 1848 Bonus
1009 1792 1271 1848 Dominus
1318 1794 1494 1849 studia
1525 1794 1714 1866 exigit,
1757 1795 1902 1851 vires
1927 1796 2116 1852 minis-

2227 1809 2344 1864 dem
2375 1807 2487 1862 vult
2518 1807 2649 1862 dare
2679 1810 2964 1877 omnibus,
2998 1813 3160 1881 negat
3187 1813 3427 1878 nemini,
3472 1813 3788 1884 dispensator

522 1893 655 1940 trat.

589 1978 678 2032 75.
712 1977 952 2045 Utinam,
987 1980 1216 2037 Domine
1245 1982 1400 2050 Jesu,
1448 1983 1585 2039 velis
1621 1996 1837 2040 mecum
1885 1983 2020 2038 istos
2043 1982 2125 2053 je-

509 2070 674 2141 jttnos
703 2087 811 2127 non
835 2073 1136 2141 dimittere,
1163 2077 1256 2130 sed
1291 2076 1582 2145 iinprtrtitis
1608 2077 1704 2132 abs
1739 2086 1790 2132 te
1830 2077 2007 2146 epulis
2037 2092 2125 2132 re-

516 2161 668 2218 ﬁcias
690 2177 786 2218 eos
810 2181 824 2227 ;
857 2173 915 2220 ut
935 2167 1146 2234 possint
1172 2169 1282 2222 tuis
1305 2168 1581 2224 alimoniis
1605 2168 1861 2225 fortiores
1891 2169 2121 2224 inﬁrmi-

518 2263 683 2310 tatem
707 2257 902 2325 jejunii
927 2273 1032 2314 non
1063 2261 1276 2316 timere.
1311 2261 1470 2317 Dicas
1500 2261 1710 2316 utinam
1738 2261 1904 2317 etiam
1935 2262 2003 2318 de
2021 2277 2124 2318 no-

518 2347 604 2403 bis
636 2367 649 2403 :
687 2349 827 2404 Nolo
878 2369 963 2406 eos
1007 2355 1215 2420 iejunos
1255 2355 1550 2410 dimittere!
1599 2355 1668 2411 Et
1715 2371 1936 2410 causam
1990 2357 2124 2412 mihi

517 2437 710 2504 dii-ito,
743 2457 912 2512 quare
941 2458 1037 2499 eos
1068 2446 1208 2500 nolis
1233 2445 1455 2515 jejunos
1484 2446 1800 2503 dimittere:
1828 2449 2120 2518 immojam

516 2530 730 2600 dixisti,
759 2535 884 2605 quia
927 2537 972 2591 si
1022 2553 1183 2608 quem
1228 2539 1504 2595 dimiseris
1529 2541 1798 2610 jejunum,
1836 2541 2021 2597 deﬁcit
2067 2542 2123 2598 in

513 2624 626 2690 via,
662 2626 764 2681 hoc
795 2637 897 2693 est,
928 2627 1113 2684 deﬁcit
1141 2631 1222 2685 vel
1257 2631 1308 2684 in
1343 2629 1502 2686 istius
1529 2647 1694 2688 cursu
1724 2633 1872 2697 vitm,
1904 2633 1990 2689 vel
2027 2649 2128 2688 an-

519 2725 740 2789 tequam
770 2719 837 2774 ad
868 2729 896 2758 ει
916 2731 1080 2793 caput
1113 2725 1394 2794 perveniat
1431 2726 1555 2794 viae,
1596 2735 1889 2794 antequam
1920 2743 2124 2800 perve-

515 2812 633 2864 niat
661 2811 728 2865 ad
750 2811 989 2876 Patrem.
1020 2823 1075 2870 et
1104 2817 1372 2888 intelligat
1395 2818 1541 2888 quod
1582 2835 1647 2875 ex
1675 2819 1841 2876 Patre
1869 2821 2124 2877 Christus

519 2911 625 2964 est,
668 2903 934 2974 intelligat
973 2909 1116 2978 quod
1154 2908 1409 2968 Christus
1459 2928 1492 2967 e
1544 2914 1708 2979 ccelo,
1758 2923 1814 2970 et
1857 2914 2127 2987 intelligat

521 2995 667 3065 quod
695 2993 949 3054 Christus
976 3002 1070 3070 qui
1098 3000 1401 3069 descendit,
1436 3004 1552 3073 ipse
1580 3014 1668 3061 est
1691 3015 1742 3062 et
1787 3006 1879 3076 qni
1927 3022 2123 3063 ascen-

519 3087 640 3154 dit;
671 3105 739 3143 ne
771 3091 909 3148 forte
936 3107 1060 3148 cum
1107 3097 1382 3166 acceperit
1421 3099 1567 3168 quod
1607 3111 1768 3154 natus
1805 3116 1871 3155 ex
1900 3101 2126 3172 Virgine

2227 1901 2373 1954 enim
2406 1911 2490 1955 est
2529 1901 2772 1958 omnium
2812 1921 2827 1959 :
2856 1904 2951 1959 sed
2994 1891 3119 1960 eum
3152 1899 3260 1960 ille'
3289 1897 3464 1978 panes
3495 1907 3720 1980 frangat,
3748 1918 3793 1963 et

2229 1992 2320 2048 det
2341 1992 2642 2064 discipulis,
2674 1993 2718 2049 si
2747 2005 2800 2048 ιιι
2827 1986 3022 2051 manus
3050 1985 3156 2051 non
3177 1997 3450 2054 extendas
3480 2007 3616 2066 tuas,
3646 2009 3695 2054 ut
3720 2015 3794 2055 ac-

2227 2087 2400 2155 cipias
2433 2088 2527 2142 tibi
2550 2103 2741 2156 escas,
2773 2087 2996 2144 deflcies
3028 2091 3079 2145 in
3105 2091 3225 2158 via;
3256 2083 3592 2163 nec'poteris
3617 2095 3665 2149 in
3689 2109 3791 2151 eum

2225 2181 2444 2250 culpam
2469 2191 2616 2236 tuam
2651 2181 2881 2249 referre,
2908 2183 2997 2253 qui
3031 2184 3348 2247 miseretur,
3368 2195 3439 2240 vet
3462 2185 3645 2241 dividit
3676 2205 3687 2240 :
3714 2187 3793 2242 sed

2228 2274 2314 2331 his
2339 2275 2551 2338 dividit,
2579 2277 2669 2346 qui
2698 2291 2819 2331 cum
2845 2292 2912 2333 eo
2940 2278 3112 2333 etiam
3139 2279 3191 2335 in
3224 2273 3451 2336 deserto
3486 2289 3791 2352 permanent,

2226 2368 2316 2438 qui
2347 2367 2525 2438 primo
2555 2377 2609 2422 et
2640 2369 2880 2424 secundo
2905 2377 2960 2424 et
2981 2372 3144 2425 tertio
3170 2371 3690 2440 die'nonrecedunt.
3717 2373 3792 2428 Sic

2228 2461 2372 2515 enim
2409 2460 2577 2516 habes
2606 2461 2736 2517 alibi
2787 2481 2800 2518 :
2845 2451 3102 2518 Misereor~
3127 2465 3287 2536 hujus
3331 2466 3536 2533 turbis;
3577 2466 3687 2534 quia
3713 2465 3792 2518 (ri-

2229 2553 2389 2607 duum
2415 2563 2489 2608 est
2499 2554 2620 2624 jam
2635 2555 2777 2626 quod
2793 2554 3335 2626 perseverantmecum
3365 2557 3578 2629 (Matth.
3597 2574 3678 2624 xv,
3693 2557 3790 2626 32).

2226 2646 2442 2714 Quanta
2471 2647 2734 2718 dignatio,
2769 2659 2970 2720 quanta
2999 2651 3168 2706 ab'eo’
3191 2650 3508 2707 hominibus
3531 2651 3791 2723 inspiratur

2229 2738 2568 2795 humanitas!
2617 2739 2734 2796 Non
2766 2741 2883 2796 vult
2917 2741 3138 2814 jejunos
3166 2742 3452 2800 dimittere
3479 2787 3491 2809 ,
3536 2761 3636 2800 non
3664 2742 3787 2808 vult;

2229 2848 2298 2888 ne
2325 2832 2578 2889 deﬁciant
2603 2835 2656 2888 in
2691 2835 2795 2891 via.
3297 2853 3300 2856 ‘

2302 2927 2394 2981 77.
2435 2927 2556 2983 Noli
2581 2943 2712 2999 ergo
2732 2929 2972 2984 deﬁcere
3001 2946 3028 2982 a
3056 2929 3346 3000 disciplina
3374 2931 3617 3000 Domini,
3644 2945 3792 2999 neque

2230 3020 2474 3092 fatigerls
2495 3035 2618 3077 cum
2651 3021 2720 3077 ab
2746 3037 2814 3077 eo
2840 3022 3159 3092 increparis.
3190 3022 3307 3079 Non
3351 3024 3598 3097 fatigeris
3634 3037 3788 3088 nunc,

2230 3129 2299 3168 ne
2327 3122 2515 3183 postea
2545 3113 2808 3185 fatigeris.
2845 3115 2985 3182 Quid
3020 3117 3162 3172 enim
3195 3119 3566 3187 respondebis
3589 3118 3636 3174 ei
3677 3123 3791 3172 :aut

519 3189 625 3245 est,
667 3184 891 3255 incipiat
939 3200 1046 3241 non
1092 3187 1184 3243 Dei
1236 3190 1514 3258 virtutem,
1557 3191 1654 3247 sed
1697 3191 1937 3248 hominis
1979 3196 2119 3250 testi-

2228 3207 2501 3278 quomodo
2542 3216 2595 3264 te
2624 3184 2910 3265 excusabis
2930 3252 2946 3277 ,
2975 3210 3020 3264 si
3052 3225 3194 3267 escae
3233 3211 3496 3279 virtutem
3522 3227 3669 3283 quam
3690 3209 3790 3265 ‘mi-r

521 3289 694 3330 mare.
726 3276 871 3349 Ergo
917 3295 986 3335 ne
1011 3279 1286 3349 deﬁciant,
1316 3282 1514 3355 inquit.

598 3366 808 3442 1M1
852 3371 1060 3445 (lbid.)
1110 3374 1242 3428 Date
1279 3375 1390 3431 illis
1435 3393 1522 3432 vos
1548 3380 1882 3435 manducare.
1932 3382 1998 3436 At
2042 3384 2124 3438 illi

522 3458 763 3515 dixerunt
791 3480 809 3517 :
840 3462 964 3518 Non
985 3477 1104 3520 sunt
1130 3468 1276 3522 nobis
1302 3470 1576 3541 plusquam
1601 3473 1824 3545 quinque
1849 3491 2038 3544 panes,
2073 3486 2122 3532 et

521 3549 624 3604 duo
655 3553 821 3619 pisces
843 3571 862 3610 :
892 3556 995 3610 nisi
1017 3573 1111 3611 nos
1135 3574 1331 3626 eamus,
1354 3571 1402 3616 et
1422 3579 1650 3620 emamus
1670 3566 1724 3620 in
1752 3583 1955 3622 omnem
1985 3567 2122 3624 hanc

515 3642 727 3698 turbam
747 3661 910 3705 escas.

597 3738 686 3794 74.
729 3740 979 3799 Nondum
1013 3745 1401 3804 intellexerant
1437 3753 1671 3820 apostoli
1717 3754 1899 3810 cibum
1936 3758 2119 3828 populi

519 3829 794 3888 credentis
823 3851 933 3890 non
962 3851 1086 3894 esse
1122 3841 1388 3896 venalem.
1420 3842 1662 3900 Noverat
1699 3844 1981 3915 Christus,
2025 3865 2123 3904 no-

519 3935 677 3986 verat
705 3927 821 3997 ipse
869 3944 969 3986 nos
1017 3933 1199 4003 potius
1230 3949 1354 3992 esse
1393 3937 1748 3997 redimendos
1780 3959 1794 3996 :
1823 3958 1954 4010 suas
1988 3960 2121 4001 vero

519 4019 708 4088 epulas
731 4025 995 4092 gratuitas
1026 4027 1213 4083 donat.
1249 4028 1498 4087 Nondum
1529 4048 1662 4104 ergo
1702 4035 1978 4092 habebant
2003 4039 2120 4094 dis-

519 4111 687 4182 cipuli
717 4115 900 4171 cibum
925 4119 1018 4187 qui
1050 4120 1324 4178 redimere
1355 4139 1456 4180 nos
1490 4136 1692 4195 posset.
1727 4129 2010 4186 Habebam
2042 4140 2122 4186 ta-

520 4217 648 4259 men
687 4205 799 4274 jam
833 4209 1014 4264 cibum
1046 4213 1135 4281 qui
1183 4216 1384 4270 satiare
1426 4232 1526 4272 nos
1572 4232 1803 4287 posset:
1845 4222 2121 4280 habebant

519 4294 702 4352 cibum
746 4299 839 4370 qui
865 4301 1196 4359 conﬁrmare
1225 4321 1324 4362 nos
1351 4318 1538 4376 posset
1567 4329 1580 4365 :
1614 4309 1779 4366 Panis
1809 4316 1958 4372 enim
1995 4335 2120 4374 con-

517 4387 692 4458 ﬁrmat
719 4406 807 4445 cor
846 4393 1070 4483 hominis
1107 4395 1284 4468 (Psat.
1329 4415 1457 4468 cut,
1503 4401 1623 4474 16).
1655 4403 1944 4464 Miseretur
1987 4426 2120 4484 ergo

518 4482 782 4540 Dominus
803 4528 820 4555 ,
846 4482 913 4543 ne
933 4489 1056 4559 quis
1085 4489 1302 4548 deﬁciat
1337 4493 1528 4552 in‘via.
1568 4497 1625 4555 Si
1652 4501 1773 4569 quis
1810 4517 1942 4575 ergo
1969 4482 2120 4563 defc-

516 4577 690 4644 cerit,
725 4593 831 4634 non
861 4595 960 4650 per
991 4581 1280 4639 Dominum
1308 4585 1497 4644 Iesum
1516 4631 1531 4656 ,
1563 4591 1660 4647 sed
1688 4608 1786 4662 per
1808 4609 1868 4650 se
1893 4597 2112 4654 deﬁcit:

515 4685 621 4726 nec
651 4671 818 4729 habes
857 4675 1003 4746 quod
1046 4678 1331 4735 adscribas
1362 4684 1626 4754 Domino,
1654 4690 1744 4758 qui
1793 4691 1960 4748 vincit
1989 4709 2110 4750 cum

510 4761 815 4831 iudicatur;
838 4768 965 4836 quid
993 4771 1136 4825 enim
1160 4771 1312 4828 dicas
1332 4774 1384 4829 ei
1409 4778 1500 4846 qui
1524 4777 1577 4832 in
1604 4789 1656 4835 te
1675 4783 1909 4839 contulit
1931 4789 2112 4844 omnia

513 4853 860 4912 ﬁrmamenta
904 4861 1160 4916 virtutis?
1199 4863 1391 4920 Nonne
1419 4867 1536 4938 ipse
1566 4877 1620 4925 te
1663 4874 1887 4943 genuit,
1931 4892 2112 4935 nonne

512 4947 634 5018 ipse
661 4953 932 5020 te‘pavit?
957 4955 1125 5012 Cibus
1152 4955 1271 5027 ejus
1299 4961 1470 5016 virtus
1510 4973 1626 5032 est,
1655 4966 1812 5023 cibus
1854 4969 1975 5038 ejus
2005 4973 2113 5028 lor-

509 5041 687 5096 titndo
717 5053 821 5100 est.
860 5045 968 5102 Sed
1009 5048 1054 5103 si
1088 5059 1145 5104 tu
1178 5051 1506 5122 negligentia
1533 5066 1622 5113 tua
1654 5057 1909 5117 virtutem
1948 5081 2108 5135 quam

509 5147 804 5205 acceperas
849 5139 1166 5208 perdidisti,
1192 5158 1305 5199 non
1351 5145 1732 5206 alimentorum
1763 5156 2068 5213 cmlestium
2093 5202 2106 5225 ,

508 5226 606 5320 sed
661 5235 766 5282 tua:
817 5231 1018 5286 mentis
1068 5233 1164 5288 tibi
1198 5235 1447 5304 praesidia
1499 5239 1808 5300 defuerunt.
1864 5247 2108 5320 Denique

507 5318 770 5376 Dominus
818 5323 978 5378 sicuti
1023 5340 1188 5395 super
1228 5329 1406 5397 justos
1445 5339 1503 5387 et
1547 5333 1778 5405 injustos
1809 5339 1948 5410 pluit
1983 5318 2102 5397 :ita

505 5413 670 5467 etiam
704 5414 932 5484 injustos
961 5419 1133 5488 pascit
1166 5429 1222 5476 et
1246 5421 1441 5492 iustos.

515 5543 518 5548 ’
574 5561 602 5591 ιι
618 5553 790 5643 ραριιι
827 5557 944 5625 vite,
976 5559 1176 5616 dicitur
1205 5561 1330 5618 finis
1379 5578 1442 5621 ac
1487 5571 1752 5643 terminus
1791 5574 1938 5643 viae;
1973 5575 2118 5634 nam'

499 5626 655 5715 quod
688 5642 959 5715 summum
1009 5641 1174 5702 atque
1212 5647 1517 5695 extremum
1568 5642 1622 5696 iu
1663 5626 2097 5715 singulis

497 5703 601 5770 est,
629 5699 1037 5770 caputdicitur.

2149 3269 2195 3332 Ο
2228 3269 2455 3365 nistrat,
2479 3300 2765 3356 amiseris?
2793 3301 2912 3357 Non
2946 3311 3100 3372 potes
3127 3301 3314 3358 dicere
3342 3305 3476 3374 quia
3507 3269 3675 3359 escam
3701 3316 3791 3356 non

2223 3391 2406 3458 dedit,
2437 3392 2559 3464 quia
2592 3393 2687 3448 dat
2711 3395 2990 3450 omnibus.
3029 3394 3146 3450 Non
3172 3403 3330 3466 potes
3373 3397 3554 3454 dicere
3572 3396 3688 3469 quia
3705 3408 3789 3451 no-

2224 3486 2324 3543 luit
2350 3495 2403 3543 te
2426 3487 2624 3542 bonum
2656 3487 2867 3555 facere,
2904 3487 3116 3562 1502
3140 3499 3268 3546 ante
3303 3505 3466 3561 quem
3497 3491 3665 3562 posuit
3703 3489 3790 3544 bo-

2225 3595 2352 3634 num
2383 3589 2439 3634 et
2466 3581 2701 3646 malum;
2731 3589 2791 3636 ut
2815 3597 2924 3636 non
2969 3599 3035 3637 es
3066 3582 3398 3641 necessitate
3441 3585 3633 3640 bonum
3663 3593 3789 3638 tuum

2223 3683 2393 3739 esset,
2418 3675 2516 3730 sed
2559 3676 2946 3732 voluntarium.
2992 3678 3220 3734 Mullum
3258 3681 3408 3735 enim
3459 3679 3625 3735 refert
3668 3677 3790 3733 inter

2221 3781 2344 3822 eum
2367 3768 2455 3838 qui
2481 3768 2804 3824 necessitate
2827 3770 3026 3846 invitus
3051 3770 3254 3842 aliquid
3279 3773 3435 3844 agit,
3453 3782 3509 3829 et
3529 3773 3660 3828 inter
3676 3782 3781 3825 eum

2221 3858 2312 3931 qui
2339 3876 2407 3917 ex
2435 3861 2715 3919 voluntate
2744 3864 2888 3935 quod
2921 3865 3121 3921 bonum
3149 3876 3229 3922 est
3255 3867 3410 3938 eligit
3441 3886 3454 3922 :
3491 3868 3551 3924 Si
3570 3867 3696 3923 enim
3718 3866 3788 3918 itt-

2223 3956 2358 4009 vitus
2386 3957 2484 4010 hoc
2509 3973 2607 4028 ago
2628 3999 2642 4021 ,
2672 3956 2994 4026 dispensatio
3021 3958 3151 4014 mihi
3188 3961 3390 4016 credita
3420 3971 3494 4016 est
3521 3977 3540 4017 :
3571 3961 3614 4015 si
3641 3959 3790 4014 volens

2223 4050 2508 4102 mercedem
2537 4048 2700 4104 habeo
2730 4049 2782 4123 (Ι
2813 4047 2935 4104 Cor.
2971 4065 3049 4117 ιιι,
3079 4053 3204 4124 l7).
3230 4053 3655 4112 Consideremus
3679 4063 3790 4121 ergo

2222 4141 2348 4210 quia
2378 4141 2646 4197 stabimus
2672 4150 2800 4197 ante
2835 4143 3071 4199 tribunal
3102 4140 3345 4215 Christi,
3384 4157 3442 4203 et
3469 4148 3515 4203 si
3559 4159 3686 4217 opus
3710 4159 3792 4199 no-

2222 4243 2397 4290 strum
2424 4237 2652 4302 arserit,
2697 4252 2803 4292 non
2850 4239 3167 4295 habebimus
3208 4241 3352 4311 quod
3393 4255 3650 4298 excusare
3683 4251 3790 4309 pos-

2221 4328 2414 4382 simus.
2445 4328 2601 4384 Dicet
2627 4332 2831 4385 etenim
2858 4330 3001 4401 quod
3027 4331 3138 4402 jam
3180 4347 3280 4404 per
3312 4334 3630 4405 prophetam
3661 4330 3789 4385 locu-

2224 4421 2312 4474 [tts
2347 4429 2468 4474 est:
2503 4419 2740 4490 Populus
2780 4439 2955 4491 meus,
2981 4424 3108 4495 quid
3153 4426 3252 4494 feci
3284 4425 3474 4481 tibi....
3507 4435 3594 4480 aut
3628 4425 3678 4479 in
3703 4436 3788 4492 quo

2222 4513 2465 4569 molestus
2495 4516 2573 4587 fui
2619 4515 3028 4586 tibihesponde
3048 4518 3173 4573 mihi
3203 4518 3401 4592 (Mich.
3437 4537 3523 4590 Vl,
3555 4519 3629 4591 5).
3659 4517 3790 4572 Dicet

2221 4613 2278 4659 et
2300 4606 2350 4660 ei
2376 4606 2465 4676 qni
2515 4607 2568 4660 in
2615 4609 2702 4662 via
2747 4607 3008 4664 defecerit
3047 4624 3198 4681 :qus
3244 4613 3460 4668 ratione
3488 4608 3717 4667 deiecisti
3743 4607 3788 4661 in

2223 4698 2351 4753 via?
2397 4698 2589 4755 Nonne
2608 4699 2636 4739 ι)
2668 4715 2834 4771 panes
2879 4701 3009 4772 fregi
3032 4703 3055 4756 ?
3080 4719 3262 4759 nonne
3299 4703 3554 4761 benedixi
3582 4705 3606 4758 ι
3631 4713 3788 4757 nonne

2217 4791 2354 4862 jussi
2385 4791 2544 4848 dari?
2569 4792 2674 4849 Sed
2703 4809 2801 4848 cur
2824 4804 2878 4850 tu
2903 4795 3152 4866 accipere
3176 4792 3443 4853 uoluisti?

2296 4885 2384 4942 78.
2427 4885 2627 4953 Quanti
2655 4888 2819 4942 etiam
2850 4891 3201 4958 praesentium
3240 4889 3501 4946 deﬁcient
3522 4890 3573 4950 in
3602 4887 3713 4952 via,
3743 4891 3789 4939 et

2220 4987 2343 5049 post
2370 4979 2472 5034 hos
2497 4995 2799 5048 sermones,
2828 4982 2920 5053 qui
2943 4981 3071 5038 licet
3111 4984 3282 5041 nostri
3308 4984 3451 5054 sint,
3479 4994 3649 5039 tamen
3679 4978 3786 5050 quia

2215 5086 2378 5126 nemo
2418 5072 2550 5128 dicit
2576 5074 2863 5130 Dominum
2905 5074 3092 5131 Iesum
3143 5077 3247 5131 nisi
3280 5077 3334 5132 in
3364 5077 3571 5146 Spiritu
3617 5079 3786 5130 sancto

2214 5169 2270 5239 (l
2300 5167 2421 5223 Cor.
2457 5186 2560 5236 xu,
2593 5169 2698 5242 5),
2743 5183 2766 5211 ε
2801 5186 2970 5242 panes
3015 5173 3320 5229 aestimandi
3354 5183 3484 5233 sunt
3524 5190 3538 5227 :
3571 5167 3743 5243 quanti
3766 5206 3780 5231 ,

2213 5261 2461 5332 inquam,
2494 5262 2773 5329 deﬁcient,
2806 5274 2859 5320 et
2885 5266 2937 5318 in
2963 5265 3078 5320 vias
3099 5265 3340 5336 gentium
3367 5264 3685 5322 transversis
3712 5257 3787 5315 iti-

2214 5352 2438 5409 neribns
2461 5354 2794 5412 fornicantes
2822 5357 3044 5413 abibunt
3072 5361 3086 5415 !
3121 5362 3295 5431 Atque
3326 5359 3536 5416 utinam
3562 5371 3708 5424 unus,
3738 5359 3783 5408 et

2210 5457 2317 5500 non
2341 5447 2594 5517 plurimi!
2619 5447 2728 5505 Sed
2759 5464 2864 5506 non
2891 5450 3053 5508 Jesus
3077 5460 3266 5508 auctor
3292 5451 3568 5518 defectus,
3594 5444 3781 5537 etiamsi

2209 5588 2626 5666 correctionem,
2651 5596 2705 5644 et
2732 5589 2824 5644 alii
2857 5589 3103 5646 nonnulli
3124 5605 3246 5646 cum
3269 5589 3430 5657 edit.,
3457 5608 3613 5665 panes
3641 5586 3777 5663 fregi.

2280 5691 2302 5720 ε
2346 5679 2500 5736 Rom.
2534 5681 2665 5737 edit.
2697 5683 2813 5737 sola
2839 5725 2851 5746 ,
2888 5681 3093 5738 Domini
3120 5685 3418 5739 testimandi
3452 5695 3590 5741 sunt.
3623 5683 3776 5738 Minus

565 5748 600 5796 δ’
633 5748 1217 5842 Μὲέξνιᾶι-ιξιξ-ρίιιτίιηίδ
1245 5793 1403 5846 panes
1430 5781 1548 5850 feci.
1579 5782 1744 5841 Corb.
1780 5783 1962 5846 tamen
1992 5792 2093 5862 ρει

2227 5753 2506 5809 :ommode.
2536 5754 2719 5809 Palam
2767 5753 2911 5811 enim
2949 5766 3033 5812 est
3061 5755 3130 5811 ab
3159 5755 3454 5813 Ambrosio
3499 5748 3770 5850 signiﬁcari

3921 633 3923 678 Α
