  <div class='ocr_page' id='page_1' title='image "/cluster/home/n/w/nwhite01/storage/ocr_20150623/15/uva.x000826533/260.png"; bbox 0 0 3960 6328; ppageno 0'>
   <div class='ocr_carea' id='block_1_1' title="bbox 209 327 330 384">
    <p class='ocr_par' dir='ltr' id='par_1_1' title="bbox 209 327 330 384">
     <span class='ocr_line' id='line_1_1' title="bbox 209 327 330 384; baseline -0.008 -1"><span class='ocrx_word' id='word_1_1' title='bbox 209 327 330 384; x_wconf 71' lang='grc'><strong>1689</strong></span> 
     </span>
    </p>
   </div>
   <div class='ocr_carea' id='block_1_2' title="bbox 1129 270 2489 410">
    <p class='ocr_par' dir='ltr' id='par_1_2' title="bbox 1129 270 2489 410">
     <span class='ocr_line' id='line_1_2' title="bbox 1129 270 2489 410; baseline -0.004 -37"><span class='ocrx_word' id='word_1_2' title='bbox 1129 315 1497 374; x_wconf 75' lang='lat' dir='ltr'><strong>axeosmo</strong></span> <span class='ocrx_word' id='word_1_3' title='bbox 1536 312 1794 410; x_wconf 65' lang='lat' dir='ltr'><strong>nunc.</strong></span> <span class='ocrx_word' id='word_1_4' title='bbox 1838 270 2002 372; x_wconf 55' lang='lat' dir='ltr'><strong>ssc.</strong></span> <span class='ocrx_word' id='word_1_5' title='bbox 2026 312 2179 371; x_wconf 86' lang='lat' dir='ltr'><strong>LUC.</strong></span> <span class='ocrx_word' id='word_1_6' title='bbox 2222 310 2355 371; x_wconf 82' lang='lat' dir='ltr'><strong>ua.</strong></span> <span class='ocrx_word' id='word_1_7' title='bbox 2398 312 2489 370; x_wconf 81' lang='lat' dir='ltr'><strong>vr.</strong></span> 
     </span>
    </p>
   </div>
   <div class='ocr_carea' id='block_1_3' title="bbox 3324 315 3465 373">
    <p class='ocr_par' dir='ltr' id='par_1_3' title="bbox 3324 315 3465 373">
     <span class='ocr_line' id='line_1_3' title="bbox 3324 315 3465 373; baseline 0.007 -1"><span class='ocrx_word' id='word_1_8' title='bbox 3324 315 3465 373; x_wconf 72' lang='lat' dir='ltr'><strong>i690</strong></span> 
     </span>
    </p>
   </div>
   <div class='ocr_carea' id='block_1_4' title="bbox 201 427 3466 516">
    <p class='ocr_par' dir='ltr' id='par_1_4' title="bbox 201 427 3466 516">
     <span class='ocr_line' id='line_1_4' title="bbox 201 427 3466 516; baseline -0.002 -19"><span class='ocrx_word' id='word_1_9' title='bbox 201 444 306 516; x_wconf 87' lang='lat' dir='ltr'><strong>quis</strong></span> <span class='ocrx_word' id='word_1_10' title='bbox 331 436 614 504; x_wconf 66' lang='lat' dir='ltr'><strong>defecerit;</strong></span> <span class='ocrx_word' id='word_1_11' title='bbox 647 435 901 492; x_wconf 89' lang='lat' dir='ltr'><strong>omnibus</strong></span> <span class='ocrx_word' id='word_1_12' title='bbox 922 433 1068 493; x_wconf 91' lang='lat' dir='ltr'><strong>enim</strong></span> <span class='ocrx_word' id='word_1_13' title='bbox 1100 433 1379 490; x_wconf 90' lang='lat' dir='ltr'><strong>distribuit</strong></span> <span class='ocrx_word' id='word_1_14' title='bbox 1404 432 1495 504; x_wconf 95' lang='lat' dir='ltr'><strong>qui</strong></span> <span class='ocrx_word' id='word_1_15' title='bbox 1521 447 1760 504; x_wconf 87' lang='lat' dir='ltr'><strong>sequun-</strong></span> <span class='ocrx_word' id='word_1_16' title='bbox 1787 435 1839 497; x_wconf 77' lang='grc' dir='ltr'><strong>Α</strong></span> <span class='ocrx_word' id='word_1_17' title='bbox 1865 429 2053 486; x_wconf 92' lang='lat' dir='ltr'><strong>docuit</strong></span> <span class='ocrx_word' id='word_1_18' title='bbox 2111 443 2198 485; x_wconf 88' lang='lat' dir='ltr'><strong>me</strong></span> <span class='ocrx_word' id='word_1_19' title='bbox 2249 429 2393 500; x_wconf 90' lang='lat' dir='ltr'><strong>quod</strong></span> <span class='ocrx_word' id='word_1_20' title='bbox 2448 427 2758 485; x_wconf 83' lang='lat' dir='ltr'><strong>nesciebam</strong></span> <span class='ocrx_word' id='word_1_21' title='bbox 2783 470 2799 497; x_wconf 97' lang='lat'><strong>,</strong></span> <span class='ocrx_word' id='word_1_22' title='bbox 2854 428 3000 502; x_wconf 91' lang='lat' dir='ltr'><strong>quod</strong></span> <span class='ocrx_word' id='word_1_23' title='bbox 3052 441 3159 487; x_wconf 90' lang='lat' dir='ltr'><strong>non</strong></span> <span class='ocrx_word' id='word_1_24' title='bbox 3204 429 3466 490; x_wconf 87' lang='lat' dir='ltr'><strong>docuerat</strong></span> 
     </span>
    </p>
   </div>
   <div class='ocr_carea' id='block_1_5' title="bbox 198 527 1687 604">
    <p class='ocr_par' dir='ltr' id='par_1_5' title="bbox 198 527 1687 604">
     <span class='ocr_line' id='line_1_5' title="bbox 198 527 1687 604; baseline -0.009 -10"><span class='ocrx_word' id='word_1_25' title='bbox 198 547 291 604; x_wconf 90' lang='lat' dir='ltr'><strong>tur,</strong></span> <span class='ocrx_word' id='word_1_26' title='bbox 322 534 430 590; x_wconf 69' lang='lat' dir='ltr'><strong>sive</strong></span> <span class='ocrx_word' id='word_1_27' title='bbox 453 531 684 604; x_wconf 87' lang='lat' dir='ltr'><strong>quinque</strong></span> <span class='ocrx_word' id='word_1_28' title='bbox 713 531 904 595; x_wconf 81' lang='lat' dir='ltr'><strong>millia,</strong></span> <span class='ocrx_word' id='word_1_29' title='bbox 943 530 1057 587; x_wconf 91' lang='lat' dir='ltr'><strong>sive</strong></span> <span class='ocrx_word' id='word_1_30' title='bbox 1089 539 1328 602; x_wconf 77' lang='lat' dir='ltr'><strong>quatuor</strong></span> <span class='ocrx_word' id='word_1_31' title='bbox 1353 528 1522 584; x_wconf 82' lang='lat' dir='ltr'><strong>millia</strong></span> <span class='ocrx_word' id='word_1_32' title='bbox 1555 527 1687 583; x_wconf 91' lang='lat' dir='ltr'><strong>sint.</strong></span> 
     </span>
    </p>
   </div>
   <div class='ocr_carea' id='block_1_6' title="bbox 259 620 1758 690">
    <p class='ocr_par' dir='ltr' id='par_1_6' title="bbox 259 620 1758 690">
     <span class='ocr_line' id='line_1_6' title="bbox 259 620 1758 690; baseline -0.005 -8"><span class='ocrx_word' id='word_1_33' title='bbox 259 628 340 684; x_wconf 86' lang='lat'><strong>79.</strong></span> <span class='ocrx_word' id='word_1_34' title='bbox 377 624 488 681; x_wconf 84' lang='lat' dir='ltr'><strong>Non</strong></span> <span class='ocrx_word' id='word_1_35' title='bbox 518 623 728 680; x_wconf 89' lang='lat' dir='ltr'><strong>otiosus</strong></span> <span class='ocrx_word' id='word_1_36' title='bbox 749 638 1012 679; x_wconf 91' lang='lat' dir='ltr'><strong>numerus</strong></span> <span class='ocrx_word' id='word_1_37' title='bbox 1038 665 1053 690; x_wconf 96' lang='lat'><strong>,</strong></span> <span class='ocrx_word' id='word_1_38' title='bbox 1086 639 1193 678; x_wconf 93' lang='lat' dir='ltr'><strong>non</strong></span> <span class='ocrx_word' id='word_1_39' title='bbox 1225 624 1434 677; x_wconf 86' lang='lat' dir='ltr'><strong>otiosus</strong></span> <span class='ocrx_word' id='word_1_40' title='bbox 1454 620 1621 688; x_wconf 82' lang='lat' dir='ltr'><strong>ordo,</strong></span> <span class='ocrx_word' id='word_1_41' title='bbox 1651 635 1758 675; x_wconf 91' lang='lat' dir='ltr'><strong>non</strong></span> 
     </span>
    </p>
   </div>
   <div class='ocr_carea' id='block_1_7' title="bbox 194 712 1758 788">
    <p class='ocr_par' dir='ltr' id='par_1_7' title="bbox 194 712 1758 788">
     <span class='ocr_line' id='line_1_7' title="bbox 194 712 1758 788; baseline -0.005 -12"><span class='ocrx_word' id='word_1_42' title='bbox 194 721 369 777; x_wconf 63' lang='lat' dir='ltr'><strong>otiosas</strong></span> <span class='ocrx_word' id='word_1_43' title='bbox 396 718 632 788; x_wconf 73' lang='lat' dir='ltr'><strong>reliquia:</strong></span> <span class='ocrx_word' id='word_1_44' title='bbox 657 715 1120 772; x_wconf 89' lang='lat' dir='ltr'><strong>manducantium.</strong></span> <span class='ocrx_word' id='word_1_45' title='bbox 1153 713 1264 770; x_wconf 90' lang='lat' dir='ltr'><strong>Cur</strong></span> <span class='ocrx_word' id='word_1_46' title='bbox 1283 715 1428 769; x_wconf 89' lang='lat' dir='ltr'><strong>enim</strong></span> <span class='ocrx_word' id='word_1_47' title='bbox 1460 713 1674 785; x_wconf 88' lang='lat' dir='ltr'><strong>plures,</strong></span> <span class='ocrx_word' id='word_1_48' title='bbox 1707 712 1758 768; x_wconf 90' lang='lat' dir='ltr'><strong>id</strong></span> 
     </span>
    </p>
   </div>
   <div class='ocr_carea' id='block_1_8' title="bbox 193 808 1762 884">
    <p class='ocr_par' dir='ltr' id='par_1_8' title="bbox 193 808 1762 884">
     <span class='ocr_line' id='line_1_8' title="bbox 193 808 1762 884; baseline -0.006 -13"><span class='ocrx_word' id='word_1_49' title='bbox 193 824 295 882; x_wconf 88' lang='lat' dir='ltr'><strong>est,</strong></span> <span class='ocrx_word' id='word_1_50' title='bbox 316 812 542 884; x_wconf 90' lang='lat' dir='ltr'><strong>quinque</strong></span> <span class='ocrx_word' id='word_1_51' title='bbox 563 811 750 866; x_wconf 82' lang='lat' dir='ltr'><strong>~millia</strong></span> <span class='ocrx_word' id='word_1_52' title='bbox 779 812 1017 882; x_wconf 85' lang='lat' dir='ltr'><strong>quinque</strong></span> <span class='ocrx_word' id='word_1_53' title='bbox 1060 811 1291 880; x_wconf 87' lang='lat' dir='ltr'><strong>panibus</strong></span> <span class='ocrx_word' id='word_1_54' title='bbox 1315 849 1331 875; x_wconf 89' lang='lat'><strong>,</strong></span> <span class='ocrx_word' id='word_1_55' title='bbox 1361 808 1468 864; x_wconf 87' lang='lat' dir='ltr'><strong>hoc</strong></span> <span class='ocrx_word' id='word_1_56' title='bbox 1511 816 1630 872; x_wconf 87' lang='lat' dir='ltr'><strong>est,</strong></span> <span class='ocrx_word' id='word_1_57' title='bbox 1661 823 1762 862; x_wconf 88' lang='lat' dir='ltr'><strong>nu-</strong></span> 
     </span>
    </p>
   </div>
   <div class='ocr_carea' id='block_1_9' title="bbox 193 902 1761 975">
    <p class='ocr_par' dir='ltr' id='par_1_9' title="bbox 193 902 1761 975">
     <span class='ocr_line' id='line_1_9' title="bbox 193 902 1761 975; baseline -0.005 -11"><span class='ocrx_word' id='word_1_58' title='bbox 193 923 328 964; x_wconf 90' lang='lat' dir='ltr'><strong>mero</strong></span> <span class='ocrx_word' id='word_1_59' title='bbox 359 906 547 961; x_wconf 90' lang='lat' dir='ltr'><strong>minori</strong></span> <span class='ocrx_word' id='word_1_60' title='bbox 579 906 856 960; x_wconf 77' lang='lat' dir='ltr'><strong>satiantur</strong></span> <span class='ocrx_word' id='word_1_61' title='bbox 897 925 910 962; x_wconf 90' lang='lat'><strong>:</strong></span> <span class='ocrx_word' id='word_1_62' title='bbox 942 905 1231 975; x_wconf 86' lang='lat' dir='ltr'><strong>pauciores</strong></span> <span class='ocrx_word' id='word_1_63' title='bbox 1273 918 1442 969; x_wconf 83' lang='lat' dir='ltr'><strong>vero,</strong></span> <span class='ocrx_word' id='word_1_64' title='bbox 1493 902 1584 973; x_wconf 86' lang='lat' dir='ltr'><strong>qui</strong></span> <span class='ocrx_word' id='word_1_65' title='bbox 1633 909 1761 956; x_wconf 89' lang='lat' dir='ltr'><strong>sunt</strong></span> 
     </span>
    </p>
   </div>
   <div class='ocr_carea' id='block_1_10' title="bbox 189 996 1758 1070">
    <p class='ocr_par' dir='ltr' id='par_1_10' title="bbox 189 996 1758 1070">
     <span class='ocr_line' id='line_1_10' title="bbox 189 996 1758 1070; baseline -0.004 -17"><span class='ocrx_word' id='word_1_66' title='bbox 189 1010 402 1070; x_wconf 81' lang='lat' dir='ltr'><strong>quatuor</strong></span> <span class='ocrx_word' id='word_1_67' title='bbox 439 997 600 1052; x_wconf 81' lang='lat' dir='ltr'><strong>millia</strong></span> <span class='ocrx_word' id='word_1_68' title='bbox 651 1005 860 1067; x_wconf 88' lang='lat' dir='ltr'><strong>septem</strong></span> <span class='ocrx_word' id='word_1_69' title='bbox 909 996 1177 1066; x_wconf 88' lang='lat' dir='ltr'><strong>panibus,</strong></span> <span class='ocrx_word' id='word_1_70' title='bbox 1214 996 1316 1050; x_wconf 87' lang='lat' dir='ltr'><strong>hoc</strong></span> <span class='ocrx_word' id='word_1_71' title='bbox 1363 1003 1480 1059; x_wconf 91' lang='lat' dir='ltr'><strong>est,</strong></span> <span class='ocrx_word' id='word_1_72' title='bbox 1530 1006 1758 1048; x_wconf 87' lang='lat' dir='ltr'><strong>numero</strong></span> 
     </span>
    </p>
   </div>
   <div class='ocr_carea' id='block_1_11' title="bbox 191 1088 1759 1161">
    <p class='ocr_par' dir='ltr' id='par_1_11' title="bbox 191 1088 1759 1161">
     <span class='ocr_line' id='line_1_11' title="bbox 191 1088 1759 1161; baseline -0.006 -13"><span class='ocrx_word' id='word_1_73' title='bbox 191 1093 377 1161; x_wconf 81' lang='lat' dir='ltr'><strong>majore</strong></span> <span class='ocrx_word' id='word_1_74' title='bbox 407 1089 741 1160; x_wconf 87' lang='lat' dir='ltr'><strong>pascuntur?</strong></span> <span class='ocrx_word' id='word_1_75' title='bbox 771 1088 828 1143; x_wconf 89' lang='lat' dir='ltr'><strong>Si</strong></span> <span class='ocrx_word' id='word_1_76' title='bbox 873 1088 1018 1143; x_wconf 88' lang='lat' dir='ltr'><strong>enim</strong></span> <span class='ocrx_word' id='word_1_77' title='bbox 1051 1089 1178 1143; x_wconf 82' lang='lat' dir='ltr'><strong>facti</strong></span> <span class='ocrx_word' id='word_1_78' title='bbox 1211 1095 1420 1142; x_wconf 88' lang='lat' dir='ltr'><strong>tantum</strong></span> <span class='ocrx_word' id='word_1_79' title='bbox 1465 1101 1759 1156; x_wconf 77' lang='lat' dir='ltr'><strong>sequamur</strong></span> 
     </span>
    </p>
   </div>
   <div class='ocr_carea' id='block_1_12' title="bbox 189 1178 1757 1249">
    <p class='ocr_par' dir='ltr' id='par_1_12' title="bbox 189 1178 1757 1249">
     <span class='ocr_line' id='line_1_12' title="bbox 189 1178 1757 1249; baseline -0.004 -9"><span class='ocrx_word' id='word_1_80' title='bbox 189 1182 488 1240; x_wconf 84' lang='lat' dir='ltr'><strong>miraculum</strong></span> <span class='ocrx_word' id='word_1_81' title='bbox 516 1224 529 1248; x_wconf 92' lang='lat'><strong>,</strong></span> <span class='ocrx_word' id='word_1_82' title='bbox 563 1181 778 1236; x_wconf 85' lang='lat' dir='ltr'><strong>videtur</strong></span> <span class='ocrx_word' id='word_1_83' title='bbox 809 1195 935 1236; x_wconf 89' lang='lat' dir='ltr'><strong>esse</strong></span> <span class='ocrx_word' id='word_1_84' title='bbox 972 1180 1209 1235; x_wconf 89' lang='lat' dir='ltr'><strong>divinius</strong></span> <span class='ocrx_word' id='word_1_85' title='bbox 1237 1178 1380 1249; x_wconf 91' lang='lat' dir='ltr'><strong>quod</strong></span> <span class='ocrx_word' id='word_1_86' title='bbox 1428 1178 1496 1232; x_wconf 91' lang='lat' dir='ltr'><strong>de</strong></span> <span class='ocrx_word' id='word_1_87' title='bbox 1543 1179 1757 1233; x_wconf 88' lang='lat' dir='ltr'><strong>minore</strong></span> 
     </span>
    </p>
   </div>
   <div class='ocr_carea' id='block_1_13' title="bbox 189 1270 1758 1346">
    <p class='ocr_par' dir='ltr' id='par_1_13' title="bbox 189 1270 1758 1346">
     <span class='ocr_line' id='line_1_13' title="bbox 189 1270 1758 1346; baseline -0.006 -12"><span class='ocrx_word' id='word_1_88' title='bbox 189 1275 332 1334; x_wconf 91' lang='lat' dir='ltr'><strong>modo</strong></span> <span class='ocrx_word' id='word_1_89' title='bbox 356 1275 599 1346; x_wconf 85' lang='lat' dir='ltr'><strong>pluribus</strong></span> <span class='ocrx_word' id='word_1_90' title='bbox 634 1274 951 1330; x_wconf 80' lang='lat' dir='ltr'><strong>abundavit.</strong></span> <span class='ocrx_word' id='word_1_91' title='bbox 981 1270 1094 1328; x_wconf 89' lang='lat' dir='ltr'><strong>Cur</strong></span> <span class='ocrx_word' id='word_1_92' title='bbox 1133 1288 1262 1343; x_wconf 88' lang='lat' dir='ltr'><strong>ergo</strong></span> <span class='ocrx_word' id='word_1_93' title='bbox 1289 1271 1431 1342; x_wconf 84' lang='lat' dir='ltr'><strong>quod</strong></span> <span class='ocrx_word' id='word_1_94' title='bbox 1467 1271 1644 1326; x_wconf 89' lang='lat' dir='ltr'><strong>minus</strong></span> <span class='ocrx_word' id='word_1_95' title='bbox 1673 1278 1758 1324; x_wconf 88' lang='lat' dir='ltr'><strong>est</strong></span> 
     </span>
    </p>
   </div>
   <div class='ocr_carea' id='block_1_14' title="bbox 187 1362 1756 1442">
    <p class='ocr_par' dir='ltr' id='par_1_14' title="bbox 187 1362 1756 1442">
     <span class='ocr_line' id='line_1_14' title="bbox 187 1362 1756 1442; baseline -0.01 -12"><span class='ocrx_word' id='word_1_96' title='bbox 187 1372 228 1430; x_wconf 90' lang='lat' dir='ltr'><strong>ei</strong></span> <span class='ocrx_word' id='word_1_97' title='bbox 253 1371 384 1442; x_wconf 92' lang='lat' dir='ltr'><strong>quod</strong></span> <span class='ocrx_word' id='word_1_98' title='bbox 406 1379 490 1427; x_wconf 89' lang='lat' dir='ltr'><strong>est</strong></span> <span class='ocrx_word' id='word_1_99' title='bbox 514 1369 770 1440; x_wconf 88' lang='lat' dir='ltr'><strong>amplius,</strong></span> <span class='ocrx_word' id='word_1_100' title='bbox 803 1367 956 1439; x_wconf 90' lang='lat' dir='ltr'><strong>quasi</strong></span> <span class='ocrx_word' id='word_1_101' title='bbox 984 1375 1299 1436; x_wconf 59' lang='lat' dir='ltr'><strong>praestaret,</strong></span> <span class='ocrx_word' id='word_1_102' title='bbox 1341 1364 1614 1434; x_wconf 82' lang='lat' dir='ltr'><strong>adjectum</strong></span> <span class='ocrx_word' id='word_1_103' title='bbox 1635 1362 1756 1416; x_wconf 85' lang='lat' dir='ltr'><strong>est?</strong></span> 
     </span>
    </p>
   </div>
   <div class='ocr_carea' id='block_1_15' title="bbox 188 1457 1753 1533">
    <p class='ocr_par' dir='ltr' id='par_1_15' title="bbox 188 1457 1753 1533">
     <span class='ocr_line' id='line_1_15' title="bbox 188 1457 1753 1533; baseline -0.007 -12"><span class='ocrx_word' id='word_1_104' title='bbox 188 1474 209 1503; x_wconf 75' lang='grc'><strong><em>⁸</em></strong></span> <span class='ocrx_word' id='word_1_105' title='bbox 229 1464 376 1522; x_wconf 82' lang='lat' dir='ltr'><strong>Prius</strong></span> <span class='ocrx_word' id='word_1_106' title='bbox 401 1463 545 1519; x_wconf 87' lang='lat' dir='ltr'><strong>enim</strong></span> <span class='ocrx_word' id='word_1_107' title='bbox 585 1463 825 1533; x_wconf 88' lang='lat' dir='ltr'><strong>quinque</strong></span> <span class='ocrx_word' id='word_1_108' title='bbox 849 1461 1016 1515; x_wconf 81' lang='lat' dir='ltr'><strong>millia</strong></span> <span class='ocrx_word' id='word_1_109' title='bbox 1036 1461 1276 1532; x_wconf 89' lang='lat' dir='ltr'><strong>quinque</strong></span> <span class='ocrx_word' id='word_1_110' title='bbox 1296 1459 1522 1527; x_wconf 86' lang='lat' dir='ltr'><strong>panibus</strong></span> <span class='ocrx_word' id='word_1_111' title='bbox 1539 1457 1753 1523; x_wconf 79' lang='lat' dir='ltr'><strong>(Matth.</strong></span> 
     </span>
    </p>
   </div>
   <div class='ocr_carea' id='block_1_16' title="bbox 184 1551 1754 1628">
    <p class='ocr_par' dir='ltr' id='par_1_16' title="bbox 184 1551 1754 1628">
     <span class='ocr_line' id='line_1_16' title="bbox 184 1551 1754 1628; baseline -0.006 -15"><span class='ocrx_word' id='word_1_112' title='bbox 184 1573 281 1624; x_wconf 73' lang='lat' dir='ltr'><strong>xw,</strong></span> <span class='ocrx_word' id='word_1_113' title='bbox 313 1555 430 1628; x_wconf 84' lang='lat' dir='ltr'><strong>l9):</strong></span> <span class='ocrx_word' id='word_1_114' title='bbox 464 1568 652 1626; x_wconf 78' lang='lat' dir='ltr'><strong>pOSIea</strong></span> <span class='ocrx_word' id='word_1_115' title='bbox 680 1570 812 1610; x_wconf 92' lang='lat' dir='ltr'><strong>vero</strong></span> <span class='ocrx_word' id='word_1_116' title='bbox 839 1553 1261 1625; x_wconf 69' lang='lat' dir='ltr'><strong>quatuoemillia</strong></span> <span class='ocrx_word' id='word_1_117' title='bbox 1289 1560 1498 1622; x_wconf 88' lang='lat' dir='ltr'><strong>septem</strong></span> <span class='ocrx_word' id='word_1_118' title='bbox 1525 1551 1754 1622; x_wconf 90' lang='lat' dir='ltr'><strong>panibus</strong></span> 
     </span>
    </p>
   </div>
   <div class='ocr_carea' id='block_1_17' title="bbox 184 1646 1754 1722">
    <p class='ocr_par' dir='ltr' id='par_1_17' title="bbox 184 1646 1754 1722">
     <span class='ocr_line' id='line_1_17' title="bbox 184 1646 1754 1722; baseline -0.004 -16"><span class='ocrx_word' id='word_1_119' title='bbox 184 1653 390 1722; x_wconf 79' lang='lat' dir='ltr'><strong>legimus</strong></span> <span class='ocrx_word' id='word_1_120' title='bbox 425 1650 618 1705; x_wconf 80' lang='lat' dir='ltr'><strong>satiata</strong></span> <span class='ocrx_word' id='word_1_121' title='bbox 651 1648 874 1722; x_wconf 75' lang='lat' dir='ltr'><strong>(Matth.</strong></span> <span class='ocrx_word' id='word_1_122' title='bbox 908 1664 980 1703; x_wconf 77' lang='lat' dir='ltr'><strong>xv</strong></span> <span class='ocrx_word' id='word_1_123' title='bbox 1007 1688 1024 1716; x_wconf 94' lang='lat'><strong>,</strong></span> <span class='ocrx_word' id='word_1_124' title='bbox 1077 1647 1206 1719; x_wconf 83' lang='lat'><strong>&#39;56).</strong></span> <span class='ocrx_word' id='word_1_125' title='bbox 1259 1646 1579 1715; x_wconf 80' lang='lat' dir='ltr'><strong>Qua-ramus</strong></span> <span class='ocrx_word' id='word_1_126' title='bbox 1624 1658 1754 1715; x_wconf 84' lang='lat' dir='ltr'><strong>ergo</strong></span> 
     </span>
    </p>
   </div>
   <div class='ocr_carea' id='block_1_18' title="bbox 181 1741 1235 1814">
    <p class='ocr_par' dir='ltr' id='par_1_18' title="bbox 181 1741 1235 1814">
     <span class='ocr_line' id='line_1_18' title="bbox 181 1741 1235 1814; baseline -0.004 -16"><span class='ocrx_word' id='word_1_127' title='bbox 181 1743 503 1814; x_wconf 74' lang='lat' dir='ltr'><strong>mysterium,</strong></span> <span class='ocrx_word' id='word_1_128' title='bbox 530 1741 672 1814; x_wconf 92' lang='lat' dir='ltr'><strong>quod</strong></span> <span class='ocrx_word' id='word_1_129' title='bbox 704 1741 968 1797; x_wconf 85' lang='lat' dir='ltr'><strong>miraculo</strong></span> <span class='ocrx_word' id='word_1_130' title='bbox 995 1746 1235 1811; x_wconf 70' lang='lat' dir='ltr'><strong>prmstet.</strong></span> 
     </span>
    </p>
   </div>
   <div class='ocr_carea' id='block_1_19' title="bbox 239 1831 1756 1905">
    <p class='ocr_par' dir='ltr' id='par_1_19' title="bbox 239 1831 1756 1905">
     <span class='ocr_line' id='line_1_19' title="bbox 239 1831 1756 1905; baseline -0.004 -15"><span class='ocrx_word' id='word_1_131' title='bbox 239 1835 318 1890; x_wconf 89' lang='lat'><strong>80.</strong></span> <span class='ocrx_word' id='word_1_132' title='bbox 356 1834 547 1905; x_wconf 85' lang='lat' dir='ltr'><strong>Itaque</strong></span> <span class='ocrx_word' id='word_1_133' title='bbox 571 1833 825 1889; x_wconf 87' lang='lat' dir='ltr'><strong>videntur</strong></span> <span class='ocrx_word' id='word_1_134' title='bbox 851 1833 937 1887; x_wconf 77' lang='lat' dir='ltr'><strong>illi</strong></span> <span class='ocrx_word' id='word_1_135' title='bbox 963 1833 1200 1903; x_wconf 88' lang='lat' dir='ltr'><strong>quinque</strong></span> <span class='ocrx_word' id='word_1_136' title='bbox 1227 1831 1393 1887; x_wconf 87' lang='lat' dir='ltr'><strong>millia</strong></span> <span class='ocrx_word' id='word_1_137' title='bbox 1422 1831 1574 1902; x_wconf 86' lang='lat' dir='ltr'><strong>quasi</strong></span> <span class='ocrx_word' id='word_1_138' title='bbox 1600 1831 1756 1902; x_wconf 88' lang='lat' dir='ltr'><strong>quin-</strong></span> 
     </span>
    </p>
   </div>
   <div class='ocr_carea' id='block_1_20' title="bbox 180 1924 1758 2002">
    <p class='ocr_par' dir='ltr' id='par_1_20' title="bbox 180 1924 1758 2002">
     <span class='ocr_line' id='line_1_20' title="bbox 180 1924 1758 2002; baseline -0.004 -16"><span class='ocrx_word' id='word_1_139' title='bbox 180 1945 268 2002; x_wconf 88' lang='lat' dir='ltr'><strong>que</strong></span> <span class='ocrx_word' id='word_1_140' title='bbox 293 1931 536 2000; x_wconf 86' lang='lat' dir='ltr'><strong>corporis</strong></span> <span class='ocrx_word' id='word_1_141' title='bbox 564 1943 757 1986; x_wconf 88' lang='lat' dir='ltr'><strong>sensus</strong></span> <span class='ocrx_word' id='word_1_142' title='bbox 786 1927 966 1983; x_wconf 88' lang='lat' dir='ltr'><strong>adhuc</strong></span> <span class='ocrx_word' id='word_1_143' title='bbox 983 1926 1360 1997; x_wconf 88' lang='lat' dir='ltr'><strong>corporalibus</strong></span> <span class='ocrx_word' id='word_1_144' title='bbox 1388 1926 1633 1995; x_wconf 83' lang='lat' dir='ltr'><strong>proxima</strong></span> <span class='ocrx_word' id='word_1_145' title='bbox 1660 1924 1758 1980; x_wconf 89' lang='lat' dir='ltr'><strong>ali-</strong></span> 
     </span>
    </p>
   </div>
   <div class='ocr_carea' id='block_1_21' title="bbox 181 2017 1752 2093">
    <p class='ocr_par' dir='ltr' id='par_1_21' title="bbox 181 2017 1752 2093">
     <span class='ocr_line' id='line_1_21' title="bbox 181 2017 1752 2093; baseline -0.004 -16"><span class='ocrx_word' id='word_1_146' title='bbox 181 2035 336 2078; x_wconf 85' lang='lat' dir='ltr'><strong>menta</strong></span> <span class='ocrx_word' id='word_1_147' title='bbox 365 2021 650 2093; x_wconf 89' lang='lat' dir='ltr'><strong>accepisse</strong></span> <span class='ocrx_word' id='word_1_148' title='bbox 694 2020 764 2076; x_wconf 90' lang='lat' dir='ltr'><strong>de</strong></span> <span class='ocrx_word' id='word_1_149' title='bbox 816 2019 1038 2077; x_wconf 86' lang='lat' dir='ltr'><strong>Christo</strong></span> <span class='ocrx_word' id='word_1_150' title='bbox 1078 2029 1366 2090; x_wconf 9' lang='lat' dir='ltr'><strong>:‘quatuor</strong></span> <span class='ocrx_word' id='word_1_151' title='bbox 1411 2032 1543 2072; x_wconf 87' lang='lat' dir='ltr'><strong>vero</strong></span> <span class='ocrx_word' id='word_1_152' title='bbox 1563 2017 1752 2081; x_wconf 91' lang='lat' dir='ltr'><strong>millia,</strong></span> 
     </span>
    </p>
   </div>
   <div class='ocr_carea' id='block_1_22' title="bbox 178 2107 1754 2183">
    <p class='ocr_par' dir='ltr' id='par_1_22' title="bbox 178 2107 1754 2183">
     <span class='ocr_line' id='line_1_22' title="bbox 178 2107 1754 2183; baseline -0.006 -9"><span class='ocrx_word' id='word_1_153' title='bbox 178 2116 268 2174; x_wconf 85' lang='lat' dir='ltr'><strong>etsi</strong></span> <span class='ocrx_word' id='word_1_154' title='bbox 290 2107 460 2173; x_wconf 88' lang='lat' dir='ltr'><strong>adlmc</strong></span> <span class='ocrx_word' id='word_1_155' title='bbox 494 2117 550 2171; x_wconf 91' lang='lat' dir='ltr'><strong>in</strong></span> <span class='ocrx_word' id='word_1_156' title='bbox 586 2130 819 2183; x_wconf 89' lang='lat' dir='ltr'><strong>corpore</strong></span> <span class='ocrx_word' id='word_1_157' title='bbox 842 2115 984 2177; x_wconf 90' lang='lat' dir='ltr'><strong>sint,</strong></span> <span class='ocrx_word' id='word_1_158' title='bbox 1019 2123 1073 2170; x_wconf 91' lang='lat' dir='ltr'><strong>et</strong></span> <span class='ocrx_word' id='word_1_159' title='bbox 1101 2112 1157 2167; x_wconf 93' lang='lat' dir='ltr'><strong>in</strong></span> <span class='ocrx_word' id='word_1_160' title='bbox 1193 2111 1297 2167; x_wconf 89' lang='lat' dir='ltr'><strong>hoc</strong></span> <span class='ocrx_word' id='word_1_161' title='bbox 1335 2111 1539 2166; x_wconf 91' lang='lat' dir='ltr'><strong>mundo</strong></span> <span class='ocrx_word' id='word_1_162' title='bbox 1566 2110 1655 2182; x_wconf 89' lang='lat' dir='ltr'><strong>qui</strong></span> <span class='ocrx_word' id='word_1_163' title='bbox 1686 2125 1754 2166; x_wconf 80' lang='lat' dir='ltr'><strong>ex</strong></span> 
     </span>
    </p>
   </div>
   <div class='ocr_carea' id='block_1_23' title="bbox 179 2205 1761 2282">
    <p class='ocr_par' dir='ltr' id='par_1_23' title="bbox 179 2205 1761 2282">
     <span class='ocr_line' id='line_1_23' title="bbox 179 2205 1761 2282; baseline -0.003 -17"><span class='ocrx_word' id='word_1_164' title='bbox 179 2220 386 2282; x_wconf 86' lang='lat' dir='ltr'><strong>quatuor</strong></span> <span class='ocrx_word' id='word_1_165' title='bbox 412 2219 636 2268; x_wconf 83' lang='lat' dir='ltr'><strong>constat</strong></span> <span class='ocrx_word' id='word_1_166' title='bbox 663 2209 984 2275; x_wconf 82' lang='lat' dir='ltr'><strong>elementis,</strong></span> <span class='ocrx_word' id='word_1_167' title='bbox 1035 2224 1144 2264; x_wconf 91' lang='lat' dir='ltr'><strong>non</strong></span> <span class='ocrx_word' id='word_1_168' title='bbox 1175 2207 1353 2263; x_wconf 85' lang='lat' dir='ltr'><strong>otiose</strong></span> <span class='ocrx_word' id='word_1_169' title='bbox 1402 2216 1584 2262; x_wconf 91' lang='lat' dir='ltr'><strong>tamen</strong></span> <span class='ocrx_word' id='word_1_170' title='bbox 1618 2205 1761 2261; x_wconf 88' lang='lat' dir='ltr'><strong>refe-</strong></span> 
     </span>
    </p>
   </div>
   <div class='ocr_carea' id='block_1_24' title="bbox 178 2300 1755 2376">
    <p class='ocr_par' dir='ltr' id='par_1_24' title="bbox 178 2300 1755 2376">
     <span class='ocr_line' id='line_1_24' title="bbox 178 2300 1755 2376; baseline -0.004 -16"><span class='ocrx_word' id='word_1_171' title='bbox 178 2313 347 2360; x_wconf 90' lang='lat' dir='ltr'><strong>runtur</strong></span> <span class='ocrx_word' id='word_1_172' title='bbox 373 2304 623 2376; x_wconf 68' lang='lat' dir='ltr'><strong>mystica:</strong></span> <span class='ocrx_word' id='word_1_173' title='bbox 661 2317 843 2359; x_wconf 88' lang='lat' dir='ltr'><strong>escam</strong></span> <span class='ocrx_word' id='word_1_174' title='bbox 883 2301 1162 2371; x_wconf 89' lang='lat' dir='ltr'><strong>accepisse</strong></span> <span class='ocrx_word' id='word_1_175' title='bbox 1190 2301 1428 2370; x_wconf 86' lang='lat' dir='ltr'><strong>quietis;</strong></span> <span class='ocrx_word' id='word_1_176' title='bbox 1470 2301 1579 2368; x_wconf 88' lang='lat' dir='ltr'><strong>jam</strong></span> <span class='ocrx_word' id='word_1_177' title='bbox 1611 2300 1755 2354; x_wconf 90' lang='lat' dir='ltr'><strong>enim</strong></span> 
     </span>
    </p>
   </div>
   <div class='ocr_carea' id='block_1_25' title="bbox 179 2391 1756 2467">
    <p class='ocr_par' dir='ltr' id='par_1_25' title="bbox 179 2391 1756 2467">
     <span class='ocr_line' id='line_1_25' title="bbox 179 2391 1756 2467; baseline -0.003 -16"><span class='ocrx_word' id='word_1_178' title='bbox 179 2406 430 2467; x_wconf 83' lang='lat' dir='ltr'><strong>tequantur</strong></span> <span class='ocrx_word' id='word_1_179' title='bbox 477 2395 688 2452; x_wconf 89' lang='lat' dir='ltr'><strong>mundo</strong></span> <span class='ocrx_word' id='word_1_180' title='bbox 712 2437 726 2462; x_wconf 90' lang='lat'><strong>,</strong></span> <span class='ocrx_word' id='word_1_181' title='bbox 756 2411 919 2465; x_wconf 83' lang='lat' dir='ltr'><strong>supra</strong></span> <span class='ocrx_word' id='word_1_182' title='bbox 952 2394 1212 2449; x_wconf 88' lang='lat' dir='ltr'><strong>mttndum</strong></span> <span class='ocrx_word' id='word_1_183' title='bbox 1253 2393 1442 2448; x_wconf 87' lang='lat' dir='ltr'><strong>futuri.</strong></span> <span class='ocrx_word' id='word_1_184' title='bbox 1487 2392 1618 2448; x_wconf 85' lang='lat' dir='ltr'><strong>Nam</strong></span> <span class='ocrx_word' id='word_1_185' title='bbox 1652 2391 1756 2448; x_wconf 89' lang='lat' dir='ltr'><strong>etsi</strong></span> 
     </span>
    </p>
   </div>
   <div class='ocr_carea' id='block_1_26' title="bbox 179 2485 1754 2556">
    <p class='ocr_par' dir='ltr' id='par_1_26' title="bbox 179 2485 1754 2556">
     <span class='ocr_line' id='line_1_26' title="bbox 179 2485 1754 2556; baseline -0.004 -12"><span class='ocrx_word' id='word_1_186' title='bbox 179 2488 225 2544; x_wconf 87' lang='lat' dir='ltr'><strong>in</strong></span> <span class='ocrx_word' id='word_1_187' title='bbox 249 2488 340 2544; x_wconf 85' lang='lat' dir='ltr'><strong>hoc</strong></span> <span class='ocrx_word' id='word_1_188' title='bbox 366 2488 578 2544; x_wconf 90' lang='lat' dir='ltr'><strong>mundo</strong></span> <span class='ocrx_word' id='word_1_189' title='bbox 607 2496 734 2544; x_wconf 87' lang='lat' dir='ltr'><strong>sunt</strong></span> <span class='ocrx_word' id='word_1_190' title='bbox 755 2530 772 2556; x_wconf 96' lang='lat'><strong>,</strong></span> <span class='ocrx_word' id='word_1_191' title='bbox 807 2489 945 2542; x_wconf 87' lang='lat' dir='ltr'><strong>intra</strong></span> <span class='ocrx_word' id='word_1_192' title='bbox 975 2485 1237 2542; x_wconf 90' lang='lat' dir='ltr'><strong>mundum</strong></span> <span class='ocrx_word' id='word_1_193' title='bbox 1266 2495 1447 2541; x_wconf 88' lang='lat' dir='ltr'><strong>tamen</strong></span> <span class='ocrx_word' id='word_1_194' title='bbox 1472 2500 1578 2540; x_wconf 92' lang='lat' dir='ltr'><strong>non</strong></span> <span class='ocrx_word' id='word_1_195' title='bbox 1608 2495 1754 2548; x_wconf 91' lang='lat' dir='ltr'><strong>sunt,</strong></span> 
     </span>
    </p>
   </div>
   <div class='ocr_carea' id='block_1_27' title="bbox 178 2577 1756 2654">
    <p class='ocr_par' dir='ltr' id='par_1_27' title="bbox 178 2577 1756 2654">
     <span class='ocr_line' id='line_1_27' title="bbox 178 2577 1756 2654; baseline -0.001 -20"><span class='ocrx_word' id='word_1_196' title='bbox 178 2581 350 2652; x_wconf 84' lang='lat' dir='ltr'><strong>quibus</strong></span> <span class='ocrx_word' id='word_1_197' title='bbox 388 2583 644 2654; x_wconf 64' lang='lat' dir='ltr'><strong>mysticae</strong></span> <span class='ocrx_word' id='word_1_198' title='bbox 675 2581 874 2650; x_wconf 89' lang='lat' dir='ltr'><strong>quietis</strong></span> <span class='ocrx_word' id='word_1_199' title='bbox 906 2580 1219 2648; x_wconf 89' lang='lat' dir='ltr'><strong>impartitur</strong></span> <span class='ocrx_word' id='word_1_200' title='bbox 1267 2577 1618 2642; x_wconf 87' lang='lat' dir='ltr'><strong>alimentum;</strong></span> <span class='ocrx_word' id='word_1_201' title='bbox 1661 2593 1756 2632; x_wconf 83' lang='lat' dir='ltr'><strong>sex</strong></span> 
     </span>
    </p>
   </div>
   <div class='ocr_carea' id='block_1_28' title="bbox 180 2671 1756 2741">
    <p class='ocr_par' dir='ltr' id='par_1_28' title="bbox 180 2671 1756 2741">
     <span class='ocr_line' id='line_1_28' title="bbox 180 2671 1756 2741; baseline -0.002 -14"><span class='ocrx_word' id='word_1_202' title='bbox 180 2673 303 2728; x_wconf 91' lang='lat' dir='ltr'><strong>enim</strong></span> <span class='ocrx_word' id='word_1_203' title='bbox 327 2675 525 2730; x_wconf 88' lang='lat' dir='ltr'><strong>diebus</strong></span> <span class='ocrx_word' id='word_1_204' title='bbox 557 2673 790 2728; x_wconf 88' lang='lat' dir='ltr'><strong>mundus</strong></span> <span class='ocrx_word' id='word_1_205' title='bbox 825 2681 911 2728; x_wconf 90' lang='lat' dir='ltr'><strong>est</strong></span> <span class='ocrx_word' id='word_1_206' title='bbox 955 2672 1156 2738; x_wconf 77' lang='lat' dir='ltr'><strong>factus,</strong></span> <span class='ocrx_word' id='word_1_207' title='bbox 1190 2672 1424 2741; x_wconf 88' lang='lat' dir='ltr'><strong>septimo</strong></span> <span class='ocrx_word' id='word_1_208' title='bbox 1453 2671 1756 2740; x_wconf 77' lang='lat' dir='ltr'><strong>reQuietum</strong></span> 
     </span>
    </p>
   </div>
   <div class='ocr_carea' id='block_1_29' title="bbox 179 2761 1758 2835">
    <p class='ocr_par' dir='ltr' id='par_1_29' title="bbox 179 2761 1758 2835">
     <span class='ocr_line' id='line_1_29' title="bbox 179 2761 1758 2835; baseline -0.003 -14"><span class='ocrx_word' id='word_1_209' title='bbox 179 2777 249 2822; x_wconf 86' lang='lat' dir='ltr'><strong>est</strong></span> <span class='ocrx_word' id='word_1_210' title='bbox 267 2767 366 2835; x_wconf 91' lang='lat' dir='ltr'><strong>die,</strong></span> <span class='ocrx_word' id='word_1_211' title='bbox 398 2778 452 2824; x_wconf 90' lang='lat' dir='ltr'><strong>et</strong></span> <span class='ocrx_word' id='word_1_212' title='bbox 482 2766 757 2822; x_wconf 88' lang='lat' dir='ltr'><strong>Dominus</strong></span> <span class='ocrx_word' id='word_1_213' title='bbox 780 2765 1298 2822; x_wconf 77' lang='lat' dir='ltr'><strong>sanctiﬁcaviteum.</strong></span> <span class='ocrx_word' id='word_1_214' title='bbox 1324 2763 1469 2820; x_wconf 88' lang='lat' dir='ltr'><strong>Ultra</strong></span> <span class='ocrx_word' id='word_1_215' title='bbox 1500 2761 1758 2818; x_wconf 91' lang='lat' dir='ltr'><strong>mundum</strong></span> 
     </span>
    </p>
   </div>
   <div class='ocr_carea' id='block_1_30' title="bbox 178 2854 1758 2931">
    <p class='ocr_par' dir='ltr' id='par_1_30' title="bbox 178 2854 1758 2931">
     <span class='ocr_line' id='line_1_30' title="bbox 178 2854 1758 2931; baseline -0.004 -17"><span class='ocrx_word' id='word_1_216' title='bbox 178 2874 290 2930; x_wconf 85' lang='lat' dir='ltr'><strong>ergo</strong></span> <span class='ocrx_word' id='word_1_217' title='bbox 311 2860 462 2931; x_wconf 91' lang='lat' dir='ltr'><strong>quies</strong></span> <span class='ocrx_word' id='word_1_218' title='bbox 493 2902 511 2926; x_wconf 92' lang='lat'><strong>,</strong></span> <span class='ocrx_word' id='word_1_219' title='bbox 538 2858 566 2898; x_wconf 77' lang='grc' dir='ltr'>δ</span> <span class='ocrx_word' id='word_1_220' title='bbox 609 2859 749 2914; x_wconf 91' lang='lat' dir='ltr'><strong>ultra</strong></span> <span class='ocrx_word' id='word_1_221' title='bbox 792 2857 1051 2913; x_wconf 90' lang='lat' dir='ltr'><strong>mundum</strong></span> <span class='ocrx_word' id='word_1_222' title='bbox 1101 2857 1265 2912; x_wconf 90' lang='lat' dir='ltr'><strong>etiam</strong></span> <span class='ocrx_word' id='word_1_223' title='bbox 1299 2855 1509 2911; x_wconf 87' lang='lat' dir='ltr'><strong>fructus</strong></span> <span class='ocrx_word' id='word_1_224' title='bbox 1538 2854 1758 2927; x_wconf 87' lang='lat' dir='ltr'><strong>quietis.</strong></span> 
     </span>
    </p>
   </div>
   <div class='ocr_carea' id='block_1_31' title="bbox 181 2947 1762 3022">
    <p class='ocr_par' dir='ltr' id='par_1_31' title="bbox 181 2947 1762 3022">
     <span class='ocr_line' id='line_1_31' title="bbox 181 2947 1762 3022; baseline -0.003 -17"><span class='ocrx_word' id='word_1_225' title='bbox 181 2951 403 3021; x_wconf 87' lang='lat' dir='ltr'><strong>Denique</strong></span> <span class='ocrx_word' id='word_1_226' title='bbox 431 2950 592 3006; x_wconf 80' lang='lat' dir='ltr'><strong>Beati</strong></span> <span class='ocrx_word' id='word_1_227' title='bbox 621 2951 830 3022; x_wconf 78' lang='lat' dir='ltr'><strong>paciﬁci</strong></span> <span class='ocrx_word' id='word_1_228' title='bbox 845 2967 865 3017; x_wconf 90' lang='lat'><strong>;</strong></span> <span class='ocrx_word' id='word_1_229' title='bbox 893 2950 994 3022; x_wconf 86' lang='lat' dir='ltr'><strong>ipsi</strong></span> <span class='ocrx_word' id='word_1_230' title='bbox 1024 2950 1160 3004; x_wconf 87' lang='lat' dir='ltr'><strong>enim</strong></span> <span class='ocrx_word' id='word_1_231' title='bbox 1191 2949 1288 3018; x_wconf 77' lang='lat' dir='ltr'><strong>ﬁlii</strong></span> <span class='ocrx_word' id='word_1_232' title='bbox 1317 2947 1414 3002; x_wconf 84' lang='lat' dir='ltr'><strong>Dei</strong></span> <span class='ocrx_word' id='word_1_233' title='bbox 1443 2948 1762 3003; x_wconf 82' lang='lat' dir='ltr'><strong>vocabuntur</strong></span> 
     </span>
    </p>
   </div>
   <div class='ocr_carea' id='block_1_32' title="bbox 182 3040 1759 3117">
    <p class='ocr_par' dir='ltr' id='par_1_32' title="bbox 182 3040 1759 3117">
     <span class='ocr_line' id='line_1_32' title="bbox 182 3040 1759 3117; baseline -0.002 -21"><span class='ocrx_word' id='word_1_234' title='bbox 182 3041 374 3113; x_wconf 74' lang='lat' dir='ltr'><strong>(Matth.</strong></span> <span class='ocrx_word' id='word_1_235' title='bbox 416 3060 448 3098; x_wconf 88' lang='lat' dir='ltr'><strong>v</strong></span> <span class='ocrx_word' id='word_1_236' title='bbox 470 3087 487 3110; x_wconf 89' lang='lat'><strong>,</strong></span> <span class='ocrx_word' id='word_1_237' title='bbox 521 3042 604 3117; x_wconf 90' lang='lat'><strong>9).</strong></span> <span class='ocrx_word' id='word_1_238' title='bbox 637 3042 770 3098; x_wconf 88' lang='lat' dir='ltr'><strong>Nam</strong></span> <span class='ocrx_word' id='word_1_239' title='bbox 801 3058 924 3098; x_wconf 90' lang='lat' dir='ltr'><strong>cum</strong></span> <span class='ocrx_word' id='word_1_240' title='bbox 961 3042 1104 3097; x_wconf 92' lang='lat' dir='ltr'><strong>Deus</strong></span> <span class='ocrx_word' id='word_1_241' title='bbox 1144 3055 1308 3110; x_wconf 88' lang='lat' dir='ltr'><strong>supra</strong></span> <span class='ocrx_word' id='word_1_242' title='bbox 1342 3040 1606 3095; x_wconf 88' lang='lat' dir='ltr'><strong>mundum</strong></span> <span class='ocrx_word' id='word_1_243' title='bbox 1650 3040 1759 3106; x_wconf 90' lang='lat' dir='ltr'><strong>sit,</strong></span> 
     </span>
    </p>
   </div>
   <div class='ocr_carea' id='block_1_33' title="bbox 181 3133 1762 3207">
    <p class='ocr_par' dir='ltr' id='par_1_33' title="bbox 181 3133 1762 3207">
     <span class='ocr_line' id='line_1_33' title="bbox 181 3133 1762 3207; baseline -0.003 -17"><span class='ocrx_word' id='word_1_244' title='bbox 181 3150 322 3191; x_wconf 87' lang='lat' dir='ltr'><strong>nemo</strong></span> <span class='ocrx_word' id='word_1_245' title='bbox 349 3138 542 3207; x_wconf 88' lang='lat' dir='ltr'><strong>utique</strong></span> <span class='ocrx_word' id='word_1_246' title='bbox 567 3144 747 3206; x_wconf 80' lang='lat' dir='ltr'><strong>potest</strong></span> <span class='ocrx_word' id='word_1_247' title='bbox 771 3136 938 3190; x_wconf 92' lang='lat' dir='ltr'><strong>Deum</strong></span> <span class='ocrx_word' id='word_1_248' title='bbox 962 3133 1173 3197; x_wconf 85' lang='lat' dir='ltr'><strong>videre,</strong></span> <span class='ocrx_word' id='word_1_249' title='bbox 1200 3134 1304 3188; x_wconf 90' lang='lat' dir='ltr'><strong>nisi</strong></span> <span class='ocrx_word' id='word_1_250' title='bbox 1334 3133 1590 3188; x_wconf 89' lang='lat' dir='ltr'><strong>mundum</strong></span> <span class='ocrx_word' id='word_1_251' title='bbox 1612 3133 1762 3202; x_wconf 89' lang='lat' dir='ltr'><strong>prius</strong></span> 
     </span>
    </p>
   </div>
   <div class='ocr_carea' id='block_1_34' title="bbox 181 3224 1764 3299">
    <p class='ocr_par' dir='ltr' id='par_1_34' title="bbox 181 3224 1764 3299">
     <span class='ocr_line' id='line_1_34' title="bbox 181 3224 1764 3299; baseline -0.001 -18"><span class='ocrx_word' id='word_1_252' title='bbox 181 3229 391 3299; x_wconf 83' lang='lat' dir='ltr'><strong>spiritali</strong></span> <span class='ocrx_word' id='word_1_253' title='bbox 434 3227 795 3283; x_wconf 85' lang='lat' dir='ltr'><strong>transcendat</strong></span> <span class='ocrx_word' id='word_1_254' title='bbox 839 3226 1055 3282; x_wconf 91' lang='lat' dir='ltr'><strong>obtutu.</strong></span> <span class='ocrx_word' id='word_1_255' title='bbox 1091 3225 1335 3297; x_wconf 78' lang='lat' dir='ltr'><strong>Septima</strong></span> <span class='ocrx_word' id='word_1_256' title='bbox 1369 3224 1551 3294; x_wconf 83' lang='lat' dir='ltr'><strong>itaque</strong></span> <span class='ocrx_word' id='word_1_257' title='bbox 1595 3225 1764 3280; x_wconf 79' lang='lat' dir='ltr'><strong>bene-</strong></span> 
     </span>
    </p>
   </div>
   <div class='ocr_carea' id='block_1_35' title="bbox 181 3317 1758 3391">
    <p class='ocr_par' dir='ltr' id='par_1_35' title="bbox 181 3317 1758 3391">
     <span class='ocr_line' id='line_1_35' title="bbox 181 3317 1758 3391; baseline -0.002 -18"><span class='ocrx_word' id='word_1_258' title='bbox 181 3320 328 3376; x_wconf 89' lang='lat' dir='ltr'><strong>dictio</strong></span> <span class='ocrx_word' id='word_1_259' title='bbox 357 3331 683 3391; x_wconf 90' lang='lat' dir='ltr'><strong>pacatorum</strong></span> <span class='ocrx_word' id='word_1_260' title='bbox 719 3338 734 3376; x_wconf 87' lang='lat'>:</span> <span class='ocrx_word' id='word_1_261' title='bbox 769 3330 977 3390; x_wconf 88' lang='lat' dir='ltr'><strong>septem</strong></span> <span class='ocrx_word' id='word_1_262' title='bbox 1011 3320 1176 3374; x_wconf 89' lang='lat' dir='ltr'><strong>etiam</strong></span> <span class='ocrx_word' id='word_1_263' title='bbox 1203 3318 1311 3373; x_wconf 87' lang='lat' dir='ltr'><strong>illis</strong></span> <span class='ocrx_word' id='word_1_264' title='bbox 1339 3326 1571 3388; x_wconf 87' lang='lat' dir='ltr'><strong>quatuor</strong></span> <span class='ocrx_word' id='word_1_265' title='bbox 1600 3317 1758 3370; x_wconf 87' lang='lat' dir='ltr'><strong>milli-</strong></span> 
     </span>
    </p>
   </div>
   <div class='ocr_carea' id='block_1_36' title="bbox 181 3409 1761 3487">
    <p class='ocr_par' dir='ltr' id='par_1_36' title="bbox 181 3409 1761 3487">
     <span class='ocr_line' id='line_1_36' title="bbox 181 3409 1761 3487; baseline -0.003 -19"><span class='ocrx_word' id='word_1_266' title='bbox 181 3411 267 3469; x_wconf 88' lang='lat' dir='ltr'><strong>bus</strong></span> <span class='ocrx_word' id='word_1_267' title='bbox 287 3415 714 3487; x_wconf 84' lang='lat' dir='ltr'><strong>fragmentorum</strong></span> <span class='ocrx_word' id='word_1_268' title='bbox 739 3423 940 3484; x_wconf 72' lang='lat' dir='ltr'><strong>sporta:</strong></span> <span class='ocrx_word' id='word_1_269' title='bbox 963 3422 1257 3484; x_wconf 88' lang='lat' dir='ltr'><strong>supersunt</strong></span> <span class='ocrx_word' id='word_1_270' title='bbox 1283 3411 1497 3485; x_wconf 80' lang='lat' dir='ltr'><strong>(Matth.</strong></span> <span class='ocrx_word' id='word_1_271' title='bbox 1525 3428 1614 3475; x_wconf 83' lang='lat' dir='ltr'><strong>xv,</strong></span> <span class='ocrx_word' id='word_1_272' title='bbox 1644 3409 1761 3482; x_wconf 77' lang='lat'><strong>57).</strong></span> 
     </span>
    </p>
   </div>
   <div class='ocr_carea' id='block_1_37' title="bbox 179 3503 1764 3588">
    <p class='ocr_par' dir='ltr' id='par_1_37' title="bbox 179 3503 1764 3588">
     <span class='ocr_line' id='line_1_37' title="bbox 179 3503 1764 3588; baseline -0.003 -25"><span class='ocrx_word' id='word_1_273' title='bbox 179 3505 280 3563; x_wconf 79' lang='lat' dir='ltr'><strong>Non</strong></span> <span class='ocrx_word' id='word_1_274' title='bbox 307 3508 603 3565; x_wconf 89' lang='lat' dir='ltr'><strong>mediocris</strong></span> <span class='ocrx_word' id='word_1_275' title='bbox 634 3507 723 3562; x_wconf 87' lang='lat' dir='ltr'><strong>hic</strong></span> <span class='ocrx_word' id='word_1_276' title='bbox 746 3509 900 3576; x_wconf 88' lang='lat' dir='ltr'><strong>panis</strong></span> <span class='ocrx_word' id='word_1_277' title='bbox 920 3514 1005 3561; x_wconf 86' lang='lat' dir='ltr'><strong>est</strong></span> <span class='ocrx_word' id='word_1_278' title='bbox 1025 3505 1398 3588; x_wconf 76' lang='lat' dir='ltr'><strong>sabbatorum,</strong></span> <span class='ocrx_word' id='word_1_279' title='bbox 1425 3503 1578 3574; x_wconf 89' lang='lat' dir='ltr'><strong>panis</strong></span> <span class='ocrx_word' id='word_1_280' title='bbox 1608 3518 1764 3559; x_wconf 88' lang='lat' dir='ltr'><strong>sanc-</strong></span> 
     </span>
    </p>
   </div>
   <div class='ocr_carea' id='block_1_38' title="bbox 184 3597 1764 3674">
    <p class='ocr_par' dir='ltr' id='par_1_38' title="bbox 184 3597 1764 3674">
     <span class='ocr_line' id='line_1_38' title="bbox 184 3597 1764 3674; baseline -0.001 -20"><span class='ocrx_word' id='word_1_281' title='bbox 184 3601 393 3658; x_wconf 85' lang='lat' dir='ltr'><strong>tificatus</strong></span> <span class='ocrx_word' id='word_1_282' title='bbox 413 3644 428 3671; x_wconf 89' lang='lat'><strong>,</strong></span> <span class='ocrx_word' id='word_1_283' title='bbox 457 3600 627 3674; x_wconf 85' lang='lat' dir='ltr'><strong>panis</strong></span> <span class='ocrx_word' id='word_1_284' title='bbox 654 3600 874 3670; x_wconf 87' lang='lat' dir='ltr'><strong>quietis.</strong></span> <span class='ocrx_word' id='word_1_285' title='bbox 908 3600 974 3655; x_wconf 85' lang='lat' dir='ltr'><strong>Et</strong></span> <span class='ocrx_word' id='word_1_286' title='bbox 997 3601 1226 3654; x_wconf 88' lang='lat' dir='ltr'><strong>fortasse</strong></span> <span class='ocrx_word' id='word_1_287' title='bbox 1253 3600 1300 3654; x_wconf 89' lang='lat' dir='ltr'><strong>si</strong></span> <span class='ocrx_word' id='word_1_288' title='bbox 1342 3597 1574 3668; x_wconf 88' lang='lat' dir='ltr'><strong>primum</strong></span> <span class='ocrx_word' id='word_1_289' title='bbox 1606 3597 1764 3668; x_wconf 90' lang='lat' dir='ltr'><strong>quin-</strong></span> 
     </span>
    </p>
   </div>
   <div class='ocr_carea' id='block_1_39' title="bbox 181 3689 1766 3764">
    <p class='ocr_par' dir='ltr' id='par_1_39' title="bbox 181 3689 1766 3764">
     <span class='ocr_line' id='line_1_39' title="bbox 181 3689 1766 3764; baseline -0.003 -16"><span class='ocrx_word' id='word_1_290' title='bbox 181 3707 272 3764; x_wconf 87' lang='lat' dir='ltr'><strong>que</strong></span> <span class='ocrx_word' id='word_1_291' title='bbox 318 3710 484 3764; x_wconf 88' lang='lat' dir='ltr'><strong>panes</strong></span> <span class='ocrx_word' id='word_1_292' title='bbox 543 3693 876 3749; x_wconf 89' lang='lat' dir='ltr'><strong>sensibiliter</strong></span> <span class='ocrx_word' id='word_1_293' title='bbox 934 3690 1388 3754; x_wconf 89' lang='lat' dir='ltr'><strong>manducaveris,</strong></span> <span class='ocrx_word' id='word_1_294' title='bbox 1441 3689 1655 3744; x_wconf 84' lang='lat' dir='ltr'><strong>audebo</strong></span> <span class='ocrx_word' id='word_1_295' title='bbox 1710 3697 1766 3744; x_wconf 92' lang='lat' dir='ltr'><strong>et</strong></span> 
     </span>
    </p>
   </div>
   <div class='ocr_carea' id='block_1_40' title="bbox 187 3782 1765 3861">
    <p class='ocr_par' dir='ltr' id='par_1_40' title="bbox 187 3782 1765 3861">
     <span class='ocr_line' id='line_1_40' title="bbox 187 3782 1765 3861; baseline -0.004 -16"><span class='ocrx_word' id='word_1_296' title='bbox 187 3786 376 3861; x_wconf 62' lang='lat'><strong>15.03</strong></span> <span class='ocrx_word' id='word_1_297' title='bbox 401 3789 609 3854; x_wconf 90' lang='lat' dir='ltr'><strong>dicam,</strong></span> <span class='ocrx_word' id='word_1_298' title='bbox 648 3796 771 3856; x_wconf 84' lang='lat' dir='ltr'><strong>post</strong></span> <span class='ocrx_word' id='word_1_299' title='bbox 797 3787 1036 3857; x_wconf 90' lang='lat' dir='ltr'><strong>quinque</strong></span> <span class='ocrx_word' id='word_1_300' title='bbox 1065 3800 1232 3856; x_wconf 90' lang='lat' dir='ltr'><strong>panes</strong></span> <span class='ocrx_word' id='word_1_301' title='bbox 1269 3793 1321 3839; x_wconf 93' lang='lat' dir='ltr'><strong>et</strong></span> <span class='ocrx_word' id='word_1_302' title='bbox 1358 3790 1568 3851; x_wconf 89' lang='lat' dir='ltr'><strong>septem</strong></span> <span class='ocrx_word' id='word_1_303' title='bbox 1603 3782 1765 3838; x_wconf 90' lang='lat' dir='ltr'><strong>tertio</strong></span> 
     </span>
    </p>
   </div>
   <div class='ocr_carea' id='block_1_41' title="bbox 177 3877 1768 3949">
    <p class='ocr_par' dir='ltr' id='par_1_41' title="bbox 177 3877 1768 3949">
     <span class='ocr_line' id='line_1_41' title="bbox 177 3877 1768 3949; baseline -0.003 -16"><span class='ocrx_word' id='word_1_304' title='bbox 177 3879 273 3949; x_wconf 87' lang='lat' dir='ltr'><strong>jam</strong></span> <span class='ocrx_word' id='word_1_305' title='bbox 302 3883 350 3936; x_wconf 91' lang='lat' dir='ltr'><strong>in</strong></span> <span class='ocrx_word' id='word_1_306' title='bbox 375 3877 521 3938; x_wconf 83' lang='lat' dir='ltr'><strong>terra</strong></span> <span class='ocrx_word' id='word_1_307' title='bbox 554 3897 660 3935; x_wconf 91' lang='lat' dir='ltr'><strong>non</strong></span> <span class='ocrx_word' id='word_1_308' title='bbox 690 3879 1046 3935; x_wconf 88' lang='lat' dir='ltr'><strong>manducabis</strong></span> <span class='ocrx_word' id='word_1_309' title='bbox 1076 3893 1268 3948; x_wconf 88' lang='lat' dir='ltr'><strong>panem</strong></span> <span class='ocrx_word' id='word_1_310' title='bbox 1301 3896 1312 3932; x_wconf 94' lang='lat'>:</span> <span class='ocrx_word' id='word_1_311' title='bbox 1341 3877 1435 3932; x_wconf 88' lang='lat' dir='ltr'><strong>sed</strong></span> <span class='ocrx_word' id='word_1_312' title='bbox 1467 3889 1630 3945; x_wconf 86' lang='lat' dir='ltr'><strong>supra</strong></span> <span class='ocrx_word' id='word_1_313' title='bbox 1655 3883 1768 3930; x_wconf 91' lang='lat' dir='ltr'><strong>ter-</strong></span> 
     </span>
    </p>
   </div>
   <div class='ocr_carea' id='block_1_42' title="bbox 182 3968 1769 4039">
    <p class='ocr_par' dir='ltr' id='par_1_42' title="bbox 182 3968 1769 4039">
     <span class='ocr_line' id='line_1_42' title="bbox 182 3968 1769 4039; baseline -0.003 -14"><span class='ocrx_word' id='word_1_314' title='bbox 182 3985 281 4027; x_wconf 91' lang='lat' dir='ltr'><strong>ram</strong></span> <span class='ocrx_word' id='word_1_315' title='bbox 311 3973 670 4030; x_wconf 87' lang='lat' dir='ltr'><strong>manducabis</strong></span> <span class='ocrx_word' id='word_1_316' title='bbox 699 3984 824 4028; x_wconf 88' lang='lat' dir='ltr'><strong>octo</strong></span> <span class='ocrx_word' id='word_1_317' title='bbox 854 3986 1023 4038; x_wconf 86' lang='lat' dir='ltr'><strong>panes</strong></span> <span class='ocrx_word' id='word_1_318' title='bbox 1044 4012 1057 4035; x_wconf 93' lang='lat'><strong>,</strong></span> <span class='ocrx_word' id='word_1_319' title='bbox 1105 3971 1246 4026; x_wconf 90' lang='lat' dir='ltr'><strong>sicut</strong></span> <span class='ocrx_word' id='word_1_320' title='bbox 1275 3969 1368 4039; x_wconf 90' lang='lat' dir='ltr'><strong>qui</strong></span> <span class='ocrx_word' id='word_1_321' title='bbox 1408 3977 1536 4023; x_wconf 91' lang='lat' dir='ltr'><strong>sunt</strong></span> <span class='ocrx_word' id='word_1_322' title='bbox 1573 3968 1626 4022; x_wconf 91' lang='lat' dir='ltr'><strong>in</strong></span> <span class='ocrx_word' id='word_1_323' title='bbox 1657 3981 1769 4022; x_wconf 69' lang='lat' dir='ltr'><strong>cas-</strong></span> 
     </span>
    </p>
   </div>
   <div class='ocr_carea' id='block_1_43' title="bbox 182 4053 1764 4136">
    <p class='ocr_par' dir='ltr' id='par_1_43' title="bbox 182 4053 1764 4136">
     <span class='ocr_line' id='line_1_43' title="bbox 182 4053 1764 4136; baseline -0.004 -16"><span class='ocrx_word' id='word_1_324' title='bbox 182 4063 406 4124; x_wconf 89' lang='lat' dir='ltr'><strong>lcstihns.</strong></span> <span class='ocrx_word' id='word_1_325' title='bbox 446 4068 607 4126; x_wconf 91' lang='lat' dir='ltr'><strong>Sicut</strong></span> <span class='ocrx_word' id='word_1_326' title='bbox 636 4066 781 4122; x_wconf 89' lang='lat' dir='ltr'><strong>enim</strong></span> <span class='ocrx_word' id='word_1_327' title='bbox 809 4076 1019 4136; x_wconf 89' lang='lat' dir='ltr'><strong>septem</strong></span> <span class='ocrx_word' id='word_1_328' title='bbox 1063 4079 1231 4134; x_wconf 88' lang='lat' dir='ltr'><strong>panes</strong></span> <span class='ocrx_word' id='word_1_329' title='bbox 1255 4105 1268 4131; x_wconf 88' lang='lat'><strong>,</strong></span> <span class='ocrx_word' id='word_1_330' title='bbox 1320 4077 1488 4132; x_wconf 84' lang='lat' dir='ltr'><strong>panes</strong></span> <span class='ocrx_word' id='word_1_331' title='bbox 1514 4061 1718 4132; x_wconf 90' lang='lat' dir='ltr'><strong>quietis</strong></span> <span class='ocrx_word' id='word_1_332' title='bbox 1749 4053 1764 4114; x_wconf 75' lang='grc' dir='ltr'>ὲ</span> 
     </span>
    </p>
   </div>
   <div class='ocr_carea' id='block_1_44' title="bbox 184 4149 1766 4232">
    <p class='ocr_par' dir='ltr' id='par_1_44' title="bbox 184 4149 1766 4232">
     <span class='ocr_line' id='line_1_44' title="bbox 184 4149 1766 4232; baseline -0.004 -20"><span class='ocrx_word' id='word_1_333' title='bbox 184 4157 244 4212; x_wconf 88' lang='lat' dir='ltr'><strong>ita</strong></span> <span class='ocrx_word' id='word_1_334' title='bbox 271 4171 388 4217; x_wconf 91' lang='lat' dir='ltr'><strong>octo</strong></span> <span class='ocrx_word' id='word_1_335' title='bbox 433 4174 630 4232; x_wconf 88' lang='lat' dir='ltr'><strong>panes,</strong></span> <span class='ocrx_word' id='word_1_336' title='bbox 660 4173 828 4230; x_wconf 90' lang='lat' dir='ltr'><strong>panes</strong></span> <span class='ocrx_word' id='word_1_337' title='bbox 874 4166 999 4212; x_wconf 90' lang='lat' dir='ltr'><strong>sunt</strong></span> <span class='ocrx_word' id='word_1_338' title='bbox 1027 4149 1483 4212; x_wconf 74' lang='lat' dir='ltr'><strong>resurrectionis.</strong></span> <span class='ocrx_word' id='word_1_339' title='bbox 1511 4153 1655 4223; x_wconf 79' lang='lat' dir='ltr'><strong>Ergo</strong></span> <span class='ocrx_word' id='word_1_340' title='bbox 1680 4152 1766 4206; x_wconf 89' lang='lat' dir='ltr'><strong>isti</strong></span> 
     </span>
    </p>
   </div>
   <div class='ocr_carea' id='block_1_45' title="bbox 184 4245 1769 4323">
    <p class='ocr_par' dir='ltr' id='par_1_45' title="bbox 184 4245 1769 4323">
     <span class='ocr_line' id='line_1_45' title="bbox 184 4245 1769 4323; baseline -0.004 -17"><span class='ocrx_word' id='word_1_341' title='bbox 184 4252 261 4322; x_wconf 90' lang='lat' dir='ltr'><strong>qui</strong></span> <span class='ocrx_word' id='word_1_342' title='bbox 289 4264 496 4323; x_wconf 87' lang='lat' dir='ltr'><strong>septem</strong></span> <span class='ocrx_word' id='word_1_343' title='bbox 527 4252 752 4308; x_wconf 88' lang='lat' dir='ltr'><strong>aluntur</strong></span> <span class='ocrx_word' id='word_1_344' title='bbox 796 4250 1026 4320; x_wconf 88' lang='lat' dir='ltr'><strong>panibus</strong></span> <span class='ocrx_word' id='word_1_345' title='bbox 1059 4247 1259 4322; x_wconf 74' lang='lat' dir='ltr'><strong>(lbid.,</strong></span> <span class='ocrx_word' id='word_1_346' title='bbox 1288 4245 1378 4316; x_wconf 73' lang='lat'><strong>52)</strong></span> <span class='ocrx_word' id='word_1_347' title='bbox 1427 4245 1606 4301; x_wconf 90' lang='lat' dir='ltr'><strong>triduo</strong></span> <span class='ocrx_word' id='word_1_348' title='bbox 1647 4261 1769 4313; x_wconf 89' lang='lat' dir='ltr'><strong>per-</strong></span> 
     </span>
    </p>
   </div>
   <div class='ocr_carea' id='block_1_46' title="bbox 185 4338 1768 4413">
    <p class='ocr_par' dir='ltr' id='par_1_46' title="bbox 185 4338 1768 4413">
     <span class='ocr_line' id='line_1_46' title="bbox 185 4338 1768 4413; baseline -0.002 -16"><span class='ocrx_word' id='word_1_349' title='bbox 185 4345 421 4401; x_wconf 87' lang='lat' dir='ltr'><strong>stiterunt</strong></span> <span class='ocrx_word' id='word_1_350' title='bbox 441 4387 458 4411; x_wconf 91' lang='lat'><strong>,</strong></span> <span class='ocrx_word' id='word_1_351' title='bbox 481 4354 542 4402; x_wconf 87' lang='lat' dir='ltr'><strong>et</strong></span> <span class='ocrx_word' id='word_1_352' title='bbox 573 4343 801 4399; x_wconf 76' lang='lat' dir='ltr'><strong>fortasse</strong></span> <span class='ocrx_word' id='word_1_353' title='bbox 823 4343 1089 4413; x_wconf 78' lang='lat' dir='ltr'><strong>integram</strong></span> <span class='ocrx_word' id='word_1_354' title='bbox 1122 4339 1542 4396; x_wconf 87' lang='lat' dir='ltr'><strong>resurrectionis</strong></span> <span class='ocrx_word' id='word_1_355' title='bbox 1575 4338 1768 4394; x_wconf 82' lang='lat' dir='ltr'><strong>futurae</strong></span> 
     </span>
    </p>
   </div>
   <div class='ocr_carea' id='block_1_47' title="bbox 187 4429 1766 4503">
    <p class='ocr_par' dir='ltr' id='par_1_47' title="bbox 187 4429 1766 4503">
     <span class='ocr_line' id='line_1_47' title="bbox 187 4429 1766 4503; baseline -0.003 -12"><span class='ocrx_word' id='word_1_356' title='bbox 187 4435 331 4494; x_wconf 76' lang='lat' dir='ltr'><strong>ﬁdem</strong></span> <span class='ocrx_word' id='word_1_357' title='bbox 363 4449 416 4495; x_wconf 88' lang='lat' dir='ltr'><strong>et</strong></span> <span class='ocrx_word' id='word_1_358' title='bbox 441 4429 812 4494; x_wconf 89' lang='lat' dir='ltr'><strong>constantiam</strong></span> <span class='ocrx_word' id='word_1_359' title='bbox 836 4435 1146 4492; x_wconf 89' lang='lat' dir='ltr'><strong>consecuti.</strong></span> <span class='ocrx_word' id='word_1_360' title='bbox 1182 4433 1426 4503; x_wconf 89' lang='lat' dir='ltr'><strong>Denique</strong></span> <span class='ocrx_word' id='word_1_361' title='bbox 1454 4441 1766 4488; x_wconf 87' lang='lat' dir='ltr'><strong>sanctorum</strong></span> 
     </span>
    </p>
   </div>
   <div class='ocr_carea' id='block_1_48' title="bbox 186 4524 1769 4593">
    <p class='ocr_par' dir='ltr' id='par_1_48' title="bbox 186 4524 1769 4593">
     <span class='ocr_line' id='line_1_48' title="bbox 186 4524 1769 4593; baseline -0.003 -10"><span class='ocrx_word' id='word_1_362' title='bbox 186 4541 275 4583; x_wconf 72' lang='lat' dir='ltr'><strong>Vox</strong></span> <span class='ocrx_word' id='word_1_363' title='bbox 302 4542 384 4586; x_wconf 91' lang='lat' dir='ltr'><strong>est</strong></span> <span class='ocrx_word' id='word_1_364' title='bbox 420 4549 433 4585; x_wconf 87' lang='lat'><strong>:</strong></span> <span class='ocrx_word' id='word_1_365' title='bbox 465 4531 661 4585; x_wconf 87' lang='lat' dir='ltr'><strong>Tribus</strong></span> <span class='ocrx_word' id='word_1_366' title='bbox 708 4529 887 4583; x_wconf 83' lang='lat' dir='ltr'><strong>diebus</strong></span> <span class='ocrx_word' id='word_1_367' title='bbox 915 4526 1319 4589; x_wconf 87' lang='lat' dir='ltr'><strong>ambulabimus,</strong></span> <span class='ocrx_word' id='word_1_368' title='bbox 1351 4534 1372 4561; x_wconf 73' lang='grc' dir='ltr'><strong>ο</strong></span> <span class='ocrx_word' id='word_1_369' title='bbox 1414 4534 1470 4577; x_wconf 86' lang='lat' dir='ltr'><strong>ut</strong></span> <span class='ocrx_word' id='word_1_370' title='bbox 1498 4524 1769 4593; x_wconf 76' lang='lat' dir='ltr'><strong>epulamur</strong></span> 
     </span>
    </p>
   </div>
   <div class='ocr_carea' id='block_1_49' title="bbox 1862 521 3463 600">
    <p class='ocr_par' dir='ltr' id='par_1_49' title="bbox 1862 521 3463 600">
     <span class='ocr_line' id='line_1_49' title="bbox 1862 521 3463 600; baseline 0.001 -18"><span class='ocrx_word' id='word_1_371' title='bbox 1862 536 2083 583; x_wconf 89' lang='lat' dir='ltr'><strong>sanctus</strong></span> <span class='ocrx_word' id='word_1_372' title='bbox 2107 523 2412 592; x_wconf 71' lang='lat' dir='ltr'><strong>Mattbasus,</strong></span> <span class='ocrx_word' id='word_1_373' title='bbox 2445 538 2551 579; x_wconf 93' lang='lat' dir='ltr'><strong>non</strong></span> <span class='ocrx_word' id='word_1_374' title='bbox 2583 521 3095 598; x_wconf 66' lang='lat' dir='ltr'><strong>docueratjsanctus</strong></span> <span class='ocrx_word' id='word_1_375' title='bbox 3113 523 3291 583; x_wconf 90' lang='lat' dir='ltr'><strong>Lucas</strong></span> <span class='ocrx_word' id='word_1_376' title='bbox 3323 527 3463 600; x_wconf 85' lang='lat' dir='ltr'><strong>(sin-</strong></span> 
     </span>
    </p>
   </div>
   <div class='ocr_carea' id='block_1_50' title="bbox 1861 612 3454 694">
    <p class='ocr_par' dir='ltr' id='par_1_50' title="bbox 1861 612 3454 694">
     <span class='ocr_line' id='line_1_50' title="bbox 1861 612 3454 694; baseline 0.001 -19"><span class='ocrx_word' id='word_1_377' title='bbox 1861 620 2002 694; x_wconf 88' lang='lat' dir='ltr'><strong>gulis</strong></span> <span class='ocrx_word' id='word_1_378' title='bbox 2043 620 2188 676; x_wconf 89' lang='lat' dir='ltr'><strong>enim</strong></span> <span class='ocrx_word' id='word_1_379' title='bbox 2246 617 2457 675; x_wconf 88' lang='lat' dir='ltr'><strong>diversa</strong></span> <span class='ocrx_word' id='word_1_380' title='bbox 2503 612 2776 688; x_wconf 83' lang='lat' dir='ltr'><strong>impartita</strong></span> <span class='ocrx_word' id='word_1_381' title='bbox 2819 628 2902 674; x_wconf 83' lang='lat' dir='ltr'><strong>est</strong></span> <span class='ocrx_word' id='word_1_382' title='bbox 2956 618 3164 691; x_wconf 71' lang='lat' dir='ltr'><strong>gratia)</strong></span> <span class='ocrx_word' id='word_1_383' title='bbox 3191 637 3206 687; x_wconf 92' lang='lat'><strong>;</strong></span> <span class='ocrx_word' id='word_1_384' title='bbox 3238 620 3454 689; x_wconf 91' lang='lat' dir='ltr'><strong>docuit,</strong></span> 
     </span>
    </p>
   </div>
   <div class='ocr_carea' id='block_1_51' title="bbox 1860 713 3463 785">
    <p class='ocr_par' dir='ltr' id='par_1_51' title="bbox 1860 713 3463 785">
     <span class='ocr_line' id='line_1_51' title="bbox 1860 713 3463 785; baseline 0.004 -16"><span class='ocrx_word' id='word_1_385' title='bbox 1860 715 2079 785; x_wconf 88' lang='lat' dir='ltr'><strong>inquam</strong></span> <span class='ocrx_word' id='word_1_386' title='bbox 2109 756 2122 780; x_wconf 93' lang='lat'><strong>,</strong></span> <span class='ocrx_word' id='word_1_387' title='bbox 2166 729 2254 768; x_wconf 91' lang='lat' dir='ltr'><strong>me</strong></span> <span class='ocrx_word' id='word_1_388' title='bbox 2298 714 2540 784; x_wconf 81' lang='lat' dir='ltr'><strong>quinque</strong></span> <span class='ocrx_word' id='word_1_389' title='bbox 2571 713 2706 769; x_wconf 89' lang='lat' dir='ltr'><strong>istos</strong></span> <span class='ocrx_word' id='word_1_390' title='bbox 2737 729 2903 784; x_wconf 91' lang='lat' dir='ltr'><strong>panes</strong></span> <span class='ocrx_word' id='word_1_391' title='bbox 2932 714 3266 772; x_wconf 85' lang='lat' dir='ltr'><strong>hordeaceos</strong></span> <span class='ocrx_word' id='word_1_392' title='bbox 3298 716 3463 776; x_wconf 86' lang='lat' dir='ltr'><strong>fuisse</strong></span> 
     </span>
    </p>
   </div>
   <div class='ocr_carea' id='block_1_52' title="bbox 1859 806 3458 881">
    <p class='ocr_par' dir='ltr' id='par_1_52' title="bbox 1859 806 3458 881">
     <span class='ocr_line' id='line_1_52' title="bbox 1859 806 3458 881; baseline 0.004 -19"><span class='ocrx_word' id='word_1_393' title='bbox 1859 808 2045 881; x_wconf 80' lang='lat' dir='ltr'><strong>(Joan.</strong></span> <span class='ocrx_word' id='word_1_394' title='bbox 2076 824 2167 874; x_wconf 64' lang='lat' dir='ltr'><strong>vn,</strong></span> <span class='ocrx_word' id='word_1_395' title='bbox 2200 806 2288 879; x_wconf 89' lang='lat'><strong>9);</strong></span> <span class='ocrx_word' id='word_1_396' title='bbox 2344 819 2397 863; x_wconf 87' lang='lat' dir='ltr'><strong>et</strong></span> <span class='ocrx_word' id='word_1_397' title='bbox 2429 807 2553 863; x_wconf 89' lang='lat' dir='ltr'><strong>ideo</strong></span> <span class='ocrx_word' id='word_1_398' title='bbox 2601 822 2709 863; x_wconf 91' lang='lat' dir='ltr'><strong>non</strong></span> <span class='ocrx_word' id='word_1_399' title='bbox 2760 808 2942 879; x_wconf 76' lang='lat' dir='ltr'><strong>inepte</strong></span> <span class='ocrx_word' id='word_1_400' title='bbox 2989 808 3229 865; x_wconf 81' lang='lat' dir='ltr'><strong>diximus</strong></span> <span class='ocrx_word' id='word_1_401' title='bbox 3277 825 3458 868; x_wconf 88' lang='lat' dir='ltr'><strong>escam</strong></span> 
     </span>
    </p>
   </div>
   <div class='ocr_carea' id='block_1_53' title="bbox 1860 897 3460 974">
    <p class='ocr_par' dir='ltr' id='par_1_53' title="bbox 1860 897 3460 974">
     <span class='ocr_line' id='line_1_53' title="bbox 1860 897 3460 974; baseline 0 -16"><span class='ocrx_word' id='word_1_402' title='bbox 1860 902 2018 958; x_wconf 91' lang='lat' dir='ltr'><strong>istam</strong></span> <span class='ocrx_word' id='word_1_403' title='bbox 2061 915 2182 956; x_wconf 87' lang='lat' dir='ltr'><strong>esse</strong></span> <span class='ocrx_word' id='word_1_404' title='bbox 2229 900 2462 956; x_wconf 86' lang='lat' dir='ltr'><strong>habilem</strong></span> <span class='ocrx_word' id='word_1_405' title='bbox 2495 897 2521 936; x_wconf 75' lang='grc' dir='ltr'>ἀ</span> <span class='ocrx_word' id='word_1_406' title='bbox 2550 901 2943 972; x_wconf 88' lang='lat' dir='ltr'><strong>corporalibus.</strong></span> <span class='ocrx_word' id='word_1_407' title='bbox 2971 901 3082 957; x_wconf 85' lang='lat' dir='ltr'><strong>Cur</strong></span> <span class='ocrx_word' id='word_1_408' title='bbox 3109 903 3253 957; x_wconf 85' lang='lat' dir='ltr'><strong>enim</strong></span> <span class='ocrx_word' id='word_1_409' title='bbox 3283 903 3460 974; x_wconf 90' lang='lat' dir='ltr'><strong>primo</strong></span> 
     </span>
    </p>
   </div>
   <div class='ocr_carea' id='block_1_54' title="bbox 1857 995 3460 1062">
    <p class='ocr_par' dir='ltr' id='par_1_54' title="bbox 1857 995 3460 1062">
     <span class='ocr_line' id='line_1_54' title="bbox 1857 995 3460 1062; baseline 0.001 -12"><span class='ocrx_word' id='word_1_410' title='bbox 1857 995 2232 1050; x_wconf 82' lang='lat' dir='ltr'><strong>hordeaceus?</strong></span> <span class='ocrx_word' id='word_1_411' title='bbox 2260 995 2392 1062; x_wconf 85' lang='lat' dir='ltr'><strong>Quia</strong></span> <span class='ocrx_word' id='word_1_412' title='bbox 2421 995 2594 1062; x_wconf 85' lang='lat' dir='ltr'><strong>primo</strong></span> <span class='ocrx_word' id='word_1_413' title='bbox 2620 1004 2643 1032; x_wconf 77' lang='grc' dir='ltr'>ε</span> <span class='ocrx_word' id='word_1_414' title='bbox 2675 996 2842 1061; x_wconf 89' lang='lat' dir='ltr'><strong>lacte,</strong></span> <span class='ocrx_word' id='word_1_415' title='bbox 2877 997 3075 1052; x_wconf 86' lang='lat' dir='ltr'><strong>deinde</strong></span> <span class='ocrx_word' id='word_1_416' title='bbox 3098 1011 3222 1053; x_wconf 86' lang='lat' dir='ltr'><strong>esca</strong></span> <span class='ocrx_word' id='word_1_417' title='bbox 3250 1007 3333 1054; x_wconf 92' lang='lat' dir='ltr'><strong>est</strong></span> <span class='ocrx_word' id='word_1_418' title='bbox 3357 1014 3460 1054; x_wconf 83' lang='lat' dir='ltr'><strong>nu-</strong></span> 
     </span>
    </p>
   </div>
   <div class='ocr_carea' id='block_1_55' title="bbox 1859 1086 3459 1160">
    <p class='ocr_par' dir='ltr' id='par_1_55' title="bbox 1859 1086 3459 1160">
     <span class='ocr_line' id='line_1_55' title="bbox 1859 1086 3459 1160; baseline 0.003 -19"><span class='ocrx_word' id='word_1_419' title='bbox 1859 1086 2216 1155; x_wconf 89' lang='lat' dir='ltr'><strong>triendusqui</strong></span> <span class='ocrx_word' id='word_1_420' title='bbox 2241 1086 2454 1142; x_wconf 78' lang='lat' dir='ltr'><strong>accedit</strong></span> <span class='ocrx_word' id='word_1_421' title='bbox 2475 1087 2542 1141; x_wconf 92' lang='lat' dir='ltr'><strong>ad</strong></span> <span class='ocrx_word' id='word_1_422' title='bbox 2569 1086 2728 1143; x_wconf 85' lang='lat' dir='ltr'><strong>fidem</strong></span> <span class='ocrx_word' id='word_1_423' title='bbox 2756 1103 2772 1152; x_wconf 89' lang='lat'><strong>;</strong></span> <span class='ocrx_word' id='word_1_424' title='bbox 2801 1088 3041 1143; x_wconf 90' lang='lat' dir='ltr'><strong>nondum</strong></span> <span class='ocrx_word' id='word_1_425' title='bbox 3071 1090 3459 1160; x_wconf 88' lang='lat' dir='ltr'><strong>enim-potera-</strong></span> 
     </span>
    </p>
   </div>
   <div class='ocr_carea' id='block_1_56' title="bbox 1860 1179 3455 1252">
    <p class='ocr_par' dir='ltr' id='par_1_56' title="bbox 1860 1179 3455 1252">
     <span class='ocr_line' id='line_1_56' title="bbox 1860 1179 3455 1252; baseline 0.002 -17"><span class='ocrx_word' id='word_1_426' title='bbox 1860 1196 2002 1247; x_wconf 87' lang='lat' dir='ltr'><strong>mus,</strong></span> <span class='ocrx_word' id='word_1_427' title='bbox 2026 1191 2082 1234; x_wconf 91' lang='lat' dir='ltr'><strong>et</strong></span> <span class='ocrx_word' id='word_1_428' title='bbox 2109 1179 2343 1236; x_wconf 82' lang='lat' dir='ltr'><strong>fortasse</strong></span> <span class='ocrx_word' id='word_1_429' title='bbox 2370 1180 2616 1252; x_wconf 87' lang='lat' dir='ltr'><strong>plerique</strong></span> <span class='ocrx_word' id='word_1_430' title='bbox 2647 1195 2748 1235; x_wconf 83' lang='lat' dir='ltr'><strong>nec</strong></span> <span class='ocrx_word' id='word_1_431' title='bbox 2775 1181 2954 1236; x_wconf 85' lang='lat' dir='ltr'><strong>adhuc</strong></span> <span class='ocrx_word' id='word_1_432' title='bbox 2985 1197 3294 1251; x_wconf 88' lang='lat' dir='ltr'><strong>possumus.</strong></span> <span class='ocrx_word' id='word_1_433' title='bbox 3320 1182 3455 1239; x_wconf 82' lang='lat' dir='ltr'><strong>Nam</strong></span> 
     </span>
    </p>
   </div>
   <div class='ocr_carea' id='block_1_57' title="bbox 1857 1272 3456 1342">
    <p class='ocr_par' dir='ltr' id='par_1_57' title="bbox 1857 1272 3456 1342">
     <span class='ocr_line' id='line_1_57' title="bbox 1857 1272 3456 1342; baseline 0.003 -14"><span class='ocrx_word' id='word_1_434' title='bbox 1857 1287 1981 1328; x_wconf 91' lang='lat' dir='ltr'><strong>cum</strong></span> <span class='ocrx_word' id='word_1_435' title='bbox 2030 1272 2136 1328; x_wconf 88' lang='lat' dir='ltr'><strong>sint</strong></span> <span class='ocrx_word' id='word_1_436' title='bbox 2194 1272 2338 1328; x_wconf 90' lang='lat' dir='ltr'><strong>inter</strong></span> <span class='ocrx_word' id='word_1_437' title='bbox 2369 1288 2468 1328; x_wconf 91' lang='lat' dir='ltr'><strong>nos</strong></span> <span class='ocrx_word' id='word_1_438' title='bbox 2511 1275 2926 1340; x_wconf 88' lang='lat' dir='ltr'><strong>contentiones,</strong></span> <span class='ocrx_word' id='word_1_439' title='bbox 2969 1284 3024 1330; x_wconf 90' lang='lat' dir='ltr'><strong>et</strong></span> <span class='ocrx_word' id='word_1_440' title='bbox 3060 1273 3456 1342; x_wconf 87' lang='lat' dir='ltr'><strong>dissensiones,</strong></span> 
     </span>
    </p>
   </div>
   <div class='ocr_carea' id='block_1_58' title="bbox 1859 1365 3463 1432">
    <p class='ocr_par' dir='ltr' id='par_1_58' title="bbox 1859 1365 3463 1432">
     <span class='ocr_line' id='line_1_58' title="bbox 1859 1365 3463 1432; baseline 0.004 -14"><span class='ocrx_word' id='word_1_441' title='bbox 1859 1378 2042 1420; x_wconf 89' lang='lat' dir='ltr'><strong>nonne</strong></span> <span class='ocrx_word' id='word_1_442' title='bbox 2071 1367 2322 1420; x_wconf 89' lang='lat' dir='ltr'><strong>carnales</strong></span> <span class='ocrx_word' id='word_1_443' title='bbox 2352 1381 2542 1422; x_wconf 90' lang='lat' dir='ltr'><strong>sumus</strong></span> <span class='ocrx_word' id='word_1_444' title='bbox 2567 1407 2581 1432; x_wconf 93' lang='lat'><strong>,</strong></span> <span class='ocrx_word' id='word_1_445' title='bbox 2614 1374 2670 1421; x_wconf 90' lang='lat' dir='ltr'><strong>et</strong></span> <span class='ocrx_word' id='word_1_446' title='bbox 2700 1369 3002 1423; x_wconf 88' lang='lat' dir='ltr'><strong>secundum</strong></span> <span class='ocrx_word' id='word_1_447' title='bbox 3033 1365 3307 1424; x_wconf 86' lang='lat' dir='ltr'><strong>hominem</strong></span> <span class='ocrx_word' id='word_1_448' title='bbox 3347 1385 3463 1425; x_wconf 87' lang='lat' dir='ltr'><strong>am-</strong></span> 
     </span>
    </p>
   </div>
   <div class='ocr_carea' id='block_1_59' title="bbox 1857 1456 3460 1530">
    <p class='ocr_par' dir='ltr' id='par_1_59' title="bbox 1857 1456 3460 1530">
     <span class='ocr_line' id='line_1_59' title="bbox 1857 1456 3460 1530; baseline 0.004 -19"><span class='ocrx_word' id='word_1_449' title='bbox 1857 1456 2152 1512; x_wconf 85' lang='lat' dir='ltr'><strong>bulamus?</strong></span> <span class='ocrx_word' id='word_1_450' title='bbox 2181 1457 2305 1514; x_wconf 89' lang='lat' dir='ltr'><strong>Suis</strong></span> <span class='ocrx_word' id='word_1_451' title='bbox 2331 1473 2562 1528; x_wconf 70' lang='lat' dir='ltr'><strong>quaeque</strong></span> <span class='ocrx_word' id='word_1_452' title='bbox 2594 1468 2774 1530; x_wconf 89' lang='lat' dir='ltr'><strong>aptata</strong></span> <span class='ocrx_word' id='word_1_453' title='bbox 2802 1467 2928 1513; x_wconf 91' lang='lat' dir='ltr'><strong>sunt</strong></span> <span class='ocrx_word' id='word_1_454' title='bbox 2952 1461 3208 1515; x_wconf 91' lang='lat' dir='ltr'><strong>alimenta</strong></span> <span class='ocrx_word' id='word_1_455' title='bbox 3243 1460 3460 1516; x_wconf 86' lang='lat' dir='ltr'><strong>virtuti-</strong></span> 
     </span>
    </p>
   </div>
   <div class='ocr_carea' id='block_1_60' title="bbox 1859 1549 3457 1622">
    <p class='ocr_par' dir='ltr' id='par_1_60' title="bbox 1859 1549 3457 1622">
     <span class='ocr_line' id='line_1_60' title="bbox 1859 1549 3457 1622; baseline 0.002 -17"><span class='ocrx_word' id='word_1_456' title='bbox 1859 1549 1990 1616; x_wconf 91' lang='lat' dir='ltr'><strong>bus;</strong></span> <span class='ocrx_word' id='word_1_457' title='bbox 2022 1560 2072 1605; x_wconf 89' lang='lat' dir='ltr'><strong>et</strong></span> <span class='ocrx_word' id='word_1_458' title='bbox 2099 1549 2228 1606; x_wconf 89' lang='lat' dir='ltr'><strong>inde</strong></span> <span class='ocrx_word' id='word_1_459' title='bbox 2249 1551 2402 1622; x_wconf 91' lang='lat' dir='ltr'><strong>prius</strong></span> <span class='ocrx_word' id='word_1_460' title='bbox 2426 1551 2711 1618; x_wconf 78' lang='lat' dir='ltr'><strong>hordeum,</strong></span> <span class='ocrx_word' id='word_1_461' title='bbox 2737 1551 2935 1607; x_wconf 89' lang='lat' dir='ltr'><strong>deinde</strong></span> <span class='ocrx_word' id='word_1_462' title='bbox 2952 1551 3189 1607; x_wconf 90' lang='lat' dir='ltr'><strong>triticum</strong></span> <span class='ocrx_word' id='word_1_463' title='bbox 3216 1552 3372 1608; x_wconf 90' lang='lat' dir='ltr'><strong>nobis</strong></span> <span class='ocrx_word' id='word_1_464' title='bbox 3388 1553 3457 1608; x_wconf 88' lang='lat' dir='ltr'><strong>ad</strong></span> 
     </span>
    </p>
   </div>
   <div class='ocr_carea' id='block_1_61' title="bbox 1857 1643 3458 1716">
    <p class='ocr_par' dir='ltr' id='par_1_61' title="bbox 1857 1643 3458 1716">
     <span class='ocr_line' id='line_1_61' title="bbox 1857 1643 3458 1716; baseline 0.002 -18"><span class='ocrx_word' id='word_1_465' title='bbox 1857 1643 2170 1698; x_wconf 89' lang='lat' dir='ltr'><strong>alimoniam</strong></span> <span class='ocrx_word' id='word_1_466' title='bbox 2189 1644 2348 1698; x_wconf 89' lang='lat' dir='ltr'><strong>datur</strong></span> <span class='ocrx_word' id='word_1_467' title='bbox 2363 1646 2382 1714; x_wconf 94' lang='lat'><strong>(</strong></span> <span class='ocrx_word' id='word_1_468' title='bbox 2396 1644 2462 1699; x_wconf 93' lang='lat' dir='ltr'><strong>lll</strong></span> <span class='ocrx_word' id='word_1_469' title='bbox 2489 1644 2614 1716; x_wconf 80' lang='lat' dir='ltr'><strong>Reg.</strong></span> <span class='ocrx_word' id='word_1_470' title='bbox 2645 1660 2777 1712; x_wconf 82' lang='lat' dir='ltr'><strong>xvn,</strong></span> <span class='ocrx_word' id='word_1_471' title='bbox 2801 1647 2890 1715; x_wconf 75' lang='lat' dir='ltr'><strong>l3)</strong></span> <span class='ocrx_word' id='word_1_472' title='bbox 2908 1663 2921 1699; x_wconf 92' lang='lat'><strong>:</strong></span> <span class='ocrx_word' id='word_1_473' title='bbox 2938 1644 3149 1701; x_wconf 82' lang='lat' dir='ltr'><strong>fortiori</strong></span> <span class='ocrx_word' id='word_1_474' title='bbox 3173 1661 3303 1701; x_wconf 82' lang='lat' dir='ltr'><strong>vero</strong></span> <span class='ocrx_word' id='word_1_475' title='bbox 3317 1647 3458 1702; x_wconf 89' lang='lat' dir='ltr'><strong>sicut</strong></span> 
     </span>
    </p>
   </div>
   <div class='ocr_carea' id='block_1_62' title="bbox 1860 1733 3457 1808">
    <p class='ocr_par' dir='ltr' id='par_1_62' title="bbox 1860 1733 3457 1808">
     <span class='ocr_line' id='line_1_62' title="bbox 1860 1733 3457 1808; baseline 0.002 -19"><span class='ocrx_word' id='word_1_476' title='bbox 1860 1733 1993 1789; x_wconf 74' lang='lat' dir='ltr'><strong>Etim</strong></span> <span class='ocrx_word' id='word_1_477' title='bbox 2011 1777 2024 1800; x_wconf 93' lang='lat'><strong>,</strong></span> <span class='ocrx_word' id='word_1_478' title='bbox 2049 1735 2116 1790; x_wconf 88' lang='lat' dir='ltr'><strong>de</strong></span> <span class='ocrx_word' id='word_1_479' title='bbox 2145 1735 2498 1792; x_wconf 84' lang='lat' dir='ltr'><strong>interioribus</strong></span> <span class='ocrx_word' id='word_1_480' title='bbox 2516 1738 2774 1793; x_wconf 84' lang='lat' dir='ltr'><strong>frumenti</strong></span> <span class='ocrx_word' id='word_1_481' title='bbox 2802 1735 2822 1775; x_wconf 72' lang='grc' dir='ltr'>ί</span> <span class='ocrx_word' id='word_1_482' title='bbox 2849 1738 3005 1808; x_wconf 86' lang='lat' dir='ltr'><strong>panis</strong></span> <span class='ocrx_word' id='word_1_483' title='bbox 3030 1737 3335 1796; x_wconf 88' lang='lat' dir='ltr'><strong>farinaceus</strong></span> <span class='ocrx_word' id='word_1_484' title='bbox 3356 1739 3457 1794; x_wconf 85' lang='lat' dir='ltr'><strong>mi-</strong></span> 
     </span>
    </p>
   </div>
   <div class='ocr_carea' id='block_1_63' title="bbox 1785 1823 3452 1900">
    <p class='ocr_par' dir='ltr' id='par_1_63' title="bbox 1785 1823 3452 1900">
     <span class='ocr_line' id='line_1_63' title="bbox 1785 1823 3452 1900; baseline 0.002 -17"><span class='ocrx_word' id='word_1_485' title='bbox 1785 1823 1832 1883; x_wconf 89' lang='lat' dir='ltr'><strong>B</strong></span> <span class='ocrx_word' id='word_1_486' title='bbox 1863 1829 2144 1893; x_wconf 85' lang='lat' dir='ltr'><strong>nistratur,</strong></span> <span class='ocrx_word' id='word_1_487' title='bbox 2177 1837 2202 1875; x_wconf 79' lang='lat'><strong><em>8</em></strong></span> <span class='ocrx_word' id='word_1_488' title='bbox 2231 1844 2391 1900; x_wconf 91' lang='lat' dir='ltr'><strong>quem</strong></span> <span class='ocrx_word' id='word_1_489' title='bbox 2425 1845 2532 1884; x_wconf 92' lang='lat' dir='ltr'><strong>non</strong></span> <span class='ocrx_word' id='word_1_490' title='bbox 2561 1838 2766 1900; x_wconf 90' lang='lat' dir='ltr'><strong>queunt</strong></span> <span class='ocrx_word' id='word_1_491' title='bbox 2789 1829 3088 1900; x_wconf 88' lang='lat' dir='ltr'><strong>depascere</strong></span> <span class='ocrx_word' id='word_1_492' title='bbox 3113 1839 3452 1900; x_wconf 88' lang='lat' dir='ltr'><strong>peccatores.</strong></span> 
     </span>
    </p>
   </div>
   <div class='ocr_carea' id='block_1_64' title="bbox 1932 1919 3459 1990">
    <p class='ocr_par' dir='ltr' id='par_1_64' title="bbox 1932 1919 3459 1990">
     <span class='ocr_line' id='line_1_64' title="bbox 1932 1919 3459 1990; baseline 0.004 -16"><span class='ocrx_word' id='word_1_493' title='bbox 1932 1920 2022 1974; x_wconf 74' lang='lat'><strong>82.</strong></span> <span class='ocrx_word' id='word_1_494' title='bbox 2063 1919 2174 1976; x_wconf 83' lang='lat' dir='ltr'><strong>Nec</strong></span> <span class='ocrx_word' id='word_1_495' title='bbox 2202 1922 2376 1977; x_wconf 89' lang='lat' dir='ltr'><strong>solum</strong></span> <span class='ocrx_word' id='word_1_496' title='bbox 2410 1923 2565 1990; x_wconf 85' lang='lat' dir='ltr'><strong>panis</strong></span> <span class='ocrx_word' id='word_1_497' title='bbox 2592 1929 2648 1978; x_wconf 90' lang='lat' dir='ltr'><strong>et</strong></span> <span class='ocrx_word' id='word_1_498' title='bbox 2675 1924 2890 1979; x_wconf 90' lang='lat' dir='ltr'><strong>numeri</strong></span> <span class='ocrx_word' id='word_1_499' title='bbox 2917 1965 2931 1990; x_wconf 91' lang='lat'><strong>,</strong></span> <span class='ocrx_word' id='word_1_500' title='bbox 2963 1923 3059 1981; x_wconf 87' lang='lat' dir='ltr'><strong>sed</strong></span> <span class='ocrx_word' id='word_1_501' title='bbox 3090 1925 3254 1981; x_wconf 89' lang='lat' dir='ltr'><strong>etiam</strong></span> <span class='ocrx_word' id='word_1_502' title='bbox 3297 1939 3459 1982; x_wconf 89' lang='lat' dir='ltr'><strong>accu-</strong></span> 
     </span>
    </p>
   </div>
   <div class='ocr_carea' id='block_1_65' title="bbox 1861 2012 3463 2086">
    <p class='ocr_par' dir='ltr' id='par_1_65' title="bbox 1861 2012 3463 2086">
     <span class='ocr_line' id='line_1_65' title="bbox 1861 2012 3463 2086; baseline 0.004 -18"><span class='ocrx_word' id='word_1_503' title='bbox 1861 2012 2084 2068; x_wconf 85' lang='lat' dir='ltr'><strong>bitionis</strong></span> <span class='ocrx_word' id='word_1_504' title='bbox 2123 2022 2210 2070; x_wconf 89' lang='lat' dir='ltr'><strong>est</strong></span> <span class='ocrx_word' id='word_1_505' title='bbox 2254 2013 2565 2069; x_wconf 86' lang='lat' dir='ltr'><strong>differentia</strong></span> <span class='ocrx_word' id='word_1_506' title='bbox 2599 2034 2612 2071; x_wconf 92' lang='lat'><strong>:</strong></span> <span class='ocrx_word' id='word_1_507' title='bbox 2647 2015 2725 2071; x_wconf 83' lang='lat' dir='ltr'><strong>illi</strong></span> <span class='ocrx_word' id='word_1_508' title='bbox 2755 2016 2900 2072; x_wconf 91' lang='lat' dir='ltr'><strong>enim</strong></span> <span class='ocrx_word' id='word_1_509' title='bbox 2925 2031 3090 2086; x_wconf 86' lang='lat' dir='ltr'><strong>supra</strong></span> <span class='ocrx_word' id='word_1_510' title='bbox 3133 2017 3318 2074; x_wconf 82' lang='lat' dir='ltr'><strong>fenum</strong></span> <span class='ocrx_word' id='word_1_511' title='bbox 3346 2017 3463 2074; x_wconf 88' lang='lat' dir='ltr'><strong>dis-</strong></span> 
     </span>
    </p>
   </div>
   <div class='ocr_carea' id='block_1_66' title="bbox 1860 2107 3459 2183">
    <p class='ocr_par' dir='ltr' id='par_1_66' title="bbox 1860 2107 3459 2183">
     <span class='ocr_line' id='line_1_66' title="bbox 1860 2107 3459 2183; baseline 0.004 -21"><span class='ocrx_word' id='word_1_512' title='bbox 1860 2107 2158 2174; x_wconf 88' lang='lat' dir='ltr'><strong>cumbunt,</strong></span> <span class='ocrx_word' id='word_1_513' title='bbox 2193 2109 2280 2164; x_wconf 92' lang='lat' dir='ltr'><strong>isti</strong></span> <span class='ocrx_word' id='word_1_514' title='bbox 2313 2124 2474 2180; x_wconf 88' lang='lat' dir='ltr'><strong>supra</strong></span> <span class='ocrx_word' id='word_1_515' title='bbox 2528 2117 2732 2165; x_wconf 89' lang='lat' dir='ltr'><strong>terram</strong></span> <span class='ocrx_word' id='word_1_516' title='bbox 2770 2110 3097 2166; x_wconf 89' lang='lat' dir='ltr'><strong>recumbunt</strong></span> <span class='ocrx_word' id='word_1_517' title='bbox 3139 2129 3152 2165; x_wconf 89' lang='lat'><strong>:</strong></span> <span class='ocrx_word' id='word_1_518' title='bbox 3187 2127 3348 2183; x_wconf 89' lang='lat' dir='ltr'><strong>supra</strong></span> <span class='ocrx_word' id='word_1_519' title='bbox 3377 2111 3459 2168; x_wconf 83' lang='lat' dir='ltr'><strong>fc-</strong></span> 
     </span>
    </p>
   </div>
   <div class='ocr_carea' id='block_1_67' title="bbox 1861 2203 3456 2276">
    <p class='ocr_par' dir='ltr' id='par_1_67' title="bbox 1861 2203 3456 2276">
     <span class='ocr_line' id='line_1_67' title="bbox 1861 2203 3456 2276; baseline 0.004 -20"><span class='ocrx_word' id='word_1_520' title='bbox 1861 2218 1987 2256; x_wconf 93' lang='lat' dir='ltr'><strong>num</strong></span> <span class='ocrx_word' id='word_1_521' title='bbox 2021 2203 2261 2274; x_wconf 89' lang='lat' dir='ltr'><strong>quinque</strong></span> <span class='ocrx_word' id='word_1_522' title='bbox 2288 2205 2458 2259; x_wconf 89' lang='lat' dir='ltr'><strong>millia</strong></span> <span class='ocrx_word' id='word_1_523' title='bbox 2484 2245 2500 2272; x_wconf 92' lang='lat'><strong>,</strong></span> <span class='ocrx_word' id='word_1_524' title='bbox 2533 2219 2696 2276; x_wconf 91' lang='lat' dir='ltr'><strong>supra</strong></span> <span class='ocrx_word' id='word_1_525' title='bbox 2743 2214 2942 2262; x_wconf 91' lang='lat' dir='ltr'><strong>terram</strong></span> <span class='ocrx_word' id='word_1_526' title='bbox 2989 2215 3224 2274; x_wconf 87' lang='lat' dir='ltr'><strong>quatuor</strong></span> <span class='ocrx_word' id='word_1_527' title='bbox 3263 2207 3456 2263; x_wconf 89' lang='lat' dir='ltr'><strong>millia.</strong></span> 
     </span>
    </p>
   </div>
   <div class='ocr_carea' id='block_1_68' title="bbox 1863 2295 3457 2370">
    <p class='ocr_par' dir='ltr' id='par_1_68' title="bbox 1863 2295 3457 2370">
     <span class='ocr_line' id='line_1_68' title="bbox 1863 2295 3457 2370; baseline 0.004 -21"><span class='ocrx_word' id='word_1_528' title='bbox 1863 2295 1988 2350; x_wconf 82' lang='lat' dir='ltr'><strong>Plus</strong></span> <span class='ocrx_word' id='word_1_529' title='bbox 2015 2305 2100 2350; x_wconf 84' lang='lat' dir='ltr'><strong>est</strong></span> <span class='ocrx_word' id='word_1_530' title='bbox 2128 2306 2327 2352; x_wconf 89' lang='lat' dir='ltr'><strong>terram</strong></span> <span class='ocrx_word' id='word_1_531' title='bbox 2355 2313 2624 2368; x_wconf 85' lang='lat' dir='ltr'><strong>premere.</strong></span> <span class='ocrx_word' id='word_1_532' title='bbox 2657 2314 2818 2369; x_wconf 90' lang='lat' dir='ltr'><strong>quam</strong></span> <span class='ocrx_word' id='word_1_533' title='bbox 2847 2312 3006 2368; x_wconf 91' lang='lat' dir='ltr'><strong>supra</strong></span> <span class='ocrx_word' id='word_1_534' title='bbox 3035 2297 3218 2354; x_wconf 91' lang='lat' dir='ltr'><strong>fenum</strong></span> <span class='ocrx_word' id='word_1_535' title='bbox 3241 2300 3457 2370; x_wconf 88' lang='lat' dir='ltr'><strong>jacere;</strong></span> 
     </span>
    </p>
   </div>
   <div class='ocr_carea' id='block_1_69' title="bbox 1860 2387 3462 2464">
    <p class='ocr_par' dir='ltr' id='par_1_69' title="bbox 1860 2387 3462 2464">
     <span class='ocr_line' id='line_1_69' title="bbox 1860 2387 3462 2464; baseline 0.004 -22"><span class='ocrx_word' id='word_1_536' title='bbox 1860 2387 1943 2442; x_wconf 92' lang='lat' dir='ltr'><strong>illi</strong></span> <span class='ocrx_word' id='word_1_537' title='bbox 1976 2391 2118 2444; x_wconf 89' lang='lat' dir='ltr'><strong>enim</strong></span> <span class='ocrx_word' id='word_1_538' title='bbox 2153 2391 2349 2460; x_wconf 90' lang='lat' dir='ltr'><strong>quibus</strong></span> <span class='ocrx_word' id='word_1_539' title='bbox 2370 2391 2550 2446; x_wconf 89' lang='lat' dir='ltr'><strong>adhuc</strong></span> <span class='ocrx_word' id='word_1_540' title='bbox 2580 2407 2776 2449; x_wconf 87' lang='lat' dir='ltr'><strong>sensus</strong></span> <span class='ocrx_word' id='word_1_541' title='bbox 2807 2403 2934 2448; x_wconf 92' lang='lat' dir='ltr'><strong>sunt</strong></span> <span class='ocrx_word' id='word_1_542' title='bbox 2963 2394 3300 2464; x_wconf 88' lang='lat' dir='ltr'><strong>corporales,</strong></span> <span class='ocrx_word' id='word_1_543' title='bbox 3325 2395 3462 2448; x_wconf 84' lang='lat' dir='ltr'><strong>mol-</strong></span> 
     </span>
    </p>
   </div>
   <div class='ocr_carea' id='block_1_70' title="bbox 1862 2481 3459 2556">
    <p class='ocr_par' dir='ltr' id='par_1_70' title="bbox 1862 2481 3459 2556">
     <span class='ocr_line' id='line_1_70' title="bbox 1862 2481 3459 2556; baseline 0.003 -20"><span class='ocrx_word' id='word_1_544' title='bbox 1862 2481 2094 2538; x_wconf 89' lang='lat' dir='ltr'><strong>lioribus</strong></span> <span class='ocrx_word' id='word_1_545' title='bbox 2125 2483 2503 2551; x_wconf 87' lang='lat' dir='ltr'><strong>delectantur,</strong></span> <span class='ocrx_word' id='word_1_546' title='bbox 2543 2493 2596 2540; x_wconf 91' lang='lat' dir='ltr'><strong>et</strong></span> <span class='ocrx_word' id='word_1_547' title='bbox 2643 2486 2766 2540; x_wconf 89' lang='lat' dir='ltr'><strong>ideo</strong></span> <span class='ocrx_word' id='word_1_548' title='bbox 2797 2499 2960 2556; x_wconf 89' lang='lat' dir='ltr'><strong>supra</strong></span> <span class='ocrx_word' id='word_1_549' title='bbox 3013 2485 3194 2541; x_wconf 87' lang='lat' dir='ltr'><strong>fenum</strong></span> <span class='ocrx_word' id='word_1_550' title='bbox 3241 2500 3459 2541; x_wconf 61' lang='lat' dir='ltr'><strong>recumo</strong></span> 
     </span>
    </p>
   </div>
   <div class='ocr_carea' id='block_1_71' title="bbox 1859 2571 3462 2648">
    <p class='ocr_par' dir='ltr' id='par_1_71' title="bbox 1859 2571 3462 2648">
     <span class='ocr_line' id='line_1_71' title="bbox 1859 2571 3462 2648; baseline 0.001 -19"><span class='ocrx_word' id='word_1_551' title='bbox 1859 2571 1995 2629; x_wconf 81' lang='lat' dir='ltr'><strong>bunt</strong></span> <span class='ocrx_word' id='word_1_552' title='bbox 2025 2591 2038 2628; x_wconf 90' lang='lat'><strong>:</strong></span> <span class='ocrx_word' id='word_1_553' title='bbox 2073 2574 2258 2630; x_wconf 83' lang='lat' dir='ltr'><strong>Omnis</strong></span> <span class='ocrx_word' id='word_1_554' title='bbox 2305 2577 2448 2631; x_wconf 90' lang='lat' dir='ltr'><strong>enim</strong></span> <span class='ocrx_word' id='word_1_555' title='bbox 2497 2592 2620 2630; x_wconf 86' lang='lat' dir='ltr'><strong>caro</strong></span> <span class='ocrx_word' id='word_1_556' title='bbox 2664 2581 2843 2648; x_wconf 80' lang='lat' dir='ltr'><strong>fenum</strong></span> <span class='ocrx_word' id='word_1_557' title='bbox 2893 2575 3066 2648; x_wconf 84' lang='lat' dir='ltr'><strong>(Esai.</strong></span> <span class='ocrx_word' id='word_1_558' title='bbox 3095 2592 3161 2632; x_wconf 69' lang='grc' dir='ltr'><strong>ιι.</strong></span> <span class='ocrx_word' id='word_1_559' title='bbox 3186 2619 3200 2644; x_wconf 91' lang='grc'><em>,</em></span> <span class='ocrx_word' id='word_1_560' title='bbox 3231 2577 3288 2648; x_wconf 83' lang='grc'><strong>6)</strong></span> <span class='ocrx_word' id='word_1_561' title='bbox 3326 2597 3339 2634; x_wconf 91' lang='lat'><strong>:</strong></span> <span class='ocrx_word' id='word_1_562' title='bbox 3372 2577 3462 2632; x_wconf 93' lang='lat' dir='ltr'><strong>isti</strong></span> 
     </span>
    </p>
   </div>
   <div class='ocr_carea' id='block_1_72' title="bbox 1860 2670 3462 2743">
    <p class='ocr_par' dir='ltr' id='par_1_72' title="bbox 1860 2670 3462 2743">
     <span class='ocr_line' id='line_1_72' title="bbox 1860 2670 3462 2743; baseline 0.004 -22"><span class='ocrx_word' id='word_1_563' title='bbox 1860 2683 1994 2723; x_wconf 87' lang='lat' dir='ltr'><strong>vero</strong></span> <span class='ocrx_word' id='word_1_564' title='bbox 2024 2682 2188 2740; x_wconf 88' lang='lat' dir='ltr'><strong>supra</strong></span> <span class='ocrx_word' id='word_1_565' title='bbox 2225 2680 2449 2735; x_wconf 86' lang='lat' dir='ltr'><strong>terram,</strong></span> <span class='ocrx_word' id='word_1_566' title='bbox 2481 2688 2600 2742; x_wconf 86' lang='lat' dir='ltr'><strong>quae</strong></span> <span class='ocrx_word' id='word_1_567' title='bbox 2635 2673 2874 2726; x_wconf 89' lang='lat' dir='ltr'><strong>triticum</strong></span> <span class='ocrx_word' id='word_1_568' title='bbox 2909 2681 2964 2726; x_wconf 89' lang='lat' dir='ltr'><strong>et</strong></span> <span class='ocrx_word' id='word_1_569' title='bbox 2992 2671 3178 2727; x_wconf 87' lang='lat' dir='ltr'><strong>vinum</strong></span> <span class='ocrx_word' id='word_1_570' title='bbox 3213 2670 3385 2743; x_wconf 87' lang='lat' dir='ltr'><strong>gignit</strong></span> <span class='ocrx_word' id='word_1_571' title='bbox 3405 2681 3462 2728; x_wconf 89' lang='lat' dir='ltr'><strong>et</strong></span> 
     </span>
    </p>
   </div>
   <div class='ocr_carea' id='block_1_73' title="bbox 1861 2763 3460 2835">
    <p class='ocr_par' dir='ltr' id='par_1_73' title="bbox 1861 2763 3460 2835">
     <span class='ocr_line' id='line_1_73' title="bbox 1861 2763 3460 2835; baseline 0.001 -17"><span class='ocrx_word' id='word_1_572' title='bbox 1861 2764 2083 2828; x_wconf 88' lang='lat' dir='ltr'><strong>olivam,</strong></span> <span class='ocrx_word' id='word_1_573' title='bbox 2108 2763 2289 2818; x_wconf 90' lang='lat' dir='ltr'><strong>cibum</strong></span> <span class='ocrx_word' id='word_1_574' title='bbox 2313 2765 2500 2835; x_wconf 64' lang='lat' dir='ltr'><strong>gratiae</strong></span> <span class='ocrx_word' id='word_1_575' title='bbox 2521 2776 2952 2835; x_wconf 89' lang='lat' dir='ltr'><strong>consequuntur.</strong></span> <span class='ocrx_word' id='word_1_576' title='bbox 2976 2763 3060 2820; x_wconf 90' lang='lat' dir='ltr'><strong>llli</strong></span> <span class='ocrx_word' id='word_1_577' title='bbox 3088 2765 3460 2833; x_wconf 90' lang='lat' dir='ltr'><strong>discumbunt,</strong></span> 
     </span>
    </p>
   </div>
   <div class='ocr_carea' id='block_1_74' title="bbox 1863 2855 3463 2929">
    <p class='ocr_par' dir='ltr' id='par_1_74' title="bbox 1863 2855 3463 2929">
     <span class='ocr_line' id='line_1_74' title="bbox 1863 2855 3463 2929; baseline 0.003 -18"><span class='ocrx_word' id='word_1_578' title='bbox 1863 2855 1951 2911; x_wconf 89' lang='lat' dir='ltr'><strong>isti</strong></span> <span class='ocrx_word' id='word_1_579' title='bbox 1975 2857 2330 2923; x_wconf 89' lang='lat' dir='ltr'><strong>recumbunt;</strong></span> <span class='ocrx_word' id='word_1_580' title='bbox 2361 2858 2536 2928; x_wconf 87' lang='lat' dir='ltr'><strong>major</strong></span> <span class='ocrx_word' id='word_1_581' title='bbox 2563 2858 2711 2913; x_wconf 90' lang='lat' dir='ltr'><strong>enim</strong></span> <span class='ocrx_word' id='word_1_582' title='bbox 2741 2868 2826 2912; x_wconf 80' lang='lat' dir='ltr'><strong>est</strong></span> <span class='ocrx_word' id='word_1_583' title='bbox 2850 2860 3097 2927; x_wconf 55' lang='lat' dir='ltr'><strong>quaedam</strong></span> <span class='ocrx_word' id='word_1_584' title='bbox 3129 2860 3344 2929; x_wconf 87' lang='lat' dir='ltr'><strong>requies</strong></span> <span class='ocrx_word' id='word_1_585' title='bbox 3375 2873 3463 2915; x_wconf 87' lang='lat' dir='ltr'><strong>re-</strong></span> 
     </span>
    </p>
   </div>
   <div class='ocr_carea' id='block_1_75' title="bbox 1861 2950 3464 3022">
    <p class='ocr_par' dir='ltr' id='par_1_75' title="bbox 1861 2950 3464 3022">
     <span class='ocr_line' id='line_1_75' title="bbox 1861 2950 3464 3022; baseline 0.003 -18"><span class='ocrx_word' id='word_1_586' title='bbox 1861 2950 2191 3006; x_wconf 89' lang='lat' dir='ltr'><strong>cumbentis.</strong></span> <span class='ocrx_word' id='word_1_587' title='bbox 2238 2950 2314 3006; x_wconf 88' lang='lat' dir='ltr'><strong>lbi</strong></span> <span class='ocrx_word' id='word_1_588' title='bbox 2345 2951 2454 3006; x_wconf 93' lang='lat' dir='ltr'><strong>duo</strong></span> <span class='ocrx_word' id='word_1_589' title='bbox 2484 2953 2661 3022; x_wconf 91' lang='lat' dir='ltr'><strong>pisces</strong></span> <span class='ocrx_word' id='word_1_590' title='bbox 2684 2993 2698 3018; x_wconf 91' lang='lat'><strong>,</strong></span> <span class='ocrx_word' id='word_1_591' title='bbox 2734 2951 2822 3007; x_wconf 92' lang='lat' dir='ltr'><strong>hic</strong></span> <span class='ocrx_word' id='word_1_592' title='bbox 2861 2953 2980 3009; x_wconf 89' lang='lat' dir='ltr'><strong>sine</strong></span> <span class='ocrx_word' id='word_1_593' title='bbox 3011 2966 3276 3017; x_wconf 86' lang='lat' dir='ltr'><strong>numero;</strong></span> <span class='ocrx_word' id='word_1_594' title='bbox 3320 2953 3464 3009; x_wconf 90' lang='lat' dir='ltr'><strong>unde</strong></span> 
     </span>
    </p>
   </div>
   <div class='ocr_carea' id='block_1_76' title="bbox 1863 3034 3467 3117">
    <p class='ocr_par' dir='ltr' id='par_1_76' title="bbox 1863 3034 3467 3117">
     <span class='ocr_line' id='line_1_76' title="bbox 1863 3034 3467 3117; baseline 0.004 -22"><span class='ocrx_word' id='word_1_595' title='bbox 1863 3034 2107 3114; x_wconf 86' lang='lat' dir='ltr'><strong>plerique</strong></span> <span class='ocrx_word' id='word_1_596' title='bbox 2133 3044 2471 3113; x_wconf 89' lang='lat' dir='ltr'><strong>septiformis</strong></span> <span class='ocrx_word' id='word_1_597' title='bbox 2501 3044 2741 3116; x_wconf 87' lang='lat' dir='ltr'><strong>Spiritus</strong></span> <span class='ocrx_word' id='word_1_598' title='bbox 2768 3045 2997 3116; x_wconf 80' lang='lat' dir='ltr'><strong>gratiam</strong></span> <span class='ocrx_word' id='word_1_599' title='bbox 3024 3045 3077 3100; x_wconf 92' lang='lat' dir='ltr'><strong>in</strong></span> <span class='ocrx_word' id='word_1_600' title='bbox 3107 3045 3338 3117; x_wconf 87' lang='lat' dir='ltr'><strong>panibus</strong></span> <span class='ocrx_word' id='word_1_601' title='bbox 3368 3045 3467 3102; x_wconf 57' lang='lat' dir='ltr'><strong>dev</strong></span> 
     </span>
    </p>
   </div>
   <div class='ocr_carea' id='block_1_77' title="bbox 1864 3135 3461 3210">
    <p class='ocr_par' dir='ltr' id='par_1_77' title="bbox 1864 3135 3461 3210">
     <span class='ocr_line' id='line_1_77' title="bbox 1864 3135 3461 3210; baseline 0.001 -18"><span class='ocrx_word' id='word_1_602' title='bbox 1864 3135 2069 3192; x_wconf 85' lang='lat' dir='ltr'><strong>ﬁnitam</strong></span> <span class='ocrx_word' id='word_1_603' title='bbox 2094 3180 2108 3202; x_wconf 89' lang='lat'><strong>,</strong></span> <span class='ocrx_word' id='word_1_604' title='bbox 2145 3139 2198 3193; x_wconf 94' lang='lat' dir='ltr'><strong>in</strong></span> <span class='ocrx_word' id='word_1_605' title='bbox 2245 3139 2488 3208; x_wconf 89' lang='lat' dir='ltr'><strong>piscibus</strong></span> <span class='ocrx_word' id='word_1_606' title='bbox 2519 3154 2732 3210; x_wconf 81' lang='lat' dir='ltr'><strong>quoque</strong></span> <span class='ocrx_word' id='word_1_607' title='bbox 2759 3138 2994 3208; x_wconf 79' lang='lat' dir='ltr'><strong>duplicis</strong></span> <span class='ocrx_word' id='word_1_608' title='bbox 3025 3139 3360 3196; x_wconf 78' lang='lat' dir='ltr'><strong>&#39;l‘e&#39;Stamenti</strong></span> <span class='ocrx_word' id='word_1_609' title='bbox 3393 3139 3461 3194; x_wconf 85' lang='lat' dir='ltr'><strong>fi-</strong></span> 
     </span>
    </p>
   </div>
   <div class='ocr_carea' id='block_1_78' title="bbox 1788 3205 2886 3302">
    <p class='ocr_par' dir='ltr' id='par_1_78' title="bbox 1788 3205 2886 3302">
     <span class='ocr_line' id='line_1_78' title="bbox 1788 3205 2886 3302; baseline 0 -17"><span class='ocrx_word' id='word_1_610' title='bbox 1788 3205 1834 3270; x_wconf 60' lang='grc' dir='ltr'><strong>(ἶ</strong></span> <span class='ocrx_word' id='word_1_611' title='bbox 1867 3245 2057 3301; x_wconf 87' lang='lat' dir='ltr'><strong>guram</strong></span> <span class='ocrx_word' id='word_1_612' title='bbox 2090 3231 2501 3301; x_wconf 84' lang='lat' dir='ltr'><strong>intelligendam</strong></span> <span class='ocrx_word' id='word_1_613' title='bbox 2537 3241 2886 3302; x_wconf 75' lang='lat' dir='ltr'><strong>putaverunt.</strong></span> 
     </span>
    </p>
   </div>
   <div class='ocr_carea' id='block_1_79' title="bbox 1938 3322 3464 3396">
    <p class='ocr_par' dir='ltr' id='par_1_79' title="bbox 1938 3322 3464 3396">
     <span class='ocr_line' id='line_1_79' title="bbox 1938 3322 3464 3396; baseline 0.003 -20"><span class='ocrx_word' id='word_1_614' title='bbox 1938 3322 2028 3380; x_wconf 78' lang='lat'><strong>85.</strong></span> <span class='ocrx_word' id='word_1_615' title='bbox 2071 3322 2188 3377; x_wconf 87' lang='lat' dir='ltr'><strong>Non</strong></span> <span class='ocrx_word' id='word_1_616' title='bbox 2220 3324 2369 3394; x_wconf 88' lang='lat' dir='ltr'><strong>piget</strong></span> <span class='ocrx_word' id='word_1_617' title='bbox 2396 3338 2530 3394; x_wconf 89' lang='lat' dir='ltr'><strong>ergo</strong></span> <span class='ocrx_word' id='word_1_618' title='bbox 2557 3325 2828 3380; x_wconf 59' lang='lat' dir='ltr'><strong>aestimare</strong></span> <span class='ocrx_word' id='word_1_619' title='bbox 2858 3325 2999 3394; x_wconf 93' lang='lat' dir='ltr'><strong>quod</strong></span> <span class='ocrx_word' id='word_1_620' title='bbox 3031 3333 3264 3396; x_wconf 88' lang='lat' dir='ltr'><strong>quatuor</strong></span> <span class='ocrx_word' id='word_1_621' title='bbox 3295 3323 3464 3380; x_wconf 86' lang='lat' dir='ltr'><strong>millia</strong></span> 
     </span>
    </p>
   </div>
   <div class='ocr_carea' id='block_1_80' title="bbox 1866 3415 3466 3487">
    <p class='ocr_par' dir='ltr' id='par_1_80' title="bbox 1866 3415 3466 3487">
     <span class='ocr_line' id='line_1_80' title="bbox 1866 3415 3466 3487; baseline 0 -15"><span class='ocrx_word' id='word_1_622' title='bbox 1866 3431 1932 3472; x_wconf 84' lang='lat' dir='ltr'><strong>ex</strong></span> <span class='ocrx_word' id='word_1_623' title='bbox 1959 3424 2193 3486; x_wconf 89' lang='lat' dir='ltr'><strong>quatuor</strong></span> <span class='ocrx_word' id='word_1_624' title='bbox 2223 3415 2409 3470; x_wconf 89' lang='lat' dir='ltr'><strong>mundi</strong></span> <span class='ocrx_word' id='word_1_625' title='bbox 2440 3416 2672 3472; x_wconf 91' lang='lat' dir='ltr'><strong>collecta</strong></span> <span class='ocrx_word' id='word_1_626' title='bbox 2721 3417 2965 3487; x_wconf 89' lang='lat' dir='ltr'><strong>partibus</strong></span> <span class='ocrx_word' id='word_1_627' title='bbox 2989 3458 3004 3482; x_wconf 95' lang='lat'><strong>,</strong></span> <span class='ocrx_word' id='word_1_628' title='bbox 3039 3418 3092 3472; x_wconf 90' lang='lat' dir='ltr'><strong>in</strong></span> <span class='ocrx_word' id='word_1_629' title='bbox 3139 3418 3338 3487; x_wconf 89' lang='lat' dir='ltr'><strong>quibus</strong></span> <span class='ocrx_word' id='word_1_630' title='bbox 3363 3417 3466 3472; x_wconf 85' lang='lat' dir='ltr'><strong>Ec-</strong></span> 
     </span>
    </p>
   </div>
   <div class='ocr_carea' id='block_1_81' title="bbox 1866 3495 3466 3581">
    <p class='ocr_par' dir='ltr' id='par_1_81' title="bbox 1866 3495 3466 3581">
     <span class='ocr_line' id='line_1_81' title="bbox 1866 3495 3466 3581; baseline 0 -16"><span class='ocrx_word' id='word_1_631' title='bbox 1866 3511 2031 3565; x_wconf 89' lang='lat' dir='ltr'><strong>clesia</strong></span> <span class='ocrx_word' id='word_1_632' title='bbox 2059 3495 2343 3580; x_wconf 72' lang='lat' dir='ltr'><strong>figuratur,</strong></span> <span class='ocrx_word' id='word_1_633' title='bbox 2377 3509 2598 3580; x_wconf 75' lang='lat' dir='ltr'><strong>majoris</strong></span> <span class='ocrx_word' id='word_1_634' title='bbox 2629 3511 2818 3581; x_wconf 78' lang='lat' dir='ltr'><strong>gratiae</strong></span> <span class='ocrx_word' id='word_1_635' title='bbox 2837 3510 3018 3565; x_wconf 92' lang='lat' dir='ltr'><strong>cibum</strong></span> <span class='ocrx_word' id='word_1_636' title='bbox 3049 3519 3286 3575; x_wconf 88' lang='lat' dir='ltr'><strong>sumant,</strong></span> <span class='ocrx_word' id='word_1_637' title='bbox 3308 3509 3466 3580; x_wconf 82' lang='lat' dir='ltr'><strong>juxta</strong></span> 
     </span>
    </p>
   </div>
   <div class='ocr_carea' id='block_1_82' title="bbox 1867 3601 3467 3674">
    <p class='ocr_par' dir='ltr' id='par_1_82' title="bbox 1867 3601 3467 3674">
     <span class='ocr_line' id='line_1_82' title="bbox 1867 3601 3467 3674; baseline 0.002 -21"><span class='ocrx_word' id='word_1_638' title='bbox 1867 3601 2012 3674; x_wconf 88' lang='lat' dir='ltr'><strong>quod</strong></span> <span class='ocrx_word' id='word_1_639' title='bbox 2044 3603 2307 3671; x_wconf 89' lang='lat' dir='ltr'><strong>scriptum</strong></span> <span class='ocrx_word' id='word_1_640' title='bbox 2341 3612 2424 3658; x_wconf 89' lang='lat' dir='ltr'><strong>est</strong></span> <span class='ocrx_word' id='word_1_641' title='bbox 2459 3620 2471 3656; x_wconf 87' lang='lat'><strong>:</strong></span> <span class='ocrx_word' id='word_1_642' title='bbox 2508 3602 2643 3669; x_wconf 83' lang='lat' dir='ltr'><strong>Quia</strong></span> <span class='ocrx_word' id='word_1_643' title='bbox 2675 3602 2873 3657; x_wconf 79' lang='lat' dir='ltr'><strong>venient</strong></span> <span class='ocrx_word' id='word_1_644' title='bbox 2902 3604 2965 3656; x_wconf 88' lang='lat' dir='ltr'><strong>ab</strong></span> <span class='ocrx_word' id='word_1_645' title='bbox 2995 3602 3204 3658; x_wconf 82' lang='lat' dir='ltr'><strong>Oriente</strong></span> <span class='ocrx_word' id='word_1_646' title='bbox 3230 3613 3278 3657; x_wconf 81' lang='lat' dir='ltr'><strong>et</strong></span> <span class='ocrx_word' id='word_1_647' title='bbox 3315 3602 3467 3657; x_wconf 86' lang='lat' dir='ltr'><strong>Occi-</strong></span> 
     </span>
    </p>
   </div>
   <div class='ocr_carea' id='block_1_83' title="bbox 1869 3681 3469 3765">
    <p class='ocr_par' dir='ltr' id='par_1_83' title="bbox 1869 3681 3469 3765">
     <span class='ocr_line' id='line_1_83' title="bbox 1869 3681 3469 3765; baseline -0.001 -15"><span class='ocrx_word' id='word_1_648' title='bbox 1869 3681 2019 3750; x_wconf 77' lang='lat' dir='ltr'><strong>dente</strong></span> <span class='ocrx_word' id='word_1_649' title='bbox 2044 3704 2093 3750; x_wconf 84' lang='lat' dir='ltr'><strong>et</strong></span> <span class='ocrx_word' id='word_1_650' title='bbox 2141 3693 2505 3765; x_wconf 83' lang='lat' dir='ltr'><strong>Scptentrionc</strong></span> <span class='ocrx_word' id='word_1_651' title='bbox 2553 3704 2601 3748; x_wconf 88' lang='lat' dir='ltr'><strong>et</strong></span> <span class='ocrx_word' id='word_1_652' title='bbox 2647 3695 2872 3761; x_wconf 80' lang='lat' dir='ltr'><strong>Austro,</strong></span> <span class='ocrx_word' id='word_1_653' title='bbox 2917 3703 2963 3748; x_wconf 86' lang='lat' dir='ltr'><strong>et</strong></span> <span class='ocrx_word' id='word_1_654' title='bbox 3011 3695 3305 3749; x_wconf 83' lang='lat' dir='ltr'><strong>recumbeut</strong></span> <span class='ocrx_word' id='word_1_655' title='bbox 3350 3711 3469 3749; x_wconf 80' lang='lat' dir='ltr'><strong>cum</strong></span> 
     </span>
    </p>
   </div>
   <div class='ocr_carea' id='block_1_84' title="bbox 1870 3785 3466 3860">
    <p class='ocr_par' dir='ltr' id='par_1_84' title="bbox 1870 3785 3466 3860">
     <span class='ocr_line' id='line_1_84' title="bbox 1870 3785 3466 3860; baseline -0.001 -18"><span class='ocrx_word' id='word_1_656' title='bbox 1870 3787 2130 3842; x_wconf 81' lang='lat' dir='ltr'><strong>Abraham</strong></span> <span class='ocrx_word' id='word_1_657' title='bbox 2159 3797 2207 3840; x_wconf 88' lang='lat' dir='ltr'><strong>et</strong></span> <span class='ocrx_word' id='word_1_658' title='bbox 2237 3785 2391 3841; x_wconf 85' lang='lat' dir='ltr'><strong>Isaac</strong></span> <span class='ocrx_word' id='word_1_659' title='bbox 2419 3797 2464 3842; x_wconf 86' lang='lat' dir='ltr'><strong>et</strong></span> <span class='ocrx_word' id='word_1_660' title='bbox 2494 3786 2662 3840; x_wconf 78' lang='lat' dir='ltr'><strong>Iacob</strong></span> <span class='ocrx_word' id='word_1_661' title='bbox 2691 3787 2744 3840; x_wconf 89' lang='lat' dir='ltr'><strong>in</strong></span> <span class='ocrx_word' id='word_1_662' title='bbox 2772 3803 2929 3860; x_wconf 84' lang='lat' dir='ltr'><strong>regno</strong></span> <span class='ocrx_word' id='word_1_663' title='bbox 2957 3787 3203 3840; x_wconf 67' lang='lat' dir='ltr'><strong>caelorum</strong></span> <span class='ocrx_word' id='word_1_664' title='bbox 3233 3786 3253 3858; x_wconf 89' lang='lat'><strong>(</strong></span> <span class='ocrx_word' id='word_1_665' title='bbox 3277 3785 3466 3841; x_wconf 82' lang='lat' dir='ltr'><strong>Matth.</strong></span> 
     </span>
    </p>
   </div>
   <div class='ocr_carea' id='block_1_85' title="bbox 1869 3879 3466 3951">
    <p class='ocr_par' dir='ltr' id='par_1_85' title="bbox 1869 3879 3466 3951">
     <span class='ocr_line' id='line_1_85' title="bbox 1869 3879 3466 3951; baseline 0 -16"><span class='ocrx_word' id='word_1_666' title='bbox 1869 3897 1996 3947; x_wconf 88' lang='lat' dir='ltr'><strong>vm,</strong></span> <span class='ocrx_word' id='word_1_667' title='bbox 2043 3880 2157 3951; x_wconf 79' lang='lat' dir='ltr'><strong>ll).</strong></span> <span class='ocrx_word' id='word_1_668' title='bbox 2202 3881 2358 3937; x_wconf 90' lang='lat' dir='ltr'><strong>Unde</strong></span> <span class='ocrx_word' id='word_1_669' title='bbox 2404 3882 2492 3936; x_wconf 91' lang='lat' dir='ltr'><strong>hic</strong></span> <span class='ocrx_word' id='word_1_670' title='bbox 2512 3882 2698 3950; x_wconf 71' lang='lat' dir='ltr'><strong>gratia:</strong></span> <span class='ocrx_word' id='word_1_671' title='bbox 2721 3879 2867 3934; x_wconf 87' lang='lat' dir='ltr'><strong>Patri</strong></span> <span class='ocrx_word' id='word_1_672' title='bbox 2896 3888 3131 3950; x_wconf 84' lang='lat' dir='ltr'><strong>aguntur</strong></span> <span class='ocrx_word' id='word_1_673' title='bbox 3161 3895 3190 3934; x_wconf 91' lang='lat' dir='ltr'><strong>a</strong></span> <span class='ocrx_word' id='word_1_674' title='bbox 3213 3879 3466 3947; x_wconf 84' lang='lat' dir='ltr'><strong>Christo;</strong></span> 
     </span>
    </p>
   </div>
   <div class='ocr_carea' id='block_1_86' title="bbox 1871 3960 3464 4041">
    <p class='ocr_par' dir='ltr' id='par_1_86' title="bbox 1871 3960 3464 4041">
     <span class='ocr_line' id='line_1_86' title="bbox 1871 3960 3464 4041; baseline -0.005 -4"><span class='ocrx_word' id='word_1_675' title='bbox 1871 3996 1979 4037; x_wconf 90' lang='lat' dir='ltr'><strong>non</strong></span> <span class='ocrx_word' id='word_1_676' title='bbox 2010 3960 2155 4035; x_wconf 82' lang='lat' dir='ltr'><strong>enim</strong></span> <span class='ocrx_word' id='word_1_677' title='bbox 2189 3977 2387 4034; x_wconf 90' lang='lat' dir='ltr'><strong>frustra</strong></span> <span class='ocrx_word' id='word_1_678' title='bbox 2421 3977 2534 4032; x_wconf 91' lang='lat' dir='ltr'><strong>illic</strong></span> <span class='ocrx_word' id='word_1_679' title='bbox 2564 3975 2875 4032; x_wconf 83' lang='lat' dir='ltr'><strong>benedictio</strong></span> <span class='ocrx_word' id='word_1_680' title='bbox 2903 3983 3109 4029; x_wconf 90' lang='lat' dir='ltr'><strong>tantum</strong></span> <span class='ocrx_word' id='word_1_681' title='bbox 3137 4016 3154 4041; x_wconf 93' lang='lat'><strong>,</strong></span> <span class='ocrx_word' id='word_1_682' title='bbox 3187 3974 3275 4030; x_wconf 87' lang='lat' dir='ltr'><strong>hic</strong></span> <span class='ocrx_word' id='word_1_683' title='bbox 3299 3975 3464 4030; x_wconf 89' lang='lat' dir='ltr'><strong>etiam</strong></span> 
     </span>
    </p>
   </div>
   <div class='ocr_carea' id='block_1_87' title="bbox 1867 4067 3467 4142">
    <p class='ocr_par' dir='ltr' id='par_1_87' title="bbox 1867 4067 3467 4142">
     <span class='ocr_line' id='line_1_87' title="bbox 1867 4067 3467 4142; baseline -0.001 -18"><span class='ocrx_word' id='word_1_684' title='bbox 1867 4071 2168 4142; x_wconf 76' lang='lat' dir='ltr'><strong>gratiarum</strong></span> <span class='ocrx_word' id='word_1_685' title='bbox 2200 4077 2286 4124; x_wconf 92' lang='lat' dir='ltr'><strong>est</strong></span> <span class='ocrx_word' id='word_1_686' title='bbox 2332 4068 2498 4124; x_wconf 83' lang='lat' dir='ltr'><strong>actio.</strong></span> <span class='ocrx_word' id='word_1_687' title='bbox 2532 4069 2638 4123; x_wconf 86' lang='lat' dir='ltr'><strong>Pro</strong></span> <span class='ocrx_word' id='word_1_688' title='bbox 2686 4068 2928 4124; x_wconf 88' lang='lat' dir='ltr'><strong>Ecclesia</strong></span> <span class='ocrx_word' id='word_1_689' title='bbox 2971 4070 3174 4139; x_wconf 84' lang='lat' dir='ltr'><strong>quippe</strong></span> <span class='ocrx_word' id='word_1_690' title='bbox 3215 4083 3313 4124; x_wconf 90' lang='lat' dir='ltr'><strong>sua</strong></span> <span class='ocrx_word' id='word_1_691' title='bbox 3359 4067 3467 4124; x_wconf 85' lang='lat' dir='ltr'><strong>Do-</strong></span> 
     </span>
    </p>
   </div>
   <div class='ocr_carea' id='block_1_88' title="bbox 1873 4163 3469 4236">
    <p class='ocr_par' dir='ltr' id='par_1_88' title="bbox 1873 4163 3469 4236">
     <span class='ocr_line' id='line_1_88' title="bbox 1873 4163 3469 4236; baseline -0.001 -17"><span class='ocrx_word' id='word_1_692' title='bbox 1873 4165 2052 4220; x_wconf 88' lang='lat' dir='ltr'><strong>minus</strong></span> <span class='ocrx_word' id='word_1_693' title='bbox 2086 4165 2230 4219; x_wconf 87' lang='lat' dir='ltr'><strong>Patri</strong></span> <span class='ocrx_word' id='word_1_694' title='bbox 2264 4165 2465 4235; x_wconf 79' lang='lat' dir='ltr'><strong>gratias</strong></span> <span class='ocrx_word' id='word_1_695' title='bbox 2495 4180 2658 4236; x_wconf 85' lang='lat' dir='ltr'><strong>agere</strong></span> <span class='ocrx_word' id='word_1_696' title='bbox 2701 4165 3019 4228; x_wconf 86' lang='lat' dir='ltr'><strong>consuevit;</strong></span> <span class='ocrx_word' id='word_1_697' title='bbox 3048 4165 3178 4232; x_wconf 87' lang='lat' dir='ltr'><strong>quia</strong></span> <span class='ocrx_word' id='word_1_698' title='bbox 3198 4179 3320 4233; x_wconf 64' lang='lat' dir='ltr'><strong>quas</strong></span> <span class='ocrx_word' id='word_1_699' title='bbox 3343 4163 3469 4217; x_wconf 85' lang='lat' dir='ltr'><strong>abs-</strong></span> 
     </span>
    </p>
   </div>
   <div class='ocr_carea' id='block_1_89' title="bbox 1872 4257 3474 4328">
    <p class='ocr_par' dir='ltr' id='par_1_89' title="bbox 1872 4257 3474 4328">
     <span class='ocr_line' id='line_1_89' title="bbox 1872 4257 3474 4328; baseline 0 -16"><span class='ocrx_word' id='word_1_700' title='bbox 1872 4257 2058 4312; x_wconf 85' lang='lat' dir='ltr'><strong>condit</strong></span> <span class='ocrx_word' id='word_1_701' title='bbox 2092 4258 2466 4328; x_wconf 70' lang='lat' dir='ltr'><strong>sapientibus,</strong></span> <span class='ocrx_word' id='word_1_702' title='bbox 2496 4272 2561 4314; x_wconf 85' lang='lat' dir='ltr'><strong>ca</strong></span> <span class='ocrx_word' id='word_1_703' title='bbox 2585 4258 2826 4328; x_wconf 84' lang='lat' dir='ltr'><strong>parvulis</strong></span> <span class='ocrx_word' id='word_1_704' title='bbox 2852 4258 3133 4314; x_wconf 76' lang='lat' dir='ltr'><strong>revelavit.</strong></span> <span class='ocrx_word' id='word_1_705' title='bbox 3157 4257 3474 4314; x_wconf 88' lang='lat' dir='ltr'><strong>Benedictio</strong></span> 
     </span>
    </p>
   </div>
   <div class='ocr_carea' id='block_1_90' title="bbox 1868 4351 3466 4422">
    <p class='ocr_par' dir='ltr' id='par_1_90' title="bbox 1868 4351 3466 4422">
     <span class='ocr_line' id='line_1_90' title="bbox 1868 4351 3466 4422; baseline 0.001 -19"><span class='ocrx_word' id='word_1_706' title='bbox 1868 4351 2037 4421; x_wconf 82' lang='lat' dir='ltr'><strong>igitur</strong></span> <span class='ocrx_word' id='word_1_707' title='bbox 2080 4365 2245 4421; x_wconf 89' lang='lat' dir='ltr'><strong>super</strong></span> <span class='ocrx_word' id='word_1_708' title='bbox 2289 4366 2387 4406; x_wconf 91' lang='lat' dir='ltr'><strong>nos</strong></span> <span class='ocrx_word' id='word_1_709' title='bbox 2410 4394 2424 4418; x_wconf 93' lang='lat'><strong>,</strong></span> <span class='ocrx_word' id='word_1_710' title='bbox 2459 4353 2550 4422; x_wconf 86' lang='lat' dir='ltr'><strong>qui</strong></span> <span class='ocrx_word' id='word_1_711' title='bbox 2581 4352 2871 4407; x_wconf 89' lang='lat' dir='ltr'><strong>inferiores</strong></span> <span class='ocrx_word' id='word_1_712' title='bbox 2905 4367 3094 4407; x_wconf 88' lang='lat' dir='ltr'><strong>sumus</strong></span> <span class='ocrx_word' id='word_1_713' title='bbox 3127 4369 3139 4404; x_wconf 94' lang='lat'>:</span> <span class='ocrx_word' id='word_1_714' title='bbox 3170 4352 3466 4420; x_wconf 75' lang='lat' dir='ltr'><strong>gratiarum</strong></span> 
     </span>
    </p>
   </div>
   <div class='ocr_carea' id='block_1_91' title="bbox 1871 4445 3474 4530">
    <p class='ocr_par' dir='ltr' id='par_1_91' title="bbox 1871 4445 3474 4530">
     <span class='ocr_line' id='line_1_91' title="bbox 1871 4445 3474 4530; baseline 0 -32"><span class='ocrx_word' id='word_1_715' title='bbox 1871 4445 2016 4515; x_wconf 87' lang='lat' dir='ltr'><strong>actio</strong></span> <span class='ocrx_word' id='word_1_716' title='bbox 2046 4460 2213 4514; x_wconf 89' lang='lat' dir='ltr'><strong>super</strong></span> <span class='ocrx_word' id='word_1_717' title='bbox 2237 4461 2336 4530; x_wconf 74' lang='lat' dir='ltr'><strong>eos</strong></span> <span class='ocrx_word' id='word_1_718' title='bbox 2363 4446 2457 4516; x_wconf 90' lang='lat' dir='ltr'><strong>qui</strong></span> <span class='ocrx_word' id='word_1_719' title='bbox 2495 4445 2564 4501; x_wconf 85' lang='lat' dir='ltr'><strong>de</strong></span> <span class='ocrx_word' id='word_1_720' title='bbox 2592 4445 2998 4500; x_wconf 84' lang='lat' dir='ltr'><strong>infirmitatibus</strong></span> <span class='ocrx_word' id='word_1_721' title='bbox 3025 4460 3314 4509; x_wconf 88' lang='lat' dir='ltr'><strong>corporum</strong></span> <span class='ocrx_word' id='word_1_722' title='bbox 3346 4457 3474 4500; x_wconf 84' lang='lat' dir='ltr'><strong>suo-</strong></span> 
     </span>
    </p>
   </div>
   <div class='ocr_carea' id='block_1_92' title="bbox 1874 4537 3469 4614">
    <p class='ocr_par' dir='ltr' id='par_1_92' title="bbox 1874 4537 3469 4614">
     <span class='ocr_line' id='line_1_92' title="bbox 1874 4537 3469 4614; baseline 0 -22"><span class='ocrx_word' id='word_1_723' title='bbox 1874 4552 1996 4592; x_wconf 91' lang='lat' dir='ltr'><strong>rum</strong></span> <span class='ocrx_word' id='word_1_724' title='bbox 2027 4539 2258 4594; x_wconf 88' lang='lat' dir='ltr'><strong>sacratis</strong></span> <span class='ocrx_word' id='word_1_725' title='bbox 2287 4539 2634 4614; x_wconf 84' lang='lat' dir='ltr'><strong>passionibus</strong></span> <span class='ocrx_word' id='word_1_726' title='bbox 2661 4538 3085 4608; x_wconf 87' lang='lat' dir='ltr'><strong>triumpharunt.</strong></span> <span class='ocrx_word' id='word_1_727' title='bbox 3117 4537 3238 4593; x_wconf 82' lang='lat' dir='ltr'><strong>Jam</strong></span> <span class='ocrx_word' id='word_1_728' title='bbox 3264 4537 3393 4592; x_wconf 89' lang='lat' dir='ltr'><strong>illud</strong></span> <span class='ocrx_word' id='word_1_729' title='bbox 3418 4540 3469 4598; x_wconf 91' lang='lat' dir='ltr'><strong>in</strong></span> 
     </span>
    </p>
   </div>
   <div class='ocr_carea' id='block_1_93' title="bbox 187 4603 1761 4704">
    <p class='ocr_par' dir='ltr' id='par_1_93' title="bbox 187 4616 1716 4704">
     <span class='ocr_line' id='line_1_93' title="bbox 187 4616 1716 4704; baseline -0.001 -30"><span class='ocrx_word' id='word_1_730' title='bbox 187 4617 400 4694; x_wconf 81' lang='lat' dir='ltr'><strong>Domino</strong></span> <span class='ocrx_word' id='word_1_731' title='bbox 428 4623 539 4679; x_wconf 87' lang='lat' dir='ltr'><strong>Deo</strong></span> <span class='ocrx_word' id='word_1_732' title='bbox 567 4623 743 4678; x_wconf 78' lang='lat' dir='ltr'><strong>nostra</strong></span> <span class='ocrx_word' id='word_1_733' title='bbox 771 4620 970 4704; x_wconf 70' lang='lat' dir='ltr'><strong>(Exod.</strong></span> <span class='ocrx_word' id='word_1_734' title='bbox 1000 4637 1056 4688; x_wconf 85' lang='grc' dir='ltr'><strong>ν,</strong></span> <span class='ocrx_word' id='word_1_735' title='bbox 1090 4621 1169 4688; x_wconf 76' lang='grc' dir='ltr'><strong>ὅ).</strong></span> <span class='ocrx_word' id='word_1_736' title='bbox 1196 4616 1302 4674; x_wconf 89' lang='lat' dir='ltr'><strong>Sed</strong></span> <span class='ocrx_word' id='word_1_737' title='bbox 1329 4619 1420 4673; x_wconf 89' lang='lat' dir='ltr'><strong>illa</strong></span> <span class='ocrx_word' id='word_1_738' title='bbox 1445 4633 1544 4673; x_wconf 88' lang='lat' dir='ltr'><strong>suo</strong></span> <span class='ocrx_word' id='word_1_739' title='bbox 1574 4619 1716 4672; x_wconf 91' lang='lat' dir='ltr'><strong>loco.</strong></span> 
     </span>
    </p>
   </div>
   <div class='ocr_carea' id='block_1_94' title="bbox 1868 4603 3471 4704">
    <p class='ocr_par' dir='ltr' id='par_1_94' title="bbox 1871 4630 3471 4702">
     <span class='ocr_line' id='line_1_94' title="bbox 1871 4630 3471 4702; baseline 0.001 -18"><span class='ocrx_word' id='word_1_740' title='bbox 1871 4631 2255 4702; x_wconf 85' lang='lat' dir='ltr'><strong>superioribus</strong></span> <span class='ocrx_word' id='word_1_741' title='bbox 2298 4631 2738 4701; x_wconf 71' lang='lat' dir='ltr'><strong>prtelihavimus,</strong></span> <span class='ocrx_word' id='word_1_742' title='bbox 2774 4630 2896 4699; x_wconf 84' lang='lat' dir='ltr'><strong>quia</strong></span> <span class='ocrx_word' id='word_1_743' title='bbox 2939 4646 3062 4685; x_wconf 91' lang='lat' dir='ltr'><strong>cum</strong></span> <span class='ocrx_word' id='word_1_744' title='bbox 3108 4630 3471 4702; x_wconf 86' lang='lat' dir='ltr'><strong>quinquageni</strong></span> 
     </span>
    </p>
   </div>
   <div class='ocr_carea' id='block_1_95' title="bbox 186 4701 1772 4809">
    <p class='ocr_par' dir='ltr' id='par_1_95' title="bbox 186 4701 1772 4809">
     <span class='ocr_line' id='line_1_95' title="bbox 186 4701 1772 4809; baseline -0.001 -38"><span class='ocrx_word' id='word_1_745' title='bbox 186 4735 242 4809; x_wconf 37' lang='grc' dir='ltr'><strong>τι,</strong></span> <span class='ocrx_word' id='word_1_746' title='bbox 248 4716 335 4771; x_wconf 81' lang='grc'><strong>81.</strong></span> <span class='ocrx_word' id='word_1_747' title='bbox 376 4718 453 4774; x_wconf 88' lang='lat' dir='ltr'><strong>De</strong></span> <span class='ocrx_word' id='word_1_748' title='bbox 498 4719 739 4789; x_wconf 89' lang='lat' dir='ltr'><strong>quinque</strong></span> <span class='ocrx_word' id='word_1_749' title='bbox 781 4731 912 4784; x_wconf 75' lang='lat' dir='ltr'><strong>ergo</strong></span> <span class='ocrx_word' id='word_1_750' title='bbox 965 4701 1206 4786; x_wconf 78' lang='lat' dir='ltr'><strong>panibus</strong></span> <span class='ocrx_word' id='word_1_751' title='bbox 1254 4722 1478 4768; x_wconf 85' lang='lat' dir='ltr'><strong>sanctus</strong></span> <span class='ocrx_word' id='word_1_752' title='bbox 1533 4712 1772 4770; x_wconf 82' lang='lat' dir='ltr'><strong>Joannes</strong></span> 
     </span>
    </p>
   </div>
   <div class='ocr_carea' id='block_1_96' title="bbox 188 4831 1768 4906">
    <p class='ocr_par' dir='ltr' id='par_1_96' title="bbox 188 4831 1768 4906">
     <span class='ocr_line' id='line_1_96' title="bbox 188 4831 1768 4906; baseline 0 -18"><span class='ocrx_word' id='word_1_753' title='bbox 188 4846 306 4906; x_wconf 77' lang='lat' dir='ltr'><strong>suos</strong></span> <span class='ocrx_word' id='word_1_754' title='bbox 331 4835 493 4891; x_wconf 88' lang='lat' dir='ltr'><strong>etiam</strong></span> <span class='ocrx_word' id='word_1_755' title='bbox 514 4847 798 4890; x_wconf 79' lang='lat' dir='ltr'><strong>sermones</strong></span> <span class='ocrx_word' id='word_1_756' title='bbox 824 4847 921 4904; x_wconf 91' lang='lat' dir='ltr'><strong>per</strong></span> <span class='ocrx_word' id='word_1_757' title='bbox 947 4831 1184 4904; x_wconf 89' lang='lat' dir='ltr'><strong>Spiritus</strong></span> <span class='ocrx_word' id='word_1_758' title='bbox 1215 4833 1390 4906; x_wconf 81' lang='lat' dir='ltr'><strong>sancti</strong></span> <span class='ocrx_word' id='word_1_759' title='bbox 1416 4834 1646 4903; x_wconf 85' lang='lat' dir='ltr'><strong>gratiam</strong></span> <span class='ocrx_word' id='word_1_760' title='bbox 1672 4849 1768 4906; x_wconf 86' lang='lat' dir='ltr'><strong>pa-</strong></span> 
     </span>
    </p>
   </div>
   <div class='ocr_carea' id='block_1_97' title="bbox 189 4919 1623 4962">
    <p class='ocr_par' dir='ltr' id='par_1_97' title="bbox 189 4919 1623 4962">
     <span class='ocr_line' id='line_1_97' title="bbox 189 4919 1623 4962; baseline 0.001 -4"><span class='ocrx_word' id='word_1_761' title='bbox 189 4919 277 4961; x_wconf 89' lang='lat' dir='ltr'><strong>nes</strong></span> <span class='ocrx_word' id='word_1_762' title='bbox 297 4923 417 4962; x_wconf 88' lang='lat' dir='ltr'><strong>esse</strong></span> <span class='ocrx_word' id='word_1_763' title='bbox 426 4947 440 4960; x_wconf 87' lang='lat'><strong>.</strong></span> <span class='ocrx_word' id='word_1_764' title='bbox 1621 4948 1623 4950; x_wconf 87' lang='grc'><strong>-</strong></span> 
     </span>
    </p>
   </div>
   <div class='ocr_carea' id='block_1_98' title="bbox 185 4971 1767 5046">
    <p class='ocr_par' dir='ltr' id='par_1_98' title="bbox 185 4971 1767 5046">
     <span class='ocr_line' id='line_1_98' title="bbox 185 4971 1767 5046; baseline 0.001 -15"><span class='ocrx_word' id='word_1_765' title='bbox 185 4974 190 4978; x_wconf 80' lang='grc'><em>’</em></span> <span class='ocrx_word' id='word_1_766' title='bbox 256 4975 280 5012; x_wconf 68' lang='grc' dir='ltr'><strong><em>έ</em></strong></span> <span class='ocrx_word' id='word_1_767' title='bbox 316 4979 404 5032; x_wconf 89' lang='lat' dir='ltr'><strong>Sic</strong></span> <span class='ocrx_word' id='word_1_768' title='bbox 429 4971 621 5033; x_wconf 87' lang='lat' dir='ltr'><strong>omnes</strong></span> <span class='ocrx_word' id='word_1_769' title='bbox 650 4976 781 5032; x_wconf 88' lang='lat' dir='ltr'><strong>edit.</strong></span> <span class='ocrx_word' id='word_1_770' title='bbox 806 4991 928 5031; x_wconf 91' lang='lat' dir='ltr'><strong>cum</strong></span> <span class='ocrx_word' id='word_1_771' title='bbox 961 4971 1093 5030; x_wconf 88' lang='lat' dir='ltr'><strong>mss.</strong></span> <span class='ocrx_word' id='word_1_772' title='bbox 1120 4976 1346 5046; x_wconf 90' lang='lat' dir='ltr'><strong>aliquot.</strong></span> <span class='ocrx_word' id='word_1_773' title='bbox 1378 4975 1480 5030; x_wconf 80' lang='lat' dir='ltr'><strong>Alii</strong></span> <span class='ocrx_word' id='word_1_774' title='bbox 1512 4991 1641 5031; x_wconf 85' lang='lat' dir='ltr'><strong>vero</strong></span> <span class='ocrx_word' id='word_1_775' title='bbox 1673 4993 1767 5033; x_wconf 86' lang='lat' dir='ltr'><strong>ne-</strong></span> 
     </span>
    </p>
   </div>
   <div class='ocr_carea' id='block_1_99' title="bbox 190 5047 1770 5120">
    <p class='ocr_par' dir='ltr' id='par_1_99' title="bbox 190 5047 1770 5120">
     <span class='ocr_line' id='line_1_99' title="bbox 190 5047 1770 5120; baseline 0.003 -21"><span class='ocrx_word' id='word_1_776' title='bbox 190 5059 285 5120; x_wconf 80' lang='lat' dir='ltr'><strong>que</strong></span> <span class='ocrx_word' id='word_1_777' title='bbox 312 5061 558 5115; x_wconf 76' lang='lat' dir='ltr'><strong>numero,&quot;</strong></span> <span class='ocrx_word' id='word_1_778' title='bbox 584 5063 761 5120; x_wconf 87' lang='lat' dir='ltr'><strong>neque</strong></span> <span class='ocrx_word' id='word_1_779' title='bbox 788 5047 1259 5120; x_wconf 65' lang='lat' dir='ltr'><strong>aetatejnferiores</strong></span> <span class='ocrx_word' id='word_1_780' title='bbox 1292 5048 1478 5102; x_wconf 71' lang='lat' dir='ltr'><strong>multis</strong></span> <span class='ocrx_word' id='word_1_781' title='bbox 1510 5051 1770 5120; x_wconf 87' lang='lat' dir='ltr'><strong>resecatis</strong></span> 
     </span>
    </p>
   </div>
   <div class='ocr_carea' id='block_1_100' title="bbox 193 5116 1769 5188">
    <p class='ocr_par' dir='ltr' id='par_1_100' title="bbox 193 5116 1769 5188">
     <span class='ocr_line' id='line_1_100' title="bbox 193 5116 1769 5188; baseline 0.002 -18"><span class='ocrx_word' id='word_1_782' title='bbox 193 5116 356 5174; x_wconf 87' lang='lat' dir='ltr'><strong>locum</strong></span> <span class='ocrx_word' id='word_1_783' title='bbox 391 5123 461 5176; x_wconf 87' lang='lat' dir='ltr'><strong>ita</strong></span> <span class='ocrx_word' id='word_1_784' title='bbox 497 5116 830 5176; x_wconf 82' lang='lat' dir='ltr'><strong>contrahunt</strong></span> <span class='ocrx_word' id='word_1_785' title='bbox 878 5136 891 5171; x_wconf 91' lang='lat'><strong>:</strong></span> <span class='ocrx_word' id='word_1_786' title='bbox 943 5117 1103 5173; x_wconf 81' lang='lat' dir='ltr'><strong>Prius</strong></span> <span class='ocrx_word' id='word_1_787' title='bbox 1134 5121 1289 5184; x_wconf 63' lang='lat' dir='ltr'><strong>enim</strong></span> <span class='ocrx_word' id='word_1_788' title='bbox 1339 5124 1563 5188; x_wconf 83' lang='lat' dir='ltr'><strong>quinque</strong></span> <span class='ocrx_word' id='word_1_789' title='bbox 1604 5119 1769 5174; x_wconf 86' lang='lat' dir='ltr'><strong>millia</strong></span> 
     </span>
    </p>
   </div>
   <div class='ocr_carea' id='block_1_101' title="bbox 193 5190 1768 5261">
    <p class='ocr_par' dir='ltr' id='par_1_101' title="bbox 193 5190 1768 5261">
     <span class='ocr_line' id='line_1_101' title="bbox 193 5190 1768 5261; baseline 0.003 -20"><span class='ocrx_word' id='word_1_790' title='bbox 193 5193 327 5257; x_wconf 78' lang='lat' dir='ltr'><strong>quasi</strong></span> <span class='ocrx_word' id='word_1_791' title='bbox 354 5198 573 5260; x_wconf 78' lang='lat' dir='ltr'><strong>quinque</strong></span> <span class='ocrx_word' id='word_1_792' title='bbox 599 5193 832 5261; x_wconf 85' lang='lat' dir='ltr'><strong>corporis</strong></span> <span class='ocrx_word' id='word_1_793' title='bbox 859 5206 1038 5244; x_wconf 83' lang='lat' dir='ltr'><strong>sensus</strong></span> <span class='ocrx_word' id='word_1_794' title='bbox 1066 5190 1235 5250; x_wconf 84' lang='lat' dir='ltr'><strong>adhuc</strong></span> <span class='ocrx_word' id='word_1_795' title='bbox 1256 5190 1615 5261; x_wconf 72' lang='lat' dir='ltr'><strong>corporalibus</strong></span> <span class='ocrx_word' id='word_1_796' title='bbox 1644 5207 1768 5260; x_wconf 50' lang='lat' dir='ltr'><strong>pro:</strong></span> 
     </span>
    </p>
   </div>
   <div class='ocr_carea' id='block_1_102' title="bbox 192 5260 1768 5331">
    <p class='ocr_par' dir='ltr' id='par_1_102' title="bbox 192 5260 1768 5331">
     <span class='ocr_line' id='line_1_102' title="bbox 192 5260 1768 5331; baseline 0.002 -19"><span class='ocrx_word' id='word_1_797' title='bbox 192 5261 616 5329; x_wconf 74' lang='lat' dir='ltr'><strong>ximaalt&#39;rttenta,</strong></span> <span class='ocrx_word' id='word_1_798' title='bbox 645 5260 750 5318; x_wconf 87' lang='lat' dir='ltr'><strong>etc.</strong></span> <span class='ocrx_word' id='word_1_799' title='bbox 781 5262 934 5330; x_wconf 86' lang='lat' dir='ltr'><strong>Quod</strong></span> <span class='ocrx_word' id='word_1_800' title='bbox 966 5261 1185 5331; x_wconf 88' lang='lat' dir='ltr'><strong>quidem</strong></span> <span class='ocrx_word' id='word_1_801' title='bbox 1219 5260 1440 5316; x_wconf 82' lang='lat' dir='ltr'><strong>minime</strong></span> <span class='ocrx_word' id='word_1_802' title='bbox 1473 5264 1768 5316; x_wconf 80' lang='lat' dir='ltr'><strong>absurdum</strong></span> 
     </span>
    </p>
   </div>
   <div class='ocr_carea' id='block_1_103' title="bbox 193 5333 1768 5403">
    <p class='ocr_par' dir='ltr' id='par_1_103' title="bbox 193 5333 1768 5403">
     <span class='ocr_line' id='line_1_103' title="bbox 193 5333 1768 5403; baseline 0.003 -20"><span class='ocrx_word' id='word_1_803' title='bbox 193 5344 399 5388; x_wconf 82' lang='lat' dir='ltr'><strong>sensum</strong></span> <span class='ocrx_word' id='word_1_804' title='bbox 449 5333 674 5402; x_wconf 69' lang='lat' dir='ltr'><strong>efﬁciet,</strong></span> <span class='ocrx_word' id='word_1_805' title='bbox 721 5334 764 5388; x_wconf 88' lang='lat' dir='ltr'><strong>si</strong></span> <span class='ocrx_word' id='word_1_806' title='bbox 812 5333 1076 5400; x_wconf 86' lang='lat' dir='ltr'><strong>verbum,</strong></span> <span class='ocrx_word' id='word_1_807' title='bbox 1137 5333 1469 5401; x_wconf 75' lang='lat' dir='ltr'><strong>referuntur,</strong></span> <span class='ocrx_word' id='word_1_808' title='bbox 1519 5333 1768 5403; x_wconf 85' lang='lat' dir='ltr'><strong>sequenti</strong></span> 
     </span>
    </p>
   </div>
   <div class='ocr_carea' id='block_1_104' title="bbox 197 5403 1766 5479">
    <p class='ocr_par' dir='ltr' id='par_1_104' title="bbox 197 5403 1766 5479">
     <span class='ocr_line' id='line_1_104' title="bbox 197 5403 1766 5479; baseline 0.003 -25"><span class='ocrx_word' id='word_1_809' title='bbox 197 5405 432 5479; x_wconf 76' lang='lat' dir='ltr'><strong>membro</strong></span> <span class='ocrx_word' id='word_1_810' title='bbox 458 5420 784 5479; x_wconf 74' lang='lat' dir='ltr'><strong>expressum</strong></span> <span class='ocrx_word' id='word_1_811' title='bbox 808 5404 898 5479; x_wconf 77' lang='lat' dir='ltr'><strong>hic</strong></span> <span class='ocrx_word' id='word_1_812' title='bbox 925 5403 1332 5479; x_wconf 58' lang='lat' dir='ltr'><strong>subintellrgaé.</strong></span> <span class='ocrx_word' id='word_1_813' title='bbox 1527 5477 1536 5479; x_wconf 93' lang='lat'><em>_</em></span> <span class='ocrx_word' id='word_1_814' title='bbox 1642 5478 1650 5479; x_wconf 14' lang='grc' dir='ltr'>ί</span> <span class='ocrx_word' id='word_1_815' title='bbox 1763 5438 1766 5442; x_wconf 54' lang='grc' dir='ltr'>λ</span> 
     </span>
    </p>
   </div>
   <div class='ocr_carea' id='block_1_105' title="bbox 265 5473 1774 5545">
    <p class='ocr_par' dir='ltr' id='par_1_105' title="bbox 265 5473 1774 5545">
     <span class='ocr_line' id='line_1_105' title="bbox 265 5473 1774 5545; baseline 0.001 -17"><span class='ocrx_word' id='word_1_816' title='bbox 265 5473 291 5511; x_wconf 66' lang='grc' dir='ltr'>δ</span> <span class='ocrx_word' id='word_1_817' title='bbox 331 5476 456 5532; x_wconf 76' lang='lat' dir='ltr'><strong>Mss.</strong></span> <span class='ocrx_word' id='word_1_818' title='bbox 483 5473 718 5545; x_wconf 88' lang='lat' dir='ltr'><strong>aliquam</strong></span> <span class='ocrx_word' id='word_1_819' title='bbox 750 5473 902 5531; x_wconf 87' lang='lat' dir='ltr'><strong>multi</strong></span> <span class='ocrx_word' id='word_1_820' title='bbox 924 5516 938 5538; x_wconf 91' lang='lat'><strong>,</strong></span> <span class='ocrx_word' id='word_1_821' title='bbox 967 5491 1068 5530; x_wconf 91' lang='lat' dir='ltr'><strong>nec</strong></span> <span class='ocrx_word' id='word_1_822' title='bbox 1099 5473 1365 5545; x_wconf 88' lang='lat' dir='ltr'><strong>sequioris</strong></span> <span class='ocrx_word' id='word_1_823' title='bbox 1392 5477 1601 5542; x_wconf 64' lang='lat' dir='ltr'><strong>artatis,</strong></span> <span class='ocrx_word' id='word_1_824' title='bbox 1633 5478 1774 5531; x_wconf 87' lang='lat' dir='ltr'><strong>intra</strong></span> 
     </span>
    </p>
   </div>
   <div class='ocr_carea' id='block_1_106' title="bbox 198 5546 1772 5610">
    <p class='ocr_par' dir='ltr' id='par_1_106' title="bbox 198 5546 1772 5610">
     <span class='ocr_line' id='line_1_106' title="bbox 198 5546 1772 5610; baseline 0.003 -12"><span class='ocrx_word' id='word_1_825' title='bbox 198 5549 437 5601; x_wconf 84' lang='lat' dir='ltr'><strong>mundam</strong></span> <span class='ocrx_word' id='word_1_826' title='bbox 463 5549 632 5610; x_wconf 85' lang='lat' dir='ltr'><strong>etiam,</strong></span> <span class='ocrx_word' id='word_1_827' title='bbox 657 5550 764 5601; x_wconf 82' lang='lat' dir='ltr'><strong>etc.</strong></span> <span class='ocrx_word' id='word_1_828' title='bbox 795 5546 967 5601; x_wconf 83' lang='lat' dir='ltr'><strong>Porro</strong></span> <span class='ocrx_word' id='word_1_829' title='bbox 987 5546 1164 5601; x_wconf 86' lang='lat' dir='ltr'><strong>obiter</strong></span> <span class='ocrx_word' id='word_1_830' title='bbox 1195 5549 1520 5602; x_wconf 87' lang='lat' dir='ltr'><strong>monendum</strong></span> <span class='ocrx_word' id='word_1_831' title='bbox 1549 5548 1772 5602; x_wconf 90' lang='lat' dir='ltr'><strong>eosdem</strong></span> 
     </span>
    </p>
   </div>
   <div class='ocr_carea' id='block_1_107' title="bbox 196 5617 1775 5691">
    <p class='ocr_par' dir='ltr' id='par_1_107' title="bbox 196 5617 1775 5691">
     <span class='ocr_line' id='line_1_107' title="bbox 196 5617 1775 5691; baseline 0 -19"><span class='ocrx_word' id='word_1_832' title='bbox 196 5619 312 5673; x_wconf 87' lang='lat' dir='ltr'><strong>cod.</strong></span> <span class='ocrx_word' id='word_1_833' title='bbox 343 5633 405 5672; x_wconf 80' lang='lat' dir='ltr'><strong>ex</strong></span> <span class='ocrx_word' id='word_1_834' title='bbox 443 5620 692 5691; x_wconf 89' lang='lat' dir='ltr'><strong>quopiam</strong></span> <span class='ocrx_word' id='word_1_835' title='bbox 733 5617 1033 5691; x_wconf 74' lang='lat' dir='ltr'><strong>exemplari</strong></span> <span class='ocrx_word' id='word_1_836' title='bbox 1059 5617 1365 5691; x_wconf 82' lang='lat' dir='ltr'><strong>descriptos</strong></span> <span class='ocrx_word' id='word_1_837' title='bbox 1391 5633 1515 5672; x_wconf 88' lang='lat' dir='ltr'><strong>esse</strong></span> <span class='ocrx_word' id='word_1_838' title='bbox 1535 5641 1554 5686; x_wconf 53' lang='grc' dir='ltr'><strong>,λ</strong></span> <span class='ocrx_word' id='word_1_839' title='bbox 1584 5619 1775 5691; x_wconf 78' lang='lat' dir='ltr'><strong>inquo</strong></span> 
     </span>
    </p>
   </div>
   <div class='ocr_carea' id='block_1_108' title="bbox 199 5687 1776 5758">
    <p class='ocr_par' dir='ltr' id='par_1_108' title="bbox 199 5687 1776 5758">
     <span class='ocr_line' id='line_1_108' title="bbox 199 5687 1776 5758; baseline 0.001 -15"><span class='ocrx_word' id='word_1_840' title='bbox 199 5701 313 5756; x_wconf 86' lang='lat' dir='ltr'><strong>post</strong></span> <span class='ocrx_word' id='word_1_841' title='bbox 348 5687 510 5744; x_wconf 84' lang='lat' dir='ltr'><strong>verba</strong></span> <span class='ocrx_word' id='word_1_842' title='bbox 530 5687 567 5758; x_wconf 66' lang='grc'>,⁷</span> <span class='ocrx_word' id='word_1_843' title='bbox 596 5687 889 5753; x_wconf 26' lang='lat' dir='ltr'><strong>benedictio,</strong></span> <span class='ocrx_word' id='word_1_844' title='bbox 937 5687 1271 5758; x_wconf 69' lang='lat' dir='ltr'><strong>pacatorum,</strong></span> <span class='ocrx_word' id='word_1_845' title='bbox 1327 5690 1512 5743; x_wconf 88' lang='lat' dir='ltr'><strong>folium</strong></span> <span class='ocrx_word' id='word_1_846' title='bbox 1562 5688 1776 5744; x_wconf 86' lang='lat' dir='ltr'><strong>videtur</strong></span> 
     </span>
    </p>
   </div>
   <div class='ocr_carea' id='block_1_109' title="bbox 194 5706 1775 5833">
    <p class='ocr_par' dir='ltr' id='par_1_109' title="bbox 194 5706 1775 5833">
     <span class='ocr_line' id='line_1_109' title="bbox 199 5706 1775 5758; baseline 0.001 -15"><span class='ocrx_word' id='word_1_847' title='bbox 199 5706 313 5756; x_wconf 75' lang='grc' dir='ltr'><strong>ροει</strong></span> <span class='ocrx_word' id='word_1_848' title='bbox 348 5706 545 5758; x_wconf 80' lang='lat' dir='ltr'><strong>verba,</strong></span> <span class='ocrx_word' id='word_1_849' title='bbox 596 5706 889 5753; x_wconf 35' lang='grc' dir='ltr'><strong>υεηεατειιο,</strong></span> <span class='ocrx_word' id='word_1_850' title='bbox 974 5706 1271 5758; x_wconf 77' lang='lat' dir='ltr'><strong>acutorum,</strong></span> <span class='ocrx_word' id='word_1_851' title='bbox 1327 5706 1512 5743; x_wconf 85' lang='lat' dir='ltr'><strong>|0l|llm</strong></span> <span class='ocrx_word' id='word_1_852' title='bbox 1562 5706 1775 5744; x_wconf 71' lang='grc' dir='ltr'><strong>νιαθιιιι·</strong></span> 
     </span>
     <span class='ocr_line' id='line_1_110' title="bbox 194 5706 1775 5833; baseline 0.004 -23"><span class='ocrx_word' id='word_1_853' title='bbox 194 5759 356 5815; x_wconf 80' lang='lat' dir='ltr'><strong>fuisse</strong></span> <span class='ocrx_word' id='word_1_854' title='bbox 388 5760 806 5833; x_wconf 80' lang='lat' dir='ltr'><strong>transpositam;</strong></span> <span class='ocrx_word' id='word_1_855' title='bbox 841 5706 986 5833; x_wconf 57' lang='lat' dir='ltr'><strong>unde</strong></span> <span class='ocrx_word' id='word_1_856' title='bbox 1029 5760 1097 5817; x_wconf 85' lang='lat' dir='ltr'><strong>ad</strong></span> <span class='ocrx_word' id='word_1_857' title='bbox 1147 5759 1274 5818; x_wconf 87' lang='lat' dir='ltr'><strong>illos</strong></span> <span class='ocrx_word' id='word_1_858' title='bbox 1312 5763 1538 5832; x_wconf 86' lang='lat' dir='ltr'><strong>&#39;quoque</strong></span> <span class='ocrx_word' id='word_1_859' title='bbox 1584 5761 1775 5818; x_wconf 85' lang='lat' dir='ltr'><strong>eadem</strong></span> 
     </span>
    </p>
   </div>
   <div class='ocr_carea' id='block_1_110' title="bbox 198 5828 1662 5902">
    <p class='ocr_par' dir='ltr' id='par_1_110' title="bbox 198 5828 1662 5902">
     <span class='ocr_line' id='line_1_111' title="bbox 198 5828 1662 5902; baseline 0.001 -20"><span class='ocrx_word' id='word_1_860' title='bbox 198 5828 922 5902; x_wconf 74' lang='lat' dir='ltr'><strong>lranaposltidprorltanlviti</strong></span> <span class='ocrx_word' id='word_1_861' title='bbox 1123 5853 1129 5859; x_wconf 91' lang='grc'>·</span> <span class='ocrx_word' id='word_1_862' title='bbox 1338 5828 1353 5830; x_wconf 20' lang='grc' dir='ltr'><strong>θ’</strong></span> <span class='ocrx_word' id='word_1_863' title='bbox 1449 5828 1460 5832; x_wconf 80' lang='grc'><em>’</em></span> <span class='ocrx_word' id='word_1_864' title='bbox 1545 5847 1548 5850; x_wconf 73' lang='grc'><strong>’</strong></span> <span class='ocrx_word' id='word_1_865' title='bbox 1660 5845 1662 5848; x_wconf 73' lang='lat'><strong><em>&#39;</em></strong></span> 
     </span>
    </p>
   </div>
   <div class='ocr_carea' id='block_1_111' title="bbox 1879 4721 3471 4793">
    <p class='ocr_par' dir='ltr' id='par_1_111' title="bbox 1879 4721 3471 4793">
     <span class='ocr_line' id='line_1_112' title="bbox 1879 4721 3471 4793; baseline -0.001 -15"><span class='ocrx_word' id='word_1_866' title='bbox 1879 4721 2226 4778; x_wconf 89' lang='lat' dir='ltr'><strong>discumbere</strong></span> <span class='ocrx_word' id='word_1_867' title='bbox 2265 4723 2590 4793; x_wconf 89' lang='lat' dir='ltr'><strong>juberentur</strong></span> <span class='ocrx_word' id='word_1_868' title='bbox 2614 4767 2629 4789; x_wconf 95' lang='lat'><strong>,</strong></span> <span class='ocrx_word' id='word_1_869' title='bbox 2681 4722 2804 4777; x_wconf 89' lang='lat' dir='ltr'><strong>licet</strong></span> <span class='ocrx_word' id='word_1_870' title='bbox 2835 4731 3053 4778; x_wconf 86' lang='lat' dir='ltr'><strong>sacrato</strong></span> <span class='ocrx_word' id='word_1_871' title='bbox 3083 4735 3310 4778; x_wconf 90' lang='lat' dir='ltr'><strong>numero</strong></span> <span class='ocrx_word' id='word_1_872' title='bbox 3338 4721 3471 4778; x_wconf 80' lang='lat' dir='ltr'><strong>dell-</strong></span> 
     </span>
    </p>
   </div>
   <div class='ocr_carea' id='block_1_112' title="bbox 1955 4839 3258 4916">
    <p class='ocr_par' dir='ltr' id='par_1_112' title="bbox 1955 4839 3258 4916">
     <span class='ocr_line' id='line_1_113' title="bbox 1955 4839 3258 4916; baseline -0.002 -21"><span class='ocrx_word' id='word_1_873' title='bbox 1955 4850 1978 4879; x_wconf 77' lang='grc' dir='ltr'><strong><em>ο</em></strong></span> <span class='ocrx_word' id='word_1_874' title='bbox 2018 4839 2146 4897; x_wconf 77' lang='lat' dir='ltr'><strong>MSS.</strong></span> <span class='ocrx_word' id='word_1_875' title='bbox 2179 4841 2464 4908; x_wconf 86' lang='lat' dir='ltr'><strong>nonnulli,</strong></span> <span class='ocrx_word' id='word_1_876' title='bbox 2497 4849 2554 4895; x_wconf 83' lang='lat' dir='ltr'><strong>ut</strong></span> <span class='ocrx_word' id='word_1_877' title='bbox 2579 4841 2843 4916; x_wconf 70' lang='lat' dir='ltr'><strong>epulamur</strong></span> <span class='ocrx_word' id='word_1_878' title='bbox 2875 4839 3116 4904; x_wconf 82' lang='lat' dir='ltr'><strong>Domino,</strong></span> <span class='ocrx_word' id='word_1_879' title='bbox 3150 4848 3258 4894; x_wconf 87' lang='lat' dir='ltr'><strong>etc.</strong></span> 
     </span>
    </p>
   </div>
   <div class='ocr_carea' id='block_1_113' title="bbox 1874 4932 3475 5009">
    <p class='ocr_par' dir='ltr' id='par_1_113' title="bbox 1874 4932 3475 5009">
     <span class='ocr_line' id='line_1_114' title="bbox 1874 4932 3475 5009; baseline -0.002 -18"><span class='ocrx_word' id='word_1_880' title='bbox 1874 4973 1880 4977; x_wconf 87' lang='lat'><strong>-</strong></span> <span class='ocrx_word' id='word_1_881' title='bbox 1949 4932 1976 4973; x_wconf 69' lang='grc' dir='ltr'><strong>τι</strong></span> <span class='ocrx_word' id='word_1_882' title='bbox 2008 4935 2136 4992; x_wconf 88' lang='lat' dir='ltr'><strong>Gill.</strong></span> <span class='ocrx_word' id='word_1_883' title='bbox 2162 4937 2216 4990; x_wconf 87' lang='lat' dir='ltr'><strong>in</strong></span> <span class='ocrx_word' id='word_1_884' title='bbox 2237 4951 2405 5002; x_wconf 80' lang='lat' dir='ltr'><strong>marg.</strong></span> <span class='ocrx_word' id='word_1_885' title='bbox 2433 4935 2735 5009; x_wconf 69' lang='lat' dir='ltr'><strong>corporibus</strong></span> <span class='ocrx_word' id='word_1_886' title='bbox 2756 4935 2834 4989; x_wconf 83' lang='lat' dir='ltr'><strong>vel</strong></span> <span class='ocrx_word' id='word_1_887' title='bbox 2855 4935 3142 5009; x_wconf 74' lang='lat' dir='ltr'><strong>pecoribus.</strong></span> <span class='ocrx_word' id='word_1_888' title='bbox 3173 4933 3288 4988; x_wconf 91' lang='lat' dir='ltr'><strong>Duo</strong></span> <span class='ocrx_word' id='word_1_889' title='bbox 3311 4933 3475 5009; x_wconf 72' lang='lat' dir='ltr'><strong>etiam</strong></span> 
     </span>
    </p>
   </div>
   <div class='ocr_carea' id='block_1_114' title="bbox 1870 5005 3473 5079">
    <p class='ocr_par' dir='ltr' id='par_1_114' title="bbox 1870 5005 3473 5079">
     <span class='ocr_line' id='line_1_115' title="bbox 1870 5005 3473 5079; baseline -0.002 -17"><span class='ocrx_word' id='word_1_890' title='bbox 1870 5022 2014 5072; x_wconf 81' lang='lat' dir='ltr'><strong>mss.-</strong></span> <span class='ocrx_word' id='word_1_891' title='bbox 2045 5011 2252 5073; x_wconf 86' lang='lat' dir='ltr'><strong>leguut,</strong></span> <span class='ocrx_word' id='word_1_892' title='bbox 2283 5008 2574 5079; x_wconf 76' lang='lat' dir='ltr'><strong>pecoribus.</strong></span> <span class='ocrx_word' id='word_1_893' title='bbox 2612 5007 2804 5079; x_wconf 79' lang='lat' dir='ltr'><strong>Melius</strong></span> <span class='ocrx_word' id='word_1_894' title='bbox 2827 5005 3004 5061; x_wconf 79' lang='lat' dir='ltr'><strong>tamen</strong></span> <span class='ocrx_word' id='word_1_895' title='bbox 3033 5007 3123 5060; x_wconf 83' lang='lat' dir='ltr'><strong>alii</strong></span> <span class='ocrx_word' id='word_1_896' title='bbox 3147 5016 3312 5079; x_wconf 77' lang='lat' dir='ltr'><strong>atque</strong></span> <span class='ocrx_word' id='word_1_897' title='bbox 3341 5005 3473 5059; x_wconf 77' lang='lat' dir='ltr'><strong>edit.</strong></span> 
     </span>
    </p>
   </div>
   <div class='ocr_carea' id='block_1_115' title="bbox 1877 5076 3476 5147">
    <p class='ocr_par' dir='ltr' id='par_1_115' title="bbox 1877 5076 3476 5147">
     <span class='ocr_line' id='line_1_116' title="bbox 1877 5076 3476 5147; baseline -0.001 -16"><span class='ocrx_word' id='word_1_898' title='bbox 1877 5080 2234 5146; x_wconf 82' lang='lat' dir='ltr'><strong>corporalibus</strong></span> <span class='ocrx_word' id='word_1_899' title='bbox 2255 5076 2534 5141; x_wconf 60' lang='lat' dir='ltr'><strong>{refertur</strong></span> <span class='ocrx_word' id='word_1_900' title='bbox 2557 5079 2702 5133; x_wconf 88' lang='lat' dir='ltr'><strong>enim</strong></span> <span class='ocrx_word' id='word_1_901' title='bbox 2731 5078 2797 5132; x_wconf 90' lang='lat' dir='ltr'><strong>ad</strong></span> <span class='ocrx_word' id='word_1_902' title='bbox 2837 5079 3116 5147; x_wconf 88' lang='lat' dir='ltr'><strong>superiora</strong></span> <span class='ocrx_word' id='word_1_903' title='bbox 3145 5076 3255 5139; x_wconf 87' lang='lat' dir='ltr'><strong>illa,</strong></span> <span class='ocrx_word' id='word_1_904' title='bbox 3288 5091 3476 5146; x_wconf 85' lang='lat' dir='ltr'><strong>corpo-</strong></span> 
     </span>
    </p>
   </div>
   <div class='ocr_carea' id='block_1_116' title="bbox 1877 5147 3474 5222">
    <p class='ocr_par' dir='ltr' id='par_1_116' title="bbox 1877 5147 3474 5222">
     <span class='ocr_line' id='line_1_117' title="bbox 1877 5147 3474 5222; baseline -0.001 -20"><span class='ocrx_word' id='word_1_905' title='bbox 1877 5150 2074 5203; x_wconf 84' lang='lat' dir='ltr'><strong>ralibus</strong></span> <span class='ocrx_word' id='word_1_906' title='bbox 2116 5152 2358 5222; x_wconf 76' lang='lat' dir='ltr'><strong>proxima</strong></span> <span class='ocrx_word' id='word_1_907' title='bbox 2398 5150 2646 5205; x_wconf 80' lang='lat' dir='ltr'><strong>alimenta</strong></span> <span class='ocrx_word' id='word_1_908' title='bbox 2668 5165 2686 5203; x_wconf 90' lang='lat'><strong><em>:</em></strong></span> <span class='ocrx_word' id='word_1_909' title='bbox 2708 5165 2828 5222; x_wconf 72' lang='lat' dir='ltr'><strong>qua:</strong></span> <span class='ocrx_word' id='word_1_910' title='bbox 2859 5153 2940 5206; x_wconf 91' lang='lat' dir='ltr'><strong>sic</strong></span> <span class='ocrx_word' id='word_1_911' title='bbox 2971 5149 3024 5204; x_wconf 91' lang='lat' dir='ltr'><strong>in</strong></span> <span class='ocrx_word' id='word_1_912' title='bbox 3060 5147 3310 5204; x_wconf 88' lang='lat' dir='ltr'><strong>omnibus</strong></span> <span class='ocrx_word' id='word_1_913' title='bbox 3341 5163 3474 5203; x_wconf 89' lang='lat' dir='ltr'><strong>mss.</strong></span> 
     </span>
    </p>
   </div>
   <div class='ocr_carea' id='block_1_117' title="bbox 1879 5221 2467 5276">
    <p class='ocr_par' dir='ltr' id='par_1_117' title="bbox 1879 5221 2467 5276">
     <span class='ocr_line' id='line_1_118' title="bbox 1879 5221 2467 5276; baseline 0 0"><span class='ocrx_word' id='word_1_914' title='bbox 1879 5233 1934 5276; x_wconf 90' lang='lat' dir='ltr'><strong>et</strong></span> <span class='ocrx_word' id='word_1_915' title='bbox 1966 5222 2097 5276; x_wconf 89' lang='lat' dir='ltr'><strong>edit.</strong></span> <span class='ocrx_word' id='word_1_916' title='bbox 2122 5221 2467 5276; x_wconf 75' lang='lat' dir='ltr'><strong>exhibentur.</strong></span> 
     </span>
    </p>
   </div>
   <div class='ocr_carea' id='block_1_118' title="bbox 1953 5312 3293 5381">
    <p class='ocr_par' dir='ltr' id='par_1_118' title="bbox 1953 5312 3293 5381">
     <span class='ocr_line' id='line_1_119' title="bbox 1953 5312 3293 5381; baseline 0.001 -15"><span class='ocrx_word' id='word_1_917' title='bbox 1953 5323 1975 5350; x_wconf 61' lang='grc' dir='ltr'>ι’</span> <span class='ocrx_word' id='word_1_918' title='bbox 2017 5312 2271 5381; x_wconf 86' lang='lat' dir='ltr'><strong>Plerique</strong></span> <span class='ocrx_word' id='word_1_919' title='bbox 2295 5326 2454 5380; x_wconf 88' lang='lat' dir='ltr'><strong>mss.,</strong></span> <span class='ocrx_word' id='word_1_920' title='bbox 2485 5313 2618 5368; x_wconf 76' lang='lat' dir='ltr'><strong>lacte</strong></span> <span class='ocrx_word' id='word_1_921' title='bbox 2649 5313 2746 5367; x_wconf 83' lang='lat' dir='ltr'><strong>Dei</strong></span> <span class='ocrx_word' id='word_1_922' title='bbox 2767 5355 2781 5378; x_wconf 93' lang='lat'><strong>,</strong></span> <span class='ocrx_word' id='word_1_923' title='bbox 2815 5313 2999 5377; x_wconf 75' lang='lat' dir='ltr'><strong>deinde</strong></span> <span class='ocrx_word' id='word_1_924' title='bbox 3020 5328 3154 5379; x_wconf 82' lang='lat' dir='ltr'><strong>esca,</strong></span> <span class='ocrx_word' id='word_1_925' title='bbox 3183 5321 3293 5367; x_wconf 92' lang='lat' dir='ltr'><strong>etc.</strong></span> 
     </span>
    </p>
   </div>
   <div class='ocr_carea' id='block_1_119' title="bbox 1876 5402 3398 5481">
    <p class='ocr_par' dir='ltr' id='par_1_119' title="bbox 1876 5402 3398 5481">
     <span class='ocr_line' id='line_1_120' title="bbox 1876 5402 3398 5481; baseline 0.001 -23"><span class='ocrx_word' id='word_1_926' title='bbox 1876 5446 1884 5451; x_wconf 83' lang='lat'><strong>.</strong></span> <span class='ocrx_word' id='word_1_927' title='bbox 1953 5402 1973 5441; x_wconf 69' lang='grc' dir='ltr'>ί</span> <span class='ocrx_word' id='word_1_928' title='bbox 2016 5404 2244 5472; x_wconf 84' lang='lat' dir='ltr'><strong>Quidam</strong></span> <span class='ocrx_word' id='word_1_929' title='bbox 2266 5414 2423 5470; x_wconf 82' lang='lat' dir='ltr'><strong>mss.,</strong></span> <span class='ocrx_word' id='word_1_930' title='bbox 2461 5405 2611 5475; x_wconf 79' lang='lat' dir='ltr'><strong>panis</strong></span> <span class='ocrx_word' id='word_1_931' title='bbox 2637 5405 3007 5460; x_wconf 84' lang='lat' dir='ltr'><strong>subcinericius</strong></span> <span class='ocrx_word' id='word_1_932' title='bbox 3037 5405 3398 5481; x_wconf 80' lang='lat' dir='ltr'><strong>ministratur.</strong></span> 
     </span>
    </p>
   </div>
   <div class='ocr_carea' id='block_1_120' title="bbox 1881 5497 3478 5570">
    <p class='ocr_par' dir='ltr' id='par_1_120' title="bbox 1881 5497 3478 5570">
     <span class='ocr_line' id='line_1_121' title="bbox 1881 5497 3478 5570; baseline 0.002 -19"><span class='ocrx_word' id='word_1_933' title='bbox 1881 5541 1886 5544; x_wconf 95' lang='lat'><strong>.</strong></span> <span class='ocrx_word' id='word_1_934' title='bbox 1953 5505 1978 5544; x_wconf 76' lang='grc' dir='ltr'>ε</span> <span class='ocrx_word' id='word_1_935' title='bbox 2023 5497 2161 5570; x_wconf 83' lang='lat' dir='ltr'><strong>Edit.</strong></span> <span class='ocrx_word' id='word_1_936' title='bbox 2196 5513 2486 5570; x_wconf 89' lang='lat' dir='ltr'><strong>cummss.</strong></span> <span class='ocrx_word' id='word_1_937' title='bbox 2521 5515 2628 5553; x_wconf 93' lang='lat' dir='ltr'><strong>non</strong></span> <span class='ocrx_word' id='word_1_938' title='bbox 2662 5501 2852 5570; x_wconf 86' lang='lat' dir='ltr'><strong>paucis</strong></span> <span class='ocrx_word' id='word_1_939' title='bbox 2875 5540 2888 5563; x_wconf 93' lang='lat'><strong>,</strong></span> <span class='ocrx_word' id='word_1_940' title='bbox 2920 5516 3069 5568; x_wconf 84' lang='lat' dir='ltr'><strong>quem</strong></span> <span class='ocrx_word' id='word_1_941' title='bbox 3097 5499 3293 5567; x_wconf 79' lang='lat' dir='ltr'><strong>(Rom.</strong></span> <span class='ocrx_word' id='word_1_942' title='bbox 3318 5500 3478 5570; x_wconf 85' lang='lat' dir='ltr'><strong>quia)</strong></span> 
     </span>
    </p>
   </div>
   <div class='ocr_carea' id='block_1_121' title="bbox 1879 5566 3469 5642">
    <p class='ocr_par' dir='ltr' id='par_1_121' title="bbox 1879 5566 3469 5642">
     <span class='ocr_line' id='line_1_122' title="bbox 1879 5566 3469 5642; baseline 0.001 -20"><span class='ocrx_word' id='word_1_943' title='bbox 1879 5579 2042 5622; x_wconf 79' lang='lat' dir='ltr'><strong>vatem</strong></span> <span class='ocrx_word' id='word_1_944' title='bbox 2091 5566 2339 5640; x_wconf 85' lang='lat' dir='ltr'><strong>(quidam</strong></span> <span class='ocrx_word' id='word_1_945' title='bbox 2384 5584 2516 5624; x_wconf 88' lang='lat' dir='ltr'><strong>mss.</strong></span> <span class='ocrx_word' id='word_1_946' title='bbox 2575 5566 2779 5642; x_wconf 72' lang='lat' dir='ltr'><strong>autem)</strong></span> <span class='ocrx_word' id='word_1_947' title='bbox 2824 5566 2941 5642; x_wconf 15' lang='lat' dir='ltr'><strong>inort</strong></span> <span class='ocrx_word' id='word_1_948' title='bbox 2996 5566 3184 5641; x_wconf 80' lang='lat' dir='ltr'><strong>queunt</strong></span> <span class='ocrx_word' id='word_1_949' title='bbox 3229 5566 3469 5625; x_wconf 64' lang='lat' dir='ltr'><strong>coritamil</strong></span> 
     </span>
    </p>
   </div>
   <div class='ocr_carea' id='block_1_122' title="bbox 1882 5641 3480 5712">
    <p class='ocr_par' dir='ltr' id='par_1_122' title="bbox 1882 5641 3480 5712">
     <span class='ocr_line' id='line_1_123' title="bbox 1882 5641 3480 5712; baseline 0.004 -20"><span class='ocrx_word' id='word_1_950' title='bbox 1882 5656 2040 5712; x_wconf 73' lang='lat' dir='ltr'><strong>nare,</strong></span> <span class='ocrx_word' id='word_1_951' title='bbox 2068 5643 2164 5712; x_wconf 75' lang='lat' dir='ltr'><strong>sed</strong></span> <span class='ocrx_word' id='word_1_952' title='bbox 2202 5656 2411 5708; x_wconf 85' lang='lat' dir='ltr'><strong>pascere</strong></span> <span class='ocrx_word' id='word_1_953' title='bbox 2458 5641 2775 5712; x_wconf 76' lang='lat' dir='ltr'><strong>peccatores.</strong></span> <span class='ocrx_word' id='word_1_954' title='bbox 2813 5641 2920 5697; x_wconf 84' lang='lat' dir='ltr'><strong>Sed</strong></span> <span class='ocrx_word' id='word_1_955' title='bbox 2952 5642 3074 5712; x_wconf 84' lang='lat' dir='ltr'><strong>quis</strong></span> <span class='ocrx_word' id='word_1_956' title='bbox 3111 5658 3304 5698; x_wconf 85' lang='lat' dir='ltr'><strong>sensus</strong></span> <span class='ocrx_word' id='word_1_957' title='bbox 3327 5684 3344 5708; x_wconf 92' lang='lat'><strong>,</strong></span> <span class='ocrx_word' id='word_1_958' title='bbox 3377 5643 3480 5698; x_wconf 86' lang='lat' dir='ltr'><strong>nisi</strong></span> 
     </span>
    </p>
   </div>
   <div class='ocr_carea' id='block_1_123' title="bbox 1882 5709 3484 5787">
    <p class='ocr_par' dir='ltr' id='par_1_123' title="bbox 1882 5709 3484 5787">
     <span class='ocr_line' id='line_1_124' title="bbox 1882 5709 3484 5787; baseline 0.003 -22"><span class='ocrx_word' id='word_1_959' title='bbox 1882 5709 2098 5780; x_wconf 88' lang='lat' dir='ltr'><strong>ineptus</strong></span> <span class='ocrx_word' id='word_1_960' title='bbox 2126 5709 2262 5787; x_wconf 74' lang='lat' dir='ltr'><strong>hinc</strong></span> <span class='ocrx_word' id='word_1_961' title='bbox 2296 5713 2549 5787; x_wconf 84' lang='lat' dir='ltr'><strong>eruatur?</strong></span> <span class='ocrx_word' id='word_1_962' title='bbox 2577 5711 2705 5787; x_wconf 80' lang='lat' dir='ltr'><strong>Nos</strong></span> <span class='ocrx_word' id='word_1_963' title='bbox 2736 5727 2865 5787; x_wconf 77' lang='lat' dir='ltr'><strong>vero</strong></span> <span class='ocrx_word' id='word_1_964' title='bbox 2913 5709 3090 5770; x_wconf 79' lang='lat' dir='ltr'><strong>locum</strong></span> <span class='ocrx_word' id='word_1_965' title='bbox 3137 5730 3204 5771; x_wconf 77' lang='lat' dir='ltr'><strong>ex</strong></span> <span class='ocrx_word' id='word_1_966' title='bbox 3243 5714 3484 5787; x_wconf 76' lang='lat' dir='ltr'><strong>quinque</strong></span> 
     </span>
    </p>
   </div>
   <div class='ocr_carea' id='block_1_124' title="bbox 1884 5780 2939 5852">
    <p class='ocr_par' dir='ltr' id='par_1_124' title="bbox 1884 5780 2939 5852">
     <span class='ocr_line' id='line_1_125' title="bbox 1884 5780 2939 5852; baseline 0.002 -13"><span class='ocrx_word' id='word_1_967' title='bbox 1884 5796 2019 5839; x_wconf 82' lang='lat' dir='ltr'><strong>mss.</strong></span> <span class='ocrx_word' id='word_1_968' title='bbox 2053 5780 2380 5852; x_wconf 77' lang='lat' dir='ltr'><strong>probatioris</strong></span> <span class='ocrx_word' id='word_1_969' title='bbox 2409 5794 2550 5841; x_wconf 71' lang='lat' dir='ltr'><strong>notae</strong></span> <span class='ocrx_word' id='word_1_970' title='bbox 2577 5783 2939 5842; x_wconf 75' lang='lat' dir='ltr'><strong>restitttitnust</strong></span> 
     </span>
    </p>
   </div>
  </div>
