3960 6304
476 298 613 381 tesi

1836 293 2079 382 ssucrt
2116 320 2446 412 sueaosn

3633 315 3773 374 1692

482 436 622 501 nito;
659 443 837 490 tamen
870 434 1089 491 videtur
1123 436 1209 490 hic
1254 434 1574 490 fundatioris
1618 435 1878 492 Ecclesiae
1907 453 2075 508 popu-
2099 437 2152 503 Α
2178 448 2396 510 quantis
2428 437 2685 509 operibus
2710 451 2847 503 opus
2873 443 3081 490 astruat
3112 453 3125 491 :
3153 433 3278 489 dum
3308 448 3503 506 aquam
3529 420 3776 489 minister

479 528 586 593 lus,
619 531 709 596 qui
741 530 858 585 sine
881 530 1088 584 numeri
1123 527 1443 584 definitione
1475 530 1764 585 recmubit.

559 619 773 696 1404
800 621 891 678 84.
929 620 1214 694 Mysticum
1245 637 1460 693 quoque
1489 629 1572 678 est
1598 623 1740 692 quod
1771 630 1826 678 et
1853 623 2079 679 mandu-

484 729 616 771 cans
648 716 875 784 populus
895 717 1145 781 satiatur,
1170 724 1225 770 et
1253 715 1563 771 ministrant
1586 715 1849 787 apostoli;
1877 731 2000 771 nam
2024 725 2080 772 et

484 809 538 864 iu
579 806 862 872 satietate,
911 807 1145 876 repulsa:
1193 808 1244 862 in
1284 817 1600 878 perpetuum
1635 809 1792 864 famis
1819 808 2076 865 iudicium

483 900 832 971 designatur;
863 901 988 971 quia
1034 915 1139 954 non
1185 901 1386 956 esuriet
1435 901 1531 972 qui
1575 899 1849 974 acceperit
1896 903 2077 957 cibum

488 993 690 1048 Christi
723 1009 735 1046 :
765 999 819 1047 et
849 993 899 1047 in
932 993 1308 1063 apostolorum
1335 994 1650 1049 ministerio
1686 994 1860 1049 futura
1885 993 2080 1049 divisio

487 1086 755 1142 Dominici
811 1085 1061 1156 corporis
1113 1086 1499 1156 Sanguinisque
1550 1087 1917 1155 praemittitur.
1961 1085 2079 1142 Jam

488 1181 623 1236 illud
647 1181 916 1247 divinum,
950 1180 1402 1250 quemadmodum
1447 1182 1685 1250 quinque
1729 1195 1894 1251 panes
1925 1181 2082 1251 quin-

485 1289 592 1346 que
624 1273 862 1329 millibus
899 1273 1085 1344 p0puli
1116 1272 1591 1340 redundaverunt;
1633 1289 1741 1329 non
1774 1275 1918 1329 enim
1965 1273 2084 1330 exi-

487 1382 615 1436 guo,
662 1364 756 1421 sed
785 1364 1146 1436 multiplicato
1185 1365 1310 1420 cibo
1341 1365 1596 1437 populum
1642 1365 1816 1437 liquet
1845 1380 1965 1422 esse
1996 1381 2083 1422 sa-

489 1460 707 1515 tiatutu.

561 1555 652 1609 85.
694 1551 922 1609 Videres
987 1551 1530 1623 iocemprehcnsibili
1585 1551 1819 1623 quodam
1907 1553 2082 1623 rigatu

491 1647 634 1701 inter
662 1644 1016 1701 dividentium
1043 1660 1259 1712 manus,
1296 1660 1431 1715 quas
1461 1660 1565 1699 non
1597 1644 1909 1716 fregerant,
1936 1645 2085 1701 fruc-

489 1738 699 1795 tificare
751 1738 1081 1810 particulas,
1135 1750 1188 1793 et
1238 1740 1438 1793 intacta
1489 1740 1855 1809 frangentium
1902 1739 2084 1810 digitis

2181 532 2442 598 infundit,
2491 531 2628 586 odor
2676 528 2980 586 transfusus
3027 527 3297 595 inebriat,
3343 529 3496 583 color
3539 535 3776 608 mutatus

2180 623 2470 692 informat,
2505 623 2665 680 fidem
2688 640 2906 696 quoque
2937 638 3098 695 sapor
3127 622 3350 677 haustus
3374 622 3705 677 accumulat.

2251 717 2342 773 88.
2384 715 2675 772 Conferant
2701 716 2953 788 gentiles,
2983 719 3025 770 si
3059 715 3265 784 placet,
3298 729 3418 768 cum
3450 713 3652 769 Christi
3681 715 3796 772 be-'

2181 809 2389 865 ucficiis
2416 809 2643 864 deorum
2668 823 2890 864 suorum
2919 823 3025 862 non
3058 806 3221 872 facta,
3257 806 3353 862 sed
3387 809 3532 862 ficta.
3571 805 3776 881 1&05

2180 901 2386 959 Ferunt
2407 911 2554 958 certe
2583 917 2772 957 eorum
2813 897 3007 957 fabula:
3036 900 3204 955 fuisse
3227 907 3251 937 ’ί
3281 915 3460 971 regem
3490 901 3778 972 quemdam

2182 986 2271 1068 qui
2302 995 2561 1068 quidquid
2591 996 2870 1068 tangebat,
2900 1011 3089 1050 aurum
3117 994 3301 1050 fiebat.
3333 995 3436 1051 Sed
3461 996 3625 1049 etiam
3656 1011 3784 1050 con-

2183 1087 2322 1142 vivia
2361 1088 2476 1158 ipsa
2520 1087 2740 1154 feralia;
2772 1103 2894 1142 nam
2939 1098 2993 1143 et
3040 1088 3154 1158 ipsa
3205 1085 3448 1141 mantilii
3477 1086 3664 1158 digitis
3692 1103 3784 1158 ap-

2183 1180 2452 1250 prehensa
2486 1181 2775 1251 riguerunt
2805 1199 2817 1233 :
2845 1189 2901 1235 et
2931 1179 3084 1236 cibus
3117 1179 3171 1234 in
3202 1193 3300 1235 ore
3323 1177 3674 1250 crepitabat,
3709 1181 3786 1235 fe-

2182 1289 2308 1329 rens
2337 1288 2442 1327 non
2474 1275 2752 1339 alimenta,
2787 1273 2881 1329 sed
2909 1273 3128 1328 vulnera
3161 1291 3173 1328 :
3203 1283 3256 1327 et
3288 1273 3338 1326 in
3370 1283 3590 1343 gutture
3629 1282 3784 1344 potus

2183 1367 2467 1432 haerebat,
2502 1384 2601 1423 nec
2647 1379 2934 1438 penetrare
2984 1366 3158 1421 facilis
3180 1409 3194 1432 ,
3229 1383 3331 1422 nec
3362 1367 3566 1423 redire.
3617 1365 3786 1439 Digna

2183 1459 2445 1516 beneflcia
2477 1459 2638 1526 votis,
2665 1460 2825 1530 digna
2852 1467 3000 1514 tanto
3032 1473 3257 1514 munera
3285 1467 3594 1531 precatore,
3622 1460 3779 1530 digna

2184 1553 2481 1609 liberalitas
2496 1551 2851 1609 conferente!
2880 1551 3032 1608 Talia
3059 1561 3185 1606 sunt
3203 1550 3473 1606 idolorum
3497 1551 3782 1616 beneficia,

2186 1653 2244 1700 ut
2277 1661 2398 1699 cum
2430 1645 2684 1700 videntur
2727 1644 3024 1718 prodesse,
3079 1644 3198 1714 plus
3252 1652 3487 1700 noceant
3518 1661 3531 1698 :
3564 1654 3625 1699 at
3655 1659 3781 1699 vero

2184 1737 2386 1794 Christi
2437 1755 2660 1795 munera
2707 1751 2872 1810 parva
2920 1738 3200 1804 videntur,
3246 1748 3299 1794 et
3353 1737 3587 1792 maxima
3642 1747 3784 1794 sunt.

492 1841 688 1903 sponte
730 1848 826 1888 sua
879 1831 1182 1902 fragmenta
1220 1832 1542 1904 subrepere.
1599 1831 1703 1900 Qui
1755 1832 1869 1888 inec
1917 1833 2080 1904 legit,
2112 1829 2160 1890 B
2192 1831 2433 1904 Denique
2483 1849 2587 1888 non
2621 1833 2709 1888 uni
2741 1833 2956 1899 collata,
2990 1832 3084 1888 sed
3118 1833 3361 1902 populis;
3401 1847 3524 1886 nam
3555 1841 3612 1886 et
3645 1832 3791 1887 cibus

433 1931 438 1938 '
491 1924 1117 1996 qnemadmodumjuges
1147 1938 1408 1996 aquarum
1432 1924 1659 1979 miretur
1690 1933 1922 1992 meatus,
1943 1925 2086 1981 etli-

492 2019 673 2086 quidis
712 2017 951 2072 fontibus
979 2024 1200 2087 stupeat
1231 2018 1521 2072 continuos
1553 2016 1722 2072 fluere
1752 2032 2041 2073 successus
2072 2034 2085 2071 :

492 2109 710 2181 quando
741 2110 904 2165 etiam
951 2109 1380 2180 panis'exundat
1409 2153 1424 2177 ,
1473 2118 1529 2164 et
1559 2119 1767 2166 natura:
1809 2109 2089 2165 solidioris

495 2203 698 2274 rigatus
729 2201 1034 2257 exuberat?
1065 2201 1193 2258 [hac
1222 2203 1389 2272 igitur
1412 2201 1550 2257 facta
1585 2213 1741 2270 sunt,
1770 2203 1931 2257 utilla
1954 2218 2088 2273 quo-

494 2311 599 2366 que
641 2309 760 2366 quas
793 2309 898 2349 non
935 2294 1211 2350 cernimus
1236 2339 1249 2362 ,
1280 2309 1655 2352 cerneremus.
1686 2295 1779 2350 llis
1804 2295 2089 2351 evidenter

495 2387 712 2441 illorum
743 2402 956 2458 quoque
988 2387 1295 2457 designavit
1339 2396 1616 2442 auctorem
1642 2429 1657 2453 ,
1704 2397 1756 2442 et
1794 2387 1960 2442 totius
1999 2403 2090 2442 na-

493 2490 629 2535 tura:
652 2491 956 2536 creatorem
977 2497 1057 2535 ma
1070 2483 1276 2537 terialis
1302 2483 1558 2550 existere,
1585 2498 1704 2553 quac
1732 2499 1838 2537 non
1861 2482 1942 2556 (ut
1972 2482 2091 2553 phi-

491 2573 703 2644 los0phi
722 2572 932 2646 volunt)
957 2583 1196 2646 reperta,
1217 2575 1312 2629 sed
1340 2577 1500 2643 facta,
1526 2576 1812 2647 gignendis
1837 2578 2090 2633 omnibus

442 2720 447 2725 .
494 2667 658 2721 rebus
688 2681 979 2723 successus
1000 2668 1208 2723 defluos
1240 2669 1634 2746 subministrat.

569 2760 658 2816 86.
704 2761 817 2815 Hoc
847 2761 1064 2832 quidem
1098 2764 1296 2819 mirum
1320 2805 1337 2831 ,
1362 2765 1621 2836 quidquid
1668 2764 1735 2820 de
1775 2764 2089 2823 fluminibus

497 2854 753 2922 haurias,
788 2856 942 2925 signo
985 2856 1259 2926 dispendii
1303 2872 1410 2912 non
1460 2859 1639 2913 notari
1687 2877 1700 2914 :
1731 2859 1994 2930 quidquid
2023 2861 2091 2916 de

497 2949 734 3002 fontibus
763 2948 1011 3017 auferas,
1041 2953 1291 3006 usurario
1331 2951 1566 3022 quodam
1607 2955 1850 3022 reparari
1880 2963 2085 3009 meatu.

497 3039 603 3097 Sed
636 3050 692 3097 et
727 3041 1038 3119 fluminibus
1068 3044 1112 3098 si
1141 3044 1276 3098 nihil
1301 3044 1567 3101 decedere
1588 3088 1600 3108 ,
1639 3047 1768 3101 nihil
1798 3055 1978 3103 tamen
2012 3049 2091 3102 vi-

497 3133 690 3188 deatur
735 3134 996 3190 accedere
1027 3151 1040 3188 :
1071 3144 1126 3190 et
1173 3133 1416 3191 fontibus
1465 3148 1522 3190 ut
1565 3140 1834 3193 cumulata
1885 3139 2088 3195 ﬂuenta

498 3234 835 3293 cernuntur,
869 3226 942 3280 ita
969 3226 1094 3280 dum
1125 3225 1446 3282 minuuntur
1491 3227 1694 3283 fluenta
1715 3273 1730 3297 ,
1764 3231 2091 3300 produntur.
2122 3219 2166 3281 C

499 3313 569 3368 At
592 3330 724 3370 vero
755 3315 844 3391 hic
879 3318 1033 3386 panis
1059 3332 1220 3388 quem
1267 3319 1464 3390 frangit
1494 3319 1678 3388 Jesus,
1707 3323 1939 3395 mystice
1968 3326 2094 3394 qui-

501 3407 624 3462 dem
656 3408 752 3463 Dei
783 3411 1005 3465 verbum
1039 3405 1141 3478 est,
1176 3423 1230 3468 et
1260 3429 1442 3468 sermo
1471 3414 1540 3470 de
1564 3414 1814 3484 Christo,
1843 3418 1935 3488 qui
1966 3417 2092 3473 dum

500 3498 781 3566 dividitur,
810 3511 1067 3572 augetur;
1099 3504 1167 3559 de
1197 3506 1383 3574 paucis
1412 3508 1555 3561 enim
1579 3510 1943 3577 sermonibus,
1977 3527 2096 3567 om-

504 3593 660 3648 nibus
693 3595 908 3664 populis
954 3596 1346 3652 redundantem
1385 3599 1698 3656 alimoniam
1743 3603 2091 3658 ministravit.

503 3686 661 3740 Dedit
703 3701 989 3744 sermones
1035 3691 1197 3746 nobis
1246 3692 1397 3747 velut
1431 3708 1632 3763 panes,
1684 3696 1775 3766 qul
1811 3697 1861 3749 in
1910 3708 2096 3754 nostro

500 3780 627 3834 dum
659 3780 900 3837 libantur
940 3799 1070 3852 ore,
1116 3785 1484 3856 geminantur.
1527 3785 1836 3844 Visibiliter
1882 3803 2096 3862 quoque

501 3875 656 3944 panis
689 3875 790 3930 iste
822 3876 1127 3932 incredibili
1181 3877 1394 3934 ratione
1445 3879 1571 3934 dum
1624 3881 1921 3953 frangitur,
1965 3884 2094 3938 dum

499 3968 788 4035 dividitur,
815 3971 947 4026 dum
978 3973 1191 4038 editur,
1240 3975 1358 4031 sine
1396 3975 1503 4031 ulla
1543 3976 1814 4049 diSpendii
1848 3995 2096 4052 compre-

501 4059 766 4115 hensione
796 4063 1125 4119 cumulatur.
2079 4065 2087 4070 ’

572 4153 660 4207 87.
698 4154 808 4209 Nec
848 4155 1063 4212 dubites
1110 4159 1190 4212 vel
1233 4160 1463 4230 quod.in
1497 4163 1745 4218 manibus
1781 4167 2098 4222 ministran-

501 4245 668 4311 tium,
712 4247 798 4300 vel
831 4248 882 4301 in
930 4262 1027 4303 ore
1055 4248 1332 4305 edentium
1364 4261 1613 4317 crescat;
1652 4256 1869 4326 quando
1901 4260 2098 4328 ubique

499 4339 670 4392 nostri
700 4340 882 4408 operis
913 4342 1282 4397 testimonium
1313 4345 1378 4398 ad
1417 4344 1816 4401 firmamentum
1860 4350 2098 4405 creduli-

499 4435 624 4486 tatis
650 4432 989 4490 adsciscitur.
1022 4435 1114 4489 Sic
1140 4437 1191 4491 in
1220 4438 1421 4508 nuptiis
1451 4453 1517 4494 ex
1549 4438 1789 4497 fontibus
1817 4442 1960 4508 vina,
1997 4445 2097 4500 mi-

499 4523 690 4579 nistris
719 4528 1094 4597 operantibus,
1124 4530 1475 4598 colorantur,
1504 4541 1559 4588 et
1585 4531 1689 4604 ipsi
1713 4535 1802 4605 qui
1833 4535 2099 4607 ixnpleve-

2191 1925 2467 1981 edentium
2501 1927 2552 1980 in
2577 1941 2674 1982 ore
2700 1927 2981 1982 crescebat
3004 1969 3020 1994 ,
3049 1935 3100 1982 et
3133 1923 3417 1981 videbatur
3445 1940 3569 1981 esse
3600 1940 3790 1997 corpo-

2191 2019 2321 2074 ralis
2349 2019 2642 2084 alimonize,
2674 2019 2770 2075 sed
2801 2019 3123 2076 sumebatur
3151 2017 3343 2074 salutis
3373 2027 3620 2075 :eternre.

2260 2115 2351 2170 89.
2378 2115 2484 2169 Cur
2533 2126 2713 2171 autem
2763 2115 3000 2185 quinque
3046 2114 3292 2168 millibus
3335 2113 3616 2168 hominum
3671 2112 3784 2184 plus

2191 2207 2495 2273 redundat,
2547 2214 2780 2278 quatuor
2822 2205 3065 2261 millibus
3121 2205 3338 2260 minus?
3385 2204 3522 2274 Quia
3565 2215 3794 2274 quatuor

2191 2301 2360 2356 millia
2409 2303 2509 2356 ista
2542 2301 2719 2355 triduo
2749 2316 2870 2356 cum
2900 2298 3122 2355 Christo
3151 2299 3398 2365 fuerunt;
3427 2309 3481 2354 et
3511 2297 3638 2354 ideo
3676 2314 3789 2352 am-

2191 2397 2332 2467 plius
2363 2395 2602 2450 caelestis
2632 2393 2814 2465 pabuli
2844 2402 3195 2464 receperunt.
3599 2401 3604 2403 ‘

2265 2491 2354 2546 90.
2396 2489 2508 2545 Nec
2527 2490 2700 2544 otiose
2727 2503 2852 2558 qum
2875 2487 3049 2542 turbae
3093 2493 3422 2556 supersunt,
3452 2502 3481 2540 a
3513 2484 3794 2556 discipulis

2191 2585 2550 2655 colliguntur;
2583 2583 2707 2653 quia
2737 2597 2798 2637 ea
2841 2588 2966 2652 quze‘
2996 2579 3180 2636 divina
3211 2591 3369 2646 sunt,
3403 2579 3543 2652 apud
3594 2580 3795 2636 electos

2192 2676 2403 2733 facilius
2439 2676 2614 2747 possis
2641 2691 2798 2746 quam
2833 2673 2976 2745 apud
3019 2675 3252 2745 populos
3278 2677 3542 2744 reperire.
3573 2673 3792 2730 Utinam

2193 2770 2322 2824 mihi
2379 2770 2658 2839 contingat
2697 2767 2885 2822 audire
2929 2785 2942 2820 :
2974 2766 3185 2838 Collige
3215 2782 3335 2836 quae
3363 2769 3699 2837 supersunt!
3741 2767 3791 2823 Si

2191 2863 2416 2920 audiero
2443 2873 2495 2918 et
2528 2862 2708 2918 fecero
2728 2904 2741 2926 ,
2776 2862 2987 2917 habebo
3015 2862 3181 2915 multa
3211 2875 3332 2930 quze
3363 2861 3556 2924 turbaa,
3584 2859 3793 2917 habebo

2195 2957 2358 3011 multa
2408 2972 2525 3027 quae
2580 2956 2729 3026 pueri
2776 2964 2830 3010 et
2879 2954 3137 3010 mulieres
3190 2954 3354 3010 edere
3413 2955 3790 3026 nequiverunt.

2194 3049 2394 3105 Beatus
2423 3049 2517 3104 ille
2544 3049 2631 3119 qui
2662 3055 2840 3118 potest
2865 3047 3128 3119 colligere
3158 3063 3278 3119 quae
3311 3047 3477 3103 etiam
3501 3047 3686 3104 doctis
3713 3064 3795 3104 su-

2196 3150 2440 3212 persunt.
2959 3153 2961 3155 ’

2272 3233 2360 3288 91.
2403 3233 2694 3289 Videamus
2723 3232 2998 3305 quomodo
3026 3234 3268 3304 colligat.
3317 3233 3463 3290 Dixit
3492 3235 3604 3291 Lex
3640 3255 3652 3289 :
3679 3234 3793 3290 Non

2197 3325 2529 3382 mwchaberis
2582 3324 2794 3398 (Exod.
2847 3343 2949 3391 xx,
3012 3325 3137 3400 M).
3173 3327 3358 3398 Fregit
3412 3326 3561 3383 hunc
3603 3344 3795 3400 panem

2195 3416 2472 3486 Christus,
2508 3419 2689 3474 divisit
2711 3419 2813 3475 hoc
2841 3419 3066 3474 verbum
3090 3461 3106 3487 ,
3134 3436 3241 3474 non
3269 3419 3489 3476 aliunde
3511 3421 3792 3491 adjiciens,

2197 3513 2290 3569 sed
2322 3515 2386 3567 de
2415 3528 2513 3567 suo
2544 3513 2786 3584 partiens
2833 3536 2846 3568 :
2904 3513 3003 3580 Qui
3034 3513 3251 3580 viderit,
3289 3513 3498 3584 inquit,
3532 3515 3796 3588 mulierem

2196 3606 2265 3658 ad
2288 3605 2774 3674 concupiscendum,
2800 3609 2913 3680 jam
2942 3604 3224 3660 mwchatus
3253 3617 3326 3660 est
3349 3622 3464 3660 eam
3496 3603 3717 3680 (Matth.
3747 3621 3794 3671 v,

2195 3697 2309 3771 ‘28).
2345 3699 2521 3754 Habes
2553 3699 2912 3770 fragmentum
2945 3699 3014 3754 de
3042 3715 3164 3755 suo.
3215 3699 3441 3754 Addidit
3487 3718 3499 3752 :
3533 3701 3595 3755 Si
3625 3702 3796 3758 oculus

2197 3802 2314 3846 tuus
2341 3791 2519 3845 dexter
2544 3790 2865 3846 scandalizat
2889 3801 2958 3858 te,
2979 3807 3100 3848 erue
3120 3808 3232 3845 eum
3258 3790 3450 3861 (lbid.,
3477 3789 3596 3864 29).
3632 3794 3798 3848 llabes

2199 3885 2366 3940 aliud.
2401 3882 2465 3939 Et
2494 3885 2540 3939 si
2592 3884 2805 3940 dextera
2833 3894 2921 3938 tua
2950 3885 3271 3940 scandalizat
3295 3893 3374 3953 te,
3407 3885 3658 3941 abscinde
3693 3903 3798 3941 eam

2156 4027 2158 4030 ,
2201 3975 2395 4059 (Ibid.,
2425 3977 2554 4049 30);
2601 3989 2678 4046 et,
2702 3977 2802 4044 Qui
2836 3980 3104 4062 dimissam
3149 3997 3182 4033 a
3210 3981 3320 4034 viro
3351 3980 3496 4035 ducit
3519 4022 3534 4046 ,
3579 3979 3798 4036 macha-

2199 4081 2282 4125 tnr
2313 4055 2489 4142 (Lua,
2534 4087 2620 4126 xv:
2643 4114 2658 4138 ,
2695 4070 2807 4143 19).
2845 4057 3010 4126 νίιιεέ
3036 4088 3100 4126 ex
3134 4087 3240 4126 uno
3271 4087 3432 4144 quam
3464 4073 3638 4127 multa
3665 4074 3799 4143 frag-

2198 4174 2400 4219 menta.
2431 4164 2642 4236 Moyses
2673 4164 2804 4219 dicit
2825 4166 2969 4235 quod
2995 4165 3254 4219 Abraham
3279 4167 3410 4220 duos
3435 4166 3578 4235 ﬁlios
3602 4167 3796 4230 habuit,

2198 4271 2359 4308 unum
2387 4255 2450 4309 de
2476 4256 2692 4320 ancilla,
2724 4267 2771 4310 et
2817 4274 2976 4310 unum
3019 4257 3081 4312 de
3135 4259 3297 4312 libera
3331 4251 3533 4330 (Calai.
3587 4276 3660 4324 tv,
3685 4258 3796 4328 Ἡ).

2202 4347 2398 4402 Paulus
2426 4348 2559 4402 dixit
2595 4367 2606 4403 :
2647 4347 2773 4404 Ha’c
2802 4361 2921 4404 sunt
2948 4350 3050 4405 duo
3085 4347 3413 4405 Testamenta
3447 4351 3647 4424 (fbid.,
3682 4352 3798 4419 ‘24.).

2202 4441 2392 4496 Divisit
2433 4441 2536 4497 hoc
2566 4444 2814 4511 verbum,
2862 4454 2916 4499 ct
2966 4445 3173 4501 invenit
3225 4444 3570 4514 mysterium.
3609 4447 3800 4502 Beatus

2201 4552 2333 4608 ergo
2366 4536 2458 4606 qui
2491 4537 2716 4608 colligit,
2749 4554 2869 4608 qure
2901 4537 3095 4593 dividit
3124 4537 3397 4594 Christus.

497 4629 619 4672 rant
649 4617 867 4689 hydrias
893 4636 1054 4692 aqua,
1076 4624 1262 4677 vinum
1292 4624 1434 4695 quod
1463 4642 1569 4680 non
1601 4626 1935 4697 detulerant,
1967 4629 2098 4685 hau-
2123 4615 2178 4676 Ῑ)
2273 4630 2363 4686 92.
2397 4631 2509 4698 Qua
2535 4637 2745 4686 ratione
2778 4641 2958 4686 autem
2991 4632 3257 4702 c0phinos
3301 4631 3590 4688 duodecim
3619 4631 3800 4688 Chris-

497 4711 714 4766 riebant
745 4711 923 4783 (Joan.
952 4729 1023 4781 ιι,
1053 4715 1086 4769 5
1112 4725 1160 4770 ει
1180 4717 1346 4788 seq.).
1371 4718 1808 4789 Comprehendc,
1841 4723 1886 4776 si
1921 4731 2094 4791 potes,

501 4811 649 4858 tanta
683 4819 862 4859 rerum
904 4808 1192 4863 miracula.
1240 4809 1339 4864 Hic
1376 4811 1666 4865 edentibus
1712 4814 1928 4882 populis
1977 4827 2096 4870 cre-

498 4906 661 4959 scunt
686 4897 798 4952 suis
832 4897 1130 4969 fragmenta
1162 4901 1498 4970 dispendiis,
1539 4911 1597 4959 et
1625 4903 1693 4959 de
1723 4906 1962 4976 quinque
2011 4921 2100 4976 pa-

501 4988 661 5044 nibus
691 4990 929 5061 majores
958 4993 1204 5063 reliquiae
1240 5010 1402 5065 quam
1435 5011 1647 5051 summa
1681 5005 1767 5053 est
1790 5039 1802 5063 ,
1835 4991 2100 5070 colligun-

498 5089 586 5135 tur
619 5098 632 5134 :
667 5083 776 5137 illic
811 5083 862 5137 in
909 5084 1139 5140 alienam
1183 5087 1419 5156 Speciem
1466 5096 1752 5145 vertuntur
1780 5090 2051 5147 elementa
2074 5135 2090 5162 ,

497 5192 596 5232 nec
623 5193 752 5232 suos
780 5180 980 5247 patitur
1003 5188 1194 5235 natura
1220 5181 1464 5237 defectus
1485 5225 1498 5247 ,
1543 5198 1646 5238 nec
1687 5197 1817 5241 suos
1847 5189 2094 5255 agnoscit

496 5269 672 5338 ortus,
698 5286 797 5326 usu
825 5280 1002 5327 tamen
1028 5275 1246 5344 proprio
1261 5277 1623 5346 recognoscit.
1649 5277 1787 5344 Quin
1803 5280 1966 5334 etiam
1990 5295 2096 5336 me-

497 5370 600 5426 iior
627 5379 716 5428 est
745 5374 933 5428 mutati
962 5374 1072 5429 vini
1113 5385 1303 5431 natura
1337 5394 1496 5448 quam
1525 5379 1672 5446 nati;
1703 5381 1828 5451 quia
1867 5381 1919 5436 in
1949 5380 2096 5436 arbi-

496 5462 601 5515 trio
630 5463 906 5520 Creatoris
927 5477 1045 5534 est,
1072 5476 1127 5523 et
1167 5483 1305 5538 quos
1337 5486 1466 5526 usus
1507 5473 1639 5527 velit
1685 5474 1964 5543 assignare
1997 5490 2094 5529 na-

498 5557 668 5621 turis,
709 5568 763 5614 et
810 5573 945 5629 quas
995 5571 1215 5616 naturas
1264 5564 1545 5633 impartire
1595 5565 1905 5638 gignendis.
1958 5564 2096 5621 Vide

569 5694 810 5774 fMidam
840 5696 1079 5770 intellige
1099 5700 1347 5774 Phrygiae
1367 5719 1553 5772 regem
1579 5717 1738 5774 quem
1765 5711 1960 5774 poene,
1984 5713 2092 5774 quo

502 5765 742 5841 sub_ejus
762 5783 992 5835 persona
1019 5765 1179 5841 quam
1209 5765 1372 5827 sfulta
1403 5765 1513 5829 sint
1533 5765 1822 5828 av‘aroru'm
1848 5765 2092 5837 votafob

507 5835 695 5902 oculos
741 5851 1000 5915 ponerent
1027 5835 1051 5910 ,’
1097 5844 1371 5913 tinxerunt
1397 5859 1464 5905 eo
1511 5859 1742 5916 munere
1770 5835 2027 5914 donatum
2059 5858 2090 5914 a

2201 4729 2286 4777 tus
2319 4723 2564 4792 implevit
2585 4768 2598 4792 ,
2636 4723 2738 4778 nisi
2790 4735 2846 4778 ut
2879 4723 3011 4779 illud
3042 4725 3222 4796 populi
3271 4724 3481 4780 Judaici
3513 4725 3754 4780 solveret
3783 4740 3796 4775 :

2205 4814 2342 4882 Quia
2385 4831 2568 4870 manus
2614 4818 2725 4888 ejus
2762 4817 2816 4869 in
2837 4817 3057 4888 caphino
3108 4817 3392 4871 servierunt
3419 4815 3595 4889 (Psaf.
3624 4827 3797 4880 Lxxx,

2201 4908 2257 4972 7)
2292 4928 2304 4962 :
2337 4908 2441 4964 hoc
2461 4920 2582 4976 est,
2617 4908 2844 4980 populus
2865 4911 2954 4979 qui
2985 4910 3298 4964 antelutum
3323 4909 3373 4962 iu
3409 4907 3664 4980 cophinis
3691 4904 3799 4964 cnl-

2204 5001 2427 5070 Iigebat,
2481 5001 2568 5056 hic
2610 5002 2723 5070 jam
2771 5015 2868 5070 per
2897 5016 3118 5055 crucem
3169 4997 3372 5054 Christi
3403 5000 3528 5054 vitae
3559 4998 3798 5055 ctelestis

2203 5107 2461 5164 operatur
2488 5095 2836 5161 alimoniam;
2869 5103 3014 5149 eteo
3043 5093 3165 5148 ﬁdei
3188 5094 3368 5149 cibum
3393 5095 3678 5163 congerit,
3714 5090 3795 5144 ubi

2199 5195 2316 5242 erat
2362 5198 2486 5243 ante
2535 5202 2750 5245 omnum
2799 5186 3019 5258 gentilis
3051 5185 3312 5258 perfidite.
3343 5183 3454 5241 Nec
3499 5197 3793 5258 paucorum

2201 5280 2304 5338 hoc
2355 5280 2589 5336 munus?
2644 5281 2742 5336 sed
2780 5281 3024 5336 omnium
3055 5289 3157 5336 est.
3218 5278 3350 5334 Nam
3384 5294 3480 5346 per
3509 5276 3793 5333 duodecim

2197 5375 2462 5444 cophinos
2493 5383 2763 5444 tamquam
2808 5374 3046 5429 tribuum
3093 5371 3428 5442 singularum
3461 5371 3584 5426 fidei
3613 5371 3793 5424 firma—

2199 5477 2442 5522 mentum
2471 5466 2770 5522 redundat:
2801 5465 2961 5521 Panis
2989 5466 3131 5522 enim
3154 5465 3427 5536 confirmat
3450 5481 3540 5520 cor
3571 5461 3791 5518 hominis

2201 5560 2376 5634 (Psaf.
2409 5577 2506 5618 cut
2522 5603 2539 5630 ,
2572 5559 2684 5631 16).

2199 5696 2440 5771 Baccho,
2476 5707 2534 5752 ut
2561 5695 2821 5771 quidquid
2847 5707 3130 5771 tangeret,
3159 5700 3215 5771 in
3242 5713 3434 5771 aurum
3458 5703 3787 5758 verteretur.

2202 5769 2333 5824 Vide
2363 5769 2537 5825 Ovidii
2571 5767 2852 5846 ll'letamor.
2879 5767 2976 5826 Iib'.
3002 5787 3086 5840 xi,
3111 5767 3220 5840 fab.
3250 5769 3304 5845 ἦ.
