3960 6296
192 311 324 370 1695

1143 306 1511 367 EXPOSITIO
1549 301 1805 364 EVANG.
1849 293 1997 364 SEC.
2041 299 2197 362 LUC.
2238 301 2368 361 LIB.
2409 301 2518 360 Vi-

3337 303 3475 365 1694

252 431 434 502 (Vers.
486 428 618 503 20.)
650 428 795 484 Dixit
839 438 1010 484 autent
1041 428 1146 484 illis
1174 445 1192 482 :
1229 428 1334 482 Vos
1359 443 1508 496 quem
1542 442 1620 481 me
1667 440 1774 481 esse
1801 425 1850 487 Α
1881 423 2122 494 paravit,
2168 435 2354 478 verum
2382 422 2548 478 etiam
2595 437 2719 493 quae
2767 431 2897 478 sum
2949 437 3045 480 sua
3096 422 3313 494 propria
3346 437 3479 480 con-

181 524 388 578 dicitis?
414 521 704 590 Respondit
735 521 919 578 Simon
951 520 1159 586 Petrus,
1183 517 1592 574 ChristumHDei.

249 617 336 672 95.
383 616 498 670 Nec
545 615 715 670 turba:
766 615 985 686 quidem
1035 615 1209 669 otiosa
1254 614 1440 684 opinio
1489 619 1603 678 est,
1649 611 1775 683 quia

177 710 264 765 alii
289 710 489 776 Eliam,
517 723 672 780 quem
699 719 986 764 venturum
1023 708 1319 778 putabant:
1353 706 1444 760 alii
1471 705 1771 770 Joannem,

167 817 334 874 quem
377 800 705 856 deeo‘llatum
744 800 1022 866 sciebant,
1054 808 1148 854 aut
1174 815 1338 854 unum
1381 797 1450 854 de
1493 797 1776 868 prophetis

179 894 451 967 prioribus
475 892 773 948 surrexisse
792 893 1107 948 credebant.
1135 891 1242 948 Sed
1265 892 1369 947 hoc
1409 906 1654 962 quaerere
1683 904 1775 945 su-

177 1004 267 1060 pra
289 1003 392 1043 nos
425 981 513 1042 est
540 1005 553 1039 :
583 996 608 1025 α
634 987 861 1042 alterius
907 987 1174 1054 scientiae,
1198 986 1427 1042 alterius
1472 983 1774 1056 prudentia:

174 1095 274 1139 est.
299 1082 438 1137 Nam
485 1083 527 1136 si
554 1082 724 1137 Paulo
749 1083 1000 1151 apostolo
1027 1083 1158 1136 satis
1196 1088 1282 1135 est
1312 1080 1446 1134 nihil
1488 1080 1629 1135 scire
1669 1079 1772 1134 nisi

173 1177 444 1232 Chrismm
473 1175 682 1242 Jesum,
710 1187 761 1230 et
787 1177 932 1232 hunc
967 1177 1288 1232 cruciﬁxum
1311 1174 1369 1246 (ιι
1401 1174 1546 1243 Cor.,
1578 1173 1641 1236 ll,
1669 1171 1766 1247 2).

175 1268 296 1339 quid
353 1268 593 1337 amplius
640 1267 774 1322 mihi
827 1267 1246 1323 desiderandum
1297 1277 1382 1323 est
1420 1267 1560 1322 scire
1609 1282 1772 1337 quam

173 1360 489 1417 Christum?
535 1359 594 1415 In
623 1376 732 1415 uno
761 1363 906 1416 enim
938 1361 1040 1416 hoc
1067 1362 1286 1416 nomine
1314 1359 1529 1433 1m
1557 1369 1611 1414 et
1635 1359 1774 1414 divi-

177 1453 354 1506 nitatis
383 1460 439 1506 et
486 1451 879 1507 incarnationis
904 1453 1210 1522 expreSSio,
1235 1463 1291 1508 et
1334 1454 1468 1507 ﬁdes
1501 1451 1772 1522 passionis

174 1554 266 1598 est.
300 1543 368 1598 Et
397 1544 526 1599 ideo
555 1545 678 1599 licet
707 1545 892 1600 caeteri
949 1544 1181 1616 apostoli
1223 1544 1434 1610 sciant;
1468 1544 1662 1598 Petrus
1692 1553 1773 1598 ta-

172 1653 285 1693 men
318 1635 614 1708 respondit
644 1652 756 1707 prae
778 1637 994 1693 caeteris
1019 1656 1032 1691 :
1065 1637 1144 1692 Tu
1171 1654 1222 1692 es
1241 1637 1478 1694 Christus
1506 1638 1647 1706 ﬁlius
1669 1636 1771 1692 Dei

173 1731 260 1783 vivi
290 1727 516 1798 (Matth.
543 1744 630 1784 xvi
652 1771 667 1797 ,
702 1727 818 1799 16).
847 1726 1177 1799 Complexus
1220 1739 1305 1785 est
1338 1729 1521 1800 itaque
1546 1729 1727 1784 omnia
1750 1770 1766 1797 ,

1878 516 2062 571 cessit.

1950 607 2041 664 96.
2086 608 2272 664 Refert
2299 616 2483 664 tamen
2510 608 2637 680 quid
2669 609 2771 665 sibi
2828 610 2957 665 velit
2984 609 3126 680 quod
3156 625 3263 664 non
3311 610 3478 670 alium

1877 703 2048 758 turbm
2077 702 2456 774 opinabantur,
2493 703 2596 757 nisi
2624 711 2720 757 aut
2747 703 2923 760 Eliam
2943 745 2958 769 ,
2991 714 3083 758 aut
3110 703 3437 764 Hieremiam
3459 743 3476 770 ,

1876 802 1973 849 aut
2003 794 2267 850 Joannem
2299 795 2618 864 Baptistam.
2649 795 2717 849 Et
2741 795 2909 850 Eliam
2942 795 3118 858 forte;
3141 797 3263 865 quia
3293 804 3478 865 raptus

1877 889 1945 944 ad
1972 889 2172 945 caelum
2200 898 2304 944 est.
2341 890 2446 946 Sed
2490 905 2599 946 non
2647 890 2796 945 Eiias
2831 898 2915 946 est
2943 890 3195 946 Christus
3229 908 3244 944 :
3277 891 3369 947 ille
3394 907 3480 947 ra-

1878 985 2042 1054 pitur,
2098 984 2201 1038 iste
2231 983 2580 1053 regreditur:
2622 982 2739 1049 ille,
2793 985 3040 1054 inquam,
3087 985 3320 1054 rapitur,
3373 985 3478 1040 iste

1876 1077 2122 1146 rapinam
2151 1090 2259 1130 non
2301 1076 2597 1132 arbitratus
2641 1085 2727 1131 est
2753 1092 2875 1132 esse
2899 1091 2960 1132 se
2996 1078 3262 1148 aequalem
3313 1079 3423 1132 Deo
3457 1095 3471 1132 :

1877 1169 1969 1223 ille
1995 1169 2175 1237 petitis
2207 1167 2422 1238 ignibus
2452 1168 2782 1232 vindicatur,
2818 1169 2907 1224 hic
2936 1181 3316 1240 persecutores
3345 1184 3476 1226 suos

1876 1261 2066 1316 maluit
2091 1275 2305 1326 sanare,
2333 1276 2499 1333 quam
2524 1261 2773 1330 perdere.
2799 1259 2910 1316 Cur
2935 1267 3115 1316 autem
3145 1260 3474 1324 Hieremiam

1875 1355 2180 1427 putabant?
2209 1356 2465 1412 Fortasse
2494 1355 2619 1426 quia
2653 1356 3021 1411 sanctiiicatus
3070 1355 3124 1410 in
3159 1355 3319 1410 vulva
3369 1365 3473 1410 est.

1875 1449 1982 1505 Sed
2012 1464 2118 1504 non
2150 1449 2239 1505 hic
2268 1448 2572 1504 Hieremias
2601 1465 2616 1502 :
2647 1448 2737 1506 ille
2758 1447 3147 1513 sanctiﬁcatur,
3182 1447 3286 1502 iste
3311 1462 3475 1502 saneq-

1875 1543 2044 1599 tiﬁcat
2096 1559 2111 1596 :
2160 1543 2310 1599 illius
2358 1543 2721 1598 sanctiﬁcatio
2769 1542 2936 1613 carpit
2969 1557 3034 1597 ex
3077 1556 3329 1612 corpore,
3387 1543 3476 1600 hic

1871 1645 2093 1693 sanctus
2123 1652 2188 1694 ex
2215 1650 2428 1694 sancto.
2477 1637 2588 1692 Cur
2616 1637 2780 1692 etiam
2810 1637 3077 1692 Joannem
3117 1636 3344 1706 populus
3375 1651 3473 1706 pu-

1873 1733 2046 1798 tabat;
2077 1722 2181 1787 nisi
2205 1731 2346 1786 i‘orte
2367 1733 2487 1802 quia
2512 1732 2563 1785 in
2591 1731 2782 1786 matris
2805 1739 2963 1786 utero
2991 1730 3224 1800 positus,
3259 1729 3473 1784 Domini

171 1823 252 1894 qui
279 1833 333 1878 et
364 1832 619 1878 naturam
665 1833 721 1878 et
753 1839 946 1879 nomen
977 1823 1277 1895 expressit,
1322 1823 1375 1878 in
1416 1839 1524 1894 quo
1556 1838 1767 1879 summa
1797 1823 1842 1886 Β
1875 1827 2220 1896 praesentiam
2277 1825 2584 1884 sentiebat?
2637 1824 2746 1880 Sed
2787 1840 2894 1879 non
2947 1823 3036 1879 hic
3065 1832 3149 1879 est
3179 1823 3419 1879 Joannes
3453 1841 3470 1878 :

172 1917 419 1974 virtutum
450 1925 562 1972 est.
597 1917 843 1973 Etiamne
872 1933 974 1973 nos
1011 1919 1081 1973 de
1111 1919 1462 1988 generatione
1496 1919 1589 1973 Dei
1622 1918 1767 1972 inse-

172 2011 330 2066 rimus
357 2009 731 2080 qumstiones,
785 2026 908 2066 cum
943 2012 1139 2067 Paulus
1182 2011 1500 2081 iudicaverit
1544 2011 1676 2066 nihil
1706 2025 1766 2066 se

170 2105 300 2161 scire
338 2105 444 2160 nisi
477 2101 760 2159 Christum
788 2103 1004 2169 Jesum,
1039 2115 1093 2162 et
1123 2105 1268 2161 hunc
1290 2104 1602 2161 cruciﬁxum
1630 2123 1642 2159 :
1670 2105 1767 2159 Pe-

172 2208 278 2253 trus
305 2197 438 2253 nihil
494 2199 731 2269 amplius
787 2214 948 2270 quam
999 2199 1091 2254 Dei
1144 2199 1336 2258 Filium
1389 2198 1764 2254 conﬁtendum

170 2292 467 2361 putaverit?
499 2289 614 2347 Nos
642 2301 697 2346 et
724 2291 968 2363 quando,
1000 2301 1056 2348 et
1079 2292 1354 2364 quomodo
1381 2301 1541 2347 natus
1580 2293 1670 2356 sit,
1709 2299 1766 2347 et

171 2391 389 2451 quantus
440 2383 557 2450 sit,
607 2381 858 2438 humanae
909 2383 1244 2440 inﬁrmitatis
1301 2385 1764 2454 contemplatione

171 2478 438 2533 rimamnr.
477 2477 875 2534 ScivitPaulus
901 2477 1044 2548 quod
1091 2479 1142 2533 in
1175 2479 1292 2533 istis
1343 2479 1512 2550 magis
1533 2478 1762 2535 oﬁ'endi-

173 2569 337 2624 culum
387 2569 734 2642 ιιιιξξεῐίοηὶδ,
765 2585 926 2640 quam
959 2570 1334 2625 mdiiicationis
1365 2569 1636 2640 profectus
1667 2585 1760 2624 es-

171 2673 276 2730 set;
317 2674 371 2720 et
403 2664 538 2719 ideo
571 2661 831 2734 iudicavit
869 2664 1002 2719 nihil
1055 2678 1114 2720 se
1159 2664 1300 2720 scire
1351 2664 1452 2718 nisi
1484 2664 1758 2719 Christum

170 2753 358 2812 Jesum.
384 2756 570 2814 Scivit
601 2757 795 2812 Petrus
825 2757 967 2826 quod
1002 2757 1054 2811 in
1085 2756 1226 2812 Filio
1257 2757 1348 2812 Dei
1375 2757 1558 2812 omnia
1604 2758 1756 2812 sint:

173 2847 344 2905 Omnia
383 2851 540 2905 enim
593 2850 734 2905 dedit
786 2847 946 2904 Pater
996 2849 1134 2904 Filio
1181 2849 1359 2921 (Joan.
1408 2864 1532 2916 xm,
1584 2847 1664 2919 5).
1699 2848 1758 2906 Si

170 2943 335 2997 omnia
362 2944 556 3008 dedit,
587 2943 942 2997 anternitatem
965 2957 1126 3014 quam
1161 2943 1352 3009 habet,
1389 2942 1760 3012 majestatem-

170 3051 263 3106 que
307 3035 628 3091 transfudit.
682 3035 788 3090 Sed
836 3049 944 3106 quo
992 3036 1246 3104 proiahor
1298 3035 1549 3105 longius?
1606 3035 1758 3090 Fidei

169 3145 290 3186 mere
338 3130 461 3186 ﬁnis
509 3128 760 3184 Christus
799 3138 919 3195 est,
975 3129 1098 3183 linis
1142 3129 1263 3184 ﬁdei
1297 3143 1432 3183 mea:
1463 3128 1553 3183 Dei
1587 3127 1758 3184 Filius

1871 1923 1963 1978 ille
1993 1923 2254 1979 adorabat
2283 1923 2337 1978 in
2367 1932 2525 1977 utero
2547 1963 2561 1988 ,
2594 1921 2682 1977 hic
2707 1921 3038 1976 adorabatur
3067 1937 3079 1974 :
3115 1919 3206 1974 ille
3238 1918 3472 1989 baptiza-

1870 2016 1961 2072 bat
1987 2016 2231 2086 in‘aqua,
2274 2014 2528 2070 Christus
2559 2014 2614 2068 in
2637 2014 2835 2084 spiritu
2891 2031 2906 2067 :
2954 2011 3046 2068 ille
3087 2011 3468 2082 pmnitcntiam

1869 2107 2162 2175 suadebat,
2193 2107 2279 2162 hic
2303 2117 2525 2177 peccata
2548 2105 2804 2164 donabat.
3240 2155 3242 2160 ,

1939 2200 2029 2256 97.
2073 2200 2142 2255 Et
2171 2200 2294 2255 ideo
2323 2200 2516 2255 Petrus
2546 2215 2650 2253 non
2674 2196 3010 2268 exspectavit
3035 2193 3223 2266 pepuli
3255 2193 3464 2267 140⁸1

1865 2293 2192 2348 sententiam
2211 2333 2226 2359 ,
2257 2292 2354 2348 sed
2385 2307 2536 2347 suam
2563 2290 2828 2362 prompsit
2854 2290 3042 2346 dicens
3073 2306 3086 2342 :
3114 2286 3196 2342 Tu
3215 2305 3270 2342 es
3292 2287 3469 2342 Curis»

1867 2394 1949 2441 tus
1981 2383 2156 2442 Filius
2187 2385 2283 2440 Dei
2312 2385 2411 2440 viui
2444 2383 2625 2457 (Joan.
2659 2399 2782 2449 vut,
2811 2383 2921 2451 ιε).
2958 2381 2986 2420 ιι
3017 2381 3117 2449 Qui
3162 2388 3217 2436 et
3247 2396 3468 2451 semper

1866 2488 1949 2532 est
1971 2519 1985 2543 ,
2018 2493 2120 2533 nec
2140 2479 2308 2550 cwpit
2336 2486 2393 2532 ut
2431 2487 2610 2546 esset,
2643 2485 2699 2532 et
2737 2492 2859 2533 esse
2882 2491 3002 2546 .non
3048 2474 3250 2530 deﬁcit.
3277 2473 3468 2545 Magna

1865 2580 2045 2626 autem
2076 2571 2278 2630 Christi
2311 2572 2507 2642 gratia,
2538 2573 2628 2642 qui
2668 2572 2849 2626 omnia
2879 2584 3046 2640 prepe
3070 2569 3334 2625 vocabula
3364 2583 3462 2624 sua

1864 2662 2147 2733 discipulis
2171 2665 2285 2720 suis
2309 2665 2554 2726 donavit.
2585 2664 2697 2737 Ego
2723 2681 2869 2729 sum,
2916 2663 3122 2733 inquit,
3155 2663 3248 2717 tua:
3284 2663 3469 2718 mundi

1865 2757 2085 2832 (Matth.
2117 2773 2173 2821 v,
2197 2756 2290 2827 14)
2326 2775 2339 2811 :
2376 2768 2434 2812 et
2462 2758 2514 2812 id
2543 2768 2718 2812 tamen
2749 2773 2858 2828 quo
2889 2757 3008 2827 ipse
3033 2755 3321 2826 gloriatur,
3343 2755 3462 2810 dis-

1861 2850 2057 2921 cipulis
2079 2865 2276 2905 nomen
2323 2849 2548 2905 indulsit
2573 2850 2799 2906 dicens:
2841 2848 2943 2904 Vos
2973 2849 3094 2903 estis
3121 2848 3212 2902 tua
3257 2849 3460 2902 mundi.

1867 2941 1978 3015 Ego
2025 2959 2139 2998 sum
2189 2945 2340 3012 panis
2371 2943 2512 2997 uiuus
2542 2941 2723 3014 (Jonn.
2757 2957 2833 3008 Vt,
2869 2942 2924 3009 1)
2954 2957 2969 3006 ;
3002 2951 3088 3005 et,
3139 2939 3256 2994 Nos
3286 2956 3462 2995 onmes

1863 3053 1997 3092 unus
2039 3017 2286 3109 panis....
2336 3053 2516 3091 sumus
2543 3036 2586 3109 (l
2612 3034 2733 3090 Cor.
2767 3051 2834 3103 χ,
2886 3037 2998 3106 17).
3041 3035 3155 3106 Ego
3183 3051 3298 3090 sum
3345 3035 3462 3089 uitis

1863 3145 1982 3184 rera
2009 3129 2189 3202 (loan.
2240 3146 2334 3195 xv,
2369 3129 2446 3200 1).
2485 3130 2550 3184 Et
2576 3130 2671 3184 tibi
2717 3129 2850 3183 dicit
2893 3147 2908 3181 ε
2951 3126 3191 3182 Ριωιιαυὶ
3220 3137 3270 3182 te
3309 3128 3460 3181 vitent

167 3233 259 3278 est.
288 3224 398 3279 Non
441 3224 578 3279 licet
609 3221 738 3277 mihi
779 3223 920 3277 scire
958 3224 1327 3293 generationis
1366 3223 1599 3287 seriem;
1651 3236 1758 3277 non
1787 3215 1833 3280 C
1866 3225 2187 3294 fructuosam
2220 3231 2242 3260 ο
2276 3237 2478 3275 ontnem
2509 3237 2678 3275 veram
2702 3219 2918 3292 (Jerem.
2953 3235 3022 3285 ιι,
3046 3221 3162 3290 2i).
3187 3219 3346 3274 Petra
3375 3227 3461 3274 est

171 3317 284 3372 licet
314 3327 500 3374 tamen
537 3318 749 3372 nescire
769 3312 1140 3386 generationis
1161 3313 1353 3369 ﬁdem.

228 3413 313 3468 9i.
354 3413 541 3469 Crede
564 3411 729 3482 igitur
756 3412 836 3466 sic
881 3409 1340 3481 quemadmodum
1367 3408 1559 3464 Petrus
1582 3407 1752 3462 credi-

169 3503 265 3570 dit;
295 3516 348 3560 ut
378 3516 430 3561 et
480 3515 540 3559 tu
575 3507 764 3560 beatus
797 3504 907 3570 sis,
941 3512 1003 3558 ut
1041 3511 1096 3556 ct
1127 3513 1182 3555 tu
1209 3502 1401 3557 audire
1451 3503 1753 3556 merearis:

172 3597 409 3662 Quoniam
436 3613 549 3652 non
581 3601 703 3650 caro
731 3605 778 3650 et
815 3597 1025 3666 sanguis
1054 3593 1142 3649 tibi
1171 3595 1447 3661 reuelauit,
1475 3594 1565 3649 sed
1600 3593 1757 3648 Pater

170 3705 294 3745 meus
319 3692 486 3761 quiin
519 3689 658 3743 caelis
684 3698 758 3742 est
788 3687 1004 3762 (Matth.
1039 3704 1127 3742 XVI
1147 3729 1160 3754 ,
1194 3689 1304 3758 i7).
1355 3687 1496 3742 Caro
1527 3687 1670 3741 enim
1701 3695 1757 3743 et

171 3786 368 3853 sanguis
393 3802 504 3841 non
541 3791 745 3855 queunt
773 3784 878 3837 nisi
910 3799 1033 3854 qua:
1063 3790 1278 3838 terrena
1307 3791 1433 3837 sunt
1463 3782 1705 3837 revelare
1737 3800 1750 3835 :

169 3887 217 3930 at
241 3892 362 3932 vero
384 3877 484 3949 qui
516 3876 710 3946 spiritu
757 3876 996 3947 loquitur
1043 3876 1323 3947 mysteria,
1351 3891 1457 3929 non
1490 3875 1674 3930 carnis
1700 3885 1756 3930 et

169 3969 427 4040 sanguinis
457 3967 799 4038 magisterio,
834 3967 929 4023 sed
957 3967 1135 4023 divina
1162 3967 1519 4037 insiiiratione
1562 3966 1756 4022 funda-

171 4067 263 4114 tur.
310 4061 425 4118 Noli
480 4077 616 4131 ergo
659 4062 1006 4132 acquiescere
1058 4063 1208 4116 carni
1250 4069 1304 4116 et
1353 4059 1633 4131 sanguini;
1685 4075 1754 4117 ne

171 4154 332 4209 carnis
363 4163 418 4210 et
467 4154 752 4224 sanguinis
805 4153 1023 4208 haurias
1074 4161 1374 4224 praecepta,
1419 4163 1583 4221 atque
1635 4152 1753 4225 ipse

170 4247 366 4316 sanguis
420 4256 477 4302 et
505 4260 635 4301 caro
666 4243 782 4299 ﬁas.
808 4244 911 4312 Qui
950 4245 1096 4300 enim
1133 4245 1283 4299 carni
1317 4243 1597 4311 adhaeret,
1620 4258 1752 4300 caro

172 4345 244 4391 est
270 4355 281 4392 :
307 4338 372 4393 Et
402 4341 494 4410 qui
523 4338 752 4393 adhreret
775 4336 909 4404 Deo,
943 4353 1077 4392 unus
1103 4338 1317 4408 spiritus
1344 4347 1417 4392 est
1445 4336 1489 4410 (1
1517 4337 1636 4392 Cor.
1671 4352 1747 4404 Vt,

175 4425 272 4500 i7).
297 4428 415 4486 Non
441 4429 796 4503 permanebit,
828 4429 1032 4498 inquit,
1067 4431 1283 4501 spiritus
1324 4445 1467 4484 meus
1494 4431 1547 4484 in
1578 4429 1748 4484 homi-

172 4521 304 4576 nibus
328 4525 440 4579 istis
488 4523 541 4577 in
580 4534 852 4588 teternum,
885 4531 1099 4593 propter
1126 4522 1264 4593 quod
1294 4537 1418 4577 caro
1443 4533 1564 4577 sunt
1591 4521 1746 4590 (Gen.

174 4617 344 4688 ",5).

231 4706 314 4763 95.
352 4708 458 4766 Sed
489 4711 696 4765 utinam
738 4723 865 4765 caro
895 4717 950 4764 et
975 4709 1197 4780 sanguis
1240 4723 1346 4764 non
1378 4709 1488 4764 sint
1511 4709 1604 4778 qni
1642 4723 1741 4764 au-

172 4797 341 4870 diunt,
373 4804 468 4859 sed
513 4821 540 4857 a
587 4805 772 4859 carnis
801 4811 856 4859 et
887 4803 1169 4875 sanguinis
1195 4802 1389 4858 remoti
1432 4801 1747 4873 cupiditati-

173 4890 262 4948 bus
316 4898 526 4966 possint
551 4897 735 4954 dicere
765 4897 962 4969 singuli
997 4915 1010 4952 :
1045 4895 1164 4951 Non
1194 4896 1380 4950 timebo
1411 4897 1536 4966 quid
1587 4896 1751 4967 faciat

173 4986 285 5040 mihi
309 5006 428 5045 caro
477 4990 654 5064 (Psal.
708 5006 794 5055 Lv,
824 4992 881 5062 5)
911 4991 1052 5061 ιριιὶ
1082 4991 1226 5047 enim
1253 5005 1473 5046 carnem
1520 4991 1747 5059 vicerit,

174 5073 413 5136 Ecclesiae
443 5081 850 5139 fundamentum
890 5093 974 5139 est
1004 5100 1018 5136 :
1052 5082 1098 5138 si
1129 5097 1349 5152 aequare
1386 5082 1605 5138 Petrum
1638 5097 1746 5137 non

177 5180 374 5239 potest,
406 5174 600 5230 imitari
643 5165 860 5244 potest;
904 5189 1096 5245 magna
1123 5182 1252 5228 sunt
1295 5173 1440 5228 enim
1493 5174 1584 5229 Dei
1629 5190 1747 5228 mu-

175 5274 320 5330 nera,
352 5266 439 5337 qui
467 5282 575 5330 non
601 5267 775 5322 soimn
810 5265 966 5324 nobis
1011 5281 1134 5339 qua:
1178 5273 1359 5321 nostra
1393 5264 1607 5323 fuerant
1658 5282 1745 5324 re-

240 5470 264 5499 ⁸
290 5462 428 5539 Edit.
463 5468 864 5539 ~Amerb.(cum
915 5468 1076 5539 longe
1113 5465 1352 5539 maxima
1378 5476 1531 5538 parte
1576 5483 1735 5536 mss.,

174 5532 366 5589 alterius
392 5541 667 5595 sententiis.
705 5537 933 5593 Praestat
959 5532 1138 5600 tamen
1161 5537 1266 5592 alia
1291 5532 1478 5594 ieciio.

240 5602 264 5640 δ
290 5605 424 5664 Edit.
445 5626 654 5674 omnes,
674 5625 794 5664 cum
821 5612 1005 5680 paucis
1022 5624 1180 5675 mss.,
1203 5610 1306 5673 Qui
1333 5619 1630 5681 estsemper
1641 5613 1736 5668 est.

175 5669 528 5760 Emterqcum
579 5669 710 5760 mss.
767 5669 989 5760 reliquis

177 5737 418 5824 “natasic
440 5737 908 5824 prosequiturmee
936 5737 1115 5820 carpit,
1143 5767 1236 5805 nec
1265 5768 1371 5824 esse
1397 5737 1592 5824 deﬁcit.

245 5826 264 5852 ε
287 5817 409 5875 Mss.
435 5817 673 5898 aliquoi,
703 5839 854 5878 omne
895 5817 1066 5876 semen
1099 5822 1313 5888 verum;
1343 5823 1438 5880 alii
1460 5817 1652 5898 "plures
1680 5833 1736 5898 et

1861 3316 2111 3372 Christus
2141 3333 2154 3369 :
2189 3313 2436 3368 Bibebaut
2465 3315 2601 3368 enim
2629 3314 2694 3367 de
2723 3314 2951 3384 spiritali
2994 3323 3234 3380 sequente
3278 3322 3453 3381 petra,

1863 3421 2005 3481 petra
2035 3421 2204 3463 autem
2227 3419 2335 3463 erat
2357 3408 2598 3465 Christus
2631 3407 2672 3477 (l
2701 3407 2821 3462 Cor.
2855 3423 2888 3462 χ
2909 3448 2924 3474 ,
2965 3407 3022 3476 4)
3057 3423 3070 3460 :
3101 3406 3263 3460 etiam
3295 3406 3460 3460 disci-

1861 3505 1990 3574 pulo
2019 3519 2118 3558 suo
2139 3503 2300 3573 hujus
2320 3501 2568 3557 vocabuli
2596 3501 2826 3573 gratiam
2855 3515 2962 3555 non
2987 3503 3206 3570 negavit
3235 3498 3452 3571 (Matth.

1861 3612 1984 3658 xvi,
2018 3594 2137 3666 i8);
2170 3605 2226 3649 ut
2260 3604 2316 3650 et
2365 3596 2478 3665 ipse
2522 3595 2592 3648 sit
2632 3595 2824 3650 Petrus
2845 3635 2859 3654 .
2891 3595 3033 3664 quod
3062 3594 3131 3648 de
3182 3605 3332 3664 petra
3363 3593 3455 3646 ha-

1859 3688 1985 3743 beat
2009 3687 2338 3743 soliditatem
2361 3689 2704 3753 constantiae,
2735 3686 2860 3741 ﬁdei
2891 3687 3233 3741 ﬁrmitatem.

1930 3779 2019 3835 98.
2064 3779 2286 3834 Eniterc
2333 3795 2466 3850 ergo
2515 3787 2574 3833 ut
2601 3787 2657 3834 et
2686 3789 2741 3833 tu
2773 3787 2926 3848 petra
2975 3780 3074 3833 sis.
3113 3779 3302 3848 Itaque
3345 3794 3452 3834 non

1857 3883 2010 3930 extra
2067 3885 2119 3928 te
2147 3914 2161 3939 ,
2221 3874 2316 3930 sed
2363 3874 2500 3928 intra
2543 3883 2596 3928 te
2630 3883 2839 3944 petram
2883 3872 3118 3943 require.
3174 3871 3330 3927 Petra
3364 3883 3451 3927 tua

1857 3977 2010 4023 actus
2046 3974 2158 4032 est,
2202 3974 2350 4036 petra
2383 3976 2474 4021 tua
2528 3981 2682 4021 meus
2713 3974 2814 4021 est.
2851 3966 3020 4035 Supra
3065 3968 3202 4021 hanc
3241 3976 3451 4036 petram

1858 4061 2155 4116 aediﬁcatur
2175 4060 2368 4138 domus
2397 4069 2524 4125 tua;
2570 4068 2627 4114 ut
2661 4059 2825 4114 nullis
2858 4060 3027 4129 possit
3052 4059 3307 4130 ttetptilite
3342 4059 3454 4126 siti-

1855 4156 2028 4211 rilaiis
2075 4155 2416 4211 reverberari
2470 4155 2745 4225 procellis.
2800 4155 2958 4209 Petra
3012 4164 3100 4208 tua
3152 4154 3284 4208 lides
3325 4161 3448 4221 est,

1855 4249 2266 4305 fundamentum
2297 4249 2554 4304 Ecclesia:
2595 4248 2732 4303 ﬁdes
2786 4255 2888 4303 est.
2935 4248 2991 4302 Si
3040 4257 3188 4318 petra
3239 4248 3448 4315 fueris,

1856 4346 1910 4398 in
1944 4342 2190 4399 Ecclesia
2215 4344 2353 4409 eris;
2387 4345 2510 4415 quia
2538 4344 2780 4399 Ecclesia
2808 4357 2968 4413 supra
2999 4351 3206 4413 petram
3239 4353 3342 4397 est.
3391 4342 3447 4396 Si

1855 4437 1908 4492 in
1940 4437 2178 4492 Ecclesia
2227 4437 2423 4504 Neris,
2472 4443 2644 4508 portae
2699 4435 2861 4491 inferi
2918 4450 3023 4490 non
3078 4435 3449 4504 prmvalebtml

1853 4530 1970 4584 tibi.
2003 4529 2178 4584 Porta:
2209 4528 2402 4594 inferi,
2441 4539 2612 4598 portae
2649 4530 2839 4584 mortis
2864 4539 2990 4582 sunt
3021 4546 3035 4582 :
3069 4536 3236 4597 porta
3264 4537 3445 4582 autem

1773 4609 1828 4672 D
1854 4622 2044 4676 mortis
2064 4661 2080 4687 ,
2110 4630 2282 4690 portae
2308 4621 2564 4676 Ecclesia;
2590 4635 2716 4675 esse
2744 4633 2850 4674 non
2878 4629 3126 4689 possunt.

1922 4714 2012 4770 99.
2057 4713 2188 4782 Qua:
2219 4723 2396 4768 autem
2420 4725 2549 4768 sunt
2573 4722 2743 4783 portas
2765 4714 2988 4778 mortis,
3019 4713 3121 4767 hoc
3143 4720 3248 4778 est,
3275 4721 3448 4782 porta:

1853 4804 2051 4869 inferi,
2086 4805 2192 4860 nisi
2229 4804 2438 4874 singula
2482 4819 2710 4874 qumque
2759 4804 3015 4874 peccata?
3056 4805 3112 4859 Si
3147 4802 3446 4860 fornicatus

1853 4899 2018 4956 fueris
2044 4943 2056 4964 ,
2084 4909 2272 4969 portas
2301 4899 2492 4954 mortis
2517 4898 2794 4969 ingressus
2820 4912 2897 4952 es.
2934 4897 2988 4953 Si
3024 4897 3183 4952 iidem
3214 4897 3444 4966 laeseris,

1851 5003 2036 5064 portas
2065 4993 2224 5047 inferi
2280 4992 2600 5062 pcnetrasti.
2636 4991 2694 5047 Si
2727 4999 3007 5060 peceatum
3040 4991 3273 5046 mortale
3298 5003 3449 5044 com-

1851 5085 2100 5148 miseris,
2151 5093 2334 5153 portas
2373 5084 2562 5154 mortis
2621 5081 2834 5136 intrasti
2898 5097 2912 5132 :
2965 5079 3058 5134 sed
3107 5088 3302 5149 potens
3363 5087 3448 5134 est

1856 5176 2028 5241 Deus,
2066 5176 2156 5244 qui
2189 5175 2391 5230 exaltet
2417 5184 2470 5228 te
2519 5173 2585 5226 de
2616 5173 2786 5242 portis
2814 5173 3039 5234 mortis;
3075 5185 3132 5226 ut
3157 5173 3446 5229 auunuties

1850 5283 2041 5324 omnes
2068 5267 2254 5322 laudes
2279 5265 2396 5338 ejus
2427 5265 2480 5320 in
2503 5262 2711 5336 portisd
2738 5264 2862 5319 ﬁlise
2881 5265 3030 5320 Sion.
3059 5264 3236 5319 Porta:
3262 5271 3443 5318 autem

1845 5477 2058 5596 agnota}
2084 5469 2243 5538 edit,
2272 5487 2472 5528 omnem
2507 5469 2834 5541 veram.{Sic
2881 5469 3022 5534 LXX
3061 5473 3446 5546 interpma'zaaw

1845 5567 1878 5596 α
1907 5565 2098 5596 11-:an.

1843 5565 2078 5603 αΑητινην
2087 5581 2098 5596 ο

1914 5617 1940 5650 τι
1976 5615 2050 5668 lia
2093 5629 2224 5668 mss.
2255 5627 2427 5684 prope
2458 5611 2524 5667 ad
2555 5627 2743 5666 unum.
2781 5615 2852 5671 At
2881 5615 3016 5671 edit.
3047 5629 3266 5684 omnes,
3322 5617 3448 5685 ﬁlia:

1071 5683 1374 5763 onveniuut
1397 5682 1566 5763 ;_nﬂis_i
1592 5683 1737 5754 quod
1843 5686 1994 5742 Sion.
2031 5685 2164 5742 Sunt
2193 5682 2327 5748 enim
2361 5682 2522 5760 portae
2552 5686 2827 5754 castitatis,
2853 5698 2972 5744 sunt
3014 5698 3178 5760 parite
3203 5682 3443 5763 justitia»,
