3960 6318
481 287 626 348 1605

473 501 654 574 justus
694 501 898 556 intrare
922 497 1205 554 consuevit
1234 494 1424 552 dicens
1450 511 1463 550 :
1492 491 1708 564 Aperite
1748 487 1876 544 mihi
1902 498 2080 558 portas

481 596 720 665 iustitia,
755 604 804 650 et
828 596 1091 668 ingressus
1128 594 1184 647 in
1211 608 1297 647 eas
1336 589 1620 662 conﬁtebor
1649 587 1873 644 Domino
1902 583 2078 659 (Psal.

475 703 639 755 cxvn,
673 684 784 757 l9).
824 685 931 742 Sed
956 698 1013 740 ιιι
1051 693 1205 756 porta
1243 685 1435 740 mortis
1457 725 1470 747 ,
1502 692 1653 753 porta
1687 680 1842 736 iuleri
1869 696 1883 733 :
1915 679 1986 732 ita
2029 685 2086 732 et

475 789 630 850 porta
655 777 905 847 justitize,
923 775 1021 832 Dei
1037 784 1188 846 porta
1213 787 1315 831 est.
1338 774 1464 829 llrec
1493 775 1638 830 enim
1663 781 1813 842 porta
1839 769 2080 837 Domini,

464 870 601 942 justi
613 869 880 924 intrabunt
900 885 988 936 per
1001 886 1114 924 eam
1129 866 1295 940 (Ibid.
1308 910 1322 933 ,
1339 865 1454 939 20).
1478 867 1542 922 Et
1565 866 1688 922 ideo
1710 865 1832 936 fuge
1850 863 2084 935 pertina-

475 963 617 1019 ciam
630 963 952 1019 delictorum
965 1005 979 1029 ,
995 978 1063 1018 ne
1085 973 1256 1034 porta:
1271 963 1362 1016 tibi
1379 958 1754 1032 pessintinferi
1768 957 2082 1030 pra-valere;

475 1054 524 1110 si
541 1056 685 1110 enim
704 1054 1040 1110 dominatum
1058 1053 1223 1110 fuerit
1239 1064 1517 1124 peccatum
1548 1051 1602 1108 in
1628 1062 1699 1118 te,
1721 1051 1910 1106 mortis
1932 1058 2103 1119 portat

475 1148 810 1218 prrevalebit.
828 1148 976 1219 Fuge
989 1163 1120 1219 ergo
1135 1148 1533 1214 contentiones,
1551 1146 1940 1209 dissensiones,
1954 1153 2086 1200 stre-

477 1239 647 1311 pilus,
666 1241 1038 1311 tumultusque
1050 1240 1358 1306 discordia};
1383 1254 1449 1295 ne
1467 1251 1650 1309 portas
1664 1238 1853 1293 mortis
1872 1237 2080 1308 ingres-

478 1346 572 1388 sus
607 1333 869 1389 incurras.
893 1333 1156 1389 Dominus
1179 1334 1322 1389 enim
1344 1332 1502 1389 Jesus
1527 1329 1778 1388 Christus
1802 1331 2084 1402 praedicari

476 1437 538 1480 se
557 1426 732 1496 primo
754 1426 948 1493 noluit,
969 1441 1038 1482 ne
1057 1425 1198 1480 ullus
1215 1427 1475 1497 strepitus
1507 1434 1843 1482 nasceretur.
1863 1432 1887 1460 α
1902 1423 2086 1480 lucre-

477 1526 573 1589 pat
599 1518 896 1590 discipulos
926 1535 1080 1587 suos,
1107 1535 1175 1577 ne
1206 1523 1290 1576 cui
1320 1520 1436 1576 hrec
1453 1521 1695 1577 dicerent
1716 1563 1732 1588 ,
1756 1520 1901 1592 quod

551 1611 857 1686 (νωθῆ.)
893 1612 1109 1682 Oportet
1141 1611 1344 1669 Filium
1393 1615 1614 1670 hominis
1648 1615 1810 1669 multa
1839 1615 1980 1684 poti,
2037 1621 2084 1669 et

473 1704 746 1774 reprobari
789 1722 822 1760 a
863 1705 1188 1776 principibus
1227 1708 1572 1771 sacerdotum,
1609 1715 1657 1761 et
1693 1705 2004 1774 senioribus,
2037 1714 2085 1761 et

476 1798 692 1867 scribis,
724 1809 772 1854 et
813 1800 1095 1868 or-cidi,’et
1122 1800 1208 1854 die
1235 1801 1384 1856 tertio
1410 1817 1698 1872 resurgere.

557 1891 685 1947 100.
725 1893 790 1947 Et
829 1892 1064 1949 fortasse
1095 1893 1220 1950 ideo
1242 1894 1346 1950 hoc
1383 1893 1590 1950 addidit
1633 1893 1924 1962 Dominus,
1958 1892 2082 1964 quia

483 1984 692 2042 sciebat
721 1983 946 2041 difﬁcile
966 1985 1201 2056 passioni
1226 1995 1282 2042 et
1304 1985 1695 2043 resurrectioni
1722 1986 1887 2042 etiam
1917 1985 2086 2042 disci-

483 2080 643 2151 pulos
669 2081 993 2137 credituros.
1023 2082 1090 2138 Et
1111 2081 1234 2138 ideo
1273 2083 1546 2155 passionis
1585 2091 1642 2138 et
1662 2081 2085 2138 resurrectionis

483 2187 599 2228 sure
626 2185 868 2230 assertor
893 2190 1018 2232 esse
1061 2176 1281 2242 maluit;
1316 2185 1374 2232 ut
1400 2193 1466 2233 ex
1507 2177 1653 2232 facto
1695 2175 1852 2242 ﬁdes,
1882 2191 1990 2232 non
2013 2190 2083 2231 ex

483 2265 671 2321 auditu
713 2266 990 2323 discordia
1038 2281 1375 2325 nasceretur.
1433 2269 1578 2341 Ergo
1616 2269 1862 2326 Christus
1913 2267 2086 2324 noluit

487 2360 744 2430 gloriari,
795 2362 893 2418 sed
933 2363 1126 2419 maluit
1171 2363 1425 2436 ignobilis
1452 2363 1658 2432 videri,
1688 2373 1748 2420 ut
1778 2364 2083 2435 passionem

483 2452 742 2508 subiret:
791 2461 846 2510 et
892 2463 948 2509 tu
1002 2456 1094 2527 qui
1149 2457 1401 2528 ignobilis
1441 2466 1598 2514 natus
1647 2471 1746 2525 es,
1795 2456 2086 2529 gloriaris?

487 2541 697 2601 Eadem
741 2546 873 2613 tibi,
905 2562 1012 2618 qua
1055 2547 1304 2605 Christus
1353 2550 1680 2619 ambulavit,
1726 2551 2084 2622 gradientium

486 2646 573 2694 est
618 2639 728 2698 via.
783 2640 911 2697 Haec
936 2642 1058 2713 ejus
1082 2643 1318 2714 agnitio,
1364 2642 1578 2717 1408
1612 2643 1730 2700 haec
1759 2644 1878 2716 ejus
1909 2644 2087 2700 imita-

491 2733 645 2801 tatio,
675 2748 774 2803 per
804 2734 1196 2806 ignobilitatem
1225 2751 1290 2792 ac
1320 2738 1517 2793 b0uam
1546 2739 1740 2794 famam
1765 2754 1780 2805 ;
1811 2747 1868 2793 ut
1887 2738 2088 2810 glorie-

487 2823 564 2880 ris
618 2825 673 2880 in
704 2842 868 2883 cruce
924 2829 1156 2894 Domini,
1209 2831 1346 2886 sicut
1381 2831 1496 2902 ipse
1525 2842 1612 2888 est
1655 2833 1942 2904 gloriatus.
1997 2832 2088 2888 Sic

488 2916 792 2973 ambulavit
817 2918 1018 2978 Paulus
1043 2964 1059 2987 ,
1103 2932 1160 2978 et
1217 2923 1339 2978 ideo
1367 2923 1627 2994 gloriatur
1657 2923 1848 2980 dicens
1887 2941 1900 2978 :
1956 2922 2089 2977 Mihi

486 3017 657 3063 autem
688 3009 820 3064 absit
849 3010 1096 3083 gloriari,
1122 3014 1222 3068 nisi
1252 3016 1306 3069 in
1333 3031 1482 3070 cruce
1531 3013 1743 3072 Domini
1774 3014 1937 3070 nostri
1961 3014 2086 3071 Jesu

492 3099 688 3155 Christi
717 3100 918 3174 (Galat.
952 3097 1005 3158 vt
1025 3146 1039 3171 ,
1071 3103 1185 3174 M).

1843 271 2089 333 SANCTI
2127 269 2452 331 AMBIlOSﬂ

479 403 746 466 Ecclesia!
768 410 939 477 portat
965 401 1232 460 castitatis
1257 407 1412 467 sunt,
1445 405 1614 467 portae
1651 393 1901 469 justitias,
1940 406 2076 464 quas
2102 394 2154 457 Α
2182 389 2566 463 praedicantem
2607 385 2794 451 audit,
2835 390 3096 455 sequatur
3143 387 3449 477 errantem;
3499 379 3766 452 improbus
3907 385 3910 392 '

3636 267 3763 326 me
3824 341 3832 350 κ

2180 483 2324 540 enim
2355 481 2612 554 magister
2633 486 2720 534 est
2739 476 3018 543 diabolus,
3045 473 3137 545 qui
3168 471 3301 530 falsa
3320 471 3470 530 veris
3497 487 3642 543 saepe
3663 489 3768 544 per-
3805 465 3836 527 εξ

2183 578 2410 643 miscet;
2439 588 2498 632 ut
2525 575 2711 647 specie
2752 571 2996 630 veritatis
3035 569 3408 626 testimonium
3449 569 3658 625 fraudis
3683 568 3770 625 ob.
3801 561 3838 647 ’ξ

2185 627 2410 643 ----_---,
2445 627 2498 632 .__
2526 627 2706 647 _r----
2766 627 2864 630 πμ
3802 627 3838 678 λζ

2185 678 2350 726 texat.
3738 692 3819 754 pm

2258 763 2382 818 105.
2438 762 2612 817 Etiam
2669 759 2802 815 illud
2848 757 3292 824 consideremus,
3325 763 3503 810 utrum
3555 753 3644 810 hic
3677 752 3823 826 pri-"

2263 801 2382 818 ην.
2441 801 2612 817 .........
2669 801 2802 815 ...ιω
2849 801 3292 824 νυ.......ν.ν......,,
3328 801 3503 810 _--..--.
3555 801 3643 810 ν.-
3679 801 3750 826 τ.-

2184 875 2333 916 mum
2364 858 2706 914 mandaverit
2747 857 3059 927 discipulis,
3115 871 3184 912 ne
3225 855 3312 911 cui
3360 855 3606 911 dicerent
3657 855 3772 926 quia
3820 801 3837 949 ἕ

2187 953 2304 1024 ipse
2334 961 2479 1008 esset
2519 950 2769 1030 Christus
2818 967 2830 1003 :
2875 965 2942 1004 an
2989 964 3120 1004 vero
3163 961 3218 1004 et
3266 957 3392 1004 ante
3413 947 3769 1014 mandaverit,

2185 1045 2403 1117 quando
2431 1045 2706 1114 apostolos
2745 1042 3032 1099 duodecim
3080 1041 3410 1106 destinavit,
3454 1040 3774 1096 denuntians

2187 1138 2331 1193 illis:
2366 1136 2434 1191 In
2461 1139 2555 1192 viis
2585 1139 2816 1209 gentium
2857 1153 2922 1191 ne
2951 1136 3373 1203 ambulaveritis,
3405 1145 3452 1189 et
3479 1134 3536 1188 in
3558 1133 3775 1209 civitates
3827 1119 3832 1124 ’

2187 1231 2642 1289 Samaritanorum
2670 1249 2732 1287 ne
2777 1230 3079 1306 introieritis
3113 1244 3132 1284 :
3161 1229 3230 1284 ite
3251 1237 3422 1281 autem
3445 1226 3516 1281 ad
3538 1243 3654 1280 oves
3673 1239 3777 1294 qua:

2186 1325 2446 1398 perierunt
2469 1326 2650 1379 domus
2677 1324 2941 1380 Israel....
2970 1332 3191 1396 a'grotos
3239 1329 3513 1375 curate....
3552 1319 3774 1390 leprosos

2186 1419 2454 1484 mandate,
2479 1413 2736 1491 dwntonia
2775 1401 3037 1489 ejicite....
3069 1427 3116 1471 et
3140 1418 3191 1469 in
3217 1429 3590 1486 quamcumque
3609 1411 3773 1466 civita-

2189 1523 2358 1570 tem...
2381 1505 2714 1576 intraveritis,
2748 1512 2931 1565 discite
2956 1509 3072 1580 quis
3100 1509 3153 1562 in
3185 1524 3244 1562 ea
3283 1507 3469 1576 dignus
3499 1505 3590 1566 sit,
3633 1513 3773 1574 atque
3833 1550 3835 1553 .

2185 1607 2258 1662 ibi
2275 1617 2474 1662 manete
2501 1604 2694 1677 (Marc.
2724 1620 2757 1660 ι
2774 1645 2790 1670 ,
2822 1603 3000 1674 5-H).
3029 1601 3214 1670 Itaque
3236 1615 3336 1656 nec
3358 1598 3446 1655 hic
3468 1597 3774 1654 mandatum

2188 1701 2426 1769 videtur,
2454 1710 2514 1754 ut
2538 1697 2819 1754 Christum
2849 1697 2944 1753 Dei
2976 1695 3176 1752 Filium
3209 1693 3596 1768 przedicarent.
3813 1707 3834 1770 ξ

2113 1823 2162 1885 Β
2262 1792 2386 1850 104.
2427 1791 2573 1849 Ordo
2601 1791 2764 1862 igitur
2789 1783 2820 1825 ³³
2851 1787 3239 1860 disputationis
3267 1793 3352 1840 est
3403 1783 3540 1839 ordo
3569 1790 3774 1885 .tracta-

2190 1899 2299 1956 tus,
2331 1896 2385 1943 et
2417 1885 2538 1942 ideo
2567 1885 2731 1940 etiam
2761 1897 2861 1937 nos
2885 1921 2900 1948 ,
2948 1895 3075 1936 cum
3104 1877 3269 1950 aliqui
3298 1893 3366 1932 ex
3415 1874 3669 1946 gentibus
3693 1887 3778 1928 vo-

2187 1991 2384 2037 cantur
2412 1979 2479 2034 ad
2513 1976 2835 2040 Ecclesiam,
2877 1974 2950 2030 ita
2999 1980 3395 2044 praeceptorum
3430 1967 3634 2024 seriem
3681 1967 3779 2021 for-

2187 2090 2342 2132 mare
2397 2072 2679 2134 debemus,
2739 2079 2795 2124 ut
2840 2066 3016 2137 primo
3064 2079 3230 2120 unum
3280 2063 3448 2118 Deum
3504 2069 3775 2116 auctorem

2189 2166 2379 2224 tnundi
2416 2163 2773 2232 omniumque
2799 2174 2922 2216 esse
2942 2159 3262 2225 doceamus,
3287 2160 3342 2211 in
3388 2170 3497 2227 quo
3527 2153 3775 2220 vivimus,

2186 2271 2241 2316 ει
2268 2275 2456 2317 sumus
2483 2267 2538 2313 et
2568 2270 2871 2320 movemur,
2891 2254 3047 2322 cujus
3074 2261 3131 2308 Cl
3155 2266 3328 2323 genus
3355 2265 3576 2314 sumus;
3605 2258 3664 2304 ut
3680 2263 3778 2304 non

2189 2354 2366 2410 solum
2398 2361 2620 2423 propter
2665 2363 2890 2418 munera
2939 2346 3076 2402 lucis
3109 2355 3164 2402 et
3189 2345 3333 2412 vitze,
3384 2357 3578 2399 verum
3625 2343 3776 2397 etiam

2191 2461 2412 2522 propter
2453 2448 2837 2518 cognationem
2873 2443 3161 2516 quamdam
3210 2439 3430 2512 generis
3477 2437 3778 2509 diligendus

2189 2561 2219 2601 a
2244 2543 2401 2601 nobis
2423 2542 2512 2598 sit.
2546 2541 2751 2597 Deinde
2778 2540 3092 2611 opinionem
3122 2536 3292 2602 illam,
3321 2549 3442 2606 quae
3469 2540 3552 2588 est
3575 2532 3645 2589 de
3670 2530 3780 2587 ido-

2190 2637 2710 2704 lis,,destruamus;
2742 2642 2801 2689 ut
2829 2649 2936 2689 non
2986 2631 3163 2702 possit
3186 2628 3304 2685 auri
3331 2626 3656 2698 argentique
3702 2623 3777 2680 vel

2191 2723 2322 2802 ligni
2350 2730 2577 2786 materia
2601 2730 2710 2784 vim
2752 2728 2805 2782 in
2846 2741 2906 2782 se
2929 2726 3130 2782 habere
3154 2723 3411 2780 divinam.
3439 2719 3584 2777 Cum
3628 2733 3777 2774 unum

2191 2825 2362 2882 Deum
2391 2839 2512 2881 esse
2541 2821 2915 2896 persuaseris,
2951 2831 2973 2858 ο
3010 2830 3136 2874 tunc
3166 2817 3364 2874 indicio
3408 2815 3529 2887 ejus
3579 2824 3779 2871 astruas

2191 2935 2289 2991 per
2313 2919 2585 2976 Christum
2620 2917 2776 2974 nobis
2801 2916 3034 2972 salutem
3058 2914 3268 2980 datam;
3293 2912 3564 2984 incipiens
3592 2910 3661 2967 ab
3683 2908 3779 2964 illis

2190 3030 2313 3087 qua:
2341 3017 2509 3085 gessit
2554 3015 2606 3068 in
2639 3028 2891 3082 corpore,
2944 3020 2997 3065 et
3022 3025 3084 3066 ea
3117 3009 3297 3064 divina
3336 3007 3701 3074 describens,
3731 3014 3781 3059 ut

2191 3107 2313 3180 plus
2337 3121 2497 3178 quam
2531 3105 2696 3161 homo
2723 3103 2893 3161 fuisse
2936 3102 3205 3169 videatur,
3230 3101 3430 3156 victam
3484 3100 3651 3156 unius
3691 3098 3781 3154 vir~

562 3193 685 3287 ίοιο
728 3194 836 3251 Sed
869 3195 1150 3264 videamus
1173 3211 1272 3252 cur
1300 3199 1598 3254 secundum
1653 3197 1964 3254 Mallhmum
1992 3213 2086 3255 τε·
2115 3220 2164 3287 c
2193 3213 2307 3262 tute
2355 3213 2619 3272 mortem,
2675 3211 3053 3274 mortuumque
3098 3200 3167 3255 ab
3197 3199 3383 3255 inferis
3424 3198 3779 3259 suscitatum;

489 3286 765 3357 periamus
783 3287 1096 3344 admonitos
1118 3289 1442 3360 discipulos,
1473 3305 1541 3346 ne
1561 3291 1647 3344 cui
1676 3290 1926 3346 dicerent
1944 3291 2088 3362 quod

490 3379 608 3449 ipse
633 3381 702 3434 sit
727 3379 974 3437 Christus
1006 3399 1019 3436 :
1051 3383 1139 3438 hic
1169 3393 1351 3438 autem
1394 3385 1652 3454 scriptum
1684 3384 1756 3439 sit
1781 3385 2092 3456 increpatos

489 3485 614 3527 esse
637 3511 657 3540 ,
683 3487 752 3528 ne
773 3474 860 3527 cui
891 3473 1144 3530 dicerent
1174 3476 1317 3546 quod
1345 3486 1490 3532 esset
1537 3477 1704 3532 multa
1734 3491 1995 3548 passurus
2037 3489 2094 3536 et

492 3573 905 3620 resurrecturus
936 3564 1166 3638 (Matth.
1193 3582 1282 3623 xvr
1302 3609 1318 3636 ,
1347 3566 1462 3640 20).
1503 3568 1707 3624 Videtis
1732 3569 1874 3639 quod
1907 3570 1959 3625 in
1984 3586 2092 3625 uno

492 3656 695 3714 Christi
725 3661 946 3715 nomine
992 3661 1171 3736 omnia
1201 3661 1330 3716 sint.
1363 3660 1486 3732 ipse
1534 3671 1620 3718 est
1645 3663 1790 3718 enim
1846 3662 2091 3719 Christus

490 3751 582 3822 qui
617 3761 774 3807 natus
799 3762 884 3807 est
911 3767 977 3808 ex
1014 3752 1260 3824 Virgine,
1290 3744 1407 3826 ipse
1437 3766 1519 3810 est
1548 3757 1638 3826 qui
1672 3756 1938 3812 mirabilia
1967 3752 2090 3812 fecit

492 3842 546 3896 in
579 3839 804 3913 papula,
838 3845 954 3914 ipse
979 3846 1071 3916 qui
1096 3854 1345 3902 mortuus
1374 3857 1456 3902 est
1477 3862 1575 3918 pro
1607 3850 1842 3918 peccatis
1865 3851 2089 3917 nostris,

490 3945 548 3992 et
569 3939 869 3994 resurrexit
895 3955 923 3991 a
955 3940 1206 3996 mortuis.
1240 3937 1420 3999 Unum
1465 3942 1659 3998 horum
1686 3945 1732 4000 si
1765 3935 2088 4012 retraxeris,

492 4031 775 4086 retraxisti
804 4033 1034 4089 salutem
1070 4046 1237 4090 tuam.
1269 4036 1402 4091 Nam
1425 4038 1588 4092 etiam
1619 4037 1861 4094 haeretici
1891 4038 2092 4094 habere

491 4121 594 4176 sibi
625 4121 903 4178 Christum
948 4125 1239 4192 videntur;
1292 4144 1453 4184 nemo
1481 4131 1628 4184 enim
1658 4129 1860 4187 Christi
1891 4147 2090 4188 nomen

492 4219 656 4282 negat
710 4229 724 4266 :
771 4215 867 4269 sed
914 4226 1073 4285 negat
1117 4217 1416 4285 Christum,
1463 4222 1554 4290 qui
1601 4237 1707 4295 non
1748 4225 1929 4280 omnia
1971 4241 2092 4296 quae

493 4303 698 4360 Christi
725 4317 873 4374 sunt,
909 4309 1223 4366 conﬁtetur.
1249 4312 1430 4368 Multis
1462 4313 1622 4380 igitur
1641 4329 1711 4370 ex
1739 4318 1920 4372 causis
1937 4317 2094 4389 jubet

493 4406 676 4455 tacere
705 4398 1033 4473 discipulos;
1064 4414 1119 4459 nt
1144 4405 1302 4461 fallat“
1325 4407 1622 4478 principem
1663 4411 1884 4479 mundi,
1910 4422 1970 4468 ut
1997 4414 2095 4470 de-

491 4492 660 4549 clinet
681 4496 1002 4566 jactantiam
1029 4538 1044 4564 ,
1077 4498 1273 4555 doceat
1301 4500 1699 4570 humilitatem;
1723 4504 1883 4560 simul
1914 4523 1982 4563 ne
2003 4523 2094 4563 ru-

2197 3299 2455 3372 paulatim
2484 3300 2628 3354 enim
2680 3297 2815 3352 ﬁdes
2845 3296 3074 3361 crescit,
3099 3301 3160 3350 ut
3196 3309 3319 3350 cum
3365 3309 3532 3364 supra
3584 3287 3786 3366 1509

2198 3393 2447 3450 homines
2485 3392 2654 3447 fuisse
2701 3390 3155 3458 videatur,,Deus
3193 3404 3317 3445 esse
3346 3387 3631 3444 credatur.
3659 3387 3783 3442 Nam

2197 3488 2304 3543 nisi
2350 3485 2665 3558 probaveris
2695 3481 2838 3555 quod
2883 3480 3190 3537 facereilla
3219 3482 3340 3535 sine
3377 3479 3564 3535 divina
3596 3480 3787 3533 virtute

2197 3595 2304 3635 non
2334 3580 2538 3650 potuit,
2568 3575 3028 3649 quemadmodum
3054 3583 3208 3645 potes
3236 3573 3468 3644 probare
3497 3574 3553 3627 in
3596 3587 3664 3628 co
3690 3571 3786 3625 vim

2197 3670 2366 3726 fuisse
2385 3670 2674 3724 divinam?
3068 3711 3076 3722 ,

2271 3761 2391 3819 105.
2421 3761 2527 3817 Sed
2561 3760 2796 3816 fortasse
2826 3759 2983 3815 nobis
3009 3773 3197 3830 parum
3223 3756 3567 3814 auctoritatis
3592 3765 3650 3812 et
3676 3755 3788 3811 ﬁdei

2197 3853 2511 3910 deferatur:
2542 3853 2662 3924 lege
2689 3867 2995 3909 sermonem
3024 3849 3274 3921 Apostoli
3310 3849 3450 3919 apud
3495 3848 3792 3904 Atheuien-

2196 3961 2286 4003 ses
2320 3947 2557 4002 habitum
2584 3990 2599 4012 ,
2623 3946 2714 4016 qui
2745 3946 2790 4000 si
2821 3960 2849 3999 a
2883 3943 3058 4016 primo
3085 3943 3368 3999 destruere
3398 3941 3668 3997 voluisset
3691 3953 3791 3995 ca:-

2198 4040 2471 4113 remouias
2502 4039 2767 4094 idolorum
2789 4078 2805 4103 ,
2836 4051 3144 4094 sermonem
3173 4037 3293 4104 ejus
3321 4049 3481 4089 aures
3511 4033 3792 4105 gentilium

2196 4133 2554 4201 respuissent.
2605 4131 2687 4186 Ab
2716 4145 2824 4184 uno
2860 4130 3020 4200 igitur
3053 4128 3164 4183 Deo
3190 4135 3472 4197 operatore
3501 4125 3692 4182 mundi
3721 4123 3798 4180 in-

2171 4224 2330 4295 .cipit
2360 4224 2546 4279 dicens
2577 4242 2590 4279 :
2635 4222 2778 4278 Deus
2806 4223 2892 4294 qui
2925 4221 3043 4294 fecit
3073 4221 3321 4274 mundum
3341 4259 3356 4285 ,
3391 4227 3440 4274 et
3468 4229 3662 4273 cuncta
3690 4232 3798 4279 qua;

2179 4328 2316 4380 sunt
2336 4316 2389 4370 in
2414 4333 2474 4372 eo
2505 4315 2663 4390 (ίΑοι.
2689 4331 2823 4382 xvn,
2853 4313 2981 4385 24).
3036 4312 3231 4384 Negari
3262 4327 3365 4368 non
3393 4320 3610 4382 poterat
3639 4324 3796 4366 unum

2197 4418 2539 4478 Operatorem
2563 4424 2686 4464 esse
2715 4406 2926 4472 mundi,
2949 4422 3117 4461 unum
3136 4405 3334 4473 Deum,
3362 4420 3528 4460 unum
3560 4404 3798 4460 omnium

2197 4511 2524 4559 creatorem.
2555 4501 2819 4571 Adjunsit
2842 4515 2908 4555 eo
2929 4499 3071 4570 quod
3103 4499 3227 4556 cteli
3265 4508 3319 4555 et
3347 4509 3510 4554 terra:
3539 4498 3802 4554 Dominus

489 4585 588 4641 des
618 4594 674 4642 et
704 4590 1007 4659 imperfecti
1031 4591 1210 4648 adhuc
1234 4593 1492 4664 discipuli
1530 4597 1783 4653 maxima:
1833 4598 2096 4669 prmdica-
2121 4612 2177 4675 ι)
2199 4593 2228 4632 ἀ
2259 4597 2310 4651 in
2342 4595 2671 4650 manufactis
2702 4610 2809 4649 non
2837 4592 3090 4664 dignetur
3120 4594 3384 4648 habitare.
3418 4592 3631 4647 Deinde
3661 4589 3800 4658 quod

493 4680 658 4736 tinnis
674 4683 911 4754 molibus
940 4686 1343 4756 opprimantur.

571 4773 690 4830 102.
733 4774 890 4831 Nunc
941 4793 1046 4848 qua
1091 4793 1253 4835 causa
1296 4780 1459 4837 etiam
1507 4781 1819 4840 immundos
1869 4785 2095 4855 spiritus

455 4865 679 4936 ,jubeat
701 4876 903 4937 tacere,
929 4871 1364 4930 consideremus.
1392 4873 1499 4929 Sed
1521 4885 1576 4930 et
1605 4876 1707 4930 hoc
1729 4875 1890 4930 nobis
1911 4875 2095 4948 Scrip-

495 4964 614 5013 tura
645 4963 893 5030 apcruit,
949 4967 1074 5035 quia
1109 4963 1376 5021 Peccatori
1419 4967 1552 5021 dixit
1605 4965 1748 5023 Deus
1781 4984 1801 5022 :
1842 4968 2018 5034 Quare
2039 4981 2094 5024 tu

489 5065 706 5108 enarras
725 5055 962 5127 justitias
993 5073 1134 5113 meas
1167 5056 1342 5130 (Psal.
1374 5074 1520 5124 XLIX,
1547 5060 1681 5134 16)?
1707 5061 1786 5117 Ne
1813 5063 1936 5132 quis
1963 5063 2091 5118 dum

560 5217 778 5296 I__l_lor_n.
805 5218 937 5275 edit.
969 5219 1117 5296 sola.
1167 5219 1258 5276 Sic
1306 5221 1441 5296 enim
1465 5221 1661 5296 scribit
1690 5221 2020 5296 Euangelista
2061 5241 2081 5279 :

495 5289 561 5343 At
586 5290 679 5344 ille
709 5292 984 5360 increpans
1009 5293 1130 5347 illos
1152 5333 1167 5359 ,
1223 5289 1460 5365 prter-epit
1492 5309 1556 5348 ne
1581 5294 1663 5348 cui
1691 5289 1942 5351 dicerént.
1973 5293 2082 5350 Sed

494 5359 912 5414 [renitentesilli
945 5364 1082 5414 tales
1115 5365 1460 5414 mutationes.

519 5364 912 5431 requentesilli
945 5364 1082 5419 tales
1115 5365 1460 5419 mutationes.
1673 5438 1676 5440 γ

559 5430 801 5514 b_l_d_est,
832 5436 1287 5514 quemadmodum
1321 5437 1373 5514 in
1405 5436 1865 5514 disputationibus
1906 5438 2082 5514 philo-

486 5504 732 5587 sophicis
757 5507 1054 5587 procedere
1081 5504 1260 5561 solent
1288 5506 1676 5587 a_fa_ciliori_bns
1695 5504 2075 5587 easintplicio-

488 5577 642 5631 ribus
667 5575 734 5631 ad
761 5576 1067 5648 difficiliora
1093 5585 1150 5648 et
1192 5581 1362 5647 magis
1395 5579 1654 5645 impedita
1678 5619 1695 5645 ,
1727 5579 1808 5637 sic
1854 5575 1908 5637 in
1939 5592 2082 5637 trac-

490 5650 658 5701 tando
687 5662 906 5717 quoque
929 5647 1226 5717 Evangelio
1259 5649 1690 5717 procedendum.

563 5717 848 5800 samer‘b.
883 5731 1007 5775 cum
1062 5732 1195 5774 mss.
1225 5717 1470 5789 aliquot,
1521 5729 1644 5778 tunc
1687 5721 1897 5797 judicio
1949 5721 2082 5793 eius.

492 5776 670 5840 Minus
696 5785 858 5840 bene;

2199 4688 2343 4746 intra
2381 4689 2498 4742 auri
2541 4688 2857 4757 argentique
2892 4699 3102 4741 cassam
3133 4685 3415 4740 materiem
3457 4697 3802 4755 nequaquam

2197 4782 2494 4839 verisimile
2519 4783 2593 4837 sit
2619 4780 2850 4835 artificio
2877 4780 3109 4834 hominis
3139 4778 3248 4834 vim
3280 4778 3588 4846 divinitatis
3627 4777 3799 4832 inclu-

2195 4877 2250 4932 di
2280 4893 2292 4932 :
2320 4877 2528 4931 erroris
2557 4874 2856 4930 remedium
2889 4872 3090 4928 docens
3112 4886 3236 4928 esse
3261 4870 3496 4926 studium
3523 4871 3801 4942 preniten-

2195 4970 2271 5026 di.
2299 4969 2451 5025 Tunc
2483 4968 2628 5024 venit
2655 4966 2722 5022 ad
2752 4967 3051 5028 Christum,
3082 4974 3106 5002 ο
3138 4979 3237 5020 nec
3265 4976 3445 5019 tamen
3477 4964 3654 5018 Deum
3692 4976 3802 5017 ma-

2196 5063 2295 5119 luit
2313 5078 2475 5135 quam
2500 5061 2771 5117 hominem
2792 5056 3319 5130 nuncupare,diceus
3343 5053 3564 5111 :Inuiro
3590 5071 3697 5128 quo
3719 5055 3803 5110 de-

2175 5291 2177 5293 .
2263 5221 2290 5261 ά
2325 5223 2454 5280 Mss.
2483 5223 2711 5294 aliquot.
2745 5240 2848 5278 non
2870 5225 2925 5277 in
2953 5219 3265 5289 manufactis
3284 5220 3458 5275 idolis.
3488 5218 3692 5275 Melius
3713 5217 3802 5294 alii

2183 5311 2307 5352 cum
2330 5295 2462 5351 edit.
2491 5291 2704 5362 Vocem,
2730 5295 2909 5357 idolis,
2936 5309 3043 5349 non
3071 5294 3385 5357 admittunt,
3412 5305 3508 5360 pro
3537 5309 3650 5360 qua
3677 5291 3802 5345 sub-

2175 5367 2404 5423 auditur
2435 5369 2663 5436 templis,
2694 5378 2750 5421 ut
2771 5366 3038 5422 referatur
3063 5365 3129 5420 ad
3177 5363 3426 5434 Apostoli
3455 5363 3654 5427 verba,
3707 5364 3793 5417 οὐκ

2184 5440 2235 5494 ἕν
2265 5444 2650 5511 χειροποιήτοις
2680 5446 2825 5498 ναοῖς
2853 5444 3093 5494 κατοικεῖ.

2182 5509 2184 5512 ’
2261 5503 2309 5548 δ’
2325 5503 2452 5565 Mss.
2487 5523 2718 5578 quatuor
2749 5550 2762 5573 ,
2797 5524 2889 5562 nec
2932 5521 3106 5578 tamen
3135 5503 3303 5560 Deum
3345 5504 3542 5567 tacuit,
3590 5504 3798 5572 quando

2187 5582 2445 5636 hominem
2473 5577 2809 5652 nuncupavit.
2839 5577 2998 5652 .lnfra
3048 5593 3178 5652 vero
3226 5578 3329 5652 uhi_
3365 5578 3545 5630 cuncti
3582 5583 3798 5652 mss.ct

2177 5664 2293 5724 ant.
2342 5651 2475 5707 edit.
2504 5646 2754 5724 definivit
2783 5649 3032 5724 omnibus
3055 5648 3210 5724 ﬁdem
3231 5651 3267 5713 ;'
3292 5646 3449 5724 Rom.
3499 5648 3756 5724 reposuit
3779 5686 3794 5707 ,

2177 5721 2430 5798 deﬁnivit,
2449 5715 2678 5798 praebens
2701 5720 2935 5776 omnibus
2957 5715 3135 5791 ﬁdem,
3160 5717 3214 5775 in
3237 5733 3346 5791 quo
3367 5715 3417 5774 ei
3438 5715 3628 5775 textus
3651 5722 3791 5786 Apo‘

2177 5790 2401 5850 stone...
2431 5790 2822 5866 patrocinatur.

3915 353 3929 716 l
