3960 6294
172 345 309 402 i697
1142 341 1506 402 EXPOSI'HO
1546 334 1804 397 EVANG.
1844 335 1992 394 SEC.
2036 338 2191 396 LUC.
2234 339 2363 396 LIB.
2406 337 2496 394 VI.
3330 341 3474 398 1698

165 459 329 527 ﬁnivit
346 457 580 512 omnibus
599 456 776 527 ﬁdem,
800 455 1055 512 suscitans
1075 471 1190 512 eum
1207 457 1271 510 ab
1289 457 1469 528 inferis
1489 457 1768 526 (Actum,
1795 450 1850 512 A
1877 449 2001 506 Haec
2031 459 2110 506 est
2144 450 2264 506 ﬁdei
2296 451 2464 522 gloria
2494 491 2508 517 ,
2535 449 2580 506 si
2614 463 2739 506 vere
2767 449 3036 523 intelligas
3071 465 3290 508 crucem
3318 450 3477 508 Chri-

164 549 278 620 51).
319 549 428 618 Qui
457 551 603 604 enim
625 559 846 616 tractat,
887 549 1398 606 debetaudientium
1416 549 1770 605 considerare
1872 544 1962 599 Sli.
1997 544 2132 599 Alia:
2158 559 2349 600 cruces
2378 543 2508 599 nihil
2539 543 2668 598 mihi
2703 553 2951 612 prosunt,
2979 544 3092 599 sola
3117 559 3248 600 crux
3269 543 3473 600 Christi

164 654 468 712 personas,
506 657 574 694 ne
609 639 760 708 prius
785 639 1081 696 irrideatur
1106 656 1265 712 quam
1307 639 1580 696 audiatur.
1624 638 1771 708 Quo-
1871 635 2002 690 mihi
2049 636 2198 692 utilis
2223 645 2328 701 est,
2360 645 2417 692 et
2444 651 2571 692 vere
2601 635 2772 702 utilis,
2799 635 2902 691 Per
2921 653 3073 707 quam
3094 637 3224 692 mihi
3250 638 3473 692 mundus

163 732 322 789 modo
342 733 488 788 enim
519 731 883 788 Athenienses
909 731 1194 789 crederent
1225 733 1352 804 quia
1379 730 1610 788 Verbum
1637 745 1767 790 caro
1867 729 2149 800 cruciﬁxus
2170 737 2268 796 est,
2298 738 2345 784 et
2368 745 2461 800 ego
2484 731 2681 784 mun‘do
2709 727 2930 802 (Galat.
2962 744 3016 785 vt
3039 772 3052 794 ,
3089 727 3214 802 14).
3247 729 3303 787 Si
3337 727 3492 786 mihi.

163 825 360 882 factum
393 835 498 893 est,
536 825 678 881 etde
713 825 920 896 Spiritu
948 835 1136 880 sancto
1164 825 1330 897 Virgo
1353 825 1644 897 concepit,
1671 827 1765 894 qui
1867 824 2160 879 cruciﬁxus
2187 833 2271 880 est
2306 809 2577 892 mundus,
2611 823 2723 880 scio
2747 825 2876 894 quia
2905 833 3150 880 mortuus
3188 831 3316 892 est,
3362 839 3472 880 non

160 919 462 976 irridebant
488 919 612 990 quia
637 921 1094 976 resurrectionem
1115 917 1401 974 audierant
1427 929 1764 975 mortuorum
1864 917 2032 988 diligo
2054 933 2200 984 eum;
2230 919 2346 974 seio
2368 918 2491 989 quia
2523 918 2788 989 praeterit,
2815 933 2922 974 non
2951 918 3273 989 concupisco
3302 932 3424 973 eum
3452 933 3468 983 ;

161 1013 350 1086 (Ibid.,
383 1013 482 1083 32)
513 1013 538 1067 2
577 1013 781 1069 Tamen
813 1022 868 1068 et
898 1012 1186 1084 Dionysius
1210 1013 1564 1084 Areopagites
1585 1013 1764 1069 credi-

159 1110 256 1175 dit,
284 1119 340 1164 et
362 1108 457 1163 alii
485 1107 832 1163 crediderunt
859 1108 912 1162 in
934 1109 1107 1163 virum
1137 1124 1151 1173 ;
1186 1116 1245 1163 ut
1285 1107 1338 1163 in
1381 1108 1550 1164 Deum
1572 1109 1763 1163 crede-

160 1212 274 1260 rent
298 1203 316 1274 (
340 1200 513 1268 Ibid.,
546 1199 654 1270 54).
695 1199 832 1270 Quid
861 1200 1129 1268 interest,
1161 1217 1269 1273 quo
1297 1202 1526 1273 quisque
1570 1202 1760 1258 credat

159 1296 380 1352 ordine?
409 1293 531 1350 Non
557 1293 611 1348 in
637 1292 915 1365 principiis
937 1291 1172 1364 perfecta
1194 1303 1542 1363 quaeruntur:
1570 1294 1666 1350 sed
1691 1293 1760 1350 de

160 1388 435 1461 principiis
467 1386 536 1441 ad
573 1401 636 1442 ea
657 1401 776 1457 qua:
808 1384 1044 1455 perfecta
1088 1394 1213 1441 sunt
1238 1385 1570 1455 pervenitur.
1614 1384 1758 1457 Ergo

159 1483 242 1538 tali
291 1480 662 1537 Athenienses
706 1478 1018 1534 informavit
1066 1488 1334 1549 prtecepto
1370 1495 1385 1533 :
1429 1478 1554 1534 talis
1600 1477 1758 1535 nobis

157 1574 285 1646 apud
312 1574 554 1644 gentiles
574 1571 709 1628 ordo
737 1571 1036 1627 servandus
1060 1581 1162 1626 est.

1864 1011 1978 1066 scio
2004 1012 2129 1082 quia
2170 1011 2481 1082 corruptela
2508 1011 2782 1066 consumit
2811 1009 2955 1066 hunc
2980 1010 3240 1065 mundum
3265 1051 3281 1077 ,
3316 1008 3475 1077 quasi

1864 1104 2090 1160 fetidum
2124 1106 2273 1172 vito,
2324 1103 2478 1174 quasi
2523 1103 2668 1160 luem
2722 1118 2933 1170 caveo,
2983 1102 3134 1174 quasi
3161 1103 3471 1159 nociturum

1862 1198 2136 1268 rehnquo.

1935 1288 2058 1345 108.
2105 1288 2211 1345 Sed
2257 1303 2366 1345 non
2410 1288 2594 1344 statim
2648 1303 2747 1359 per
2781 1301 2999 1344 crucem
3046 1295 3277 1358 possunt
3304 1285 3475 1357 aliqui

1861 1385 2086 1442 credere
2133 1386 2362 1442 salutem
2392 1385 2594 1441 mundo
2639 1385 2896 1440 refusam.
2954 1382 3157 1440 Astrue
3195 1398 3326 1454 ergo
3374 1397 3474 1454 per

1861 1477 2119 1535 historias
2151 1479 2466 1534 Grtecorum
2501 1479 2604 1534 hoc
2628 1477 2798 1534 fuisse
2825 1476 3107 1548 possibile,
3132 1477 3274 1533 sicut
3303 1477 3476 1532 inter-

1859 1571 1986 1626 dum
2019 1571 2182 1627 etiam
2212 1571 2507 1640 Apostolus
2545 1569 2741 1626 suadet
2776 1569 3071 1625 incredulis
3119 1568 3272 1641 (Act.
3316 1583 3426 1625 xvlt
3453 1608 3471 1636 ,

225 1668 344 1724 106.
383 1667 457 1724 At
489 1681 621 1722 vero
639 1679 762 1721 eum
787 1665 1008 1720 Judaaos
1047 1665 1450 1734 alloquerentur
1478 1665 1752 1736 apostoli,

158 1761 322 1832 ipsum
351 1758 636 1815 Christum
677 1771 801 1814 esse
831 1757 1086 1813 dicebant
1117 1759 1208 1830 qui
1240 1759 1570 1829 propheticis
1595 1759 1754 1814 nobis
1783 1829 1819 1832 _
1857 1768 2035 1814 struat
2070 1767 2374 1830 poetarum.
2424 1757 2481 1814 Si
2529 1758 2672 1814 enim
2719 1765 3005 1812 revocetur
3045 1754 3100 1810 in
3147 1755 3468 1812 memoriam

157 1829 292 1909 esset
320 1851 630 1923 promissus
654 1851 919 1907 oraculis:
947 1866 1107 1922 quem
1131 1829 1238 1906 non
1263 1851 1412 1921 prius
1433 1851 1756 1908 auctoritate
1782 1829 1834 1892 Β
1859 1853 2004 1924 quod
2037 1829 2279 1922 legiones
2305 1866 2450 1922 stcpe
2478 1860 2532 1906 et
2562 1864 2792 1920 magnos
2819 1849 3045 1919 populos
3071 1889 3086 1914 ,
3135 1847 3336 1904 oblatis
3368 1847 3470 1904 ali-

157 1959 244 2000 sua
274 1945 364 2000 Dei
405 1944 586 1999 ﬁlium
627 1942 1018 2000 nominabant:
1065 1943 1162 1999 sed
1198 1941 1371 1999 virum
1431 1944 1749 2015 probatum,
1857 1961 2089 2017 quorum
2121 1943 2413 2010 mortibus,
2440 1941 2468 1980 δ
2502 1942 2742 1998 historia:
2781 1942 3100 1998 Graecorum
3124 1951 3374 1997 asseram
3404 1939 3472 1995 li-

158 2037 319 2094 virum
344 2037 564 2108 justum
599 2077 616 2104 ,
659 2036 836 2092 virum
865 2052 894 2092 a
921 2037 1150 2093 mortuis
1194 2037 1510 2094 suscitatam
1537 2079 1554 2105 ,
1603 2039 1753 2094 illum
1857 2041 2115 2097 beratos:
2149 2041 2192 2096 si
2227 2039 2550 2095 recordetur
2575 2035 2721 2108 quod
2753 2037 3099 2107 imperatoris
3118 2035 3222 2089 ﬁlia
3249 2042 3470 2105 propter

157 2131 320 2188 virum
339 2132 413 2188 de
440 2145 560 2202 quo
587 2129 791 2187 dictum
815 2139 901 2187 est
928 2131 981 2187 in
1003 2131 1311 2204 prophetis:
1342 2133 1514 2189 Filius
1536 2151 1675 2189 meus
1700 2153 1755 2192 es
1857 2135 2174 2191 Graecorum
2206 2134 2482 2191 exercitus
2511 2129 2925 2188 transferendos
2946 2129 3014 2185 ad
3045 2127 3373 2186 sacriﬁcium
3401 2129 3474 2185 sit

158 2237 224 2290 tu,
251 2244 341 2300 ego
366 2227 531 2282 hodie
545 2227 697 2298 genui
721 2236 770 2280 te
797 2226 935 2298 (Act.
968 2245 1026 2296 ιι,
1049 2229 1140 2296 22,
1167 2238 1214 2284 et
1235 2244 1311 2296 ιιι,
1335 2230 1425 2296 14,
1449 2240 1494 2285 et
1522 2246 1636 2295 sui,
1659 2231 1758 2299 55,-
1857 2240 2047 2287 vocata
2072 2247 2086 2284 :
2111 2229 2156 2284 si
2183 2236 2430 2285 nostrum
2465 2226 2600 2283 illud
2629 2224 3060 2290 consideremus,
3089 2224 3217 2294 quia
3240 2222 3470 2295 Sanguis

1857 1665 1950 1736 28)
1982 1681 1995 1719 :
2044 1679 2147 1721 nec
2178 1674 2205 1702 ⁸
2238 1680 2426 1720 versus
2457 1663 2698 1734 poeticos
2729 1660 2965 1734 refugit,
3014 1671 3074 1717 ut
3122 1660 3331 1717 fabulas
3374 1662 3472 1717 de-
3569 1695 3578 1703 -

158 2332 214 2374 sx
243 2317 381 2373 Psal.
415 2333 480 2384 ιι,
519 2317 598 2389 7).
625 2317 700 2374 ita
725 2334 857 2391 ergo
885 2329 940 2376 et
969 2331 1025 2376 tu
1053 2321 1122 2377 ad
1149 2337 1211 2379 ea
1242 2337 1363 2393 quae
1392 2321 1614 2379 difﬁcile
1634 2338 1755 2380 crc-

159 2412 360 2480 duntur,
389 2412 779 2471 auctoritatem
807 2415 974 2471 divini
992 2416 1263 2472 sermonis
1277 2416 1540 2485 adscisco,
1555 2427 1606 2473 et
1631 2433 1754 2489 pro-

158 2510 363 2567 missum
395 2511 530 2581 ejus
567 2510 865 2570 adventum
895 2510 1285 2582 prophetarum
1315 2526 1450 2568 voce
1475 2512 1697 2583 designa
1734 2528 1749 2566 :

159 2604 607 2662 resurrectionem
631 2619 848 2676 quoque
869 2603 1042 2661 multo
1070 2614 1196 2660 ante
1216 2614 1547 2676 compertam
1569 2605 1753 2676 Scrip—

159 2703 385 2754 turarum
409 2696 746 2753 testimoniis
773 2696 1029 2766 edoceto,
1061 2712 1170 2752 non
1213 2699 1464 2752 usitatam
1495 2712 1621 2753 cum
1646 2712 1753 2752 cae-

160 2791 280 2846 teris
299 2800 462 2863 atque
493 2804 842 2847 communem
867 2807 883 2858 ;
913 2801 975 2847 ut
1000 2791 1052 2846 in
1088 2791 1205 2862 ipsa
1234 2791 1477 2846 suscitati
1490 2775 1751 2862 corporis

160 2883 466 2962 assertione,
501 2892 723 2941 aeternas
752 2884 1120 2941 testimonium
1143 2885 1446 2942 divinitatis
1477 2885 1747 2957 acquiras.

160 2975 278 3032 Cum
303 2978 446 3033 enim
469 2986 799 3034 caeterorum
818 2993 1046 3050 corpora
1063 2979 1470 3048 corruptionem
1497 2979 1750 3049 prohavc~

162 3066 226 3124 ris
242 3069 472 3127 subiisse
499 3079 624 3142 post
653 3071 1062 3139 mortem,hunc
1089 3071 1277 3142 utique
1291 3069 1358 3126 de
1384 3085 1492 3142 quo
1519 3071 1748 3128 dicitur:

163 3159 273 3216 Non
302 3163 446 3218 dabis
479 3163 736 3219 Sanctum
764 3173 908 3218 tuum
939 3163 1112 3222 videre
1145 3166 1524 3237 corruptionem
1553 3165 1572 3238 (
1598 3164 1743 3222 Psaf.

161 3269 221 3312 xv
245 3301 259 3325 ,
292 3257 388 3332 ιθ)
408 3301 422 3327 ,
455 3259 786 3330 comprohas
817 3259 1066 3316 humana:
1093 3259 1399 3333 fragilitatis
1425 3272 1703 3331 expertem
1731 3303 1747 3330 ,

163 3353 344 3423 probas
386 3354 646 3410 humanae
693 3354 1021 3410 conditionis
1056 3354 1246 3410 merita
1300 3369 1707 3428 supergressum
1734 3395 1750 3422 ,

164 3445 262 3504 Deo
282 3447 449 3518 magis
463 3462 631 3516 quam
664 3446 977 3503 hominibus
1006 3446 1417 3505 conferendum.

232 3539 436 3614 1410
463 3540 596 3598 107.
639 3540 793 3610 Quod
832 3542 877 3596 si
913 3539 980 3597 ad
1011 3553 1348 3597 sacramenta
1372 3541 1607 3598 ﬁdelium
1633 3551 1753 3598 ten-

165 3630 285 3689 dens
312 3635 739 3692 catecbumenus
770 3635 1094 3693 imbuendus
1141 3636 1244 3702 sit,
1289 3636 1576 3693 dicendum
1627 3639 1752 3709 quia

168 3742 293 3784 unus
311 3740 392 3786 est
417 3731 571 3786 Deus
589 3745 653 3786 ex
685 3745 794 3802 quo
823 3729 1026 3798 omnia,
1061 3739 1116 3785 et
1142 3745 1281 3785 unus
1311 3729 1468 3786 Jestts
1499 3729 1750 3787 Christus

165 3833 252 3889 per
273 3838 428 3893 quem
457 3822 645 3879 omnia
676 3822 720 3895 (l
748 3822 865 3878 Cor.
894 3838 986 3878 vnt
1010 3863 1026 3889 ,
1059 3821 1162 3896 6):
1203 3839 1311 3879 non
1345 3824 1480 3880 duos
1504 3824 1752 3880 dominos

167 3927 275 3970 esse
310 3916 614 3974 dicendos:
657 3918 958 3990 perfectum
988 3917 1206 3988 quidem
1240 3918 1454 3975 Patrem
1484 3960 1498 3984 ,
1542 3919 1754 3991 perfec-

169 4015 268 4063 tum
288 4025 408 4067 esse
436 4019 494 4066 et
525 4010 756 4078 Filium;
789 4009 886 4067 sed
917 4009 1076 4067 unius
1101 4011 1317 4068 Patrem
1337 4021 1392 4068 et
1410 4012 1602 4070 Filium
1631 4030 1753 4072 esse

168 4103 470 4166 substantiae
506 4128 521 4165 :
551 4108 789 4166 Verbum
819 4115 1082 4164 aeternum
1110 4106 1296 4165 aeterni
1323 4108 1442 4177 Dei,
1473 4124 1578 4165 non
1609 4111 1751 4180 quod

169 4201 443 4274 profertur,
463 4203 562 4261 sed
589 4203 733 4275 quod
759 4213 1052 4276 operatur;
1084 4219 1152 4261 ex
1174 4214 1324 4274 patre
1353 4205 1616 4274 genitum,
1645 4220 1753 4260 non

172 4306 290 4353 voce
315 4297 544 4354 editum.
578 4297 940 4355 Prohibeutur
964 4313 1096 4371 ergo
1121 4298 1350 4370 apostoli
1377 4299 1755 4370 evangelizare

170 4403 279 4446 eum
303 4392 397 4449 Dei
418 4391 642 4460 Filium,
670 4400 727 4449 ut
743 4394 1180 4467 evangelizarent
1201 4402 1388 4464 postea
1409 4393 1754 4452 cruciﬁxum.

236 4541 259 4570 α
284 4533 535 4591 Nonnulli
561 4547 694 4590 mss.
721 4573 737 4597 ,
782 4548 959 4587 uersus
988 4530 1331 4601 propheticos.
1374 4528 1564 4601 Minus
1600 4543 1754 4585 com-

173 4605 354 4675 t_node;
385 4607 488 4660 nisi
517 4607 639 4675 quis
667 4604 798 4660 velit
825 4605 892 4658 ad
924 4605 974 4658 id
1007 4600 1171 4675 alludi
1199 4643 1214 4668 ,
1242 4600 1384 4673 quod
1412 4600 1706 4675 {Apostolus
1731 4641 1748 4667 ,

172 4671 270 4729 Tit.
294 4671 349 4742 ι,
377 4677 445 4731 η
468 4719 484 4743 ,
533 4671 744 4746 poetam
777 4674 1149 4744 Epimenidem
1181 4671 1382 4727 vocitet
1407 4671 1750 4746 Cretensium

173 4741 478 4825 prophetam
504 4741 701 4819 [cujus
728 4741 893 4825 etiam
926 4747 1167 4825 carmina
1199 4752 1457 4825 χρησμῶν
1484 4743 1641 4825 titulo
1667 4741 1753 4798 in-

175 4818 358 4890 scripta
401 4816 743 4890 erantz'qua
773 4821 842 4874 tte
886 4816 1182 4881 revidesis

175 4883 289 4942 deni
315 4891 512 4945 locum.

239 4957 264 4997 δ
306 4961 509 5016 Similia
556 4959 623 5018 de
671 4960 850 5017 Codro
901 4959 1096 5016 ultimo
1157 4956 1572 5014 Atheniensium
1625 4971 1753 5028 rege

175 5040 345 5088 mrrat
379 5033 671 5088 Pausanias
695 5033 749 5088 in
779 5033 974 5088 Atticis
999 5073 1014 5097 ,
1043 5039 1098 5086 et
1139 5041 1260 5098 post
1287 5044 1411 5084 eum
1441 5028 1707 5084 Eusebius
1736 5043 1749 5080 :

177 5113 267 5156 nec
291 5119 392 5158 non
423 5120 493 5161 ex
519 5103 720 5160 Latinis
735 5103 1009 5167 Justinus,
1035 5101 1353 5156 Patercnlus
1379 5141 1393 5162 ,
1437 5109 1600 5170 atque
1629 5098 1746 5154 alii.

177 5173 317 5235 Quod
343 5186 520 5229 autem
548 5174 882 5231 subnectitur
911 5173 981 5228 de
1025 5173 1348 5244 imperatoris
1396 5169 1522 5240 ﬁlia
1551 5209 1567 5224 .
1611 5208 1626 5224 .
1671 5209 1685 5224 .
1731 5209 1746 5225 .

179 5246 238 5294 ad
265 5247 568 5315 sacriﬁcium
594 5256 770 5300 vorata
805 5262 825 5311 ;
856 5245 1097 5299 innititur
1127 5242 1423 5315 Iphigenia:
1467 5247 1755 5315 Agamem-

179 5315 322 5368 nonis
341 5311 654 5373 Grtecornm
683 5317 738 5371 in
769 5317 912 5372 bello
953 5311 1189 5385 Trojano
1236 5311 1598 5385 imperatm‘is
1627 5311 1755 5385 filia:

179 5387 486 5458 [acriftciutn
513 5404 529 5453 ;
571 5404 730 5458 quam
763 5387 998 5441 fabulam
1031 5383 1136 5458 non
1171 5383 1349 5440 solum
1381 5383 1669 5458 Euripides
1688 5383 1755 5458 in

179 5451 329 5528 Trag.
359 5461 428 5516 de
456 5451 559 5517 hoc
577 5451 916 5532 argumento,
945 5466 1002 5513 et
1021 5457 1110 5514 alii
1131 5467 1310 5530 poetae
1332 5451 1577 5528 pluribus
1598 5454 1754 5524 locis,

1262 4815 1458 4871 rotiutn
1507 4815 1560 4869 in
1592 4830 1750 4870 eum.

1854 2335 2127 2380 taurorum
2151 2332 2200 2378 et
2234 2324 2498 2378 hircorum
2521 2362 2537 2388 ,
2567 2330 2614 2376 et
2645 2320 2777 2374 cinis
2806 2318 2985 2374 vitula:
3013 2333 3259 2389 aspersus
3290 2315 3455 2381 inqui-

1856 2431 2005 2474 natos
2024 2417 2315 2488 sanctiﬁcat
2332 2416 2400 2471 ad
2420 2430 2627 2471 cernens
2648 2411 3031 2473 etnundandam
3050 2408 3124 2483 (Η
3133 2410 3238 2464 cbr.
3257 2425 3331 2472 ιιι,
3350 2406 3462 2480 15),

1855 2514 1999 2570 sicut
2023 2513 2089 2569 ad
2121 2512 2380 2568 Hebraeos
2408 2511 2674 2580 scriptum
2703 2517 2788 2564 est
2817 2524 2832 2562 :
2876 2518 2898 2545 ε
2943 2507 2989 2560 si
3036 2503 3346 2576 pestilentia
3379 2516 3468 2559 re-

1854 2610 2077 2682 gionum
2100 2607 2374 2679 aliquibus
2395 2605 2676 2660 hominum
2702 2610 2982 2658 contracta
3010 2596 3271 2668 peccatis,
3301 2594 3464 2651 unius

1855 2705 2085 2776 alicujus
2132 2713 2308 2760 morte
2351 2701 2638 2768 asseritur,
2661 2711 2785 2754 esse
2825 2695 3104 2760 resoluta;
3139 2688 3168 2730 τι
3197 2690 3344 2763 quod
3372 2697 3468 2745 aut

1855 2800 2070 2856 ratione
2103 2795 2416 2869 praevaluit,
2461 2802 2554 2850 aut
2597 2790 2959 2864 dispositione
2999 2787 3314 2853 convaluit,
3357 2799 3466 2856 quo

1855 2892 2070 2949 facilius
2101 2892 2152 2947 in
2186 2905 2404 2948 crucem
2434 2886 2647 2943 Domini
2674 2882 2993 2940 crederetur
3026 2899 3042 2936 :
3094 2879 3333 2950 proclive
3360 2876 3469 2933 erit

1857 2998 1916 3045 ut
1941 2987 2032 3060 qui
2060 3003 2157 3043 sua
2189 2999 2390 3056 negare
2411 2997 2519 3037 non
2549 2985 2804 3051 possunt,
2830 2982 3018 3030 nostra
3039 2971 3388 3029 conﬁrment.

1930 3082 2050 3138 109.
2099 3079 2206 3139 Sed
2254 3075 2510 3148 quoniam
2557 3071 2738 3128 nullus
2784 3068 3066 3125 hominum
3116 3073 3302 3120 tantus
3338 3075 3464 3119 esse

1857 3175 2070 3248 potuit,
2121 3171 2214 3244 qui
2257 3170 2425 3226 totius
2473 3175 2692 3238 peccata
2740 3162 2960 3218 tolleret
3009 3158 3237 3224 mundi,
3287 3171 3466 3228 neque

1857 3268 2069 3336 Enoch,
2101 3281 2274 3337 neque
2305 3264 2603 3329 Abraham,
2639 3273 2816 3330 neque
2842 3258 2990 3312 Isaac
3024 3255 3116 3326 qui
3147 3254 3276 3311 licet
3300 3250 3464 3310 morti

1854 3380 1914 3421 se
1941 3359 2222 3425 obtulerit,
2254 3367 2504 3415 servatus
2530 3367 2709 3410 tamen
2737 3359 2822 3408 est
2851 3349 3002 3423 (Gen.
3035 3345 3304 3418 xsit,.9);
3337 3343 3464 3416 quia

1855 3455 2038 3514 omnia
2076 3470 2183 3510 non
2203 3448 2648 3524 poteratabolere
2670 3455 2912 3518 peccata,
2943 3442 3088 3514 (quis
3106 3440 3252 3497 enim
3280 3445 3464 3494 tantus

1857 3549 2039 3615 homo,
2068 3549 2119 3603 in
2144 3562 2251 3619 quo
2281 3544 2522 3600 omnium
2553 3532 2772 3612 peccata
2795 3530 3224 3604 morerentur?)
3256 3530 3465 3587 ideirco

1856 3659 1965 3702 non
1995 3655 2135 3699 unus
2164 3656 2196 3697 e
2227 3639 2385 3710 plebe
2413 3677 2429 3704 ,
2482 3651 2589 3691 non
2631 3646 2772 3689 unus
2796 3647 2829 3688 e
2855 3643 3086 3686 numero
3111 3669 3126 3694 ,
3170 3623 3266 3680 sed
3293 3622 3464 3680 Filius

1860 3739 1953 3795 Dei
1999 3753 2026 3792 a
2058 3736 2172 3791 Deo
2199 3733 2361 3789 Patre
2387 3731 2594 3787 electus
2622 3734 2740 3792 est,
2792 3723 2886 3792 qui
2930 3737 3052 3778 cum
3083 3733 3244 3789 supra
3268 3729 3464 3774 omnes

1857 3839 2044 3895 esset,
2079 3843 2177 3899 pro
2203 3825 2454 3881 omnibus
2493 3838 2555 3878 se
2601 3825 2783 3890 posset
2817 3814 3055 3871 offerre:
3112 3826 3275 3883 quem
3322 3807 3465 3864 mori

1823 3960 1829 3965 ι
1857 3925 2124 3998 oportuit,
2153 3930 2211 3976 ut
2238 3935 2360 3976 cum
2390 3919 2537 3972 esSet
2568 3911 2762 3968 fortior
2786 3917 2986 3998 morte,
3012 3905 3152 3998 alios
3162 3903 3462 3998 liberaret,

1859 3992 2056 4075 Factus
2183 4053 2198 4070 .
2237 4050 2252 4067 .
2282 4013 2416 4066 inter
2445 4015 2674 4062 mortuos
2703 3997 3105 4074 sine'adjutorio
3135 3995 3264 4050 liber
3284 3992 3460 4070 (Psal.

1857 4123 2087 4169 Lxxxvn
2112 4148 2126 4172 ,
2157 4105 2272 4176 6),
2314 4100 2436 4157 sine
2477 4098 2793 4168 adiumento
2816 4089 3029 4148 scilicet
3057 4086 3291 4144 hominis
3316 4126 3332 4152 ,
3370 4091 3467 4140 aut

1857 4201 2091 4274 alicujus
2115 4205 2381 4255 creaturae
2410 4234 2425 4259 ,
2475 4191 2616 4247 liber
2665 4205 2693 4243 a
2740 4197 2937 4244 morte.
2985 4182 3056 4239 Et
3092 4182 3233 4274 bene
3281 4177 3462 4274 liber,

1857 4295 1949 4368 qui
1993 4267 2309 4350 servitutem
2351 4283 2708 4357 cupiditatum
2756 4277 2990 4351 repulit,
3045 4272 3236 4332 mortis
3285 4267 3466 4327 vinela

1860 4388 2115 4448 nescivit.

1860 4525 1958 4582 sed
1985 4523 2148 4580 etiam
2180 4519 2367 4590 Dictys
2398 4510 2681 4572 Cretensis
2725 4506 3040 4572 historicus,
3067 4500 3161 4557 lib.
3194 4513 3212 4555 ι
3242 4494 3464 4552 deBcllo

1781 4636 1835 4698 Β
1865 4597 2012 4669 Troj.
2043 4597 2462 4672 commemorat.

1940 4678 1960 4698 η
1989 4665 2122 4698 l‘nm
2153 4670 2321 4698 nacti:
2351 4667 2458 4698 Inln

1940 4639 2517 4732 'iiiégit'i'ioism
2548 4653 2777 4732 Aoniam
2800 4651 3133 4732 devastaret,
3159 4639 3467 4732 oraculum:

1861 4754 1967 4810 (τηε
1992 4723 2364 4810 τεένυῖιάίεεοι
2390 4743 2512 4810 φφ
2541 4736 2654 4806 tum.
2682 4723 3297 4810 de'eu'l‘.£93;i?}1'fj‘."£!:
3309 4723 3467 4810 alii"

1861 4781 2449 4876 ἒᾶἇίῦῗτὲιίίὲζίιῐσςῇι
2463 4781 2833 4876 devovissent,
2859 4789 2985 4876 tiliae
3006 4785 3290 4876 eujpsdam
3300 4781 3468 4876 prio-

1861 4856 2322 4936 niswﬂmo‘iivuhro
2351 4870 2453 4928 sibi
2480 4868 2755 4940 violentas
2789 4856 2982 4940 manus
3026 4856 3326 4940 inferentes
3367 4867 3467 4940 per-7

1862 4927 2612 5007 steti-ivstitiam};referuntur.
2654 4935 2791 4991 Vide
2819 4927 3361 5011 Anton.l._iberalem
3394 4939 3464 5011 εξ

1863 4996 2826 5085 Νῆίτιίιιιι-δῃξῖἷὺξἰγιξζᾹΙιοιειιιιι-Ηιη)
2877 5013 2932 5059 et
2975 5000 3238 5085 Corinna,
3271 4996 3462 5085 Ψιᾈέ

1862 5064 2378 5149 ἰίἱῖἶέἱῇἰιῖιιῖιίῗὲέιι
2403 5064 2554 5140 ῐόιειέ
2573 5080 2640 5134 ad
2669 5064 2986 5155 Thebanam
3033 5069 3176 5155 hiem
3209 5064 3466 5155 quaex!)

1857 5143 2418 5229 ξιςίῖρδδεεσηιεςίι,
2450 5167 2677 5229 «usque
2707 5151 2828 5218 ipso
2855 5147 2910 5203 in
2931 5143 3462 5229 "enumeres:

1860 5206 2143 5229 νυιηννωι
2175 5206 2418 5228 νν--υυ-νν
2457 5206 2506 5223 ‘I'
2583 5206 2606 5221 ν.
2731 5206 2743 5218 .
3148 5213 3159 5224 α
3200 5213 3208 5221 ,

1857 5245 2023 5304 atque
2054 5231 2338 5304 interfecta
2367 5235 2540 5304 matre
2570 5224 2807 5304 locasta,
2837 5229 3087 5304 cessasse
3105 5206 3464 5304 ριςιιιιξῖηξιιιι

1857 5279 2619 5374 ῖᾶἓιῖἲέέῥὲὶίἱξιιὲιῇιπυεξηε.
2672 5291 2752 5347 De
2779 5279 2883 5374 qua
2907 5303 2970 5374 re
2992 5283 3222 5374 consule
3259 5279 3462 5336 Diodo-

1860 5360 2006 5438 i'u'm.
2037 5360 2132 5431 lib'.
2162 5389 2202 5439 ι,
2234 5365 2764 5441 Statium,Senecam
2791 5360 3032 5441 otiati-os.

1932 5423 2489 5506 δ’ξὶδῶίὲάῖιίέὸιαζ
2515 5436 2655 5508 quod
2680 5445 2769 5489 aut
2795 5430 3048 5490 relatione
3075 5423 3372 5500 praecinit.
