3960 6310
470 299 608 375 W99.

1813 280 2062 340 SANCTI
2098 273 2434 338 AMBROSII.

3629 257 3772 320 {700

1533 459 1551 474 ε
1598 373 1942 518 LIBER
2015 373 2626 516 SEPTIMUS.

549 729 756 804 1411
783 724 959 799 (Vere.
989 720 1107 792 27).
1139 717 1272 780 Dico
1294 725 1465 772 autem
1494 713 1635 769 vobis
1661 753 1678 781 ,
1701 725 1816 766 uere
1833 715 1954 766 sunt
1982 704 2080 760 ali-

2187 727 2328 782 etde
2360 726 2702 798 Evangelista
2729 724 2942 781 Joanne
2973 722 3236 779 Dominus
3260 719 3462 779 dixerit
3493 737 3508 776 :
3540 717 3634 776 Sic
3665 733 3776 776 eant

469 800 662 896 qui—hic
692 827 884 874 stantes
898 814 986 887 qui
1012 828 1116 868 non
1135 812 1417 887 gustabunt
1431 815 1666 874 mortem,
1690 804 1850 860 donec
1871 800 2075 858 uideant

471 928 684 985 regnum
706 909 824 964 Dei.

548 1007 599 1061 l.
623 1005 854 1073 Semper
883 999 1149 1056 Dominus
1171 995 1314 1052 sicut
1344 992 1410 1047 ad
1441 989 1660 1061 praemia
1687 986 1850 1057 erigit
1895 982 2075 1040 futura

473 1102 761 1162 virtutum,
788 1105 951 1165 atque
979 1091 1164 1150 utilem
1193 1086 1534 1143 smcularium
1565 1097 1745 1142 rerum
1769 1079 1930 1134 docet
1953 1091 2077 1138 esse

474 1199 868 1261 contemptum,
917 1187 991 1242 ita
1019 1184 1181 1240 etiam
1213 1179 1576 1237 inﬁrmitatem
1599 1173 1800 1230 mentis
1829 1172 2078 1226 humana:

473 1286 827 1360 praesentium
847 1277 1291 1337 remuneratione
1312 1279 1601 1328 sustentat.
1616 1266 1856 1322 Arduum
1877 1261 2079 1332 quippe

399 1377 402 1380 ’
476 1353 560 1438 est
589 1392 805 1435 crucem
837 1375 1048 1436 tollere,
1076 1379 1131 1425 et
1156 1368 1391 1422 animam
1424 1359 1682 1434 periculis
1705 1400 1718 1424 ,
1754 1353 1923 1412 morti
1951 1368 2075 1408 cor-

475 1491 574 1547 pus
604 1472 802 1528 ofl‘erre
845 1487 856 1523 :
892 1480 1088 1537 negare
1116 1460 1260 1533 quod
1287 1459 1362 1515 sis
1389 1498 1403 1523 ,
1433 1472 1558 1512 cum
1590 1452 1726 1510 velis
1767 1463 1908 1547 esse
1935 1445 2078 1547 quod

478 1537 584 1624 non
615 1565 730 1628 sis;
765 1572 1002 1629 raroque
1025 1599 1040 1623 ,
1067 1553 1314 1626 quamvis
1353 1548 1578 1606 excelsa
1621 1545 1792 1602 virtus
1815 1581 1832 1609 ,
1885 1537 2081 1598 futuris

466 1658 768 1734 'pra-sentia
808 1659 1128 1710 commutat.
1183 1645 1412 1703 Difﬁcile
1437 1644 1636 1715 quippe
1662 1639 1871 1694 videtur
1901 1631 2081 1690 homi-

481 1757 664 1821 nibus,
694 1760 754 1806 ut
775 1763 928 1820 Spem
959 1743 1215 1818 periculis
1244 1749 1428 1797 emant
1453 1737 1794 1803 :damnoque
1845 1743 2084 1804 praesen-

481 1850 614 1905 timn
642 1847 838 1902 futurae
867 1843 1078 1897 lucrum
1109 1846 1420 1894 mercemur
1445 1830 1639 1886 aetatis.
1668 1828 1809 1897 Ergo
1839 1825 2012 1880 bonus
2029 1830 2084 1878 et

478 1940 702 1998 moralis
732 1936 990 2006 magister
1020 1947 1089 1986 ne
1115 1929 1240 2000 quis
1265 1924 1647 1997 desperatione
1675 1919 1954 1988 frangatur
1992 1921 2085 1982 aut

481 2035 690 2101 tardio;
739 2029 996 2102 quoniam
1045 2024 1172 2080 vita!
1211 2020 1388 2076 dulcis
1435 2015 1691 2072 illecebra
1737 2016 2080 2068 constantem

2180 822 2292 876 mlo
2321 836 2526 875 manere
2552 820 2714 874 donec
2739 818 2883 873 venio
2905 816 3088 889 (Joan.
3121 830 3232 882 xxi,
3260 811 3393 884 92);
3427 822 3611 870 tamen
3640 827 3776 884 quo-

2179 915 2323 968 niam
2370 929 2477 966 non
2508 912 2575 967 de
2619 926 2727 967 uno
2766 911 2974 967 Joanne
3019 909 3122 965 hoc
3151 917 3398 977 putamus
3424 919 3777 976 expressum,

2183 1003 2396 1077 16.12
2419 1004 2514 1060 sed
2543 1002 2799 1075 generale
2825 1001 2895 1058 de
2921 1001 3106 1057 multis
3135 999 3238 1056 hoc
3263 1013 3384 1056 esse
3414 1007 3778 1070 praeceptum;

2180 1113 2288 1152 non
2320 1099 2407 1152 hic
2432 1111 2581 1151 mors
2607 1094 2853 1166 corporis
2877 1135 2891 1160 ,
2919 1093 3014 1151 sed
3044 1093 3242 1150 anima:
3280 1091 3602 1160 denegatur.
3644 1089 3783 1146 Sunt

2181 1192 2328 1247 enim
2357 1190 2446 1260 qui
2479 1188 2681 1244 mortui
2708 1188 2890 1244 vivunt
2919 1203 2933 1252 ;
2964 1185 3219 1257 quoniam
3251 1193 3380 1247 sunt
3409 1183 3502 1254 qui
3535 1185 3784 1242 viventes

2181 1282 2384 1338 mortui
2411 1292 2575 1347 sunt,
2606 1281 2747 1338 sicut
2773 1282 2936 1338 vidua
2969 1281 3062 1336 illa
3103 1295 3223 1350 qua:
3264 1280 3434 1334 vinem
3478 1286 3684 1338 mortua
3709 1287 3784 1332 est

2181 1375 2228 1448 (l
2253 1375 2386 1429 Tim.
2419 1391 2471 1440 v,
2502 1373 2582 1444 6),
2633 1375 2772 1430 sicut
2797 1377 3060 1443 scriptum
3086 1380 3170 1428 est
3197 1389 3210 1424 :
3253 1369 3436 1430 Veniat
3464 1387 3604 1426 nturs
3632 1385 3785 1439 super

2181 1484 2288 1532 eos,
2323 1479 2368 1523 et
2395 1467 2704 1522 descendant
2725 1467 2779 1521 in
2801 1467 3060 1537 infernam
3085 1465 3302 1523 uiuentes
3330 1462 3508 1535 (Psal.
3535 1479 3647 1530 Ltv,
3676 1462 3782 1532 16)θ

2181 1563 2235 1618 Si
2269 1577 2398 1630 ergo
2430 1564 2581 1618 vivus
2611 1561 2731 1631 quis
2762 1561 2815 1615 in
2847 1559 3117 1615 infernum
3146 1558 3427 1615 descendit
3457 1557 3477 1629 (
3507 1567 3532 1593 ³
3567 1565 3786 1627 peccato

2182 1655 2329 1712 enim
2345 1663 2592 1710 mortuus
2611 1655 2665 1710 in
2693 1652 2888 1709 inferni
2913 1652 3196 1708 descendit
3218 1649 3646 1722 habitaculum),
3666 1657 3786 1706 sunt

2185 1749 2427 1819 profecto
2450 1748 2642 1818 quibus
2669 1761 2772 1802 nec
2793 1747 2849 1803 in
2874 1753 3048 1802 morte
3079 1746 3328 1815 corporis
3358 1745 3700 1816 interruptus
3720 1746 3788 1804 sit

2183 1841 2322 1897 ordo
2347 1840 2582 1906 vivendi,
2616 1841 2758 1896 sicut
2783 1838 3059 1896 Abraham
3083 1878 3098 1904 ,
3126 1837 3308 1905 Isaac,
3334 1847 3391 1894 et
3415 1835 3588 1894 Jacob
3614 1878 3629 1903 ,
3657 1851 3788 1904 quos

2185 1934 2371 1990 vivere
2414 1921 2614 1988 divinae
2660 1932 2944 1988 sententiae
2997 1931 3320 1988 auctoritate
3369 1929 3786 2000 comperimus;

2183 2027 2442 2099 quoniam
2485 2041 2607 2082 cum
2653 2027 2726 2082 sit
2753 2025 2897 2081 Deus
2923 2024 3196 2082 Abraham
3219 2065 3236 2090 ,
3263 2023 3414 2082 Isaac
3436 2065 3454 2092 ,
3497 2032 3555 2080 et
3580 2021 3752 2080 Iacob
3772 2061 3786 2090 ,

479 2142 697 2200 quoque
727 2112 1528 2180 mulcetalfectum,continuos
1552 2105 1767 2166 vivendi
1797 2115 2081 2200 successus
2113 2107 2158 2167 Β
2185 2142 2294 2182 που
2345 2125 2529 2195 miun
2575 2136 2915 2181 marmorum
2958 2133 3044 2180 es,
3097 2123 3284 2188 Dem,
3342 2119 3441 2177 sed
3491 2117 3786 2176 viuum”

480 2195 730 2279 fidelibus
761 2217 1082 2289 pollicetur:
1125 2210 1324 2281 frigent
1365 2207 1512 2262 enim
1562 2202 1753 2259 solatia
1801 2195 1903 2254 sub
1928 2203 2078 2289 metu

479 2317 695 2381 mortis,
739 2286 1074 2383 magnusque
1103 2319 1258 2359 amor
1287 2302 1413 2356 vitae
1447 2312 1596 2368 aegre
1624 2292 1916 2350 blanditias
1963 2286 2080 2360 spei

477 2429 602 2470 cum
632 2406 887 2480 appetita:
909 2401 1099 2459 salutis
1124 2410 1336 2454 terrore
1366 2398 1706 2462 compensat.
1751 2384 1869 2442 Non
1913 2382 2082 2454 habes

479 2508 642 2580 igitur
671 2502 816 2576 quod
852 2496 1104 2571 queraris
1129 2535 1146 2561 ,
1178 2507 1288 2548 non
1315 2488 1486 2545 habes
1512 2484 1656 2556 quod
1696 2492 1965 2580 excuses:
1997 2489 2083 2578 ar-

478 2567 621 2658 biter
646 2567 886 2654 omnium
916 2590 1069 2647 dedit
1091 2597 1148 2644 et
1175 2583 1359 2641 virtuti
1393 2579 1673 2652 praemium
1698 2617 1714 2642 ,
1763 2582 1816 2629 et
1857 2567 2086 2627 infirmi-

479 2694 572 2748 tati
618 2687 961 2749 remedium;
997 2691 1055 2737 ιιι
1081 2675 1441 2751 prmsentibus
1479 2672 1810 2730 sustineatur
1855 2659 2085 2720 infirmi-

482 2797 584 2849 tas,
609 2783 783 2839 virtus
810 2777 1028 2834 futuris.
1075 2774 1133 2830 Si
1163 2772 1320 2828 fortis
1345 2784 1407 2826 es
1431 2810 1447 2834 ,
1477 2775 1768 2823 contemne
1810 2766 2039 2815 mortem
2067 2772 2081 2810 :

479 2879 526 2934 si
559 2874 846 2931 imbecillis
871 2887 930 2924 es
954 2910 969 2933 ,
1001 2869 1143 2938 fuge.
1193 2864 1300 2921 Sed
1332 2876 1493 2921 nemo
1517 2865 1696 2930 potest
1724 2855 1911 2926 fugere
1935 2865 2084 2906 mor-

484 2983 614 3037 tem,
645 2968 749 3022 nisi
777 2965 944 3019 vitam
973 2965 1254 3030 sequatur.
1285 2955 1407 3022 Vita
1439 2964 1527 3008 tua
1550 2950 1935 3025 Christusest,
1969 2943 2086 3015 ipsa

480 3073 564 3122 est
591 3061 698 3119 vita
729 3073 854 3129 qua:
885 3052 1023 3109 mori
1051 3049 1246 3105 nescit.

553 3156 609 3210 2.
645 3155 830 3222 Itaque
854 3149 901 3204 si
931 3145 1188 3202 volumus
1214 3145 1447 3195 mortem
1481 3150 1588 3189 non
1622 3132 1832 3193 timere,
1879 3138 2087 3182 stemus

484 3250 574 3306 ubi
613 3220 866 3303 Christus
904 3247 991 3296 est
1021 3254 1036 3304 ;
1091 3242 1231 3291 utet
1260 3233 1329 3287 de
1358 3229 1515 3285 nobis
1552 3227 1699 3281 dicat
1731 3241 1744 3276 :
1795 3220 1928 3276 Vere
1971 3227 2087 3272 sunt

481 3341 643 3412 aliqui
671 3338 755 3392 hic
781 3344 997 3397 stantes,
1019 3331 1105 3401 qni
1129 3345 1230 3384 non
1249 3325 1524 3398 gustabunt
1547 3328 1781 3374 mortem.
1810 3314 1925 3369 Non
1955 3311 2089 3367 satis

481 3408 761 3496 estvstare,
790 3428 895 3484 nisi
925 3426 1015 3482 ubi
1041 3421 1292 3480 Christus
1316 3426 1418 3483 est,
1449 3424 1650 3478 stetur;
1676 3411 1779 3467 soli
1810 3408 1957 3464 enim
1981 3420 2086 3460 non

2185 2219 2401 2294 (Matth.
2430 2235 2562 2286 xm,
2590 2219 2706 2291 32).
3413 2264 3420 2271 .

2255 2314 2310 2367 Β.
2339 2313 2524 2382 Itaque
2553 2327 2662 2368 non
2692 2312 2762 2367 de
2791 2326 2920 2377 uno,
2946 2310 3042 2366 sed
3064 2309 3132 2365 de
3152 2307 3400 2380 pluribus
3419 2305 3592 2372 dicit;
3617 2318 3790 2376 neque

2183 2406 2326 2477 enim
2352 2404 2546 2460 Petrus
2577 2416 2826 2461 mortuus
2852 2414 2959 2469 est,
2983 2402 3070 2459 cui
3093 2403 3252 2474 juxta
3285 2400 3624 2457 Dominicam
3664 2414 3788 2454 sen-

2183 2499 2412 2554 tentiam
2461 2498 2618 2554 inferi
2669 2508 2820 2569 porta
2869 2497 3169 2569 praevalere
3209 2511 3316 2556 non
3350 2495 3524 2566 potuit
3554 2492 3789 2562 (Matth.

2185 2606 2297 2656 xvr,
2326 2590 2440 2661 18).
2470 2589 2580 2646 Nec
2599 2590 2834 2647 Jacobus
2857 2600 2910 2646 et
2938 2589 3178 2650 Joannes
3205 2587 3408 2644 mortui
3434 2585 3530 2646 lilii
3563 2584 3790 2641 tonitrui

2184 2682 2390 2756 (Marc.
2424 2699 2481 2739 ιιι
2507 2724 2522 2750 ,
2550 2684 2657 2752 17)
2682 2725 2698 2750 ,
2732 2682 2929 2754 quibus
2957 2683 3012 2740 in
3043 2696 3204 2738 usmn
3226 2680 3413 2750 gleria:
3438 2677 3688 2736 ctelestis
3711 2692 3792 2732 as-

2185 2774 2420 2848 sumptis
2447 2790 2560 2833 non
2590 2775 3154 2846 prmvalentterrena,
3185 2771 3284 2830 sed
3311 2770 3626 2842 subiacent.
3669 2769 3792 2830 Esto

2187 2883 2322 2940 ergo
2351 2879 2406 2925 et
2435 2876 2500 2924 tu.
2520 2869 2732 2934 Petrus,
2761 2869 3008 2934 devotus,
3027 2865 3226 2934 fidelis,
3254 2864 3508 2936 paciﬁcus
3533 2881 3548 2931 ;
3590 2873 3649 2922 ut
3679 2879 3793 2934 por-

2187 2973 2272 3018 tas
2298 2963 2556 3019 Ecclesia:
2584 2963 2800 3034 aperias
2819 3004 2834 3030 ,
2879 2972 2937 3019 et
2960 2973 3146 3032 portas
3174 2961 3368 3023 mortis
3389 2959 3624 3018 evadas.
3669 2958 3793 3014 Esto

2189 3056 2332 3112 filius
2363 3057 2607 3113 lonitrui.
2660 3057 2800 3113 Dicis
2839 3072 2854 3110 :
2903 3055 3192 3124 Quomodo
3235 3069 3457 3124 possum
3487 3067 3622 3110 esse
3652 3052 3787 3112 filius

2193 3147 2461 3206 tonitrui?
2492 3147 2653 3204 Potes
2677 3161 2822 3215 esse,
2853 3147 2900 3204 si
2929 3163 3038 3204 non
3065 3147 3121 3206 in
3151 3155 3327 3212 terra,
3361 3144 3456 3202 sed
3485 3144 3545 3202 in
3575 3152 3791 3216 pectore

2189 3240 2394 3297 Christi
2434 3240 2738 3302 recumbas.
2772 3239 2936 3296 Potes
2962 3253 3088 3296 esse
3110 3238 3253 3296 filius
3277 3237 3507 3299 tonitrui
3538 3237 3587 3294 si
3619 3245 3669 3293 te
3691 3245 3793 3291 ter.

2191 3349 2322 3390 rena
2355 3350 2462 3390 non
2492 3342 2747 3389 moveant
2772 3374 2788 3401 ,
2839 3331 2935 3388 sed
2962 3333 3081 3402 ipse
3122 3331 3300 3401 potius
3327 3345 3390 3387 ea
3421 3345 3549 3401 quae
3578 3339 3792 3386 terrena

2191 3435 2340 3492 sunt,
2375 3425 2576 3481 mentis
2606 3434 2709 3480 tute
2733 3424 2936 3480 virtute
2964 3424 3262 3480 concutias.
3291 3421 3519 3478 Tremat
3547 3432 3604 3478 te
3632 3429 3792 3485 terra,

481 3531 687 3596 Ψιθιυη
706 3529 926 3592 ϐαδίδνθ
955 3523 1186 3571 morm"
1213 3511 1305 3582 (Ιυί
1339 3515 1567 3579 Possum
1594 3515 1738 3560 5W3
1781 3516 1903 3556 cum
1933 3497 2089 3596 (λυ-τί·
2113 3515 2158 3578 C
2191 3533 2298 3572 non
2330 3517 2544 3587 capiat:
2577 3526 2831 3576 vereatur
2870 3531 3000 3572 caro
3031 3523 3352 3586 potestatem
3389 3513 3562 3578 animi
3595 3513 3671 3567 tui
3697 3553 3712 3576 ,
3743 3518 3795 3567 et

477 3593 584 3675 sto.
640 3617 697 3671 ln
732 3629 840 3686 quo
867 3613 994 3669 licet
1021 3626 1088 3666 ex
1119 3605 1270 3664 verbi
1295 3605 1467 3674 ipsius
1492 3601 1749 3673 qualitate
1782 3593 2087 3668 perpende-

481 3729 564 3779 re,
595 3726 664 3767 ne
695 3719 912 3765 tenuem
939 3703 1160 3777 quidem
1185 3714 1406 3760 sensum
1437 3695 1717 3750 habituros
1742 3691 1934 3746 mortis
1952 3729 1968 3755 ,
1994 3687 2084 3758 qui

480 3802 685 3860 Christi
731 3799 1016 3855 videantur
1063 3792 1334 3850 meruisse
1367 3785 1670 3846 consortia.
1722 3782 1884 3839 Certe
1936 3793 2084 3834 mors

467 3893 724 3966 corporis
755 3890 976 3948 libando
1001 3895 1253 3961 gestetur
1278 3925 1293 3952 ,
1347 3881 1460 3938 vita
1506 3879 1699 3940 anima:
1735 3873 2083 3948 possessione

481 3997 745 4139 ιθέῗθὲἒῖι
774 4076 903 4147 quid
931 4083 1016 4130 est
1035 4080 1258 4144 gustare
1302 4063 1584 4126 mortem?
1613 4062 1693 4118 Ne
1718 4059 1872 4116 forte
1920 4072 2078 4127 quem

481 4170 774 4229 admodum
835 4166 990 4236 panis
1030 4165 1141 4218 vita
1166 4168 1276 4225 est,
1308 4161 1382 4213 ita
1411 4158 1574 4213 etiam
1607 4154 1762 4224 panis
1797 4166 1943 4206 mors
1969 4151 2078 4215 sit;

476 4275 604 4323 sunt
633 4263 778 4320 enim
795 4259 887 4331 qui
910 4256 1237 4313 manducent
1259 4265 1450 4322 panem
1479 4247 1682 4304 doloris
1703 4244 1877 4320 (Prol.
1897 4258 2077 4310 cxxvt,

478 4362 535 4431 2)
563 4379 576 4415 :
606 4365 734 4412 sunt
761 4355 924 4410 etiam
957 4349 1277 4418 Ethiopum
1323 4341 1504 4414 populi
1541 4339 1635 4410 qui
1665 4345 1993 4406 acceperunt
2024 4335 2077 4389 in

460 4429 654 4511 escam
676 4449 969 4506 draconem
1001 4441 1172 4516 (Psal.
1202 4453 1391 4502 Lxxnt,
1421 4434 1533 4508 14).
1571 4431 1726 4488 Absit
1755 4446 1784 4485 a
1809 4429 1964 4486 nobis
1986 4444 2076 4484 ve-

477 4559 674 4600 neuum
707 4539 960 4595 draconis
991 4547 1222 4596 vorare;
1257 4528 1521 4583 habemus
1568 4522 1713 4580 enim
1761 4535 1956 4593 panem
1986 4534 2078 4576 ve-

471 4657 614 4706 rum,
652 4652 846 4711 panem
873 4635 1022 4690 illum
1046 4630 1138 4702 qui
1159 4623 1443 4688 descendit
1468 4623 1537 4680 de
1565 4621 1730 4682 ccclo.
1778 4619 1984 4674 Panem
2014 4616 2076 4670 il-

475 4739 588 4806 lum
621 4733 929 4796 manducet,
964 4727 1054 4800 qui
1084 4741 1144 4781 ca
1175 4737 1297 4795 quae
1325 4721 1528 4790 scripta
1554 4725 1681 4773 sunt
1705 4724 1904 4773 servat.
1939 4714 2076 4770 Sunt

2188 3623 2452 3664 concussa
2484 3607 2771 3666 subdatur.
2798 3609 2919 3664 Eris
2949 3607 3088 3664 filius
3119 3607 3366 3677 tonitrui,
3393 3607 3442 3664 si
3458 3605 3634 3663 fueris
3659 3604 3793 3662 filius

2188 3701 2471 3758 Ecclesiae.
2516 3701 2671 3758 Dicat
2699 3713 2757 3758 et
2787 3702 2879 3758 tibi
2912 3702 2978 3758 de
3005 3700 3250 3772 patibulo
3279 3700 3459 3756 crucis
3491 3698 3747 3755 Christus
3777 3713 3790 3750 :

2189 3791 2324 3848 Ecce
2354 3801 2515 3847 mater
2543 3802 2633 3848 tua
2655 3792 2674 3866 (
2695 3791 2856 3847 Joan.
2888 3809 2978 3848 ιιι
3005 3834 3023 3861 ,
3051 3792 3169 3866 27).
3216 3791 3368 3847 Dicat
3397 3801 3452 3846 et
3478 3791 3745 3848 Ecclesia:
3775 3807 3788 3843 :

2187 3882 2324 3940 Ecce
2349 3884 2490 3956 ﬁlius
2531 3895 2651 3940 tuus
2674 3885 2694 3955 (
2720 3883 2888 3952 Ibid.,
2914 3883 3007 3955 26)
3035 3900 3052 3954 ;
3108 3894 3236 3940 tunc
3265 3885 3411 3940 enim
3441 3883 3646 3956 incipis
3673 3895 3793 3940 esse

2186 3976 2330 4032 ﬁlius
2359 3977 2637 4045 Ecclesiae,
2672 3993 2794 4034 cum
2826 3978 2880 4034 in
2907 3993 3070 4034 cruce
3100 3978 3364 4034 victorem
3395 3977 3607 4034 videris
3632 3976 3791 4034 Chri-
3873 3987 3876 3990 ’

2186 4080 2354 4128 stum.
2383 4071 2518 4127 Nam
2539 4072 2628 4143 qui
2655 4087 2873 4134 crucem
2899 4071 3210 4128 scandalum
3233 4079 3404 4148 putat,
3429 4070 3661 4127 Judaius
3685 4078 3787 4146 est,

2185 4163 2440 4220 Ecclesia:
2467 4165 2608 4220 filius
2640 4180 2746 4220 non
2775 4173 2859 4222 est
2883 4180 2897 4218 :
2925 4163 3022 4235 qui
3049 4179 3269 4220 crucem
3298 4163 3592 4218 stultitiam
3620 4173 3784 4233 putat,

2183 4255 2403 4314 Graecus
2429 4263 2530 4314 est.
2582 4256 2679 4312 llle
2713 4265 2892 4312 autem
2925 4267 3007 4314 est
3037 4254 3293 4312 Ecclesiae
3322 4255 3469 4310 ﬁlius
3495 4297 3512 4320 ,
3541 4256 3635 4329 qui
3666 4269 3788 4311 cru-

2181 4363 2299 4408 cem
2331 4350 2664 4430 triumphum
2695 4359 2886 4424 putat,
2917 4348 2946 4388 ι)
2975 4351 3065 4426 qui
3093 4365 3311 4408 crucem
3343 4349 3552 4408 Christi
3598 4351 3787 4406 trium-

2182 4442 2399 4512 phantis
2428 4445 2690 4514 agnoscit.

2253 4535 2305 4590 6.
2340 4535 2518 4608 (Vers.
2549 4535 2668 4608 98.)
2698 4534 2843 4608 Ergo
2875 4545 2932 4590 ut
2984 4537 3125 4591 scias
3151 4534 3273 4608 quia
3298 4534 3515 4601 Petrus,
3545 4535 3785 4592 Iacobus

2178 4639 2230 4688 et
2257 4632 2496 4686 .loatmcs
2528 4639 2760 4694 mortem
2790 4645 2897 4686 non
2923 4637 3300 4703 gustat-erunt,
3328 4629 3562 4701 gloriam
3597 4643 3784 4685 resur-

2179 4722 2439 4780 rectionis
2469 4721 2658 4784 videre
2692 4731 3054 4789 meruerunt;
3095 4721 3246 4785 solos
3283 4719 3428 4780 enim
3481 4731 3601 4780 tres
3650 4721 3785 4776 istos

467 4847 602 4903 ergo
627 4828 720 4900 qui
749 4834 982 4886 mortem
1015 4835 1120 4876 non
1169 4825 1426 4890 gustent,
1476 4811 1651 4867 donec
1687 4807 1902 4864 videant
1951 4820 2074 4876 reg-
2177 4826 2298 4885 post
2353 4816 2469 4869 hinc
2507 4815 2626 4870 fere
2654 4815 2818 4870 ,πω
2858 4814 2910 4869 in
2948 4814 3143 4870 diebus
3185 4821 3315 4868 0cm
3373 4813 3704 4883 mnum“,
3731 4818 3786 4868 α

473 4900 602 4980 num
629 4921 748 4977 Dei.
781 4918 922 4974 Sunt
944 4915 1107 4970 etiam
1137 4911 1226 4982 qui
1259 4917 1491 4968 mortem
1523 4921 1633 4970 non
1663 4902 1901 4966 videant.
1933 4900 2072 4955 Sicut
2096 4915 2152 4976 D
2176 4907 2323 4964 duxit
2360 4908 2414 4963 in
2444 4916 2705 4963 montem.
2731 4906 2867 4974 Quid
2901 4915 2984 4965 est
3011 4906 3156 4977 quod
3186 4906 3286 4964 iste
3311 4905 3443 4962 dicit
3469 4923 3482 4958 :
3507 4903 3581 4959 In
3605 4905 3785 4960 diebus

470 5017 735 5085 scriptum
761 5020 846 5067 est
871 5027 884 5064 :
917 5007 1046 5076 Quis
1080 5012 1152 5059 est
1178 5003 1332 5057 homo
1360 5000 1447 5070 qui
1475 5000 1604 5054 sive!
1623 5038 1641 5066 ,
1678 5006 1725 5055 et
1761 5013 1863 5054 non
1887 4997 2073 5054 videbit

2187 5010 2288 5064 octo
2311 5010 2424 5069 post
2451 4999 2558 5058 lucc
2587 4999 2779 5056 verba?
2803 4998 2883 5058 Ne
2913 4999 3052 5056 forte
3077 4999 3200 5072 quia
3227 4998 3274 5055 is
3299 4998 3393 5072 qui
3428 4997 3604 5058 verba
3625 4997 3782 5056 Chri-

474 5118 689 5168 ntortem
721 5101 895 5177 (Prol.
927 5111 1189 5163 txxxvm,
1218 5091 1354 5165 49)?

2187 5091 2246 5147 sti
2275 5091 2428 5147 audit
2455 5102 2508 5146 et
2551 5091 2755 5159 credit,
2801 5091 3222 5154 resurrectionis
3255 5101 3503 5162 tempore
3544 5092 3780 5163 gloriam

542 5198 600 5253 4.
647 5196 752 5254 Sed
779 5197 902 5266 quis
927 5201 1012 5250 est
1035 5191 1197 5248 homo
1226 5187 1318 5259 qui
1359 5201 1465 5243 non
1492 5185 1754 5248 moriatur
1780 5227 1794 5253 ,
1827 5199 1950 5239 cum
1984 5199 2071 5240 re-
2172 5184 2377 5241 Christi
2407 5182 2612 5241 videbit
2640 5201 2655 5252 ;
2689 5193 2882 5240 octava
2914 5185 3058 5240 enim
3090 5183 3179 5240 die
3211 5183 3352 5239 facta
3382 5192 3466 5238 est
3494 5196 3781 5239 resurrec-

472 5289 744 5348 surreCtio
776 5287 881 5344 nisi
921 5285 1123 5340 mortui
1153 5296 1278 5338 esse
1318 5295 1428 5336 non
1473 5277 1685 5351 Ροεδίιῖ
1713 5277 1976 5345 Quamvis
2002 5277 2070 5344 de
2173 5278 2287 5346 tio;
2322 5279 2466 5336 unde
2491 5288 2547 5336 et
2579 5280 2823 5352 plerique
2865 5279 3057 5351 psalmi
3088 5279 3143 5335 in
3188 5287 3431 5337 octavam
3468 5279 3781 5336 inscribun-

471 5386 658 5455 Enoeh
681 5395 736 5444 et
762 5384 880 5442 Elia
911 5381 1116 5438 nullam
1139 5377 1369 5434 mortem
1396 5373 1642 5447 corporis
1670 5372 2066 5443 acceperimus,
2170 5379 2262 5428 tur
2290 5373 2309 5443 (
2337 5370 2483 5428 Psal.
2515 5387 2572 5428 rt
2600 5382 2648 5428 et
2677 5387 2738 5428 ιι
2758 5369 2806 5444 ).
2857 5373 2967 5429 Aut
3008 5371 3148 5430 forte
3176 5380 3237 5430 ut
3273 5373 3598 5434 ostenderet
3621 5371 3778 5436 nobis

481 5551 493 5555 -
542 5537 568 5565 η
605 5525 748 5581 Edit.
787 5538 982 5579 omnes
1010 5563 1024 5585 ,
1072 5527 1282 5590 peccato
1307 5518 1444 5574 enim
1486 5516 1662 5590 mortis
1705 5517 1761 5568 in
1800 5515 2061 5586 infernum

402 5596 404 5598 ’
470 5597 767 5665 descendit,
808 5605 967 5660 sunt,
998 5588 1104 5648 etc.
1155 5590 1281 5645 Mss.
1311 5597 1501 5665 contra
1528 5595 1590 5642 ut
1634 5588 1687 5642 in
1733 5595 1921 5649 textu,
1969 5600 2062 5640 ex-

473 5653 632 5739 cepto
660 5653 802 5736 quad
846 5668 899 5722 in
943 5653 1148 5739 paucis.
1182 5661 1363 5739 mortis
1397 5659 1596 5730 legitur
1625 5673 1754 5739 pro,
1787 5667 2020 5739 mortuus
2045 5696 2062 5724 ,
2173 5728 2192 5739 ⁸
2239 5656 2266 5694 b
2314 5657 2389 5712 lta
2423 5653 2632 5738 omnes
2672 5656 2804 5712 edit.
2859 5671 2936 5738 ac.
2970 5654 3123 5738 pauci
3172 5670 3302 5711 mss.
3329 5653 3455 5736 .Alii
3489 5661 3772 5739 verant-um

471 5723 814 5807 ac'infer'num
840 5777 854 5790 .
901 5774 914 5788 .
944 5723 975 5788 ³.
1019 5733 1087 5787 ad
1116 5723 1479 5794 habitandum:
1507 5745 1606 5807 ιιι-ρ
1626 5723 1827 5807 inferni
1852 5768 1883 5807 _.
1928 5765 1955 5807 ._
1989 5767 2001 5779 .
2048 5723 2064 5780 ζ
2170 5728 2569 5807 frequentiores
2599 5769 2613 5795 ,
2671 5738 2782 5784 tum
2829 5723 3161 5798 antiquiores
3192 5768 3207 5794 ,
3253 5725 3340 5795 qui
3399 5741 3576 5779 vocent
3623 5723 3774 5779 Clu-1‘-

473 5797 844 5866 habitaculum.
903 5807 1076 5862 Porro
1105 5809 1385 5872 peccatum
1427 5797 1606 5856 mortis
1636 5797 1808 5870 patuit
1838 5797 2069 5856 Ambro-
2171 5797 2397 5867 sti,’etc.

2165 5515 2281 5570 sius
2311 5514 2446 5570 illud
2477 5515 2659 5570 dicere
2682 5555 2698 5586 ,
2729 5511 2875 5584 quod
2908 5529 3070 5586 supra
3101 5513 3193 5569 lib.
3227 5519 3280 5568 vi
3309 5554 3323 5578 ,
3356 5528 3409 5567 ιι.
3437 5511 3508 5568 99
3535 5552 3551 5578 ,
3582 5525 3775 5582 pecea-

2169 5593 2279 5640 ttitn
2310 5587 2526 5641 mortale
2545 5585 2934 5656 appellaverat.
