3960 6338
182 267 306 330 l'lill

1106 252 1472 321 EXPOSITIO
1510 261 1766 324 EVANG.
1810 263 1959 328 θεας
2004 263 2157 330 LUC.
2203 265 2331 322 LIB.
2377 266 2488 322 VII.

3307 269 3450 340 Ηυξ

172 373 288 446 quia
321 371 530 428 dixerat
555 369 695 444 quod
727 371 774 428 is
800 370 892 444 qui
923 378 1144 448 propter
1190 373 1286 428 Dei
1317 359 1543 429 verbum
1573 373 1753 443 perdi-
1785 383 1839 440 Α
1864 379 2210 434 sacerdotale
2237 379 2576 437 conscendit.
2663 369 2686 380 F

170 464 302 520 derit
349 465 580 518 animam
633 480 784 519 suam
811 506 826 532 ,
868 464 1070 522 salvam
1113 463 1276 520 faciet
1303 481 1422 521 eam
1449 483 1464 533 ;
1496 466 1754 537 quoniam

171 559 430 632 promissa
463 573 556 613 sua
583 557 636 614 in
667 558 1075 615 resurrectione
1103 559 1380 614 reStituat.

237 653 286 706 7.
315 651 422 707 Sed
452 650 735 708 Matthxcus
763 659 818 705 et
837 649 1046 706 Marcus
1067 660 1191 722 post
1217 650 1337 705 dies
1369 665 1461 705 sex
1491 663 1757 722 assump-

168 755 245 801 tos
272 743 374 800 hos
399 759 520 800 esse
551 756 924 800 memorarunt
953 743 1170 816 (Matth.
1208 761 1341 810 xvu,
1379 746 1404 800 I
1433 760 1448 810 ;
1484 744 1650 799 Marc.
1680 761 1755 818 Ix,

169 839 239 907 l).
270 837 344 892 De
372 853 484 908 quo
513 852 796 908 possemus
821 838 1006 894 dicere
1029 879 1046 906 ,
1098 846 1226 909 post
1263 853 1362 894 sex
1390 839 1559 893 millia
1586 854 1760 894 anno-

164 946 311 996 rum;
345 929 497 984 Mille
519 931 654 984 enim
684 931 808 985 anni
845 932 900 984 in
923 941 1202 999 conspectu
1231 928 1332 985 Dei
1361 943 1624 1002 tamquam
1647 932 1758 986 dies

163 1040 260 1078 una
281 1021 456 1098 (Psal.
487 1039 709 1091 Lxxxtx,
739 1025 796 1098 4)
822 1041 834 1076 :
869 1023 964 1079 sed
999 1025 1180 1093 plures
1214 1033 1240 1059 ⁸
1271 1039 1432 1094 quam
1463 1039 1556 1079 sex
1589 1023 1757 1078 millia

168 1125 543 1198 computantur
571 1116 699 1171 anui
727 1134 740 1172 :
764 1125 819 1172 et
848 1117 1120 1173 malumus
1149 1132 1247 1172 sex
1281 1114 1491 1190 1413
1517 1115 1637 1172 dies
1661 1131 1760 1186 per

161 1211 456 1285 symbolum
488 1211 816 1283 intelligere,
848 1210 994 1282 quod
1023 1227 1116 1265 sex
1149 1211 1345 1266 diebus
1374 1210 1560 1264 mundi
1592 1225 1758 1279 opera

160 1315 277 1360 sunt
301 1315 528 1372 creata;
561 1304 588 1343 ι’
619 1315 676 1360 ut
702 1321 798 1375 per
828 1314 1044 1374 tempus
1073 1319 1264 1374 opera,
1298 1319 1394 1374 per
1409 1318 1577 1371 Opera
1602 1318 1759 1357 mun-

159 1403 275 1457 dum
310 1400 701 1472 intelligamus.
737 1399 807 1455 Et
831 1400 956 1456 ideo
984 1399 1168 1454 mundi
1199 1397 1534 1467 temporibus
1565 1397 1758 1466 imple—

161 1496 221 1550 tis
245 1536 258 1560 ,
298 1497 636 1549 resurrectio
667 1495 843 1548 futura
871 1500 1247 1547 monstratur:
1300 1500 1394 1545 aut
1419 1490 1545 1560 quia
1590 1489 1635 1544 is
1667 1488 1758 1558 qui

163 1603 312 1662 supra
331 1589 599 1642 mundum
631 1585 960 1654 ascenderit,
991 1595 1045 1642 et
1076 1582 1236 1654 hujus
1267 1583 1452 1639 smculi
1482 1591 1760 1638 momenta

159 1663 569 1748 transcenderit,
597 1680 746 1736 velut
774 1680 827 1734 in
856 1679 1074 1735 sublimi
1101 1678 1333 1744 locatus,
1356 1675 1553 1732 futurae
1577 1690 1760 1731 resur-

159 1777 404 1832 reCIinnis
435 1778 676 1830 fructum
698 1774 1040 1845 exSpectabit
1072 1780 1361 1828 aeternum.

218 1869 270 1924 8.
308 1867 793 1923 Transcendamus
823 1867 992 1940 igitur
1025 1881 1192 1936 opera
1220 1865 1430 1932 mundi;
1477 1875 1535 1918 ut
1582 1863 1756 1934 possi-

159 1979 267 2020 mus
293 1962 429 2019 facic
460 1962 537 2018 ad
563 1961 754 2018 faciem
799 1963 963 2018 Deum
994 1962 1200 2017 videre.
1242 1961 1475 2016 Ascende
1503 1962 1557 2014 in
1603 1976 1753 2014 mon-

158 2067 246 2112 tem
275 2059 360 2129 qui
403 2058 739 2128 cvangelizas
771 2056 902 2113 Sion
941 2054 1114 2128 (Esai.
1149 2072 1236 2124 xL,
1269 2055 1349 2126 9).
1393 2055 1448 2111 Si
1496 2053 1551 2109 in
1600 2069 1755 2109 mon-

160 2159 257 2207 tem
286 2151 541 2207 ascendit
563 2150 656 2221 qui
686 2151 1024 2222 evangelizat
1050 2149 1204 2215 Sion,
1238 2160 1444 2221 quanto
1471 2149 1643 2218 magis
1665 2147 1758 2218 qui

158 2243 420 2301 Christum
453 2244 821 2316 evangelizat,
854 2253 910 2300 et
937 2243 1212 2301 Christum
1240 2243 1293 2298 in
1317 2244 1544 2314 gloriam
1571 2257 1758 2298 resur-

158 2341 383 2408 gentem?
404 2337 675 2394 Fortasse
698 2338 844 2393 enim
865 2339 917 2392 in
941 2352 1170 2407 corpore
1192 2352 1315 2391 eum
1339 2336 1490 2390 multi
1513 2335 1754 2402 videant;

161 2429 301 2484 multi
329 2430 475 2486 enim
506 2431 808 2486 secundum
834 2445 1054 2486 carnem
1087 2430 1438 2502 cognovimus
1455 2429 1754 2485 Christum:

162 2539 290 2580 nunc
317 2532 508 2581 autem
535 2524 646 2595 jam
677 2540 785 2580 non
815 2527 1089 2580 novimus.

221 2619 273 2674 9.
312 2619 462 2674 Multi
504 2620 887 2690 cognovimus.
934 2619 1060 2689 quia
1118 2618 1272 2674 multi
1301 2617 1556 2674 vidimus.
1607 2616 1758 2671 Vidi-

164 2725 262 2764 mus
309 2727 444 2780 eum,
521 2720 692 2765 etnon
743 2709 960 2766 habebat
1011 2711 1229 2780 speciem
1301 2727 1460 2780 neque
1525 2709 1758 2764 decorem

164 2800 320 2868 (Esai.
353 2818 465 2868 un,
510 2799 594 2872 3).
637 2801 770 2857 Tres
795 2810 979 2857 autem
1007 2799 1108 2856 soli
1137 2808 1194 2856 et
1221 2808 1331 2854 tres
1361 2799 1517 2854 electi
1545 2798 1757 2854 ducun-

165 2905 240 2949 tur
266 2895 314 2949 in
360 2903 634 2949 montem.
668 2893 920 2948 Putarem
967 2894 1022 2948 in
1074 2892 1250 2948 tribus
1301 2890 1534 2963 mystice
1580 2904 1759 2962 genus

167 2988 426 3043 hominum
461 2986 954 3058 comprehensum;
1003 2986 1128 3060 quia
1175 3001 1242 3041 ex
1299 2977 1618 3040 tribus'filiis
1647 2985 1760 3040 Noe

165 3095 316 3152 genus
335 3097 505 3139 omne
555 3079 787 3136 defluxit
825 3081 1137 3144 humanum,
1179 3080 1282 3133 nisi
1327 3079 1533 3134 electos
1568 3093 1760 3133 cerne-

1935 472 2020 528 10.
2042 471 2223 544 (Vers.
2259 473 2374 545 I0.)
2396 475 2526 530 Inde
2552 485 2814 545 apparent
2843 475 3055 549 Moyses
3086 487 3140 535 et
3167 478 3454 546 Elias,lioc

1858 573 1959 647 est,
2008 565 2117 621 Lex
2148 575 2201 622 et
2228 567 2516 640 prephetia
2547 585 2668 625 cum
2718 570 2910 638 Verbo;
2948 589 3120 643 neque
3151 575 3297 630 enim
3337 575 3450 633 Lex

1861 668 2039 729 potest
2066 675 2188 716 esse
2209 661 2327 716 sine
2355 661 2553 718 Verbo:
2588 679 2760 735 neque
2790 667 3073 736 propheta,
3107 668 3210 724 nisi
3258 670 3347 742 qui
3381 671 3450 727 de

1860 751 1957 809 Dei
1981 753 2090 808 lilio
2120 753 2476 824 prophetarit.
2514 755 2579 810 Et
2607 755 2682 810 illi
2710 758 2925 828 quidem
2960 757 3049 814 lilii
3085 760 3458 832 tonitruijcor-

1845 847 2034 916 .porali
2058 847 2228 917 gloria
2259 848 2474 918 Moysen
2505 864 2720 920 quoque
2744 861 2797 904 et
2819 851 2988 906 Ellam
3013 854 3276 922 Speculati
3309 866 3455 909 sunt:

1861 939 1952 993 sed
1987 939 2150 993 etiam
2185 955 2284 994 nos
2315 941 2558 1010 quotidie
2583 939 2608 979 δ
2639 943 2886 998 videmus
2937 947 3155 1023 Moysen
3187 963 3309 1001 cum
3357 947 3456 1004 Dei

1863 1028 2022 1096 Filio;
2057 1033 2302 1087 videmus
2327 1034 2472 1088 enim
2501 1034 2697 1105 Legem
2729 1035 2785 1090 in
2830 1037 3126 1109 Evangelio
3171 1055 3292 1095 cum
3324 1039 3456 1112 legi~

1862 1139 2002 1178 mus:
2042 1123 2239 1197 Diliges
2291 1124 2578 1180 Dominum
2632 1127 2797 1183 Deum
2851 1139 2996 1184 tuum
3046 1131 3220 1203 (Deut.
3257 1149 3332 1196 vr,
3376 1130 3452 1204 5).

1862 1217 2122 1273 Videmus
2152 1218 2328 1273 Eliam
2355 1236 2472 1274 cum
2519 1219 2611 1276 Dei
2647 1220 2843 1289 Verbo,
2878 1240 2998 1278 cum
3039 1225 3289 1296 legimus:
3321 1225 3459 1282 Ecce

1863 1311 2001 1382 rirgo
2027 1311 2079 1365 in
2112 1322 2255 1367 utero
2285 1313 2500 1385 accipiet
2530 1313 2697 1384 (Esai.
2732 1331 2826 1383 vrt,
2857 1316 2968 1390 14).
3016 1317 3169 1374 Unde
3190 1319 3329 1374 bene
3353 1319 3458 1376 Lu-

1863 1418 1955 1459 cas
1983 1402 2213 1469 addidit,
2239 1405 2361 1474 quia
2397 1424 2410 1458 :

1922 1495 2104 1568 (Vers.
2139 1497 2258 1565 5i.)
2287 1495 2534 1552 Dicebant
2564 1515 2830 1554 excessum
2857 1504 2970 1574 ejus
2996 1518 3142 1572 quem
3168 1503 3454 1575 completu-

1863 1603 1955 1642 rus
1986 1600 2092 1643 erat
2122 1589 2175 1642 in
2209 1588 2558 1645 Hierusalem.

1936 1682 2022 1736 Il.
2064 1682 2273 1737 Docent
2302 1685 2445 1739 enim
2474 1696 2524 1740 te
2561 1684 2626 1740 de
2667 1700 2896 1742 excessu
2924 1687 3042 1758 ejus
3071 1690 3347 1761 mysteria.
3388 1692 3457 1748 Et

1785 1785 1835 1846 Β
1863 1773 2027 1829 hodie
2072 1774 2282 1847 Moyses
2311 1777 2491 1843 docet,
2525 1789 2579 1834 et
2620 1778 2784 1836 hodie
2816 1780 2960 1835 Elias
2992 1781 3247 1852 loquitur,
3277 1792 3333 1840 et
3360 1785 3457 1839 ho-

1858 1865 1947 1920 die
1980 1867 2030 1920 in
2083 1867 2290 1938 majore
2311 1868 2480 1939 gloria
2512 1870 2698 1926 videre
2723 1887 3010 1941 possumus
3038 1875 3279 1947 Moysen.
3327 1878 3458 1943 Quis

1858 1960 2004 2013 enim
2037 1973 2142 2013 non
2181 1970 2375 2028 potest,
2412 1961 2629 2032 quando
2657 1973 2712 2019 et
2744 1965 2970 2035 populus
2993 1964 3301 2023 Judaaorum
3331 1985 3454 2025 eum

1858 2051 2042 2105 videre
2093 2053 2291 2121 potuit,
2339 2053 2506 2107 immo
2549 2053 2718 2109 vidit?
2772 2055 2915 2110 Vidit
2969 2059 3115 2111 enim
3171 2059 3223 2115 in
3282 2061 3456 2131 gloria

1859 2142 2051 2200 faciem
2075 2143 2247 2216 Moysi
2275 2144 2474 2216 (Exod.
2502 2161 2688 2212 xxxiv,
2717 2146 2807 2213 50,
2833 2158 2880 2202 et
2906 2148 3039 2220 seq.)
3060 2167 3072 2203 :
3095 2149 3190 2205 sed
3213 2152 3461 2214 velamen

1858 2240 2088 2307 accepit,
2114 2237 2206 2293 sed
2233 2237 2286 2293 in
2313 2246 2552 2294 montem
2583 2254 2688 2294 non
2713 2241 2978 2297 ascendit.
3007 2242 3073 2298 Et
3097 2243 3217 2300 ideo
3245 2243 3459 2320 15.14

1867 2331 2098 2395 erravit,
2126 2329 2250 2400 quia
2279 2331 2456 2388 solum
2479 2332 2701 2404 Moysen
2734 2333 2892 2402 vidit,
2923 2335 3018 2392 Dei
3043 2336 3281 2394 Verbum
3307 2339 3467 2396 simul

1860 2421 2045 2478 videre
2074 2437 2180 2477 nou
2208 2425 2404 2495 potuit.

1934 2517 2023 2572 12.
2067 2517 2393 2574 ﬂevelcmus
2424 2519 2583 2590 igitur
2624 2535 2723 2576 nos
2749 2520 2941 2577 faciem
2994 2532 3256 2589 nostram;
3287 2535 3345 2579 ut
3377 2541 3461 2581 re-

1860 2611 2036 2665 velata
2098 2611 2236 2668 facie
2277 2612 2502 2681 gloriam
2559 2613 2651 2669 Dei
2697 2616 3060 2684 speculantes,
3114 2619 3166 2672 in
3212 2618 3458 2674 eamdem

1862 2704 2154 2773 Imaginem
2208 2704 2591 2760 reformemur.
2644 2705 3020 2763 Ascendamus
3075 2709 3127 2764 in
3196 2721 3460 2780 montem,

1863 2795 2219 2865 deprecemur
2248 2796 2344 2851 Dei
2373 2797 2648 2863 Verbum;
2685 2806 2742 2853 ut
2779 2800 2830 2853 in
2871 2801 3053 2871 specie
3080 2810 3135 2857 et
3167 2803 3463 2875 pulchritu-

1864 2890 1991 2944 dine
2019 2905 2116 2944 sua
2149 2889 2308 2946 nobis
2328 2902 2616 2964 appareat,
2645 2894 3076 2963 eteonfortetur,
3107 2905 3161 2951 et
3199 2913 3463 2968 prospere

1866 2984 2144 3054 procedat,
2169 2993 2225 3039 et
2255 2993 2464 3056 regnet.
2511 2987 2576 3040 Et
2599 2986 2716 3042 haec
2745 2991 2888 3043 enim
2918 2993 3177 3060 mysteria
3220 3001 3368 3061 sunt,
3409 3002 3465 3049 et

1865 3077 2024 3131 altius
2054 3078 2381 3144 referuntur;
2406 3078 2609 3133 etenim
2638 3093 2736 3149 pro
2762 3089 2848 3134 tua
2869 3081 3228 3152 possibilitate
3249 3093 3343 3138 aut
3365 3085 3466 3140 mi-

166 3189 290 3230 rem.
327 3165 708 3229 Aut'furtasse
735 3173 862 3243 quia
892 3173 994 3228 soli
1021 3187 1091 3228 ex
1121 3172 1374 3228 omnibus
1391 3171 1457 3226 ad
1480 3185 1760 3228 resurrec-
1784 3164 1830 3228 C
1866 3171 2051 3224 nuitur
2074 3169 2169 3225 tibi
2200 3169 2467 3237 Verbum,
2499 3181 2592 3225 aut
2617 3173 2836 3240 crescit,
2870 3188 2933 3228 ac
2960 3174 3062 3228 nisi
3093 3174 3299 3230 altioris
3331 3192 3462 3250 pru-

167 3271 316 3326 tionis
347 3271 648 3340 pervenire
692 3268 920 3339 gratiam
949 3267 1039 3336 qui
1069 3266 1345 3326 Christum
1376 3266 1615 3322 confessi
1641 3265 1757 3321 fue-

169 3365 284 3432 rint,
311 3367 695 3430 merebuntur;
721 3364 847 3434 quia
872 3361 1022 3430 impii
1063 3361 1115 3416 in
1143 3359 1408 3430 judicium
1438 3363 1546 3415 non
1573 3373 1758 3415 resuta

168 3449 310 3526 gunt,
331 3457 427 3513 sed
471 3467 738 3526 tanquam
781 3454 967 3510 habito
1004 3451 1210 3524 judicio
1248 3453 1545 3522 puniuntur
1581 3451 1758 3524 (Psal.

168 3563 206 3614 ι,
228 3548 303 3619 5).
327 3549 469 3608 Tres
519 3547 688 3617 igitur
717 3547 1015 3618 eliguntur,
1068 3545 1162 3617 qui
1208 3547 1565 3602 escenderent
1611 3561 1765 3603 mon.-

171 3646 288 3706 tern;
326 3643 453 3713 quia
481 3647 552 3697 et
589 3639 698 3696 duo
724 3640 1001 3710 eliguntur
1053 3639 1145 3709 qui
1190 3653 1315 3694 cum
1346 3638 1578 3694 Domino
1616 3637 1766 3693 vide—

171 3741 362 3789 rentur.
394 3732 671 3802 Utrinque
704 3741 953 3786 sacratus
984 3745 1265 3786 nutrieras.
1297 3730 1365 3785 Iit
1401 3728 1506 3785 hoc
1531 3729 1767 3786 fortasse

176 3835 472 3895 propterea,
507 3823 639 3895 quia
677 3837 840 3880 nemo
863 3831 1044 3893 potest
1085 3822 1505 3879 resurrectionis
1535 3822 1763 3891 gloriam

173 3919 367 3988 videre,
413 3921 529 3978 nisi
559 3919 653 3990 qui
692 3920 962 3990 integrum
1004 3918 1321 3989 mysterium
1369 3915 1652 3972 Trinitatis
1683 3915 1766 3969 in-

171 4025 412 4087 corrupta
435 4014 572 4072 fidei
600 4012 912 4076 sinceritate
934 4010 1256 4072 servaverit.
1280 4009 1474 4068 Petrus
1499 4006 1767 4075 ascendit,

172 4109 253 4178 qui
277 4110 459 4169 claves
494 4106 656 4178 regni
698 4107 966 4164 caelorum
995 4105 1208 4174 accepit
1245 4101 1462 4176 (Matth.
1507 4117 1617 4168 xvi,
1650 4099 1762 4172 l9):

175 4199 398 4258 Joannes
458 4215 705 4272 quoque,
735 4199 825 4260 cui
895 4196 1251 4260 committitur
1313 4195 1526 4258 Domini
1589 4203 1765 4250 mater

174 4290 468 4363 (luamus,
497 4291 587 4362 2):,
619 4289 855 4355 lacubus
896 4288 1090 4358 etiam,
1123 4299 1145 4328 ο
1175 4288 1266 4360 qui
1313 4285 1520 4360 primus
1569 4287 1767 4350 solium

238 4485 263 4511 κ
292 4473 440 4534 Hanc
471 4471 918 4542 supputationem
944 4468 1231 4542 Ambrosio
1280 4468 1606 4542 peculiarem
1643 4481 1768 4542 esse

181 4545 328 4600 tradit
349 4539 700 4612 Sinus-Sen.
735 4543 872 4598 Bibl.
901 4541 994 4596 lib.
1020 4556 1072 4606 v,
1105 4549 1295 4612 annot.
1323 4539 1449 4594 I90.
1488 4539 1648 4607 Nam,
1686 4540 1769 4612 in:

181 4618 304 4684 quit,
333 4610 622 4672 secundum
651 4612 922 4669 Hebraicis
957 4612 1188 4684 veritatis
1217 4611 1477 4684 calculum
1508 4610 1769 4684 Ambrosii

1865 3262 2064 3318 dentiae
2090 3277 2348 3319 cacumen
2370 3264 2652 3330 ascendas,
2681 3282 2786 3320 non
2820 3265 2915 3320 tibi
2937 3280 3160 3337 apparet
3178 3270 3462 3340 sapientia,

1864 3371 1970 3410 non
2005 3356 2098 3428 tibi
2120 3367 2345 3428 apparet
2375 3359 2756 3429 mysteriorum
2790 3361 3047 3430 cognitio,
3080 3378 3186 3418 non
3226 3362 3319 3418 tibi
3365 3380 3464 3442 ap-

1868 3457 2022 3516 paret
2043 3461 2241 3518 quanta
2266 3449 2338 3502 sit
2359 3449 2550 3519 gloria,
2579 3460 2778 3522 quanta
2802 3453 2872 3506 sit
2894 3455 3108 3522 species
3132 3455 3182 3514 in
3220 3456 3311 3512 Dei
3337 3456 3468 3512 Vera
3549 3491 3556 3494 -

1869 3539 1937 3594 ho
1963 3558 1976 3595 :
2003 3540 2097 3596 scd
2137 3541 2228 3596 Dei
2251 3541 2490 3596 Verbum
2516 3543 2670 3611 quasi
2696 3544 2927 3614 quodam
2954 3549 3245 3620 apparetiu
3278 3564 3473 3622 corpo-

1866 3645 1948 3696 re,
1989 3647 2094 3686 non
2127 3631 2333 3688 habens
2369 3647 2522 3687 suam
2571 3637 2835 3704 speciem,
2882 3654 3057 3709 neque
3092 3639 3372 3708 decorem,
3414 3651 3471 3698 et

1824 3775 1830 3784 .
1863 3736 2089 3797 apparet
2132 3729 2285 3798 quasi
2317 3727 2482 3783 homo
2513 3729 2564 3782 in
2599 3730 2778 3802 plaga,
2807 3730 2902 3804 qui
2929 3730 3074 3788 ferre
3103 3733 3277 3803 possit
3318 3736 3469 3792 infir-

1866 3823 2084 3876 mitates
2129 3828 2363 3876 nostras:
2409 3831 2639 3892 apparet
2678 3822 2773 3877 tibi
2829 3825 2984 3895 quasi
3025 3825 3246 3896 quidam
3287 3844 3469 3885 sermo

1871 3922 2028 3968 natus
2049 3929 2112 3968 ex
2145 3913 2384 3977 homine,
2416 3913 2716 3968 litterarum
2761 3925 2984 3986 Opertus
3009 3917 3324 3986 involucris,
3362 3921 3471 3976 vir-

1871 4015 1987 4060 tute
2024 4004 2245 4073 Spiritus
2291 4018 2400 4060 non
2442 4004 2736 4075 refulgens.
2791 4005 2898 4062 Sed
2922 4006 2967 4062 si
3015 4007 3145 4064 dum
3194 4010 3468 4069 hominem

1870 4097 2209 4163 consideras,
2262 4096 2332 4153 de
2381 4097 2601 4170 Virgine
2635 4100 2828 4158 credas
2870 4116 2993 4157 esse
3034 4114 3374 4173 generatum,
3415 4116 3472 4164 et

1870 4191 2129 4262 paulatim
2175 4191 2379 4261 aspiret
2400 4189 2554 4260 fides,
2585 4192 2731 4263 quod
2770 4193 2838 4249 de
2855 4195 3048 4266 spiritu
3073 4197 3165 4254 Dei
3201 4209 3357 4253 natus
3379 4199 3470 4270 sit,

1872 4286 2069 4356 incipis
2127 4293 2367 4340 montem
2417 4284 2737 4343 ascendere.
2795 4287 2853 4345 Si
2910 4288 2965 4344 in
3016 4305 3182 4347 cruce
3231 4294 3469 4365 positum

1878 4466 2015 4522 Hist.
2047 4466 2198 4522 Eccl.
2230 4468 2326 4524 lib.
2348 4483 2404 4536 ιι.
2431 4481 2552 4539 cap.
2578 4485 2619 4537 ι,
2644 4480 2699 4526 et
2719 4472 2830 4528 alii.
2857 4473 3120 4531 Malumus
3151 4488 3328 4536 tamen
3350 4497 3474 4538 cum

1876 4539 2186 4620 Maldonato
2225 4539 2312 4620 in.
2343 4554 2467 4620 cap.
2516 4541 2872 4620 xvn_Matt_h.
2924 4545 3131 4620 lapsum
3176 4556 3472 4620 memoriae,

1877 4625 2037 4678 quem
2068 4610 2211 4666 idem
2240 4609 2406 4666 etiam
2434 4613 2749 4681 Augustino
2765 4609 3049 4680 adscribit,
3091 4619 3149 4673 in
3183 4609 3475 4679 Ambrosio

179 4681 395 4756 tempore
417 4687 651 4741 nondum
677 4685 1039 4756 praeterierunt
1057 4683 1184 4736 anni
1201 4681 1367 4756 M09.
1418 4681 1768 4756 Verumlnec
1795 4685 1850 4746 D
1878 4692 2077 4756 nostro
2092 4695 2409 4756 agnoscere,
2427 4698 2621 4756 _quam
2671 4684 2753 4756 ab,
2778 4687 3032 4742 omnibus
3085 4705 3216 4748 mss.
3254 4709 3318 4748 ac
3365 4706 3470 4756 vet.

173 4752 339 4814 sancti
365 4759 624 4819 Presulis
647 4752 832 4827 opinio
865 4754 1074 4827 magnis
1102 4753 1416 4827 auctoribus
1434 4752 1768 4827 defenditur

181 4827 422 4903 Theoph.
447 4870 480 4904 ,_
498 4831 664 4904 Cypr.
686 4823 714 4896 ⁷,
741 4827 918 4904 Clem.
949 4823 1212 4904 Alegnet
1255 4823 1396 4879 aliis.
1431 4823 1773 4904 Diversitatis

179 4893 348 4957 autem
377 4893 521 4955 ratio
540 4893 636 4964 est
663 4940 679 4965 ,
699 4893 866 4969 'quod
897 4894 990 4967 qui
1016 4893 1162 4950 LXX
1209 4909 1370 4951 senes
1400 4896 1572 4969 secuti
1601 4905 1724 4969 sunt
1753 4935 1769 4960 ,

180 4973 341 5026 multo
369 4971 634 5042 majorem
665 4964 930 5049 annorum
963 4982 1250 5049 numerum
1284 4964 1481 5047 mundi.
1517 4966 1770 5049 uitalibus

179 5055 240 5096 ac
267 5036 606 5111 potissimum
639 5043 827 5112 prima
848 5039 1190 5100 attribuant.
1239 5053 1401 5107 quam
1447 5038 1485 5100 ιι
1531 5039 1622 5106 qui
1663 5036 1770 5094 He-

184 5111 677 5190 braeisLatinisque
721 5111 1002 5190 codicibus
1030 5106 1555 5190 ad_li:eserutit._Sed
1585 5106 1653 5162 de
1683 5108 1768 5190 his

184 5183 284 5253 adi,
311 5187 356 5239 si
387 5194 562 5253 vacat,
594 5180 856 5247 Genehr.,
891 5181 1155 5245 Torniel.,
1188 5180 1387 5253 Daren.
1417 5180 1469 5232 in
1488 5181 1768 5253 npparatu

182 5251 312 5328 Diei.
345 5255 374 5328 ς
406 5256 512 5328 HD
534 5250 556 5319 ,’
597 5255 894 5328 Scalig._de
919 5253 1148 5328 Eumnd.
1192 5251 1381 5320 Temp.
1410 5289 1428 5316 .
1449 5250 1681 5328 “Cuivis.
1715 5250 1771 5308 in

183 5321 474 5400 Clarou'ol”
499 5329 678 5394 Petav.
707 5321 775 5382 de
804 5324 1060 5379 Doctrina
1087 5321 1304 5400 Temp...
1331 5321 1568 5400 etalios.

249 5394 277 5433 lt
313 5392 482 5469 βαι-δῖ
503 5392 633 5469 ἰιιε.,
661 5406 717 5451 ut
745 5413 834 5469 per
864 5405 1094 5466 tempora
1121 5392 1375 5469 mundum
1395 5393 1766 5469 intelligamus.

253 5477 275 5505 ε
317 5468 481 5522 Rom.
505 5467 660 5536 edit,
687 5463 774 5538 qui
804 5463 1001 5532 primus
1030 5466 1336 5538 martyrium
1373 5463 1661 5538 sustinuit:
1681 5463 1771 5538 ubi

187 5535 547 5610 subintellige,
563 5535 936 5610 apostolorum.
955 5538 1118 5610 Recta
1131 5536 1471 5610 emendatio;
1500 5551 1604 5589 non
1622 5535 1767 5610 enim

189 5605 270 5664 hic
335 5605 568 5666 Jacobus
598 5605 610 5610 ⁷
634 5609 995 5681 episcopalem
1051 5607 1543 5681 .Ierosplymorum
1583 5605 1769 5681 sedem

189 5682 424 5758 tenuisse
451 5675 1080 5758 usquenilegitingquod
1105 5678 1175 5758 de
1201 5675 1774 5758 Jacobeﬁlphmifllio

189 5747 463 5824 fntreque
489 5746 697 5810 Domini
728 5746 847 5823 post
875 5746 1047 5807 Ctém.
1070 5746 1244 5806 ‘Alex.
1285 5746 1452 5804 tradit
1483 5746 1774 5814 Eusebius,

1882 4751 2014 4828 edit.
2047 4751 2381 4828 desci_sc_ere._
2416 4752 2681 4828 Caeterum
2707 4755 3105 4828 observandum
3139 4762 3316 4818 obiter
3366 4751 3474 4828 non

1880 4823 2072 4878 deesse
2109 4821 2496 4893 quidacobum
2534 4823 2743 4893 Alphaai
2784 4826 3098 4884 distinctum
3137 4833 3303 4888 velint
3327 4853 3356 4891 a
3385 4821 3477 4893 ιᾱέ

1879 4893 2224 4975 cohonfratre
2246 4893 2484 4960 Domini,
2513 4896 2970 4975 eoptendatrtque
2991 4902 3223 4970 primum
3255 4911 3474 4975 aposto-

1878 4965 1990 5019 ium
2026 4964 2214 5030 fuisse,
2243 4981 2351 5037 non
2390 4966 2722 5023 secundum:
2768 4964 3069 5036 secundum
3092 4990 3222 5037 vero
3257 4964 3479 5036 ieroso-

1880 5037 2146 5118 lymorurn
2169 5035 2480 5118 episcopum
2516 5040 2806 5118 exstitisse,
2839 5057 2945 5097 non
2977 5035 3231 5114 primum.
3266 5035 3475 5118 Videsis

1880 5106 2129 5161 Bollandi
2159 5110 2457 5161 continuat.
2485 5108 2552 5163 ad
2578 5125 2591 5163 I
2614 5109 2758 5164 Maii.

1948 5175 1974 5254 (ξ
2007 5177 2375 5254 Eademne-dit.
2403 5177 2562 5254 Rom.
2591 5181 2820 5254 videmus
2855 5183 3072 5254 Moysen
3095 5196 3142 5241 et
3163 5190 3334 5246 Elian:
3359 5211 3478 5248 cum

2004 5247 2166 5332 Filio.
2202 5246 2445 5332 Videmus
2469 5252 2613 5332 enim.
2635 5251 2851 5323 Moysen
2871 5245 3478 5332 ἱιιῈυαηθειέοξΜυ-Ιῖιιξ

1874 5321 2104 5404 ali_aa,‘et
2132 5321 2487 5404 cuncti‘mss.
2519 5331 2579 5376 ut
2603 5323 2654 5404 in
2688 5321 2872 5404 textu.
2898 5321 3122 5404 Etenim
3149 5335 3377 5404 primum
3409 5321 3477 5404 de

1874 5393 1998 5470 solo
2020 5391 2206 5463 Moyse
2236 5391 2448 5470 probat,
2479 5393 2621 5463 quod
2673 5411 2796 5449 eum
2828 5397 3124 5467 videamus,
3150 5391 3280 5470 'quia
3313 5391 3476 5464 verba

1875 5463 2034 5548 μείς
2054 5462 2217 5532 quam
2253 5462 2300 5548 is
2328 5462 2594 5548 irermnte
2622 5472 3070 5548 repraesentabat,
3094 5462 3150 5548 in
3177 5462 3477 5548 Evangelio

1872 5534 2119 5603 legimus:
2147 5533 2536 5608 postea_Eliam
2562 5533 2776 5608 quoque
2806 5553 2837 5592 a
2866 5542 3021 5596 nobis
3056 5533 3227 5601 videri
3263 5533 3479 5608 asseve-

1878 5615 1981 5689 rat,
2015 5605 2448 5690 quandoquidem
2499 5607 2561 5690 in
2582 5607 2874 5690 Evarrgelio
2905 5616 3144 5690 occurrit
3174 5605 3476 5690 prophetia,

1874 5673 2126 5752 cqjus’jn
2171 5673 2362 5752 eodem
2413 5686 2600 5734 monte
2650 5673 2801 5733 Elias
2858 5673 3481 5752 quamdatn'reierebai

1884 5745 2375 5803 adumbrationem.
