3960 6318
145 314 166 369 1
179 313 274 368 705

1083 310 1449 369 EXPOSH‘IO
1490 309 1745 368 EVANG.
1786 309 1934 368 SEC.
1977 309 2131 370 LUC.
2175 311 2306 368 LIB.
2349 311 2462 369 VII.

3292 315 3314 369 l
3327 314 3430 371 706

137 431 186 483 in
211 427 313 484 ﬁne
340 441 504 483 unum
532 432 680 484 sunt.
721 425 965 498 Denique
998 426 1101 483 hoc
1124 429 1287 483 etiam
1336 429 1594 483 Dominus
1627 428 1720 482 P.t-
1752 433 1802 492 Α
1830 443 1986 483 suum
2040 427 2136 482 tibi
2185 427 2423 483 ofﬁcium
2474 441 2582 482 non
2635 436 2914 499 negarunt.
2948 427 3056 486 Sed
3101 435 3279 485 tamen
3310 432 3438 499 quia

135 531 268 577 trem
298 533 439 588 orat,
479 532 534 576 ut
574 536 769 578 omnes
814 538 980 576 unum
1032 522 1201 576 simus
1238 521 1423 592 (Joan.
1457 538 1585 588 xvn,
1611 523 1729 595 Ξῖ).

134 613 241 671 Nec
268 614 445 670 solum
498 615 710 686 Moyses
736 622 793 670 et
824 613 970 670 Elias
1017 615 1068 668 in
1097 612 1318 670 Christo
1372 631 1535 669 unum
1581 625 1732 680 sunt,

1833 522 1961 578 alibi
2011 520 2194 576 dixiSti
2228 537 2240 574 :
2271 519 2373 586 Qui
2421 536 2523 573 non
2551 530 2624 574 est
2650 537 2882 586 mecum,
2915 523 3184 574 adversum
3209 537 3288 576 me
3316 531 3387 574 est
3421 537 3439 574 :

1833 629 1882 673 et
1909 618 1994 689 qui
2024 632 2220 670 mecum
2245 631 2347 669 non
2373 613 2608 684 colligit,
2637 613 2928 684 dispergit;
2955 613 3104 682 aperi
3154 613 3341 678 nobis,
3372 627 3442 667 ne

134 705 223 762 sed
250 707 415 762 ctiam
449 723 547 762 nos
581 722 746 762 unum
775 721 972 778 corpus
1018 722 1209 762 sumus
1245 706 1469 764 Christi.
1511 708 1654 779 Ergo
1681 715 1738 764 et
1836 711 2084 767 videatur
2112 725 2235 767 esse
2275 709 2630 764 contrarium.
2665 706 2732 760 Et
2763 717 2892 775 puto
2914 707 3038 778 quia
3069 707 3114 762 si
3143 706 3264 777 quis
3289 722 3444 762 men-

135 798 210 854 illi
245 809 268 836 ³
301 809 572 870 tamquam
614 799 951 870 recipiuntur
997 800 1051 854 in
1097 798 1302 854 Christi
1340 814 1560 870 corpus;
1607 800 1737 871 quia

1839 807 1972 860 tium
2019 804 2329 860 consideret
2374 809 2772 862 scrutatorem,
2803 799 3054 855 dubitare
3093 814 3199 854 non
3247 799 3446 856 debeat

135 904 188 950 ct
216 910 318 950 nos
355 910 521 950 unum
549 894 755 950 erimus
787 894 843 950 in
867 893 1086 950 Christo
1137 891 1286 949 Jesu.
1331 895 1438 948 Aut
1491 893 1739 948 tortassis
1839 899 2267 968 uniuscujusque
2310 895 2511 951 factum
2542 902 2726 949 mente
2766 893 3030 948 discerni.
3063 892 3306 962 Denique
3354 891 3448 947 alii

135 987 258 1060 quia
288 987 400 1043 Lex
427 996 483 1042 et
512 989 774 1058 propheta
805 1002 872 1043 ex
907 985 1086 1042 Verbo
1112 1003 1124 1038 :
1146 1000 1268 1055 qua:
1289 995 1470 1042 autem
1500 1001 1566 1042 ex
1607 985 1743 1041 Ver—
1842 993 2012 1060 dicit,
2043 1006 2250 1063 sequere
2281 1005 2360 1043 tne
2392 1006 2410 1042 .-
2442 987 2560 1055 alii,
2594 987 2769 1057 vulpes
2799 990 2972 1057 foveas
3000 985 3206 1041 habent.
3235 984 3328 1039 Ille
3353 999 3448 1039 co-

137 1081 200 1134 bo
217 1087 532 1152 cmperunt,
562 1079 616 1134 ill
647 1077 825 1134 Verbo
846 1077 1121 1133 desinunt:
1149 1075 1302 1131 Finis
1333 1078 1466 1131 enim
1495 1076 1648 1149 Legis
1669 1087 1740 1132 est

1885 1093 2018 1155 itur,
2052 1089 2157 1144 iste
2185 1093 2529 1150 removetur;
2560 1094 2618 1139 ut
2643 1083 2783 1140 scias
2830 1084 2957 1154 quia
2987 1083 3215 1138 devotus
3254 1082 3452 1138 admit-

137 1174 394 1241 Cltristus,
424 1175 492 1227 ad
508 1173 772 1246 justitiam
799 1173 938 1227 omni
961 1172 1191 1226 credenti
1232 1169 1410 1243 (Rom.
1445 1187 1500 1236 x,
1523 1169 1604 1242 4).

207 1268 394 1341 (Vers.
423 1266 542 1336 58.)
570 1265 598 1304 δ
638 1265 833 1338 Vulpes
865 1268 1037 1338 foveas
1059 1266 1267 1332 habent,
1307 1277 1352 1320 et
1385 1267 1617 1321 volucres
1635 1266 1746 1320 σαςιὶ

1847 1181 1999 1245 titur,
2031 1179 2318 1235 indevolus
2345 1178 2672 1234 excluditur.

1917 1275 2009 1330 27.
2063 1273 2245 1346 (Vers.
2293 1272 2511 1343 53-59.)
2552 1271 2706 1340 Quod
2757 1286 2885 1327 vero
2935 1270 3230 1341 discipulos
3280 1271 3455 1326 incre-

145 1362 319 1427 nidos,
349 1361 437 1416 ubi
475 1361 822 1432 requiescant:
871 1377 989 1414 nam
1017 1356 1188 1416 Filius
1214 1358 1442 1414 hominis
1472 1375 1575 1414 non
1595 1357 1748 1413 habet
1849 1367 1997 1438 pavit,
2038 1367 2165 1438 quia
2213 1366 2394 1437 ignem
2425 1381 2588 1434 super
2617 1380 2712 1420 cos
2734 1363 3070 1420 descendere
3107 1365 3413 1434 chtiebant
3439 1407 3453 1427 ,

145 1457 223 1510 ubi
253 1467 412 1527 caput
439 1473 593 1510 suum
616 1455 850 1510 reclinet.

210 1548 306 1604 22.
351 1547 468 1602 Non
520 1546 740 1604 videtur
767 1547 1064 1603 convenire
1091 1546 1316 1611 rationi,
1347 1554 1407 1600 ut
1447 1543 1750 1615 simplicem

147 1641 470 1712 ﬁdelemque
497 1643 656 1696 istum
689 1641 1041 1708 arbitremur,
1083 1641 1173 1710 qui
1197 1640 1409 1696 Domini
1440 1638 1754 1711 dignatione

150 1733 450 1807 respuitur;
475 1748 599 1788 cum
633 1730 890 1788 indefessi
925 1731 1212 1787 famulatus
1251 1731 1576 1802 obsequium
1623 1745 1753 1801 spo-

1851 1460 1942 1530 qui
1975 1474 2082 1513 non
2104 1467 2427 1529 receperant
2469 1456 2789 1526 Christum:
2821 1456 3126 1511 ostenditur
3163 1456 3318 1511 nobis
3350 1473 3459 1510 non

1853 1568 2073 1624 semper
2123 1553 2177 1608 in
2226 1567 2320 1608 eos
2364 1552 2456 1622 qui
2507 1550 2848 1622 peccaverint
2887 1549 3305 1613 vindicandum;
3335 1550 3460 1621 quia

1856 1661 2244 1715 nonnunquam
2288 1645 2520 1716 amplius
2551 1643 2775 1715 prodest
2805 1643 3100 1698 clementia
3131 1643 3226 1699 tibi
3257 1643 3324 1698 ad
3373 1658 3465 1713 pa—

1860 1739 2141 1805 tientiam,
2195 1739 2350 1808 lapso
2400 1737 2468 1793 ad
2516 1738 2910 1793 correctionem
2962 1735 3103 1809 (23,
3136 1755 3186 1809 q.
3237 1739 3305 1804 4,
3343 1755 3456 1807 cap.

153 1827 434 1898 pendisset
458 1842 474 1880 :
497 1825 594 1882 sed
623 1825 884 1881 Dominus
928 1841 1034 1881 non
1072 1825 1460 1895 obsequiorum
1491 1822 1751 1894 SpeCieIn,
1785 1817 1834 1879 Β
1865 1831 2017 1900 Quod
2048 1829 2344 1902 Christus).
2380 1830 2622 1899 Denique
2649 1829 2974 1887 Samaritani
3023 1830 3183 1886 citius
3219 1831 3469 1889 credide-

154 1921 243 1976 scd
277 1921 568 1990 puritatem
597 1920 788 1988 quaerit
809 1918 1057 1974 allectus.
1103 1919 1347 1990 Denique
1376 1933 1539 1989 supra
1576 1917 1679 1973 ait:

224 2013 409 2085 (Vers.
436 2010 550 2086 48.)
583 2011 903 2086 Quicumque
929 2012 1571 2084 receperitpuerumistum
1593 2011 1646 2066 in
1667 2027 1760 2065 no-

162 2106 294 2160 mine
321 2122 456 2161 meo.

216 2201 450 2270 .23.Quo
481 2200 604 2257 loco
633 2201 892 2258 Dominus
917 2200 1318 2272 simplicitatem
1355 2200 1473 2257 sine
1505 2215 1765 2273 arrogan-

165 2297 234 2349 tia
261 2294 448 2362 docet,
482 2293 804 2350 charitatem
833 2293 950 2350 sine
994 2293 1218 2361 invidia,
1257 2293 1598 2349 devotionem
1647 2293 1766 2348 sine

165 2381 437 2444 iracundia
467 2403 588 2444 esse
613 2387 843 2444 debere:
865 2403 987 2442 nam
1012 2397 1066 2443 et
1094 2386 1249 2458 pueri
1283 2402 1436 2443 mens
1466 2387 1766 2458 provectio-

168 2478 240 2534 iis
266 2478 467 2535 affectu
498 2478 808 2550 recipienda
837 2479 1113 2546 suadetur;
1146 2480 1272 2548 quia
1297 2479 1428 2535 dum
1466 2495 1601 2551 puer
1631 2479 1768 2536 nihil

168 2573 266 2628 sibi
286 2573 547 2640 vindicat,
577 2573 808 2629 formam
839 2573 1053 2629 virtutis
1077 2574 1425 2645 exsequitur:
1450 2582 1504 2630 et
1525 2574 1570 2629 si
1599 2574 1768 2630 ratio-

175 2681 299 2722 nem
337 2667 540 2732 nescit,
584 2665 800 2736 culpam
839 2666 1070 2737 ignorat.
1103 2664 1308 2722 Tamen
1345 2666 1467 2736 quia
1497 2665 1774 2737 plerisque

175 2775 283 2814 non
314 2759 514 2829 virtus,
550 2758 647 2815 sed
688 2758 974 2814 inﬁrmitas
1010 2757 1221 2814 videtur
1250 2758 1368 2812 sine
1400 2757 1610 2814 ratione
1643 2757 1774 2812 sim-

174 2852 414 2923 plicitas;
452 2861 510 2907 ut
534 2862 588 2906 tu
629 2867 811 2908 veram
855 2851 1088 2922 recipias
1129 2849 1464 2914 admoneris,
1499 2849 1550 2905 id
1579 2858 1684 2916 est,
1718 2857 1776 2905 ut

175 2947 498 3016 exsequaris
528 2957 549 2983 ο
580 2943 841 3001 industria
894 2959 1089 2999 munus
1143 2952 1372 2998 naturre.
1405 2943 1471 2998 Et
1500 2942 1622 2998 ideo
1655 2942 1730 2998 ait
1759 2960 1774 2998 :

259 3039 438 3110 (lbid.)
463 3039 786 3108 Quicumque
806 3039 1054 3110 receperit
1083 3053 1299 3107 puerum
1321 3036 1478 3092 istum
1498 3037 1552 3090 in
1574 3035 1780 3090 nomine

181 3149 308 3201 meo,
350 3149 428 3188 me
456 3132 656 3202 recipit.
714 3129 784 3186 Et
829 3133 917 3202 qui
965 3148 1045 3187 me
1069 3132 1276 3203 recipit,
1324 3133 1511 3204 recipit
1549 3148 1665 3186 eum
1694 3132 1780 3202 qui

183 3244 264 3282 me
289 3227 443 3282 misit.

252 3321 338 3376 24.
380 3321 480 3390 Qui
503 3323 648 3378 enim
674 3321 1002 3377 imitatorem
1028 3318 1228 3376 Christi
1256 3320 1467 3390 recipit,
1501 3317 1776 3375 Christum

187 3414 400 3485 recipit:
429 3412 641 3488 1417
653 3421 709 3469 et
727 3415 816 3485 qui
841 3414 1126 3485 imaginem
1151 3413 1250 3468 Dei
1278 3413 1567 3484 receperit,
1588 3412 1784 3483 recipit

189 3507 370 3563 Deum.
399 3507 505 3564 Sed
529 3509 652 3578 quia
676 3506 964 3578 imaginem
991 3506 1084 3561 Dei
1115 3520 1218 3561 non
1239 3514 1550 3575 poteramus
1572 3503 1778 3569 videre,

195 3599 322 3655 facta
355 3609 440 3655 est
467 3599 534 3654 ad
564 3614 662 3655 nos
691 3614 788 3670 per
817 3599 1248 3654 incarnationem
1277 3596 1442 3652 Verbi
1471 3595 1778 3668 presentia;

196 3705 251 3752 ut
278 3695 718 3753 reconciliaretur
746 3694 904 3750 nobis
928 3709 1048 3765 quae
1072 3708 1235 3762 supra
1269 3707 1368 3748 nos
1395 3701 1478 3748 est
1506 3691 1779 3747 divinitas.

263 3789 348 3847 25.
375 3789 530 3856 Quod
559 3797 739 3845 autem
767 3787 1084 3858 propensius
1109 3784 1287 3841 studio
1313 3786 1592 3841 charitatis
1620 3784 1784 3840 Joan-

203 3897 290 3938 nes
311 3881 596 3952 plurimum
615 3880 866 3953 diligens,
891 3889 949 3935 et
975 3878 1098 3936 ideo
1128 3877 1436 3934 redamatns
1467 3878 1780 3948 plurimum,

201 3974 582 4032 excludendum
612 3982 764 4046 putat
808 3989 839 4028 a
868 3972 1131 4029 beneﬁcio
1156 3986 1280 4027 eum
1305 4012 1320 4038 ,
1350 3971 1438 4042 qui
1467 3986 1574 4025 non
1602 3979 1785 4025 utatur

201 4070 481 4143 obsequio,
520 4078 668 4126 recte
717 4084 825 4124 non
873 4065 1329 4138 reprehenditur,
1365 4064 1462 4120 sed
1509 4063 1779 4120 docetur:

204 4177 296 4218 non
341 4163 787 4235 reprehenditur,
819 4161 942 4233 quia
991 4175 1176 4216 amore
1203 4158 1466 4226 faciebat,
1495 4156 1592 4214 sed
1621 4157 1784 4214 doce-

205 4263 310 4324 tur;
338 4267 394 4312 nt
439 4257 656 4312 noverit
707 4254 1047 4311 inﬁrmorum
1105 4268 1227 4310 esse
1270 4251 1663 4323 ﬁrmornmque
1703 4251 1784 4308 di-

207 4351 460 4406 stantiam.
493 4349 560 4405 Et
586 4347 710 4405 ideo
731 4347 989 4402 Dominus
1017 4345 1120 4402 etsi
1148 4345 1401 4400 fortiores
1428 4351 1781 4409 remunerat;

210 4450 370 4500 tamen
399 4460 504 4499 non
532 4441 774 4500 excludit
805 4441 1070 4496 inﬁrmos.

269 4535 439 4608 (Vers.
469 4535 587 4607 50).
621 4535 788 4591 Sinite
818 4550 933 4600 eos,
962 4543 1009 4589 et
1035 4532 1195 4587 nolite
1222 4530 1512 4604 prohibere;
1536 4531 1623 4602 qui
1649 4531 1786 4587 enim

211 4644 298 4683 non
323 4641 389 4686 est
417 4630 690 4697 adversum
721 4645 831 4695 vos,
859 4643 954 4700 pro
980 4627 1122 4681 vobis
1148 4635 1240 4682 est.

1859 1932 2021 1990 runt,
2053 1939 2083 1978 a
2113 1923 2308 1995 quibus
2340 1921 2443 1978 hoc
2497 1923 2620 1978 loco
2669 1923 2808 1994 ignis
2832 1932 3070 1978 arcetur.
3101 1924 3276 1980 Simul
3315 1925 3470 1980 disce

1859 2018 1984 2089 quia
2013 2013 2038 2054 ἀ
2069 2017 2236 2088 recipi
2269 2016 2442 2072 noluit
2467 2016 2536 2072 ab
2563 2015 2666 2084 his,
2693 2032 2831 2088 quos
2853 2018 3060 2073 sciebat
3093 2033 3198 2072 non
3232 2017 3470 2087 simplici

1861 2121 2043 2168 mente
2101 2127 2442 2178 conversos;
2481 2127 2604 2166 nam
2652 2111 2696 2166 si
2748 2111 3040 2177 voluisset,
3089 2126 3156 2166 ex
3198 2109 3474 2166 indevotis

1860 2205 2090 2262 devotos
2138 2204 2384 2262 fecisset.
2429 2206 2539 2261 Cur
2566 2215 2750 2261 autem
2797 2219 2904 2258 non
2957 2204 3265 2274 receperint
3313 2219 3474 2268 eum,

1865 2300 2197 2371 evangelista
2231 2301 2346 2371 ipse
2377 2301 2699 2355 memoravit
2741 2299 2928 2356 dicens
2964 2317 2976 2352 :
3010 2299 3143 2365 Quia
3179 2299 3338 2370 facies
3365 2301 3476 2371 ejus

1867 2402 1974 2448 erat
2004 2393 2204 2448 cunctis
2252 2393 2306 2446 in
2335 2390 2651 2447 Jerusalem.
2692 2391 2949 2462 Discipuli
2995 2399 3176 2446 autem
3231 2390 3338 2462 (Cf.
3370 2393 3478 2444 Au-o

1868 2492 2006 2556 gust.
2038 2484 2128 2538 lib.
2184 2499 2202 2537 ι
2247 2485 2309 2538 de
2355 2481 2539 2538 Gratia
2586 2481 2802 2548 Christi,
2853 2499 2970 2550 cap.
2999 2480 3095 2552 46)
3125 2481 3477 2551 rccipiintra

1870 2575 2171 2632 Samariam
2191 2576 2498 2647 gestiebant
2525 2593 2537 2628 :
2567 2575 2662 2630 sed
2687 2575 2829 2629 Deus
2853 2589 2989 2644 quos
3011 2574 3266 2644 dignatur
3292 2580 3472 2638 vocat,

1872 2679 1929 2726 et
1955 2687 2116 2740 quem
2141 2671 2253 2726 vult
2285 2671 2597 2740 religiosum
2642 2668 2786 2724 facit.
2822 2667 2933 2723 Nec
2960 2668 3209 2738 discipuli
3245 2677 3477 2736 peccant

1874 2766 1966 2838 qui
1996 2765 2195 2836 Legem
2226 2772 2561 2834 sequuntur;
2596 2762 2840 2818 sciebant
2865 2763 3008 2817 cnim
3039 2772 3091 2817 et
3116 2761 3351 2816 Phinees
3392 2775 3481 2815 re-

1879 2867 2123 2930 putatum
2154 2857 2221 2912 ad
2257 2857 2556 2929 justitiam,
2589 2857 2713 2927 quia
2755 2856 3048 2927 sacrilegos
3092 2855 3483 2920 interemerat,

1879 2957 1936 3006 et
1981 2949 2048 3005 ad
2090 2963 2280 3020 preces
2331 2949 2463 3004 Elia:
2496 2949 2672 3019 ignem
2720 2948 3070 3004 descendisse
3118 2946 3188 3002 de
3223 2946 3396 3012 «mlo,
3431 2954 3489 3000 ut

1883 3041 2168 3113 propheta:
2198 3041 2566 3096 vindicaretur
2590 3051 2613 3078 ε
2639 3039 2831 3110 injuria
2866 3057 2880 3095 :
2913 3038 3011 3094 sed
3061 3038 3363 3094 vindicetur
3397 3037 3490 3106 qui

1885 3136 2040 3192 timet
2073 3153 2087 3190 :
2119 3134 2412 3191 vindictam
2444 3151 2551 3190 non
2579 3135 2774 3205 quierit
2801 3175 2814 3200 ,
2846 3133 2938 3204 qui
2969 3149 3076 3188 non
3109 3133 3279 3188 timet.
3313 3128 3489 3184 Simul

1803 3200 1849 3264 C
1884 3229 2190 3285 ostenditur
2219 3229 2378 3284 nobis
2425 3229 2478 3284 in
2505 3200 2774 3297 apostolis
2806 3200 2973 3283 fuisse
3022 3227 3212 3282 merita
3243 3225 3486 3296 prophe-

1887 3331 2098 3388 tarum;
2131 3326 2347 3393 quando
2377 3320 2624 3377 eamdem
2673 3320 2776 3376 sibi
2805 3331 3126 3392 petestatem
3173 3335 3332 3390 quam
3365 3333 3491 3390 pro-

1888 3416 2046 3487 pheta
2078 3431 2304 3488 magnus
2330 3415 2597 3482 emeruit,
2629 3413 2955 3485 impetrandi
2976 3413 3100 3483 jure
3129 3421 3490 3484 prtesuntunt.

1886 3507 1956 3564 Et
1981 3509 2118 3566 bene
2165 3518 2504 3580 prmsumunt
2542 3506 2669 3578 quia
2695 3507 2763 3562 ad
2795 3521 3100 3563 sermonem
3143 3520 3301 3560 suum
3356 3504 3493 3577 ignis

1885 3605 1952 3662 de
1976 3603 2117 3660 ctelo
2144 3602 2534 3668 descenderet;
2562 3602 2819 3672 quoniam
2853 3611 2980 3656 sunt
3008 3599 3105 3654 ﬁlii
3140 3599 3379 3653 tonitrui.

1956 3699 2048 3755 28.
2089 3698 2355 3753 Dominus
2381 3706 2559 3752 autem
2584 3697 2720 3750 mire
2749 3695 2956 3761 omnia,
2980 3708 3079 3748 nec
3103 3691 3254 3746 illum
3287 3700 3491 3745 temere

1885 3808 1945 3849 se
1992 3792 2310 3848 offerentem
2344 3790 2552 3860 recepit
2586 3807 2598 3843 :
2634 3805 2735 3844 nec
2780 3790 2832 3842 in
2867 3789 2963 3842 hos
3012 3786 3265 3842 indevote
3304 3787 3492 3840 Domi-

1887 3904 2014 3944 num
2066 3887 2366 3943 refutantes
2408 3884 2722 3956 preprium,
2756 3890 3168 3947 commovetur;
3199 3889 3255 3935 ut
3302 3889 3490 3936 osten-

1886 3980 2041 4034 deret
2083 3977 2208 4049 quia
2277 3992 2385 4031 non
2460 3974 2625 4030 habet
2672 3973 2896 4028 ultionis
2953 3971 3193 4027 studium
3253 3970 3492 4041 perfecta

1885 4072 2056 4126 virtus
2109 4086 2122 4123 :
2172 4084 2274 4124 nec
2315 4068 2422 4123 ulla
2472 4066 2542 4122 sit
2589 4065 2899 4133 iracundia,
2946 4065 3033 4121 nhi
3085 4064 3364 4135 plenitudo
3410 4074 3496 4120 est

1886 4165 2167 4220 charitatis
2199 4183 2211 4219 :
2243 4178 2344 4219 nec
2387 4162 2730 4219 excludenda
2778 4162 3066 4217 inﬁrmitas
3089 4203 3103 4228 ,
3139 4159 3353 4233 1418
3397 4161 3496 4218 sed

1881 4257 2138 4329 juvanda.
2191 4257 2388 4312 Procul
2436 4271 2466 4311 a
2499 4256 2769 4326 religiosis
2810 4255 3106 4327 indignatio
3155 4272 3166 4307 :
3229 4255 3413 4324 procul
3463 4271 3496 4310 a

1889 4349 2247 4420 magnanimis
2311 4348 2577 4419 cupiditas
2627 4347 2850 4403 ultionis
2909 4366 2922 4402 :
2991 4345 3180 4416 procul
3250 4347 3412 4403 etiam
3462 4363 3490 4399 a

1888 4440 2297 4513 prudentibusf
2343 4441 2743 4498 inconsiderata
2791 4439 3136 4510 conjunctio,
3179 4448 3233 4492 et
3275 4439 3490 4492 incauta

1887 4534 2231 4606 simplicitas.
2264 4531 2418 4590 Unde
2441 4543 2496 4588 et
2541 4533 2616 4588 illi
2664 4532 2904 4587 dicitur:
2947 4529 3136 4599 Vulpes
3174 4533 3345 4599 foveas
3399 4531 3494 4583 Ita-

1892 4624 2005 4681 bent
2034 4642 2053 4680 :
2104 4641 2205 4682 nec
2255 4625 2578 4696 obsequium
2627 4623 2746 4694 ejus
2791 4622 3130 4686 admittitur,
3177 4624 3331 4695 cujus
3380 4638 3490 4680 non

271 4722 354 4779 26.
395 4725 540 4780 Bene
558 4766 572 4791 ,
605 4721 862 4785 Domine,
897 4737 1020 4776 nam
1047 4725 1105 4776 et
1129 4717 1334 4792 Ioseph
1359 4727 1415 4776 et
1460 4718 1786 4776 Nicodemus
1813 4738 1868 4800 D
1893 4719 2154 4794 probatur
2173 4717 2432 4774 ofﬁcium.
2458 4717 2928 4788 Circumspectum
2951 4717 3153 4772 etenim
3178 4718 3301 4774 ﬁdei
3330 4718 3493 4776 debet

214 4815 388 4871 occulti
415 4816 664 4888 discipuli
696 4823 922 4887 propter
949 4821 1153 4870 metum
1176 4854 1190 4878 ,
1219 4813 1272 4870 in
1309 4822 1556 4884 tempore
1605 4822 1785 4872 tamen

279 5033 300 5058 δ
337 5023 530 5079 Omnes
556 5021 996 5089 edit.,lamquam
1025 5018 1078 5072 in
1106 5032 1212 5071 uno
1233 5015 1587 5086 corpore.Sed
1609 5015 1791 5072 nullus

223 5114 309 5156 ms.
341 5118 532 5169 voces,
559 5101 611 5155 in
639 5117 744 5156 uno
770 5115 1018 5170 corpore,
1051 5096 1316 5169 agnoscit.

280 5179 306 5218 δ
344 5183 420 5236 Ab
441 5182 523 5236 his
547 5180 727 5235 verbis
762 5196 932 5248 usque
960 5178 1026 5234 ad
1052 5192 1200 5232 num.
1225 5175 1318 5238 50,
1342 5173 1520 5228 omnia
1549 5173 1600 5228 in
1635 5174 1793 5228 Rom.

221 5259 339 5317 edit.
370 5260 518 5317 fuere
545 5262 904 5330 transposita,
939 5266 997 5313 nt
1022 5257 1088 5312 ad
1129 5255 1373 5312 ordinem
1405 5254 1796 5310 versiculorum

223 5338 494 5410 Scriptura:
524 5339 1086 5394 accommodarentur.
1117 5335 1224 5393 Sed
1255 5344 1616 5406 praeterquam
1654 5332 1800 5404 quod

227 5420 507 5473 reclamant
535 5433 724 5473 omnes
759 5435 892 5474 mss.
925 5433 990 5473 ac
1015 5428 1122 5472 vet.
1147 5414 1306 5478 edit.,
1339 5412 1510 5469 series
1536 5413 1800 5470 orationis

230 5498 584 5551 Ambrosiamc
615 5498 902 5552 manifeste
933 5496 1332 5566 corrumpitur,
1380 5500 1436 5546 nt
1482 5492 1686 5559 patebit
1726 5493 1794 5547 il-

233 5574 328 5630 lam
359 5577 606 5632 attentius
653 5575 981 5647 tlispicienti.
1013 5575 1184 5630 Porro
1209 5572 1450 5644 ejusdem
1480 5571 1640 5626 Rom.
1667 5573 1798 5628 edit.

235 5658 542 5728 mutationes
568 5676 672 5713 non
699 5657 1002 5728 putavimus
1025 5654 1130 5710 hoc
1157 5655 1277 5709 loco
1299 5651 1801 5728 tj-prgesentandas,

238 5742 300 5779 ne
330 5727 441 5794 plus
465 5729 628 5784 nimio
657 5721 927 5795 margines
955 5737 1270 5782 onerentur.
1301 5721 1522 5790 Confer,
1551 5721 1596 5777 si
1625 5721 1804 5791 lubet,

236 5796 367 5853 inter
393 5813 451 5856 se
477 5799 718 5858 eamdem
740 5798 872 5856 edit.
903 5813 966 5855 ac
988 5807 1096 5854 vet.

745 5897 1021 5960 Panos.
1081 5892 1224 5956 XV.

1893 4830 2017 4872 esse
2065 4813 2390 4886 hospitium;
2423 4827 2492 4868 ne
2521 4810 3010 4884 dum‘inﬁdelibus
3057 4819 3258 4869 nostrae
3299 4815 3494 4872 domus

1973 5029 1993 5056 ο
2037 5019 2166 5074 Mss.
2199 5017 2428 5087 aliquot,
2453 5017 2769 5072 industriam
2799 5018 2953 5071 unius
2982 5028 3202 5072 natura.

1973 5095 2000 5134 (1
2030 5097 2254 5152 Amerb.
2283 5113 2406 5153 cum
2457 5097 2729 5168 plerisque
2777 5113 2936 5166 mss.,
2978 5100 3139 5167 recipi
3186 5100 3348 5152 noluit
3391 5115 3497 5154 non

1900 5178 2128 5250 simplici
2172 5187 2339 5232 mente
2379 5193 2669 5232 conversos.
2705 5177 2888 5240 Rom.,
2923 5179 3149 5246 recipere
3178 5179 3362 5240 noluit.
3387 5187 3495 5232 ctc.

1901 5258 2114 5329 Optime
2166 5257 2294 5313 Era.
2327 5272 2391 5313 ac
2413 5257 2539 5314 Gill.
2564 5257 2696 5314 licet
2731 5272 2854 5313 cum
2899 5258 3240 5328 paucioribus
3261 5271 3391 5312 mss.
3440 5265 3500 5311 ut

1905 5353 2005 5394 nos
2027 5338 2078 5394 in
2109 5345 2285 5392 textu.

1981 5428 2005 5454 ο
2036 5417 2262 5482 Quidam
2294 5431 2450 5481 mss.,
2482 5417 2698 5490 injuria.
2733 5416 2838 5483 Qui
2877 5417 3047 5478 timet,
3079 5417 3359 5471 vindictam
3402 5431 3505 5470 non

1905 5497 2087 5565 quaerit
2115 5512 2133 5548 :
2162 5495 2252 5561 qui
2281 5512 2382 5549 non
2404 5495 2567 5559 timet,
2596 5493 2842 5549 ultionem
2865 5495 3106 5551 ostendit.
3141 5494 3334 5552 Simul.
3389 5503 3496 5549 etc.

1907 5579 2083 5634 Minus
2106 5575 2413 5632 commode.

1985 5657 2004 5697 ί
2037 5656 2163 5712 Mss.
2191 5658 2390 5726 aliquot
2413 5698 2428 5721 ,
2453 5656 2836 5711 inconsiderata
2861 5658 3155 5712 comntotio.
3181 5655 3372 5712 Melius
3395 5653 3506 5719 alii,

1912 5741 2074 5800 atque
2097 5728 2254 5792 edit.,
2287 5727 2668 5800 inconsiderata
2695 5730 3033 5797 coniunctio;
3056 5738 3116 5785 ut
3162 5728 3417 5784 nimirum
3442 5726 3513 5783 ad

1917 5798 2202 5872 sequentia
2232 5798 2521 5857 referatur.

2917 5893 2992 5956 17
