3960 6352
531 335 670 392 1707

1896 329 1977 389 SA
1987 329 2141 389 NC'I'I
2177 315 2496 386 AMBROSII

3687 336 3803 393 {708

525 446 826 519 penetralia
857 457 1165 503 reseramus
1185 486 1198 510 ,
1229 445 1285 500 in
1317 444 1514 502 alienas
1540 444 1784 517 perﬁdia:
1813 461 1996 505 casses
2023 449 2127 502 im-
2155 447 2210 506 A
2235 447 2363 502 dere
2406 453 2674 501 conentur
2721 446 2960 512 alienos,
3014 433 3299 502 latratibus
3321 445 3348 484 ἀ
3391 449 3564 521 magis
3607 455 3802 513 sonori.

527 541 754 613 provida
782 540 1103 596 credulitate
1132 539 1398 594 labamur.

599 637 689 693 29.
733 635 839 690 Sed
867 649 936 690 ne
967 634 1100 689 illud
1133 626 1436 704 improvide
1464 635 1791 705 praeteriisse
1824 635 2124 706 videamur,

522 745 622 786 cur
666 729 751 784 hic
798 743 893 784 eos
923 727 1016 798 qui
1063 737 1290 797 possunt
1338 743 1433 797 per
1483 743 1674 784 manus
1719 729 2127 800 impositionem

522 820 817 875 immundis
843 819 1118 889 imperare
1147 819 1428 889 Spiritibus
1459 821 1512 874 in
1544 821 1765 876 nomine
1791 821 1942 888 Jesu,
1970 835 2132 895 neget

521 928 646 970 esse
719 913 1088 983 prohibendos
1135 931 1150 967 :
1197 915 1494 970 secundum
1562 913 1870 972 Hatthaaum
1945 925 2128 975 autem

521 1006 666 1062 dicat
696 1001 781 1061 bis
809 1025 822 1060 :
860 1005 983 1061 Non
1033 1007 1152 1061 novi
1180 1023 1268 1062 vos
1291 1023 1310 1062 :
1339 1007 1586 1063 discedite
1611 1026 1644 1062 a
1669 1026 1766 1076 me,
1798 1025 1976 1065 omnes
2003 1027 2128 1081 ope-

519 1099 651 1152 rarii
677 1099 965 1169 iniquitatis
1002 1098 1219 1171 (Matth.
1255 1115 1349 1167 vn,
1379 1099 1496 1171 2'5).
1527 1099 1827 1156 Advertere
1868 1102 2130 1160 debemus

519 1191 652 1246 non’
678 1206 800 1246 esse
848 1191 1161 1246 distantiam
1203 1206 1430 1256 sensus,
1462 1195 1970 1266 sententiarumque
2016 1195 2130 1250 dis-

519 1283 764 1341 cordiam
801 1301 814 1337 :
857 1283 952 1339 sed
980 1284 1113 1338 illud
1145 1286 1359 1340 censeri
1393 1301 1460 1340 eo
1491 1287 1632 1357 quod
1669 1303 1777 1342 non
1803 1288 1979 1343 solum
2011 1288 2132 1342 otti-

518 1379 588 1433 cii
622 1378 674 1433 in
704 1378 918 1433 clericis
939 1421 954 1445 ,
983 1377 1080 1434 sed
1109 1378 1272 1434 etiam
1303 1381 1517 1436 virtutis
1545 1393 1708 1451 opera
1736 1382 2084 1452 requirantur
2115 1397 2127 1435 :

520 1482 838 1544 tantumque
882 1486 1005 1528 esse
1054 1472 1256 1528 Christi
1305 1490 1502 1530 nomen
1537 1516 1552 1540 ,
1601 1486 1660 1530 ut
1723 1476 1885 1529 etiam
1936 1489 2127 1546 parum

518 1567 722 1622 sanctis
748 1567 1047 1636 opituletur
1077 1565 1144 1621 ad
1171 1567 1523 1637 prmsidium;
1555 1568 1656 1623 etsi
1689 1583 1796 1622 non
1834 1568 2131 1638 opituletur

516 1659 584 1714 ad
613 1660 860 1731 gratiam.
895 1657 1052 1716 Unde
1101 1674 1262 1716 nemo
1305 1660 1514 1730 jactare
1563 1675 1622 1716 se
1649 1661 1840 1728 debet,
1873 1676 1975 1717 nec
2006 1677 2131 1730 pur-

516 1753 626 1824 gati
681 1753 916 1807 hominis
964 1753 1066 1807 sibi
1099 1754 1326 1824 gratiam
1361 1753 1676 1819 vindicare,
1713 1754 1766 1808 in
1797 1767 1907 1824 quo
1937 1754 2127 1810 aeterni

2235 555 2394 608 quam
2425 539 2647 595 vocibus
2679 539 2901 608 expoliti
2928 539 3044 612 (qui
3073 541 3218 596 enim
3249 538 3488 595 Verbum
3519 555 3695 614 negat,
3723 560 3805 600 nec

2231 645 2422 686 vocem
2451 631 2610 686 habet
2634 630 2675 703 ),
2703 631 2766 685 ad
2800 646 3043 702 praesens
3065 630 3094 670 δ
3125 649 3219 687 ore
3241 626 3413 689 libero
3438 677 3452 700 ,
3477 631 3572 689 sed
3615 635 3665 691 in
3690 637 3807 692 futu-

2233 740 2354 779 rum
2385 724 2492 780 line
2525 723 2738 798 1419
2762 725 2871 796 jam
2919 727 3100 780 vincto
3142 727 3329 782 cauda:
3369 726 3600 796 facibus,
3627 730 3799 800 signil‘I.

2232 829 2420 875 cantes
2445 821 2525 873 sui
2560 820 2680 874 linis
2710 821 3042 876 incendium.

2305 911 2396 966 32.
2439 912 2703 968 Volucres
2752 929 2970 984 quoque
3023 914 3185 980 caeli,
3232 931 3354 987 qua:
3401 915 3705 988 frequenter
3753 920 3806 974 ad

2233 1005 2492 1075 nequitia:
2545 1003 2809 1074 spiritalis
2853 1004 3267 1061 similitudinem
3295 1007 3635 1074 deritvantur,
3663 1009 3808 1066 veluti

2231 1102 2391 1158 nidos
2421 1101 2682 1173 quosdam
2710 1103 2982 1157 instruunt
3014 1103 3068 1157 in
3095 1103 3410 1175 pectoribus
3443 1104 3806 1174 improborum;

2233 1205 2289 1252 et
2319 1197 2441 1252 ideo
2491 1195 2664 1251 Filius
2711 1193 2980 1264 hominis,
3031 1186 3154 1267 quia
3206 1195 3507 1253 abundavit
3549 1198 3809 1269 iniquitas.

2230 1304 2338 1344 non
2384 1287 2550 1344 habet
2597 1289 2686 1343 ubi
2730 1301 2892 1359 caput
2934 1304 3091 1344 suum
3141 1289 3388 1345 reclinet.
3422 1289 3630 1346 Etenim
3656 1290 3808 1346 domi-

2231 1389 2396 1436 nante
2445 1381 2720 1445 versutia,
2750 1396 2872 1435 cum
2922 1381 3257 1451 simplicitati
3309 1381 3494 1438 nullus
3540 1385 3610 1438 sit
3651 1384 3807 1453 locus,

2232 1474 2377 1528 nulla
2411 1482 2586 1542 potest
2628 1473 2680 1527 in
2711 1472 2994 1529 ail‘ectibus
3021 1473 3358 1544 singulorum
3391 1473 3683 1530 divinitatis
3707 1492 3807 1532 esse

2233 1565 2509 1637 possessio
2540 1583 2554 1618 :
2583 1563 2752 1635 Caput
2782 1567 2926 1621 enim
2951 1565 3146 1620 Christi
3176 1565 3316 1621 Deus
3352 1573 3428 1621 est
3451 1566 3498 1634 (Ι
3523 1566 3643 1622 Cor.
3660 1569 3803 1638 ruﬁ),

2231 1657 2323 1730 qui
2370 1657 2458 1713 ubi
2517 1665 2754 1712 mentem
2797 1657 3049 1726 probarit
3098 1658 3408 1725 innoxiam,
3457 1671 3614 1729 supra
3663 1660 3806 1729 ipsam

2232 1751 2637 1822 quodatnmodo
2664 1752 2771 1808 vim
2790 1765 2902 1808 sua:
2931 1753 3230 1819 maiestatis
3256 1752 3484 1808 reclinat
3513 1767 3526 1806 ':
3551 1751 3689 1824 quod
3711 1767 3811 1808 esse

517 1844 757 1900 nominis
789 1846 991 1911 virtus,
1023 1859 1133 1899 non
1161 1845 1339 1916 aliqua
1369 1845 1704 1915 possibilitas
1734 1845 1986 1900 humanae
2019 1846 2129 1901 fra-
2158 1834 2207 1894 B
2233 1844 2446 1900 videtur
2474 1833 2708 1912 indicio,
2738 1845 2862 1916 quia
2896 1844 3166 1915 profusior
3195 1844 3446 1916 quaedam
3474 1845 3641 1917 gratia
3667 1845 3810 1901 bono-

512 1936 743 2007 gilitatis
790 1946 1012 2006 operata
1033 1938 1135 2005 sit;
1164 1952 1274 1993 non
1305 1939 1449 1993 enim
1480 1940 1676 1995 merito
1707 1947 1800 1995 tuo
1845 1939 2090 1997 diabolus
2111 1982 2127 2007 ,

516 2028 616 2085 sed
640 2029 766 2084 odio
794 2030 877 2084 sui
905 2029 1157 2085 vincitur.

588 2122 680 2178 30.
720 2121 874 2190 Quod
907 2132 1083 2191 potest
1114 2122 1277 2178 homo
1297 2167 1312 2191 ,
1342 2125 1613 2179 sinceram
1641 2124 1892 2180 exhibeat
1925 2125 2085 2180 fidem
2111 2166 2126 2191 ,

517 2220 575 2270 et
602 2214 1006 2268 observantiam
1035 2214 1409 2270 mandatorum
1445 2217 1697 2287 religiosa
1737 2226 1918 2273 mente
1947 2227 2133 2273 custo-

517 2303 664 2369 diat;
717 2319 786 2359 ne
838 2304 1052 2361 dicatur
1078 2306 1171 2361 ei:
1212 2305 1404 2377 Vulpes
1457 2307 1630 2378 foveas
1684 2309 1888 2363 habent.
1943 2309 2132 2366 Fallax

516 2401 722 2469 quippe
749 2399 974 2466 animal,
1005 2403 1059 2454 et
1086 2400 1296 2456 insidiis
1327 2416 1544 2473 semper
1573 2403 1863 2470 intentum,
1884 2403 2130 2474 rapinam

514 2491 725 2547 fraudis
769 2503 1009 2548 exercet.
1040 2493 1184 2549 Nihil
1235 2504 1438 2560 tutum,
1491 2497 1622 2551 nihil
1674 2499 1938 2563 otiosum,
1996 2499 2132 2554 nihil

513 2586 722 2656 patitur
751 2599 873 2641 esse
902 2600 1157 2642 securum
1184 2629 1200 2654 ,
1229 2587 1374 2657 quod
1417 2588 1563 2645 inter
1611 2589 1727 2660 ipsa
1759 2589 1994 2662 hospitia
2029 2591 2129 2646 ho-

516 2679 725 2736 minum
757 2679 996 2751 pra-dam
1031 2681 1302 2751 requirat.

587 2794 678 2848 51.
726 2792 1006 2849 llazreticis
1058 2802 1236 2850 autem
1287 2795 1480 2866 vulpes
1527 2805 1830 2868 comparat.
1879 2791 2133 2866 Denique

517 2901 640 2942 cum
672 2897 864 2956 gentes
913 2895 1103 2950 vocet,
1136 2886 1429 2944 haereticos
1473 2889 1732 2946 excludit.
1766 2889 1958 2960 Vulpis
1987 2889 2131 2946 enim

515 2977 737 3045 plenum
790 2975 1003 3031 fraudis
1047 2967 1128 3033 eat
1173 2979 1410 3047 animal,
1443 2979 1655 3036 foveam
1709 2995 1944 3052 parans,
1979 2992 2035 3036 et
2078 2979 2133 3036 in

516 3065 675 3124 fovea
709 3081 926 3137 semper
958 3067 1127 3123 latere
1167 3068 1487 3126 desiderans
1519 3089 1530 3123 :
1563 3071 1635 3126 ita
1677 3079 1805 3126 sunt
1853 3071 2128 3139 haeretici,

517 3160 610 3232 qui
658 3159 880 3216 domum
913 3159 1014 3215 sibi
1060 3174 1255 3231 parare
1306 3176 1414 3214 non
1469 3172 1701 3226 norunt,
1751 3162 1847 3218 sed
1896 3163 2131 3218 circum-

2234 1955 2353 1996 rum
2389 1939 2700 2010 pectoribus
2729 1939 3022 1995 inseratur.

2306 2056 2396 2114 55.
2438 2053 2622 2127 (Vers.
2653 2053 2773 2128 59.)
2801 2053 2989 2126 Itaque
3021 2066 3077 2110 ut
3107 2055 3361 2112 advertas
3391 2056 3558 2111 Deum
3591 2072 3690 2111 non
3715 2056 3810 2111 cul-

2233 2157 2320 2205 tus
2370 2158 2756 2220 aspernantem
2804 2164 2958 2215 esse,
3017 2149 3112 2205 sed
3162 2148 3366 2204 fraudis
3411 2150 3544 2220 :qui
3588 2149 3808 2218 repudia-

2233 2255 2389 2299 verat
2418 2243 2820 2299 t‘raudulen‘tnm
2843 2286 2858 2310 ,
2891 2245 3051 2315 elegit
3094 2243 3442 2302 innocentem
3473 2245 3658 2302 dicens
3687 2265 3698 2299 :
3731 2246 3808 2302 Se-

2233 2353 2387 2406 quere
2410 2353 2509 2390 me.
2540 2334 2647 2390 Sed
2692 2334 2798 2390 hoc
2843 2335 2982 2390 dixit
3026 2335 3072 2392 ei
3093 2379 3107 2402 ,
3140 2337 3293 2408 cujus
3324 2348 3530 2407 patrem
3555 2338 3663 2409 jam
3693 2337 3808 2394 scie—

2234 2427 2326 2482 bat
2353 2440 2659 2494 mortuum,
2692 2427 2841 2481 illum
2885 2429 3070 2497 utique
3112 2438 3323 2500 patrem
3369 2430 3439 2484 de
3485 2447 3591 2502 quo
3633 2431 3807 2486 dictum

2234 2531 2319 2578 est
2359 2522 2478 2577 illi:
2519 2520 2849 2576 Obliviscere.
2897 2561 2911 2575 .
2957 2561 2972 2576 .
3018 2565 3030 2577 .
3073 2523 3291 2601 domum,
3328 2525 3491 2593 patris
3533 2525 3607 2578 tui
3646 2523 3808 2595 (Psal.

2234 2634 2381 2684 xuv,
2413 2611 2470 2672 ll
2490 2619 2528 2686 ).
2557 2615 2690 2672 Vide
2720 2616 2884 2685 igitur
2912 2617 3036 2687 quia
3068 2616 3332 2672 Dominus
3362 2633 3497 2686 quos
3529 2618 3808 2674 miseratur.

2234 2711 2398 2767 etiam
2447 2709 2820 2780 imprudentes
2863 2710 3122 2776 advocat,
3151 2718 3209 2766 et
3261 2711 3556 2782 postulanti
3603 2718 3807 2779 paterna:

2231 2805 2444 2862 veniam
2469 2806 2766 2871 sepulturae
2795 2805 3076 2874 respondit
3109 2823 3120 2856 :

2306 2921 2488 2996 (Vers.
2517 2921 2633 2993 60.)
2664 2922 2812 2987 Sine,
2843 2923 3033 2976 mortui
3058 2922 3312 2992 sepeliant
3337 2930 3570 2976 mortuos
3589 2937 3701 2976 suos
3727 2935 3742 2974 :
3767 2928 3807 2972 tu

2233 3027 2403 3070 autem
2434 3015 2582 3082 vade,
2611 3016 2867 3070 annuntia
2890 3031 3103 3086 regnum
3133 3011 3254 3070 Dei.

2306 3129 2396 3184 54.
2435 3127 2623 3200 Itaque
2664 3143 2786 3185 cum
2812 3127 3125 3199 religiosum
3158 3127 3422 3183 humandi
3476 3125 3807 3197 acceperimus

515 3253 906 3322 scriptionibus
954 3251 1070 3307 suis
1115 3251 1253 3306 alios
1316 3251 1573 3322 decipere
1629 3263 1917 3308 conantur.
1963 3253 2124 3309 Jacob

2241 3222 2501 3288 ofﬁcium,
2535 3221 2993 3293 quemadmodum
3026 3219 3113 3276 hic
3141 3221 3355 3292 paterni
3385 3236 3604 3292 quoque
3641 3216 3809 3273 funeris

509 3346 736 3400 domum
769 3346 979 3402 habitat
1012 3365 1024 3400 :
1058 3347 1348 3402 hazretirus
1393 3347 1445 3402 in
1482 3346 1638 3403 fovea
1667 3355 1786 3410 est,
1814 3356 1876 3403 ut
1901 3347 2126 3404 fraudu-

516 3436 663 3492 lenta
695 3438 873 3508 vulpis
921 3439 1134 3509 gallinae
1187 3440 1264 3494 illi
1310 3439 1641 3512 evangelica:
1689 3441 1874 3498 dolum
1913 3457 2130 3512 semper

517 3528 811 3585 intendens
834 3573 848 3596 ,
877 3531 944 3585 de
975 3546 1078 3602 qua
1111 3533 1371 3600 scriptum
1406 3537 1490 3588 est
1525 3551 1537 3587 :
1574 3532 1784 3600 Quoties
1829 3536 1965 3590 votui
2009 3553 2132 3592 con-

515 3637 732 3692 gregare
754 3621 892 3691 ﬁlios
921 3632 1036 3677 tuos
1065 3624 1198 3678 sicut
1217 3623 1418 3697 gallina
1440 3624 1616 3695 pullos
1644 3642 1785 3692 suos,
1808 3635 1855 3680 et
1885 3627 2130 3683 noluisti?

514 3714 652 3769 Ecce
686 3715 1001 3784 relinquetur
1041 3715 1225 3771 domus
1267 3726 1434 3771 vestra
1463 3717 1666 3772 deserta
1700 3715 1916 3788 (Matth.
1957 3737 2122 3788 XXIII,

520 3807 590 3862 ’57
621 3817 666 3861 et
693 3807 805 3878 38).
837 3807 1026 3864 Merito
1071 3825 1200 3879 ergo
1252 3810 1440 3866 foveas
1489 3811 1724 3876 habent,
1759 3815 1881 3883 quia
1908 3815 2128 3869 dmnum

514 3917 678 3974 quam
731 3901 1066 3968 habuerant,
1113 3904 1489 3975 perdiderunt.
1540 3905 1656 3962 Hoc
1698 3907 1905 3962 ‘animal
1951 3923 2130 3979 neque

513 3995 852 4049 mansuescit
882 4007 1173 4064 umquam;
1201 3997 1344 4050 unde
1372 4005 1428 4051 et
1457 3996 1755 4067 Apostolus
1786 3999 1861 4053 ait
1896 4017 1910 4054 :
1947 3998 2130 4054 Hiere-

514 4088 674 4140 ticum
704 4086 961 4142 hominem
994 4097 1109 4160 post
1141 4105 1318 4143 unam.
1366 4129 1378 4142 .
1428 4131 1439 4143 .
1487 4132 1500 4144 .
1547 4094 1923 4162 correptionem
1961 4093 2130 4148 devita

519 4177 649 4250 (Tit.
679 4194 760 4245 III,
792 4178 926 4249 10):
966 4195 1145 4250 neque
1195 4181 1294 4236 ulli
1340 4182 1460 4235 usui
1503 4193 1625 4248 est,
1655 4193 1748 4238 aut
1792 4186 1916 4240 ciho
1964 4186 2126 4252 utile;

519 4287 628 4328 non
656 4274 799 4327 enim
825 4272 894 4328 de
926 4271 1027 4327 hoc
1058 4273 1192 4329 dicit
1235 4274 1484 4328 Christus
1517 4291 1533 4329 :
1565 4274 1714 4329 Meus
1742 4277 1884 4331 cibus
1923 4287 2030 4342 est,
2074 4290 2130 4332 ut

523 4367 710 4440 faciam
756 4365 1068 4421 voluntatem
1113 4366 1288 4421 Patris
1321 4357 1419 4420 mei
1449 4368 1537 4437 qui
1585 4368 1640 4421 in
1668 4368 1806 4422 caelis
1844 4379 1918 4424 est
1942 4371 2126 4439 (Joan.

520 4473 605 4526 tv,
639 4458 757 4528 54).
785 4460 924 4525 Quin
975 4459 1135 4514 etiam
1186 4474 1280 4514 eas
1325 4471 1354 4513 a
1399 4458 1677 4518 fructibus
1724 4461 1836 4516 suis
1881 4462 2127 4532 relegat:

519 4550 701 4621 Capite
746 4551 894 4606 nobis
955 4553 1132 4623 vulpes
1179 4551 1399 4625 pusillas
1425 4594 1439 4618 ,
1501 4555 1894 4608 exterminantes
1955 4555 2127 4612 vineas

2233 3316 2511 3385 sepultura
2543 3314 2882 3383 prohibetur,
2907 3315 3019 3370 nisi
3040 3324 3097 3369 ut
3126 3313 3398 3386 intelligas
3429 3314 3657 3369 humana
3685 3320 3810 3382 post-

2234 3406 2484 3462 habenda
2505 3407 2742 3462 divinis?
2768 3407 2977 3462 Bonum
3025 3407 3264 3463 studium
3291 3449 3304 3469 ,
3334 3406 3430 3463 Sed
3463 3408 3636 3478 majus
3669 3407 3812 3473 impe-

2233 3501 2569 3566 dimentum;
2605 3515 2727 3556 nam
2757 3503 2848 3572 qui
2883 3501 3113 3572 partitur
3142 3500 3406 3564 studium,
3439 3500 3654 3556 derivat
3677 3496 3812 3551 allec-

2232 3599 2348 3647 tum
2376 3592 2526 3664 (Act.
2555 3609 2642 3656 v1,
2668 3591 2705 3647 2
2732 3604 2779 3648 et
2810 3592 2943 3665 seq.)
2975 3611 2988 3650 :
3012 3604 3066 3649 et
3088 3594 3177 3664 qui
3201 3593 3398 3649 dividit
3418 3607 3636 3659 curam,
3665 3589 3812 3646 differt

2231 3685 2536 3756 profectum
2591 3685 2744 3758 (Luc.
2789 3702 2855 3752 x,
2886 3685 2967 3758 4).
3027 3687 3172 3758 Ergo
3224 3688 3378 3758 prius
3431 3686 3674 3743 obeunda
3717 3697 3812 3754 qua:

2234 3782 2471 3837 maxima
2496 3791 2655 3847 sunt;
2687 3797 2812 3837 nam
2840 3792 2896 3837 et
2923 3782 3196 3852 apostoli,
3229 3792 3250 3821 ο
3285 3795 3354 3837 ne
3380 3783 3702 3852 occuparent
3721 3787 3812 3831 stu-

2233 3874 2381 3930 dium
2410 3875 2787 3945 diSpcusandi,
2819 3875 3102 3930 ministros
3133 3874 3462 3945 pauperibus
3490 3874 3810 3928 ordinarunt:

2235 3979 2287 4024 et
2319 3968 2453 4037 ipsis
2481 3983 2602 4022 cum
2629 3983 2661 4021 a
2691 3968 2919 4022 Domino
2947 3967 3298 4022 mitterentur
3324 4007 3338 4031 ,
3370 3966 3648 4023 neminem
3675 3963 3722 4017 in
3747 3960 3814 4013 via

2233 4061 2471 4116 salutare
2516 4061 2890 4131 praescriptum
2941 4067 3026 4114 est
3059 4077 3072 4116 :
3103 4074 3208 4114 non
3252 4059 3396 4129 quod
3449 4053 3814 4115 benevolentia:

2231 4152 2547 4224 displiceret
2574 4151 2836 4219 officium,
2865 4151 2961 4207 sed
2988 4151 3133 4222 quod
3165 4151 3558 4223 persequenda:
3589 4144 3813 4206 devotio-

2233 4249 2321 4302 nis
2353 4248 2580 4302 intentio
2611 4249 2731 4318 plus
2758 4247 3016 4318 placeret.

2302 4362 2390 4418 55.
2423 4361 2707 4431 Quomodo
2735 4372 2914 4416 autem
2949 4361 3146 4415 mortui
3174 4358 3411 4430 sepelire
3437 4359 3682 4415 mortuos
3709 4368 3812 4424 pos-

2233 4454 2447 4521 sunt,‘l
2491 4456 2592 4511 nisi
2637 4471 2759 4509 cum
2809 4455 2878 4509 ab
2925 4453 3236 4510 infidelibus
3268 4453 3527 4506 humatur
3573 4449 3810 4509 cadaver,

2232 4553 2388 4623 cujus
2433 4553 2502 4607 ita
2551 4559 2648 4606 cor
2692 4550 2928 4605 animam
2972 4547 3242 4618 perdidit,
3276 4556 3333 4602 ut
3377 4548 3593 4604 iilorum
3645 4543 3814 4598 auiune

519 4643 698 4718 (Cant.
725 4661 787 4714 II,
817 4644 932 4718 15),
965 4646 1067 4702 hoc
1097 4655 1216 4713 est,
1250 4662 1371 4717 qua:
1419 4647 1684 4703 minorem
1732 4649 1945 4704 vineam
1968 4692 1982 4716 ,
2018 4666 2124 4705 non
2150 4659 2204 4719 ι)
2236 4647 2401 4701 Deum
2436 4662 2448 4698 :
2484 4645 2597 4712 sive
2627 4643 2747 4714 quia
2779 4642 2981 4712 duplex
3018 4641 3104 4696 hic
3135 4638 3488 4711 intelligenda
3533 4639 3616 4695 est
3655 4645 3810 4692 mors.

519 4741 784 4812 majorem
832 4743 1217 4798 exterminant.
1255 4741 1323 4798 Et
1364 4742 1493 4798 ideo
1537 4741 1764 4798 Samson
1807 4742 1874 4798 ad
1922 4745 2122 4800 caudas

520 4849 708 4889 earum
741 4834 884 4890 taces
911 4835 1134 4906 ligavit,
1165 4843 1220 4890 et
1246 4837 1297 4890 in
1332 4849 1539 4891 messes
1576 4835 2008 4906 alienigenarum
2041 4837 2123 4892 di-

523 4927 670 4981 misit
702 4924 903 4995 (Iudic.
935 4941 1028 4994 xv,
1054 4927 1131 4998 4);
1165 4943 1230 4983 eo
1261 4928 1405 4998 quod
1434 4927 1672 4984 hmretici
1702 4927 1912 4984 fructus
1937 4931 2122 4988 incen-

594 5115 620 5143 ι
648 5106 874 5172 Quidam
903 5121 1058 5173 mss.,
1087 5108 1250 5179 magis
1277 5110 1481 5163 onerosi
1507 5123 1658 5179 quam
1707 5109 1918 5164 uocibus
1959 5126 2118 5180 ρπροσ

519 5187 635 5250 liti;
662 5186 818 5240 Rom.
851 5187 983 5243 edit.
1015 5205 1138 5243 cum
1188 5189 1310 5244 aliis
1341 5189 1471 5244 edit.
1503 5204 1568 5244 ac
1597 5204 1731 5246 mss.
1759 5190 1919 5262 legit,
1950 5192 2118 5264 magis

517 5266 716 5330 sonori,
750 5265 843 5320 sed
867 5282 1052 5321 vocem
1080 5271 1290 5339 expoliti
1317 5267 1578 5325 I‘es‘ecuit.
1854 5296 1859 5301 ·

589 5342 617 5384 ι’
645 5343 785 5399 Edit.
817 5362 1026 5411 omnes,
1057 5365 1144 5400 ore
1170 5349 1337 5412 liberi,
1367 5351 1456 5402 sed
1479 5366 1535 5402 tn
1566 5352 1798 5419 futurum
1826 5350 2117 5420 finemjnm

515 5424 703 5490 vincti,
735 5426 915 5480 caudae
953 5427 1183 5498 facibus,
1216 5439 1326 5484 etc.
1357 5431 1482 5483 Mss.
1510 5444 1640 5483 vero
1666 5429 1907 5482 universi
1939 5431 2005 5482 ah
2035 5429 2117 5486 bis

516 5502 843 5560 dissidentes
873 5503 1140 5575 legunt‘ut
1163 5507 1217 5561 in
1247 5516 1400 5562 textu
1429 5549 1444 5575 ,
1478 5508 1581 5562 nisi
1611 5507 1753 5577 quod
1788 5523 1928 5563 unus
1959 5506 2112 5576 fune,

519 5598 615 5648 pro
642 5585 764 5653 ﬁne,
799 5585 935 5640 alter
955 5585 1156 5646 vinctis.
1188 5603 1283 5654 pro
1307 5589 1502 5654 vincto,
1534 5587 1772 5657 praefert.
1803 5588 1972 5641 Porro
2020 5603 2118 5642 no-

515 5660 599 5714 bis
627 5665 798 5733 magis
825 5665 1028 5720 arridet
1051 5666 1352 5721 communis
1395 5667 1556 5723 lectio
1586 5681 1732 5723 mss.
1760 5669 1987 5723 aliorum
2010 5710 2024 5733 ,
2060 5677 2118 5721 ut

516 5755 708 5793 sensus
735 5743 840 5806 sit,
871 5755 966 5812 per
989 5754 1292 5800 eXtremanI
1321 5756 1529 5815 partem
1557 5749 1742 5802 cautim
1764 5747 2000 5814 vulpina:
2029 5740 2114 5802 fa:

517 5817 980 5946 cibusralligalattt
1028 5831 1328 5876 extremum
1379 5825 1754 5879 haereticorqu
1804 5825 2075 5881 incendiut

518 5907 656 5946 stunt
681 5910 832 5946 Icari.
2068 5912 2075 5921 ·

518 5907 832 5962 Stgutttcart.
2068 5912 2077 5921 '

2226 4755 2334 4796 una
2367 4749 2572 4794 natura:
2593 4781 2608 4806 ,
2639 4735 2812 4793 altera
2857 4735 3073 4807 culpa}?
3100 4736 3197 4791 Est
3239 4736 3403 4790 etiam
3453 4747 3598 4790 mors
3644 4726 3810 4787 tertia.

2227 4833 2282 4888 in
2329 4848 2432 4904 qua
2490 4840 2715 4903 peccato
2767 4831 3071 4897 morimur,
3123 4839 3178 4884 et
3231 4829 3341 4885 Deo
3388 4829 3658 4889 vivimus,
3693 4824 3812 4876 sicut

2229 4929 2477 4986 Christus
2507 4929 2596 4998 qui
2630 4935 2852 4997 peccato
2902 4934 3151 4982 mortuus
3195 4932 3281 4980 est
3303 4941 3322 4979 :
3357 4923 3513 4989 Quod
3537 4922 3670 4978 enim
3695 4929 3812 4970 ntor-

2303 5119 2323 5146 ο
2352 5108 2493 5162 ΕιΙὶΙ.
2523 5106 2652 5164 Gill.
2678 5121 2741 5161 ac
2789 5104 2948 5160 Rom.
3003 5119 3124 5159 cum
3172 5103 3359 5170 paucis
3399 5102 3575 5172 iisque
3622 5100 3803 5154 recent.

2229 5202 2383 5250 mss.,
2411 5205 2473 5242 ne
2500 5195 2876 5254 occuparentur
2919 5185 3092 5239 studio
3130 5183 3495 5253 dispensandi.
3527 5177 3738 5262 Aruerb.
3763 5179 3808 5262 et

2227 5269 2355 5324 Era.
2386 5285 2506 5324 cum
2535 5269 2761 5339 reliquis
2781 5309 2794 5329 ,
2830 5283 2891 5319 ne
2920 5276 3233 5335 occuparent
3266 5265 3533 5327 studium;
3562 5259 3613 5317 id
3641 5267 3736 5321 est,
3759 5259 3804 5306 in

2226 5363 2286 5404 se
2310 5351 2676 5418 susciperent,
2709 5354 3156 5413 exercerentque.
3239 5419 3244 5424 θ
3336 5422 3345 5424 ξ
3445 5423 3451 5424 7
3751 5410 3800 5420 Η

2298 5426 2322 5465 ά
2349 5430 2422 5483 lla
2463 5427 2583 5482 cud.
2609 5426 2772 5482 Corb.
2799 5441 2920 5478 cum
2969 5424 3093 5479 aliis
3119 5439 3213 5479 sex
3239 5422 3488 5477 melioris
3513 5429 3690 5504 noue,
3717 5425 3802 5504 Ill-il

2223 5507 2365 5577 quod
2397 5507 2724 5560 ῐιιυιιιΟιιτι).
2769 5519 2866 5573 per
2899 5505 3296 5558 correctionem
3345 5517 3473 5569 pro,
3515 5517 3624 5564 cor,
3658 5497 3798 5564 legit.

2223 5604 2431 5656 corpus.
2457 5587 2628 5640 Minus
2660 5585 2832 5648 bene;
2862 5583 3044 5637 cordis
3091 5583 3234 5636 enim
3282 5581 3370 5634 hic
3399 5581 3602 5634 mentio
3647 5577 3723 5656 lit,
3749 5583 3800 5625 eo

2223 5667 2366 5734 quod
2395 5667 2502 5722 illic
2529 5667 2760 5720 animam
2789 5664 3060 5732 praecipua
3090 5660 3323 5731 quadam
3348 5661 3563 5715 ratione
3585 5655 3800 5714 residere

2223 5746 2508 5801 docuerint
2553 5741 2739 5815 plures
2795 5741 3125 5812 philOSOphi.
3169 5741 3389 5816 Reliqui
3442 5750 3618 5794 autem
3663 5743 3800 5816 atque

2224 5827 2354 5881 edit.
2389 5826 2724 5880 contractius
2771 5821 3000 5886 habent,
3033 5823 3131 5875 nisi
3158 5819 3415 5892 geminam
3453 5821 3534 5874 hic
3567 5815 3799 5885 intelligat

2224 5911 2462 5973 mortem,
2494 5921 2647 5960 unam
2678 5903 2900 5971 natum,
2931 5901 3147 5958 alterunt
3170 5900 3360 5969 culpat.
