3960 6370
195 331 217 398 l
228 334 310 400 709

1132 341 1498 404 EXPOSITIO
1525 339 1783 406 EVANG.
1823 337 1972 408 SBE.
2013 349 2172 412 LUC.
2213 356 2344 416 LlB.
2393 351 2500 420 VII.

3289 378 3438 443 mo

184 485 278 530 tuus
303 485 364 531 est
388 486 624 547 peccato,
651 477 881 540 mortuus
908 495 980 541 est
1004 489 1161 545 sane!
1190 506 1208 544 :
1237 495 1373 560 quod
1397 505 1564 551 autem
1590 499 1723 552 vivit

1847 487 1952 546 tur,
1978 483 2072 538 scd
2102 487 2486 543 necessitudini
2513 489 2727 560 generis
2749 491 2951 550 divinat
2965 493 3252 574 religionis
3269 499 3442 569 pietas

188 569 288 623 visit
317 568 409 623 Deo
434 571 602 640 (Rom.
638 591 712 637 Vl,
747 577 856 651 10).

247 661 324 715 36.
363 661 467 718 Una
498 675 576 720 est
624 667 787 737 igitur
836 689 1016 741 mors,
1045 694 1149 748 qua
1190 686 1380 753 copula
1412 692 1654 758 corporis
1683 701 1736 748 et

186 754 352 808 animae
393 769 688 828 separatur,
719 779 823 821 non
873 768 1262 841 formidabilis,
1294 794 1401 835 non
1455 754 1731 851 timenda;

181 858 287 900 cum
326 846 570 907 discessio
615 857 858 924 qtttedam
901 865 1073 920 nostri
1123 867 1371 927 videatur
1416 889 1572 940 esse,
1625 893 1732 934 non

181 950 315 1004 ptem
349 959 369 992 -τ
391 955 495 996 non
525 949 809 1004 metuenda
839 951 1066 1013 fortibus
1092 1001 1106 1023 ,
1137 958 1492 1022 desideranda
1518 969 1734 1036 sapien-

181 1029 330 1098 tibus,
361 1033 566 1093 mise‘ris
590 1046 915 1111 expetenda,
947 1048 1016 1105 de
1042 1067 1144 1122 qua
1177 1055 1380 1112 dictum
1413 1070 1496 1116 est
1525 1078 1544 1116 :
1570 1029 1729 1129 Qua:-

176 1133 272 1178 rent
289 1127 500 1184 homines
514 1143 739 1203 mortem,
761 1150 806 1193 et
824 1157 926 1196 non
947 1145 1328 1206 invenienteam
1344 1149 1528 1226 (Apoc.
1545 1127 1623 1220 υἱ,
1647 1155 1728 1227 6).

231 1219 312 1272 57.
352 1221 442 1277 Est
469 1231 520 1279 et
550 1227 649 1282 alia
696 1247 817 1301 quae
862 1238 1201 1296 saecularium
1235 1219 1427 1302 afferat
1453 1219 1727 1307 interitum

175 1311 472 1381 voluptatum
507 1336 520 1372 :
548 1320 600 1374 in
627 1339 728 1393 qua
760 1341 867 1382 non
899 1341 1112 1392 natura.
1143 1335 1237 1389 sed
1267 1335 1460 1394 delicta
1485 1345 1727 1398 moriun-

173 1413 260 1461 tur.
287 1407 426 1464 llanc
451 1427 678 1470 mortem
703 1421 948 1479 subimus
971 1431 1274 1499 consepulti
1305 1433 1650 1503 baptismate,
1673 1449 1728 1494 et

171 1501 340 1554 mortui
360 1517 473 1556 cum
490 1503 710 1566 Christo
723 1511 792 1566 ab
815 1516 1098 1575 elementis
1117 1524 1330 1598 15.20
1341 1501 1499 1597 hujus
1515 1529 1722 1600 mundi,

169 1603 269 1645 eum
293 1601 437 1650 actus
463 1600 696 1667 patimur
716 1607 914 1674 prioris
942 1611 1164 1670 oblivia.
1193 1617 1341 1674 Hanc
1367 1631 1595 1677 mortem
1627 1637 1724 1680 vo-

170 1680 277 1779 luit,
306 1702 419 1743 cum
465 1693 818 1762 prophetaret
855 1700 1107 1773 Balaam,
1140 1717 1201 1764 ut
1244 1709 1358 1767 Deo
1396 1713 1637 1779 viveret.
1671 1725 1727 1772 et

168 1775 270 1831 ideo
294 1779 416 1837 dixit
447 1802 466 1838 .·
502 1785 762 1847 Moriatur
790 1796 964 1868 anima
991 1817 1103 1855 mea
1141 1804 1194 1857 in
1224 1806 1411 1861 animis
1433 1811 1720 1874 iustorum,

1840 579 2139 634 antefertur
2168 597 2182 636 :
2213 580 2342 636 illud
2375 585 2719 641 coosortibus
2761 588 3109 660 relinquitur,
3142 589 3248 647 hoc
3291 605 3446 648 man-

1839 668 2000 726 datur
2027 672 2239 728 electis.
2273 673 2384 729 Aut
2422 677 2543 746 quia
2573 679 2876 748 sepulcrum
2919 690 3110 751 patens
3149 693 3332 754 guttur
3359 695 3443 740 est

1838 763 2124 834 impiorum
2174 767 2348 840 (Psal.
2383 785 2438 836 v,
2469 771 2594 842 ll),
2623 775 2887 830 memoria
2934 791 3121 832 eorum
3171 778 3440 834 abolenda

1838 859 2243 926 praescribitur,
2274 875 2502 932 quorum
2555 865 2713 920 simul
2759 883 2880 922 cum
2908 883 3138 939 corpore
3182 872 3434 927 meritum

1837 949 2079 1016 occidit;
2114 967 2214 1006 ncc
2243 965 2527 1010 revocatur
2573 959 2641 1014 ab
2687 959 2874 1016 ofﬁcio
2921 964 3082 1031 patris
3130 965 3307 1033 illius,
3340 965 3436 1022 sed

1837 1039 2017 1096 fidelis
2045 1057 2072 1094 a
2101 1044 2291 1111 perfidi
2314 1050 2693 1105 communione
2724 1053 3046 1109 secernitur.

1906 1130 1996 1186 42.
2040 1134 2136 1189 Est
2173 1137 2315 1190 enim
2364 1141 2579 1209 prOpria
2627 1145 2874 1212 qttmdam
2931 1149 3210 1217 sepultura
3259 1150 3436 1218 justo-

1835 1237 1990 1291 rum,
2023 1226 2198 1295 qualis
2229 1227 2312 1282 illa
2345 1229 2412 1284 de
2455 1247 2560 1302 qua
2590 1233 2794 1290 dictum
2842 1247 2924 1294 est
2955 1258 2966 1292 :
3001 1239 3128 1294 "(re
3153 1243 3288 1296 enim
3317 1244 3434 1296 mit-

1833 1323 1944 1367 tens
1965 1316 2061 1370 hoc
2101 1331 2416 1390 unguentum
2445 1324 2498 1377 in
2527 1341 2713 1396 corpus
2755 1343 2955 1396 meum,
2987 1333 3057 1386 ad
3085 1335 3435 1404 sepeliendum

1832 1423 1913 1462 me
1938 1410 2059 1480 fecit
2083 1410 2300 1482 (Matth.
2330 1430 2489 1483 xxvi,
2522 1418 2647 1490 12);
2674 1430 2735 1476 et
2759 1421 2882 1478 ideo
2910 1424 3002 1494 qui
3048 1425 3186 1481 bona
3237 1425 3342 1482 ﬁde
3383 1429 3435 1482 in

1832 1512 1892 1554 se
1917 1501 2113 1569 sepelit
2135 1502 2432 1572 Christum,
2457 1517 2515 1562 ut
2542 1525 2664 1565 cum
2687 1527 2754 1568 eo
2783 1526 3052 1587 resurgat,
3085 1515 3286 1574 diaboli
3312 1533 3433 1591 per-

1831 1589 2011 1646 fidiam
2045 1593 2100 1648 in
2126 1609 2186 1651 se
2213 1600 2449 1667 sepelire
2476 1616 2582 1656 non
2609 1605 2791 1660 debet.

1901 1685 1992 1740 45.
2039 1687 2132 1742 Est
2179 1697 2237 1746 et
2284 1691 2373 1748 illa
2421 1698 2776 1766 prophetica,
2828 1710 2886 1755 ut
2929 1716 3093 1772 supra
3120 1703 3148 1742 ι)
3177 1705 3429 1775 sepulcra

1830 1778 2095 1849 majorum
2137 1781 2382 1852 quasdam
2425 1802 2690 1858 ponamus
2737 1790 2890 1862 (Tob.
2919 1809 2992 1861 tv,
3024 1796 3140 1866 £8),
3167 1809 3294 1868 qua:
3321 1799 3431 1854 lec-

166 1877 204 1921 α
223 1871 303 1938 βαι
326 1890 486 1930 “mea
514 1896 685 1936 meum
713 1895 772 1939 αι
797 1866 966 1945 se'men
992 1907 1168 1948 eorum
1191 1896 1212 1964 (
1227 1860 1390 1952 Num;
1751 1860 1801 1923 Β
1829 1880 1916 1927 tor
1955 1877 2246 1975 agnoscis,
2275 1878 2509 1937 infidelis
2555 1882 2858 1955 intelligere
2903 1903 3011 1943 non
3058 1889 3216 1946 debet
3257 1907 3271 1945 :
3320 1906 3427 1946 non

223 1963 302 2020 58.
340 1968 427 2025 Est
467 1983 520 2028 et
551 1977 709 2033 tertia
741 1997 917 2046 mors,
951 1989 1165 2055 quando
1212 1989 1481 2062 Christus,
1510 1963 1600 2066 qui
1642 1963 1726 2053 est

167 2054 254 2109 vila
298 2071 501 2131 nostra,
552 2071 800 2127 uescitur
827 2091 840 2127 :
870 2077 1012 2133 scire
1057 2088 1237 2136 autem
1284 2083 1556 2142 Christum
1611 2089 1722 2146 vita

164 2160 229 2203 est
255 2157 595 2223 sempiterna.
625 2179 745 2234 qum
776 2183 921 2225 nunc
943 2170 1104 2242 jnstis
1129 2186 1332 2243 praesto
1379 2189 1466 2235 est
1507 2185 1563 2236 in
1605 2197 1724 2236 um—

163 2243 260 2308 bra,
287 2248 332 2300 in
361 2249 589 2310 futurum
622 2267 802 2315 autem
831 2264 934 2317 crit
963 2263 1098 2322 facie
1126 2267 1194 2323 ad
1229 2269 1419 2328 faciem
1446 2289 1459 2338 ;
1492 2272 1724 2345 Spiritus

164 2336 281 2392 enim
303 2352 411 2397 ante
435 2348 620 2415 faciem
673 2362 904 2408 nostram
934 2353 1169 2413 Christus
1205 2359 1458 2418 Dominus
1483 2336 1719 2437 (Thren.

163 2443 222 2530 tv,
251 2431 364 2504 20),
391 2436 456 2492 de
485 2438 592 2510 quo
620 2442 761 2499 dixit
791 2464 804 2500 :
834 2446 903 2502 In
928 2449 1111 2504 umbra
1141 2455 1252 2526 ejus
1277 2431 1502 2521 uiuimus.
1517 2457 1572 2512 in
1600 2474 1722 2530 gen-

165 2522 477 2621 tibus_(Psat.
509 2550 594 2589 ινι
623 2575 638 2600 ,
669 2536 748 2608 2).
782 2538 838 2593 lu
889 2544 1078 2598 umbra
1104 2522 1312 2602 alarum
1341 2550 1457 2620 ejus
1484 2522 1726 2621 speravit
1751 2594 1760 2600 .

165 2612 322 2686 David,
360 2624 409 2678 in
441 2628 630 2685 umbra
663 2631 785 2702 ejus
828 2641 1168 2708 concupivit,
1197 2653 1252 2698 et
1297 2612 1440 2700 sedit
1480 2612 1719 2703 Ecclesia

164 2707 308 2779 (Cant.
338 2733 390 2784 ll,
419 2721 492 2793 5).

219 2804 294 2861 39.
329 2810 383 2866 Si
413 2821 620 2873 tantum
640 2861 658 2886 ,
691 2819 918 2879 Domine
947 2826 1074 2882 Jesn
1097 2871 1110 2894 ,
1145 2833 1358 2888 confert
1387 2835 1573 2890 umbra
1608 2846 1719 2904 tua,

161 2908 384 2992 ‘luantum
441 2910 630 2979 utique
696 2915 897 2971 veritas
973 2919 1198 2976 afferet?
1253 2923 1720 2992 Quemadmodum

161 2987 392 3085 vivemus.
421 3004 638 3070 quando
663 3005 776 3074 jam
810 3024 916 3064 non
952 3013 1156 3068 erimus
1189 3016 1240 3071 in
1270 3019 1460 3074 umbra
1486 3062 1498 3085 ,
1529 3021 1623 3076 sed
1669 3021 1722 3076 in

161 3077 252 3146 ipsa
281 3087 415 3144 vita?
445 3092 600 3152 Nunc
632 3100 772 3154 enim
803 3104 905 3156 vita
936 3117 1112 3161 nostra
1154 3109 1452 3167 abscondita
1488 3124 1561 3169 est
1607 3131 1721 3169 cum

162 3169 332 3278 Christo
375 3189 424 3238 in
471 3187 595 3244 Deo.
645 3189 778 3246 Cum
827 3206 995 3252 autem
1033 3197 1298 3267 Christus,
1333 3203 1530 3276 inquit,
1559 3224 1724 3278 appa-

162 3270 308 3336 ruerit,
333 3276 426 3329 vita
467 3296 648 3338 nostra
669 3325 682 3344 .
708 3294 830 3341 tunc
849 3298 896 3342 et
938 3307 1029 3345 nos
1055 3310 1171 3348 cum
1194 3311 1252 3350 eo
1279 3299 1642 3370 apparebimus
1667 3303 1719 3358 in

159 3362 298 3466 gloria
325 3368 530 3432 (Coloss.
566 3371 668 3443 tn,
693 3381 727 3435 5
751 3392 802 3436 et
842 3383 920 3455 4).
953 3387 1130 3444 Dulcis
1164 3392 1254 3446 illa
1295 3362 1399 3448 vita
1451 3407 1530 3451 est
1554 3438 1566 3460 .
1599 3415 1721 3466 qua:

161 3469 246 3511 non
285 3460 437 3522 habet
466 3482 701 3528 mortem
733 3492 744 3527 :
779 3475 894 3533 haec
918 3491 1098 3542 autem
1133 3484 1242 3540 vita
1276 3490 1520 3555 corporis
1545 3490 1716 3547 habet

160 3563 353 3610 mortem
394 3571 416 3597 ιι
458 3568 909 3631 praevaricatione
954 3585 1189 3642 naturas,
1231 3594 1351 3649 qua:
1398 3582 1721 3656 plerumque

162 3644 292 3702 etiam
313 3651 669 3715 desideratur.
703 3662 874 3721 liabet
903 3667 1065 3722 etiam
1113 3669 1228 3739 ipsa
1251 3644 1450 3729 tanima
1485 3644 1719 3746 pleru'm‘

161 3753 244 3806 que
262 3757 466 3806 mortem
491 3753 609 3810 labe
627 3758 841 3828 peccati
863 3777 877 3814 :
899 3760 1083 3815 Anima
1099 3765 1242 3818 enim
1261 3782 1376 3833 qute
1393 3780 1587 3838 peccat,
1605 3770 1720 3838 ipsa

163 3836 366 3892 morietur
389 3842 599 3913 (Ezech.
635 3864 801 3918 xvm,
828 3849 907 3921 ι).
937 3851 1069 3909 Cum
1106 3865 1282 3913 autem
1314 3836 1569 3916 firmitate
1595 3836 1722 3918 bea-

162 3925 369 3989 tiludinis
390 3941 639 3998 roborata
685 3947 914 4013 coeperit
932 3947 1165 4003 obnoxia
1193 3967 1296 4005 non
1317 3967 1438 4009 esse
1461 3964 1684 4024 peccato
1702 3999 1716 4022 ,

158 4016 248 4085 iam
280 4040 377 4082 non
407 4033 508 4086 erit
555 4036 805 4092 mortalis
827 4078 842 4103 ,
875 4040 967 4095 sed
1016 4043 1177 4119 vitam
1230 4056 1412 4114 carpet
1438 4057 1716 4104 :cternam.

218 4114 293 4170 40.
329 4120 406 4174 Ad
455 4123 592 4182 hanc
633 4127 839 4195 vitam,
881 4117 1105 4201 fratres,
1158 4136 1506 4204 festinemus,
1541 4144 1718 4198 incesti

162 4198 205 4304 in
228 4211 433 4279 saeculo,
466 4219 588 4288 quia
636 4223 1031 4293 peregrinantur
1058 4245 1088 4280 a
1135 4227 1356 4286 Domino
1403 4232 1422 4304 (
1446 4233 1488 4288 ll
1512 4234 1632 4288 Cor.
1667 4253 1719 4303 ν,

165 4291 238 4361 6);
263 4303 342 4370 qui
368 4307 505 4363 enim
546 4329 655 4366 non
711 4318 1084 4386 peregrinatur
1129 4338 1159 4377 a
1189 4338 1451 4394 corpore,
1481 4329 1723 4399 peregri-

165 4397 296 4446 natur
317 4411 342 4449 a
369 4397 614 4460 Domino.
647 4406 818 4462 Multo
843 4419 1023 4466 autem
1056 4415 1246 4470 melius
1273 4415 1500 4473 dissolvi
1533 4436 1560 4473 a
1603 4437 1726 4476 cor-

159 4487 296 4551 pore,
323 4497 374 4543 et
399 4492 682 4554 adhaerere
715 4501 857 4567 Deo;
881 4497 945 4558 ‘ut
971 4516 1022 4559 et
1045 4513 1150 4562 ‘nos
1183 4525 1345 4564 unum
1379 4511 1547 4567 simus
1584 4515 1722 4584 apud

160 4577 550 4670 omnipotentem
613 4589 827 4662 Deum,
879 4608 933 4652 et
983 4601 1320 4670 unigenitum
1369 4606 1456 4660 Dei
1527 4607 1721 4663 Filium

161 4661 402 4760 Videamus
423 4720 435 4740 ,
465 4694 564 4749 per
592 4689 1014 4745 resurrectionis
1038 4692 1263 4760 gloriam
1297 4695 1350 4749 in
1380 4705 1586 4753 natura:
1617 4700 1726 4753 cla-

162 4754 344 4846 t’rtatem
373 4776 628 4845 assumpti
655 4787 711 4831 et
743 4779 1065 4837 inviolabilis
1090 4786 1395 4841 concordia'
1418 4789 1720 4846 animorum

163 4844 334 4910 laedere
359 4844 687 4933 sempiterno
715 4871 974 4928 unitatem
1000 4874 1269 4932 diuturnae
1300 4881 1446 4948 pacis
1486 4882 1676 4938 imitati
1705 4902 1719 4950 ;

163 4947 210 4992 ιιι
241 4953 556 5020 compleatur
599 4960 651 5015 id
702 4963 844 5032 quod
891 4965 960 5022 de
1013 4968 1167 5024 nobis
1211 4947 1313 5026 Dei
1355 4970 1525 5029 Filius
1578 4947 1721 5032 Patri

163 5041 339 5099 orando
379 5053 624 5118 promisit
656 5073 668 5109 :
702 5055 770 5110 Ut
814 5067 864 5114 et
909 5059 1009 5129 ipsi
1040 5077 1197 5115 unum
1227 5064 1358 5128 sint,
1385 5066 1517 5120 sicut
1555 5077 1601 5120 et
1627 5085 1722 5123 nos

162 5144 296 5190 unum
320 5157 488 5200 sumus
511 5145 696 5217 (Joan.
725 5167 856 5218 xvn,
886 5153 1000 5225 25).

215 5225 298 5285 Μ.
335 5233 443 5290 Νοη
469 5249 602 5312 ergo
648 5248 855 5314 paterni
903 5247 1106 5306 funeris
1144 5252 1421 5323 sepultura
1469 5255 1717 5325 prohibe.

265 5343 600 5446 guinesledit.
627 5372 692 5412 ac
718 5361 954 5446 plerique
984 5380 1168 5446 mss,
1184 5377 1325 5422 sorte
1363 5378 1575 5446 naturte.
1608 5376 1721 5446 Ap-

163 5417 433 5535 ﬁngam
455 5422 616 5482 Corb.
646 5417 764 5485 cuin
792 5417 909 5488 aliis
931 5417 1254 5506 quihusdam
1260 5417 1287 5504 ξ
1300 5417 1723 5509 praevaricatione

239 5501 350 5542 urat.

223 5553 374 5649 livet.
401 5567 528 5647 edit.
557 5571 607 5624 in
633 5588 879 5649 corpore,
905 5581 1223 5649 sepulturam
1253 5585 1526 5641 malorum.
1560 5587 1718 5644 Rom.

163 5636 477 5724 Eillltl‘zpattcis
533 5657 690 5723 mss...
719 5636 1036 5718 sepulturam
1083 5636 1514 5724 λαειοηηὶίξκτπ.
1540 5671 1721 5715 autem

165 5697 440 5793 Effugi“
488 5697 870 5793 tnarsinefac
917 5735 1046 5793 mss.
1083 5697 1533 5793 Jquatuordecim,
1572 5741 1631 5786 ut
1668 5732 1722 5786 in

345 5775 536 5872 fauetis
594 5772 724 5840 vvere
756 5772 1087 5872 Iinterjectis,
1110 5772 1204 5872 'ubi
1253 5797 1392 5852 edit;
1428 5772 1546 5855 cum
1573 5772 1726 5872 parte

170 5850 302 5934 mgf}.
341 5862 432 5912 quo
479 5852 681 5934 (mss,
724 5861 862 5928 quod
881 5850 1085 5934 )Tcibns'
1119 5850 1547 5934 intpercturfali—i
1575 5850 1726 5928 rit-ene

167 5910 326 5978 multi,
351 5910 499 5984 'quod
526 5910 859 5996 impeire'turE
1016 5910 1383 6008 'Euinffée};

1826 1966 1969 2036 quod
1997 1967 2148 2023 cibus
2183 1973 2481 2041 imperetur
2520 1987 2609 2029 aut
2642 1985 2803 2045 potus
2824 2019 2837 2040 ,
2869 1979 2966 2036 sed
2995 1994 3166 2036 sacrae
3195 1982 3430 2037 oblatio-

1825 2057 1913 2112 nis
1946 2061 2254 2116 veneranda
2285 2068 2596 2122 communio
2636 2071 2923 2126 reveletur.
2955 2071 3070 2128 Non
3109 2085 3238 2145 ergo
3263 2075 3433 2145 inter~

1824 2148 2026 2206 dictum
2045 2156 2403 2222 estmuneris,
2424 2157 2518 2213 sed
2543 2159 2825 2230 religionis
2847 2164 3186 2235 mysterium,
3218 2165 3423 2240 1421

1822 2245 2262 2301 communionem
2309 2249 2469 2304 nobis
2510 2266 2630 2306 cum
2659 2255 2915 2324 gentibus
2953 2259 3186 2312 mortuis
3213 2276 3318 2314 non
3347 2260 3430 2313 fu-

1825 2344 2024 2392 turam.
2053 2338 2189 2395 Nam
2229 2355 2351 2396 cum
2375 2356 2714 2402 sacramenta
2745 2349 2987 2405 vivorum
3024 2353 3131 2407 sint
3153 2393 3170 2421 ,
3202 2367 3308 2409 non
3350 2355 3430 2409 vi-

1823 2427 2023 2484 dentur
2050 2433 2271 2498 mortui,
2301 2436 2393 2504 qui
2421 2437 2619 2493 habent
2649 2440 2838 2495 vitam.
3315 2440 3317 2444 ⁴

1895 2521 2052 2593 (Cap.
2077 2523 2146 2579 X.
2172 2555 2244 2566 —
2269 2525 2426 2583 Vers.
2459 2529 2539 2601 5.)
2573 2531 2706 2587 Ecce
2725 2550 2820 2606 ego
2838 2536 2982 2589 mitto
2998 2551 3083 2592 vos
3102 2538 3234 2592 sicut
3257 2554 3417 2611 agnos

1823 2613 1958 2670 inter
1981 2616 2153 2691 lupos.

1895 2709 1984 2764 44.
2029 2713 2112 2768 Ad
2143 2717 2483 2789 septuaginta
2512 2719 2809 2792 discipulos
2837 2721 2991 2790 dicit,
3025 2724 3125 2780 hos
3162 2741 3298 2797 quos
3327 2728 3422 2784 de-

1823 2803 2088 2873 signavit,
2137 2818 2191 2864 et
2223 2809 2372 2866 misit
2403 2813 2560 2869 binos
2589 2824 2716 2870 ante
2753 2815 2950 2872 faciem
2990 2833 3164 2874 suam.
3211 2822 3277 2876 Et
3315 2838 3420 2894 qua

1824 2896 2038 2953 ratione
2067 2899 2224 2958 binos
2252 2904 2444 2960 misit?
2487 2907 2620 2974 Quia
2659 2909 2781 2963 bina
2813 2911 2981 2966 missa
3009 2920 3138 2967 sunt
3165 2914 3420 2970 animalia

1782 2990 1877 3045 ‘in
1909 3007 2123 3062 arcam,
2157 2996 2261 3053 hoc
2290 3011 2407 3066 est,
2446 3016 2569 3057 cum
2614 3019 2764 3060 mare
2807 3004 3009 3061 femina
3039 3024 3052 3061 :
3088 3018 3110 3046 °
3145 3007 3423 3066 immunda

1742 3240 1794 3307 C

1825 3100 1922 3155 per
1953 3105 2239 3147 numerum
2261 3135 2276 3159 ,
2311 3095 2406 3160 sed
2456 3099 2713 3153 mundata
2754 3099 3013 3156 Ecclesiae
3052 3113 3419 3160 sacramento.

1825 3176 1981 3245 Quod
2017 3187 2348 3255 completum
2397 3199 2482 3244 est
2517 3193 2739 3247 oraculo
2777 3195 2920 3265 quod
2964 3206 3184 3252 sanctus
3226 3198 3421 3254 Petrus

1826 3278 2077 3349 accepit,
2126 3281 2344 3337 dicente
2389 3283 2492 3339 sibi
2536 3285 2739 3354 Spiritu
2789 3299 3017 3344 sancto:
3074 3289 3226 3356 Quod
3281 3290 3422 3347 Deus

1825 3373 2110 3441 mandavit,
2140 3385 2196 3428 tu
2220 3391 2282 3430 ne
2310 3391 2579 3432 commune
2607 3379 2800 3435 dixeris
2827 3381 2964 3437 (Act.
2998 3398 3054 3450 ι,
3087 3383 3204 3453 15).
3237 3383 3302 3439 Et
3325 3383 3425 3440 ad-

1823 3465 1992 3520 vertit
2013 3465 2217 3522 dictum
2246 3483 2368 3523 esse
2395 3469 2464 3524 de
2485 3469 2759 3539 gentibus,
2793 3489 2913 3544 quae
2943 3489 3225 3545 corporea:
3253 3479 3424 3548 magis

1821 3561 2197 3630 generationis
2245 3564 2654 3621 successionem
2701 3581 2861 3637 quam
2921 3569 3185 3639 spiritalis
3230 3572 3422 3642 gratia:

1822 3654 2211 3725 sequebantur.
2263 3655 2373 3712 Hos
2413 3656 2694 3712 mandavit
2736 3659 3032 3724 Dominus.
3063 3671 3118 3717 et
3156 3663 3426 3732 passionis

1821 3762 1938 3803 suae
1963 3748 2102 3805 fecit
2123 3749 2387 3805 haeredcs.
2853 3795 2857 3798 .
3377 3803 3380 3808 .

1893 3839 1984 3894 45.
2027 3841 2246 3896 Mittens
2272 3856 2404 3911 ergo
2426 3841 2725 3912 discipulos
2755 3843 2807 3896 in
2841 3858 3073 3900 messem
3096 3859 3273 3909 suam,
3299 3862 3422 3918 quae

1824 3934 1954 3990 licet
1999 3936 2170 3990 verbo
2217 3936 2308 3992 Dei
2343 3937 2538 4001 insita,
2584 3947 2764 3992 tamen
2805 3938 3034 3993 cultura:
3075 3939 3320 3994 laborem
3367 3948 3424 3994 et

1817 4014 2117 4082 sollicitum
2149 4037 2344 4083 munus
2373 4029 2611 4097 operarii
2642 4031 2986 4100 requirebat;
3039 4047 3107 4088 ne
3135 4047 3266 4088 aves
3295 4033 3422 4089 cceli

1823 4133 2010 4189 sparsa
2043 4119 2252 4174 semina
2282 4119 2640 4190 dissiparem,
2689 4122 2800 4177 ita:
2849 4123 2981 4178 Ecce
3011 4141 3102 4199 ego
3151 4125 3296 4180 mitto
3337 4142 3424 4180 vos

1823 4213 1956 4267 sicut
1981 4229 2142 4286 agnos
2170 4215 2301 4268 inter
2332 4215 2482 4284 lupos
2512 4215 2678 4289 (Esai.
2712 4233 2836 4284 va,
2871 4215 2986 4286 9.5).

1896 4304 1987 4361 46.
2022 4307 2306 4361 Contraria
2356 4319 2481 4362 sunt
2514 4309 2613 4362 ista
2656 4309 2758 4364 sibi
2795 4311 3050 4367 animalia
3072 4354 3088 4380 ,
3121 4321 3182 4367 ut
3221 4313 3324 4368 alia
3356 4315 3424 4371 ab

1825 4398 1946 4452 aliis
1975 4398 2330 4457 devorentur.
2362 4401 2470 4457 Sed
2510 4401 2690 4457 bonus
2721 4411 2909 4473 pastor
2940 4405 3094 4473 lupos
3133 4408 3283 4477 gregi
3323 4423 3424 4462 suo

1828 4490 2023 4546 tim‘ere
2051 4508 2156 4547 non
2185 4494 2371 4547 novit:
2407 4493 2636 4565 ideoque
2664 4495 2752 4550 i5ti
2785 4495 3033 4566 discipuli
3064 4512 3170 4550 non
3203 4499 3255 4552 in
3285 4513 3422 4567 pra:-

1831 4583 1979 4649 dam,
2027 4585 2121 4640 sed
2163 4585 2229 4639 ad
2274 4587 2503 4655 gratiam
2548 4587 2884 4657 diriguntur;
2919 4588 3232 4644 sollicitudo
3277 4590 3424 4645 enim

1833 4678 1959 4734 boni
1991 4679 2225 4748 pastoris
2272 4677 2469 4744 efficit,
2514 4689 2572 4734 ut
2608 4681 2716 4751 lupi
2747 4681 2799 4734 in
2833 4696 3004 4752 agnos
3041 4683 3244 4738 audere
3287 4684 3418 4738 nihil

1831 4773 2061 4841 possint.
2100 4769 2260 4826 Mittit
2288 4787 2419 4842 ergo
2447 4788 2618 4843 agnos
2651 4774 2789 4828 inter
2824 4774 2999 4845 lupos,
3035 4784 3091 4828 ut
3118 4777 3424 4847 complere-

1830 4874 1916 4918 tur
1945 4864 2076 4918 illttd
2111 4886 2122 4919 :
2159 4864 2303 4919 Tunc
2331 4865 2442 4935 lupi
2469 4876 2514 4920 et
2543 4867 2664 4938 agni
2689 4867 2845 4922 simul
2872 4879 3164 4939 pascentur.

1900 4958 1992 5011 47.
2037 4958 2100 5011 Et
2133 4959 2389 5028 quoniam
2435 4957 2681 5029 proxime
2707 4959 2775 5015 de
2811 4961 2972 5032 vulpe
3003 4961 3160 5017 nobis
3204 4977 3308 5019 non
3339 4963 3416 5018 in-

1827 5059 2014 5120 gratus
2051 5059 2316 5106 tractatus
2347 5053 2552 5116 evasit,
2582 5053 2626 5107 si
2664 5052 2926 5121 judicium
2974 5062 3212 5110 vestrum
3259 5054 3422 5111 fidele

1827 5141 1882 5196 in
1903 5141 2078 5214 figura
2105 5144 2391 5198 minusculi
2418 5145 2711 5214 animantis
2735 5157 2993 5216 expertus
3019 5161 3137 5201 sum
3165 5146 3256 5220 (In
3287 5147 3420 5203 Luc.

1827 5251 1942 5310 cap.
1978 5234 2387 5306 tx),‘praasumo
2418 5236 2561 5308 quod
2608 5237 2871 5306 profunda
2899 5240 3154 5312 mysteria
3186 5257 3308 5312 qua:
3345 5241 3425 5297 lu-

1830 5389 1970 5436 retur
1999 5386 2084 5430 aut
2113 5384 2256 5442 potu.

1908 5462 1927 5486 τ
1976 5447 2249 5524 [inmunda
2269 5465 2360 5524 per
2387 5465 2683 5524 numerum,
2709 5449 2834 5524 ideo
2860 5449 3140 5524 dicuntur,
3164 5451 3284 5524 quia
3326 5467 3420 5523 per

1834 5523 2097 5578 binarium
2126 5521 2328 5594 (mixtio
2353 5529 2419 5594 et,
2434 5521 2759 5594 compositio
2789 5523 3140 5592 signiﬁcatur,
3174 5521 3294 5593 quae
3325 5521 3422 5594 op-

1831 5595 2049 5662 ponitur
2093 5591 2654 5662 simplicitatihcnjns
2702 5591 2870 5662 figura
2909 5605 2991 5648 est
3037 5591 3233 5649 unitas.
3287 5591 3421 5650 llinc

1831 5660 1987 5721 Philo
2008 5662 2130 5744 Jutl.
2159 5662 2249 5744 lib.
2274 5661 2439 5744 .Quot‘t
2461 5660 2601 5744 D_eus
2615 5660 2896 5744 sitinimut.
2913 5669 3034 5744 ilia!
3054 5669 3154 5744 γὰρ
3176 5669 3234 5721 τὸ
3255 5665 3349 5744 ἅκρ
3361 5690 3417 5722 αα

1833 5759 1921 5793 τον
1943 5738 2121 5810 μονὰς,
2145 5735 2231 5825 κοιί
2259 5735 2292 5823 ἦ
2309 5735 2465 5806 μονὰς
2490 5731 2710 5811 ἄκρατον
2729 5753 2740 5764 ⁸
2773 5737 2830 5792 τὸ
2923 5735 2999 5800 δὶς
3025 5731 3096 5825 re}
3122 5731 3416 5815 ἱρεκραμῖένῳ

1837 5810 1870 5825 1.
1961 5823 1970 5825 _
1996 5808 2008 5825 I
2023 5821 2037 5825 _
2073 5804 2100 5825 ιν
2339 5810 2348 5821 ¹
2433 5821 2436 5825 λ
2574 5809 2589 5825 .l
2610 5821 2618 5825 .
2700 5809 2711 5824 9
2803 5809 2816 5825 ι
2933 5815 2955 5825 ρ
3251 5814 3262 5825 ι
3346 5813 3355 5825 ι

1833 5803 2044 5881 (supple
2068 5803 2239 5888 guttis).
2272 5803 2504 5888 ἑιιάτερον
2517 5803 2642 5888 jo‘tp.
2661 5809 2766 5888 οὐχ
2797 5807 3017 5877 autem,
3052 5803 3141 5866 ἅτε
3182 5803 3265 5867 uoti
3286 5803 3426 5882 insi--

1836 5875 2004 5956 ἇιριὸ-ιν
2035 5881 2120 5934 καὶ
2148 5875 2403 5954 διάκρισιν
2417 5875 2823 5950 τἰλιηδιὶόμισξοῖνν.
