3960 6318
547 343 683 405 ΠΗ

557 468 747 530 porum
774 448 958 523 specie
981 444 1250 506 velantur,
1278 433 1582 494 studiorum
1610 433 1822 483 vestror

558 510 771 621 aperire
797 510 1071 611 sull‘ragio.
1099 536 1155 590 In
1187 529 1370 602 specie
1405 525 1646 595 vulpium
1673 516 1959 574 hwrcticos
1988 510 2151 612 signi-

560 600 708 697 ﬁrcari
758 647 923 704 supra
966 600 1382 698 Expressiiuus,
1421 614 1513 683 qui
1563 610 1886 684 promittunt
1934 600 2156 659 nomine

556 693 706 804 quod
748 693 1022 784 Chi-istum
1047 693 1387 786 sequantur,
1419 707 1515 764 sed
1543 703 1723 761 studio
1765 697 1973 779 fraudis
2004 693 2159 763 abju-

563 789 705 883 rant.
739 821 852 878 Hos
879 833 990 874 non
1020 811 1250 883 suscipit
1281 805 1562 865 Dominus,
1595 797 1691 854 sed
1721 813 1750 853 a
1780 810 1878 850 suo
1907 789 2036 847 nido
2067 803 2158 843 ar-

561 929 648 979 cet
676 928 731 974 et
755 913 1029 988 prohibet.
1084 904 1222 978 Lupi
1245 900 1379 976 quid
1404 895 1716 970 signiﬁcare
1748 888 2036 945 videantur
2065 882 2160 939 de-

566 1013 757 1070 bemus
781 1007 1088 1064 advertere.

635 1124 728 1181 ιδ.
768 1117 970 1177 Bi-stize
994 1128 1191 1184 nempe
1218 1117 1345 1165 sunt
1383 1121 1503 1178 qua:
1534 1100 1861 1160 insidiantur
1891 1091 2160 1157 Ovilibus,

562 1221 706 1277 circa
731 1211 1033 1286 pastorales
1054 1211 1345 1264 versantur
1369 1214 1548 1263 casas,
1582 1207 1608 1234 ⁸
1639 1190 1948 1251 habitacula
1974 1187 2165 1244 domo-

567 1325 690 1367 rum
721 1308 925 1362 intrare
956 1315 1062 1355 non
1089 1297 1310 1355 audent,
1341 1303 1592 1347 somnum
1615 1300 1837 1350 canum,
1862 1279 2164 1337 absentiam

572 1410 667 1461 aut
693 1397 956 1459 desidiam
982 1390 1219 1465 pastoris
1243 1387 1556 1457 explorant,
1587 1381 1767 1435 ovium
1795 1383 1982 1448 guttur
2013 1373 2168 1427 inva-

572 1497 710 1554 dttut
734 1536 749 1561 ,
790 1501 849 1546 ut
896 1491 1006 1543 cito
1035 1483 1414 1554 strangulent:
1447 1475 1569 1540 feri,
1612 1485 1856 1541 rapaces,
1892 1467 2168 1534 iidemque

567 1600 754 1647 natura
795 1579 1042 1653 corporis
1070 1575 1358 1648 rigidiores
1383 1588 1398 1638 ;
1427 1579 1486 1624 ut
1515 1583 1577 1623 se
1609 1565 1768 1620 facile
1811 1576 1920 1616 non
1953 1556 2168 1630 possint

569 1648 1131 1744 itiﬁecterepimprtu
1161 1668 1397 1742 quodam
1443 1677 1543 1718 suo
1581 1663 1828 1716 feruntur
1850 1698 1865 1724 ,
1894 1662 1952 1710 et
1988 1653 2112 1708 ideo
2140 1648 2167 1688 δ

570 1789 716 1845 smpc
747 1743 1023 1828 luduntur.
1065 1763 1203 1820 Tum
1253 1769 1514 1831 praeterea
1546 1755 1591 1808 si
1623 1765 1782 1822 quem
1816 1748 2030 1818 priores
2070 1743 2168 1798 ho-

1873 306 2123 369 SANCTI
2159 297 2484 363 AMBROSII

1826 439 1913 478 uni
1941 419 2145 492 possim
2175 434 2224 492 Α
2250 409 2545 481 Scriptura:
2571 402 3026 472 verusinterpres
3044 394 3297 454 Christus
3323 389 3498 450 illudit
3520 405 3536 456 ;
3561 395 3623 446 ut
3647 389 3816 446 inanes

3693 278 3814 336 "Il

2255 518 2381 559 suos
2431 502 2484 556 in
2526 514 2728 556 vanum
2762 493 3042 552 effundant
3091 491 3356 562 impetus,
3407 495 3460 543 et
3497 499 3690 540 nocere
3727 499 3816 540 non

2257 597 2486 668 possint.

2331 714 2422 770 51.
2462 711 2565 778 Qui
2586 710 2632 765 si
2654 723 2814 779 quem
2837 713 3056 762 versuta
3079 698 3461 772 disputationis
3483 712 3595 754 sua:
3618 696 3822 751 circum-

2261 807 2556 878 scriptione
2585 803 2968 876 praivenerint,
2999 798 3204 854 faciunt
3227 797 3642 870 obmutescere;
3665 798 3823 844 mutus

2261 907 2350 956 est
2372 897 2515 953 enim
2549 897 2641 968 qui
2678 894 2916 951 Verbum
2949 891 3042 948 Dei
3075 906 3182 946 non
3212 887 3403 944 eadem
3431 901 3534 955 qua
3573 890 3657 938 est
3679 881 3823 953 gloria

2263 991 2570 1048 conlitetur.
2597 986 2740 1044 Cave
2767 1000 2898 1056 ergo
2928 999 2996 1040 ne
3027 982 3122 1038 tibi
3152 993 3340 1036 vocem
3365 977 3515 1032 tollat
3541 974 3824 1038 basreticus,

2263 1086 2308 1141 si
2345 1085 2492 1156 prior
2521 1098 2644 1139 eum
2675 1096 2782 1137 non
2811 1079 2930 1150 ipse
2956 1074 3427 1148 deprehenderis;
3478 1070 3645 1140 serpit
3681 1067 3823 1133 enim,

2265 1178 2393 1234 dum
2421 1179 2552 1233 latet
2590 1177 2708 1247 ejus
2739 1171 2963 1241 perﬁdia
2992 1188 3005 1226 :
3034 1170 3078 1226 si
3109 1182 3290 1223 autem
3331 1172 3632 1221 commenta
3663 1161 3830 1232 impie-

2266 1270 2393 1326 tatis
2423 1269 2539 1340 ejus
2565 1266 2878 1341 aguoveris,
2908 1264 3173 1336 iacturam
3214 1260 3317 1330 pia:
3355 1256 3504 1311 vocis
3531 1255 3715 1310 timere
3738 1267 3828 1308 non

2268 1363 2492 1434 poteris.
2525 1363 2667 1418 Cave
2714 1363 2878 1431 igitur
2917 1366 3150 1412 versuta:
3193 1349 3576 1422 disputationis
3610 1361 3828 1404 venena:

2267 1430 2503 1511 animam
2551 1430 2768 1524 petunt,
2807 1459 2993 1522 guttur
3031 1446 3325 1511 invadunt,
3373 1430 3624 1497 vitalibus
3663 1439 3830 1495 vulnus

2268 1549 2514 1620 aftigunt.
2543 1545 2753 1602 Graves
2783 1552 2910 1599 sunt
2941 1549 3155 1598 morsus
3176 1537 3579 1598 haereticorum,
3611 1534 3692 1602 qui
3719 1531 3828 1604 ipsis

2267 1645 2548 1717 graviores
2569 1652 2621 1696 et
2639 1640 2952 1711 rapaciores
2976 1635 3185 1700 bestiis,
3211 1633 3414 1688 nullum
3437 1629 3674 1685 avaritia:
3695 1628 3826 1682 ﬁnem

2270 1737 2671 1808 impietatisque
2710 1739 3004 1788 noverunt.

573 1869 772 1926 minem
803 1862 1075 1926 viderint,
1108 1870 1296 1911 vocem
1328 1850 1448 1922 ejus
1476 1845 1710 1918 quadam
1741 1851 1951 1898 natura:
1987 1839 2170 1894 lerun-
2197 1845 2246 1904 Β
2343 1851 2434 1908 δε,
2472 1849 2585 1906 Nec
2614 1856 2954 1908 νοεωονεηι
2978 1843 3124 1917 (μιοά
3156 1842 3383 1900 formam
3410 1839 3738 1913 praetendere
3767 1839 3829 1892 γε-

570 1971 659 2018 tur
709 1960 760 2015 vi
788 1957 1039 2028 eripere:
1087 1951 1132 2007 si
1165 1956 1347 2004 autem
1399 1943 1564 1998 homo
1611 1937 1762 2010 prius
1803 1947 1900 1990 eos
1927 1929 2165 1994 viderit,

572 2050 835 2124 exagitari
875 2023 1272 2103 memorantur.
1307 2039 1376 2092 Et
1406 2034 1530 2091 ideo
1573 2027 1872 2087 cavendum
1914 2023 2044 2078 mihi
2084 2029 2171 2078 est

571 2162 641 2202 ne
667 2119 714 2200 si
757 2143 810 2199 in
857 2137 1126 2195 hodierno
1155 2141 1384 2190 tractatu
1421 2123 1750 2200 spiritalium
1784 2119 2167 2192 mysteriorum

567 2237 740 2312 gratia
773 2251 878 2290 nou
911 2230 1158 2304 potuerit
1181 2224 1473 2293 refulgere,
1517 2219 1628 2288 lupi
1660 2232 1747 2271 me
1771 2216 1926 2286 prius
1965 2209 2169 2264 vidisse

565 2303 988 2394 credantur,et
1016 2323 1263 2379 solemne
1289 2317 1444 2374 vocis
1489 2311 1792 2370 extorsisse
1829 2303 2168 2374 suffragium.

642 2448 732 2503 ὅθ.
775 2443 965 2500 Nonne
998 2439 1138 2510 lupis
1177 2436 1297 2492 istis
1327 2429 1573 2487 hatretici
1617 2420 1970 2493 comparandi
2017 2424 2167 2482 sunt,

570 2540 660 2613 qui
680 2535 1008 2594 insidiantur
1027 2531 1261 2588 milibus
1276 2525 1502 2591 Christi,
1529 2522 1769 2578 fremunt
1790 2518 1935 2572 circa
1960 2510 2172 2585 1522

571 2632 758 2692 caulas
789 2637 1056 2685 nocturno
1089 2623 1258 2695 magis
1289 2630 1538 2690 tempore
1560 2627 1721 2686 quam
1751 2611 1948 2666 diurno
1969 2607 1993 2660 ?
2016 2606 2170 2662 Sem-

571 2741 672 2800 per
711 2723 855 2780 enim
886 2718 1109 2793 perfidis
1148 2723 1256 2772 nox“
1288 2723 1391 2780 est,
1434 2710 1525 2782 qui
1555 2709 1728 2763 lucem
1759 2701 1964 2758 Chrisﬁ
2012 2712 2172 2754 smvae

572 2817 789 2874 nebulis
833 2807 1302 2883 interpretationis
1348 2805 1664 2868 obducere,
1715 2807 1768 2856 et
1801 2807 2067 2868 quantum
2117 2790 2169 2845 in

573 2910 707 2982 ipsis
749 2917 835 2962 est
877 2907 1114 2971 fuscare,
1165 2908 1452 2957 conantur.
1508 2895 1810 2952 Versantur
1850 2903 1981 2960 ergo
2025 2891 2172 2941 circa

573 2977 792 3065 caulas;
839 2997 1048 3055 stabula
1089 3004 1269 3049 tamen
1298 2990 1496 3048 Christi
1533 2989 1744 3044 intrare
1787 2999 1897 3039 non
1941 2977 2169 3035 audent.

573 3096 642 3153 Et
688 3094 809 3150 ideo
857 3107 966 3147 non
1005 3098 1291 3153 sanantur,
1323 3084 1448 3156 quia
1478 3083 1532 3138 in
1563 3079 1834 3136 stabulum
1861 3089 2018 3130 suum
2063 3087 2171 3127 non

573 3191 691 3248 vult
720 3203 818 3246 eos
845 3185 1100 3243 Christus
1129 3180 1388 3236 inducere
1408 3218 1423 3242 ,
1474 3177 1528 3231 in
1569 3189 1676 3245 quo
1707 3178 1929 3228 curatus
1954 3175 2042 3224 est
2082 3167 2175 3222 ille

2252 1935 2469 2000 'dcntur
2515 1942 2842 1996 humanam:
2875 1949 2930 1995 et
2955 1938 3000 1993 si
3041 1937 3174 1992 foris
3221 1937 3382 1993 homo
3413 1930 3828 2000 ceruitur,intus

2269 2037 2440 2094 bestia
2489 2033 2696 2089 fremit.
2728 2032 2798 2088 Et
2844 2031 2965 2087 ideo
3005 2046 3101 2087 eos
3141 2030 3299 2100 lupos
3326 2043 3454 2085 esse
3501 2044 3602 2084 nou
3639 2027 3826 2082 dubium

2267 2137 2370 2195 est,
2397 2127 2549 2198 juxta
2580 2124 2792 2182 Domini
2820 2125 2947 2180 Jesu
2977 2125 3215 2179 divinam
3245 2123 3598 2189 sententiam,
3628 2121 3708 2192 qui
3733 2120 3823 2174 ait:

2269 2219 2530 2276 Attendfte
2558 2219 2698 2274 vobis
2729 2236 2759 2272 a
2787 2218 2935 2289 falsis
2983 2217 3272 2290 praphetis,
3315 2216 3409 2281 qui
3438 2219 3636 2271 veniunt
3661 2212 3722 2266 ad
3758 2226 3826 2265 vos

2269 2313 2324 2368 in
2352 2314 2531 2368 vestitu
2563 2313 2768 2366 ovium:
2814 2312 2953 2365 intus
2995 2322 3165 2365 autem
3201 2321 3319 2364 sunt
3365 2311 3481 2378 lupi
3522 2323 3748 2378 rapaces;
3779 2320 3828 2359 ex

2271 2406 2524 2478 fructibus
2555 2421 2732 2460 eorum
2755 2405 3072 2477 cognoscetis
3092 2420 3182 2458 eos
3205 2402 3428 2472 (Matth.
3461 2418 3550 2469 vtt,
3581 2402 3642 2457 l5
3667 2409 3709 2455 et
3735 2396 3822 2469 16).

2270 2497 2325 2552 Si
2371 2500 2492 2568 quis
2535 2513 2666 2567 ergo
2708 2499 2891 2567 Specie
2930 2506 3207 2564 movetur,
3263 2499 3502 2552 fructum
3547 2497 3824 2561 interroget.

2273 2591 2441 2647 Audis
2463 2592 2694 2663 aliquem
2713 2591 3056 2648 sacerdotem
3083 2591 3215 2658 dici,
3252 2602 3274 2629 ο
3301 2591 3523 2662 rapinas
3549 2588 3655 2660 ejus
3674 2599 3814 2658 agnos

2272 2687 2370 2741 cis.
2405 2685 2667 2742 Vestilttm
2701 2687 2818 2743 ovis
2847 2687 3030 2754 habet,
3059 2687 3196 2742 facta
3226 2685 3526 2754 praedonis.
3555 2683 3696 2740 Foris
3714 2680 3825 2744 ovis.

2274 2779 2419 2834 intus
2463 2779 2618 2850 lupus
2647 2788 2768 2837 est:
2802 2781 2892 2850 qui
2925 2779 3143 2836 modum
3178 2795 3287 2835 non
3329 2780 3493 2836 habet
3537 2777 3824 2847 rapinarum,

2273 2876 2363 2946 qui
2420 2884 2693 2946 tamquam
2743 2875 2794 2930 in
2844 2885 3003 2931 nocte
3051 2874 3312 2948 Scythico
3361 2873 3601 2931 membra
3642 2871 3826 2927 duratus

2273 2970 2418 3038 gelu,
2467 2979 2728 3024 cruentus
2766 2983 2883 3036 ora,
2910 2968 3270 3025 circumvolat
3297 2981 3552 3038 quaerens
3578 2980 3720 3036 quem
3751 2961 3827 3017 de-

2276 3069 2452 3115 voret.
2492 3059 2686 3116 Nonne
2730 3061 2886 3116 vobis
2915 3061 3132 3117 vidctur
3161 3060 3341 3132 lupus,
3375 3061 3463 3132 qui
3495 3059 3722 3116 humana:
3756 3067 3828 3108 ne-

2275 3152 2356 3206 cis
2384 3151 2723 3207 insaturabili
2749 3151 3067 3208 crudelitate
3091 3151 3328 3208 ﬁdelium
3358 3160 3534 3208 morte
3554 3149 3828 3222 populorum

573 3282 663 3356 qui
705 3280 774 3337 de
809 3275 1146 3334 Hierusalem
1191 3269 1529 3327 descendens
1569 3264 1761 3320 incidit
1797 3263 1851 3318 in
1892 3262 2134 3315 latr0ues
2160 3273 2174 3313 :
2203 3235 2251 3299 (ἶ
2284 3245 2488 3301 rabiem
2517 3261 2668 3302 suam
2695 3249 2916 3317 explere
2942 3245 3236 3303 desiderat.

574 3355 736 3448 quem
758 3371 1078 3429 vulneribus
1099 3367 1358 3439 alligatis,
1394 3363 1576 3419 infuso
1601 3360 1726 3415 oleo
1747 3366 1802 3414 et
1823 3357 1974 3424 vino,
2005 3355 2180 3428 impo-

579 3481 716 3524 nens
756 3467 808 3520 in
843 3465 1150 3536 jumentum
1181 3475 1341 3518 suum
1387 3454 1762 3513 Sattiaritauus
1810 3451 1903 3506 ille
1933 3450 2093 3505 “duxit
2125 3448 2176 3503 in

577 3557 875 3622 stabulum,
917 3565 973 3612 et
1011 3553 1311 3610 sanandum
1360 3549 1661 3605 stabulario
1702 3540 2174 3616 dereliquit(Luc.

577 3669 611 3708 x
636 3693 650 3718 ,
681 3651 752 3711 δέ)
791 3662 839 3706 et
867 3649 1024 3722 seq.).
1067 3646 1184 3704 Non
1212 3645 1484 3715 accipiunt
1513 3656 1645 3712 ergo
1676 3637 2001 3694 medicinam
2028 3677 2044 3704 ,
2087 3635 2180 3706 qui

581 3747 850 3804 medicum
884 3761 991 3799 non
1039 3740 1362 3813 requirunt;
1394 3736 1616 3793 sienim
1658 3735 2024 3804 requirerent,
2071 3744 2179 3785 non

582 3843 931 3914 derogarent.

651 3958 744 4016 50.
785 3956 1086 4027 Explorant
1112 3953 1348 4026 pastoris
1374 3950 1704 4019 absentiam,
1752 3955 1810 4005 et
1840 3947 1967 4004 ideo
2001 3955 2185 4018 pasto-

580 4066 670 4107 res
716 4047 1086 4105 Ecclesiarum
1131 4047 1219 4102 vel
1251 4060 1482 4111 necare,
1513 4043 1600 4098 vel
1645 4043 1696 4098 iu
1735 4041 1986 4096 exsilium
2021 4053 2184 4110 agere

579 4139 916 4198 contendunt
935 4155 950 4205 ;
967 4138 1092 4208 quia
1113 4136 1471 4206 praesentibus
1495 4133 1806 4204 pastoribus
1826 4146 1958 4187 oves
1979 4127 2186 4186 Christi

581 4237 859 4293 incursare
907 4249 1014 4289 non
1062 4243 1309 4303 possunt.
1348 4230 1599 4298 Spoliare
1641 4245 1771 4299 ergo
1808 4243 2028 4298 gregem
2079 4226 2187 4282 Do-

585 4331 717 4386 mini
745 4339 987 4399 raptores
1014 4336 1282 4383 conantur
1303 4369 1318 4392 ,
1350 4325 1438 4396 qui
1470 4337 1737 4391 corporea
1766 4322 1998 4394 quadam
2029 4337 2186 4378 men-

583 4427 654 4482 tis
682 4422 984 4480 iuteutioue
1004 4420 1126 4477 duri
1155 4435 1218 4474 ac
1241 4417 1421 4490 rigidi,
1451 4432 1792 4489 nequaquam
1824 4415 2005 4471 solent
2035 4431 2064 4470 a
2087 4429 2188 4470 suo

585 4533 776 4576 errore
799 4515 1108 4572 deﬂectere.
1144 4513 1210 4569 Et
1241 4511 1364 4568 ideo
1396 4510 1694 4582 Apostolus
1734 4511 1844 4565 ait:
1870 4508 2190 4564 ereticum

588 4612 845 4667 hominem
871 4617 984 4680 post
1014 4623 1266 4663 unum...
1299 4605 1674 4676 correptionem
1713 4603 1880 4658 devita
1921 4600 2062 4673 (Tit.
2092 4617 2146 4656 ιιι
2165 4643 2179 4668 ,

2351 3361 2442 3416 55.
2486 3361 2668 3418 Ululat
2712 3361 2837 3427 iste,
2889 3359 2915 3399 ἀ
2972 3379 3080 3417 non
3133 3370 3351 3428 tractat,
3399 3361 3490 3434 qui
3531 3368 3676 3432 negat
3708 3352 3828 3411 vocis

2279 3463 2581 3510 auctorem.
2607 3465 2662 3510 et
2691 3455 2956 3526 sacrilego
2986 3470 3239 3511 sermone
3270 3453 3500 3510 bestiale
3530 3464 3747 3508 murmur
3767 3448 3830 3499 ina

2279 3545 2581 3617 terstrepit,
2605 3546 2692 3618 qui
2711 3563 2815 3603 non
2835 3546 3129 3604 conﬁtetur
3149 3547 3442 3603 Dominum
3463 3546 3637 3602 Jesum
3660 3536 3829 3614 1623

2281 3649 2500 3697 aeterna:
2545 3644 2835 3712 pratsulem
2889 3644 3028 3698 vita).
3084 3643 3408 3698 Audivimus
3457 3642 3570 3710 ejus
3618 3638 3829 3695 ululatus.

2281 3748 2403 3790 cum
2435 3733 2487 3788 in
2523 3743 2545 3769 ο
2576 3732 2761 3789 orbem
2790 3733 3004 3804 gladius
3043 3733 3373 3790 mitteretur.
3409 3733 3602 3788 Dentes
3625 3735 3829 3797 asperos,

2282 3841 2376 3881 ora
2422 3824 2624 3880 tumida
2655 3820 2999 3894 praeferebat,
3027 3833 3085 3882 et
3115 3825 3334 3896 putabat
3365 3822 3507 3896 quod
3531 3835 3700 3876 vocem
3739 3828 3832 3870 om-

2284 3918 2446 3975 nibus
2475 3919 3004 3990 abstulisset,.quam
3052 3919 3201 3975 solus
3244 3918 3524 3974 amiserat.
3568 3914 3632 3971 Et
3664 3910 3765 3966 ideo
3788 3912 3833 3960 ut

2287 4011 2388 4068 bos
2427 4012 2588 4082 lupos
2637 4010 2872 4081 eﬁ‘ugere
2911 4012 3207 4082 possimus,
3245 4009 3414 4068 docet
3457 4007 3696 4064 Dominus
3729 3995 3831 4071 quid

2288 4121 2599 4177 sequamur,
2632 4105 2818 4162 dicens
2845 4121 2858 4158 :

2352 4215 2531 4292 (Vers.
2575 4217 2660 4289 4.)
2694 4217 2874 4274 Nolite
2898 4229 3102 4290 portare
3128 4219 3414 4287 sacculum,
3467 4230 3618 4287 neque
3659 4220 3828 4283 peram.

2289 4325 2449 4381 neque
2484 4310 2846 4365 calceamenta.
3131 4312 3134 4316 ’

2361 4427 2453 4482 54.
2493 4427 2632 4496 Quid
2663 4427 2756 4493 sit,
2782 4425 3058 4483 sacculum
3090 4439 3197 4482 non
3227 4439 3352 4481 esse
3383 4419 3708 4495 portandum,
3729 4406 3830 4466 alibi

2291 4521 2574 4577 evidenter
2595 4521 2864 4592 expressit
2884 4537 2900 4586 ;
2923 4518 3142 4590 scripsit
3158 4520 3305 4574 enim
3321 4517 3600 4574 Mattbaeus
3619 4505 3832 4582 quoniam

2289 4616 2424 4672 dixit
2453 4617 2519 4670 ad
2542 4617 2840 4687 discipulos
2870 4615 3162 4671 Dominus:
3194 4613 3374 4668 Nolite
3395 4608 3643 4682 possidere
3662 4611 3830 4661 altrum.

583 4707 670 4781 ι),
702 4706 883 4763 sciens
906 4703 1030 4775 quia
1057 4702 1352 4759 subversus
1381 4707 1486 4766 est,
1519 4700 1609 4771 qui
1639 4697 1906 4771 ejusmodi
1931 4708 2034 4754 eSt.
2072 4697 2172 4754 llos

2286 4725 2446 4781 ηεσυε
2488 4720 2757 4784 articulum
2804 4707 3039 4778 (Mallh-
3074 4723 3132 4777 ι.
3161 4705 3247 4777 9).
3289 4705 3347 4764 Si
3391 4702 3719 4777 prohibemur
3756 4703 3831 4746 au-

657 4905 682 4934 ⁸
724 4893 888 4952 Pauci
939 4909 1095 4954 mss..
1144 4889 1442 4962 habitacula
1491 4896 1759 4962 pastorum
1811 4890 2028 4962 intrare,
2071 4899 2179 4946 etc.

658 4968 688 5007 ι)
727 4967 854 5023 Mss.
889 4968 1114 5038 aliquot,
1166 4979 1300 5038 stupe
1331 4961 1608 5038 laeduntur.
1657 4961 1850 5038 Melius
1890 4961 2004 5038 alii,
2049 4979 2186 5032 swpe

585 5039 883 5102 luduntur;
915 5031 994 5092 ut'
1018 5038 1148 5090 satis
1177 5031 1302 5088 inde
1333 5033 1623 5102 iutelligas.
1653 5033 1793 5090 quod
1825 5031 1983 5094 infra,
2031 5031 2180 5088 nunt.

583 5111 956 5236 ἣῖ.αςξι·ἰιιίιιιιη
981 5125 994 5161 :
1031 5106 1139 5162 Hos
1169 5106 1458 5174 Scriptum
1493 5120 1640 5158 verus
1671 5104 1920 5176 interpres
1946 5102 2182 5160 Christus

583 5197 600 5235 ι
648 5199 676 5234 ιι
718 5199 736 5236 ι
765 5221 779 5236 .

581 5182 779 5236 ξιιιιαὶι.

661 5265 684 5293 ο
714 5253 933 5306 (quan
967 5248 1096 5304 edit.
1122 5258 1175 5304 et
1208 5263 1339 5302 mss.
1391 5245 1659 5320 nonnulli,
1686 5248 1896 5320 rapinas
1936 5247 2048 5318 ejus
2075 5264 2175 5303 non

585 5328 844 5396 agnoscis.
888 5321 991 5378 Alii
1024 5323 1202 5396 plures
1227 5335 1289 5396 ar.
1320 5318 1657 5396 probatiores
1711 5318 2050 5388 negatiOueut
2082 5334 2172 5374 re-

586 5389 809 5463 spuunt,
829 5410 948 5462 quae
967 5389 1115 5447 nullo
1141 5392 1300 5446 modo
1326 5389 1536 5463 tidetur
1557 5403 1678 5463 esse
1696 5389 2046 5445 admittenda.
2080 5390 2175 5444 llic

581 5460 748 5538 porro
767 5460 1094 5538 All—Xt‘llliltlll
1136 5467 1377 5538 ariauutu
1400 5460 1668 5538 designati
1692 5477 1759 5538 vit
1779 5477 1845 5515 eo
1881 5460 2166 5538 intelligas,

579 5529 723 5604 quod
771 5537 958 5593 iisdem
1009 5535 1180 5590 ferme
1216 5531 1392 5604 verbis
1434 5529 1540 5588 ille'
1565 5531 1892 5586 describitur
1916 5533 1978 5584 de
2001 5529 2167 5587 Busil.

581 5602 682 5662 non
737 5612 872 5662 trarl.
923 5609 1012 5662 ubi
1059 5607 1305 5674 legimus,
1345 5603 1789 5676 Auxentiiiipsius
1833 5604 1920 5668 qui
1953 5620 2007 5656 se
2045 5602 2170 5676 dicit

579 5681 894 5760 {pisfoputm
927 5691 1032 5734 etc.
1068 5668 1154 5760 ubi
1187 5668 1348 5760 etiam
1379 5668 1780 5760 quod-diuitur,
1815 5674 2022 5760 Mittam
2049 5668 2168 5756 fecit

662 5745 902 5829 Scythia,
935 5759 1041 5805 etc.
1075 5748 1279 5829 liquido
1310 5746 1599 5829 respondet
1627 5745 1808 5800 verbis
1849 5745 1986 5802 infra
2015 5745 2165 5814 posi-

575 5819 664 5882 tis,
696 5817 938 5890 Scythico
967 5819 1193 5874 membra
1217 5817 1435 5873 duratus
1462 5817 1604 5890 gelu.
1635 5825 1742 5872 etc.

2359 4890 2384 4929 ἀ
2429 4892 2552 4948 Νοιι
2599 4903 2806 4959 tractat,
2837 4891 2941 4947 hoc
2972 4899 3074 4959 est,
3111 4890 3448 4960 Scripturam
3498 4901 3599 4942 non
3616 4875 3826 4960 exponit,

2287 4981 2394 5092 quto
2439 4980 2599 5021 sensu
2642 4966 2744 5021 hoc
2789 4949 3013 5019 verbum
3061 4949 3307 5020 i’atrih‘us
3347 4960 3574 5016 maxime
3611 4949 3828 5009 familiare

2287 5051 2344 5092 es
2375 5077 2387 5090 .

2287 5051 2387 5092 est.

2363 5118 2385 5145 ο
2428 5106 2554 5162 Mss.
2607 5123 2714 5162 non
2760 5106 2938 5178 pauci,
2982 5121 3082 5161 nec
3133 5104 3409 5178 inferioris
3457 5109 3613 5160 notae.
3653 5087 3825 5178 cum"?!

2285 5157 2737 5241 urbem—."scilicet
2762 5157 3315 5242 Tiiédiiti’.iun.’,"nbti
3336 5157 3343 5159 ⁷
3368 5157 3611 5242 Romam.
3651 5176 3699 5242 u_t
3723 5157 3823 5242 alibi

2284 5251 2424 5319 apud
2469 5235 2739 5304 auctores.
2783 5248 2974 5303 Melius
3001 5235 3200 5311 tamen,
3228 5249 3280 5301 in
3309 5245 3521 5319 orbein.‘
3544 5235 3728 5316 Etenim
3753 5240 3825 5319 ρει·

2285 5299 2498 5386 vocent,
2531 5321 2759 5394 gladius,
2787 5299 3464 5394 crudelem—villainlegem
3495 5305 3724 5394 Auxeiitii
3761 5299 3823 5394 ip:

2283 5395 2395 5446 sius
2427 5377 2586 5447 ιῐιῖιιῗιι
2619 5377 2899 5461 scriptam,
2931 5402 2987 5445 et
3026 5406 3096 5446 xu
3120 5377 3234 5445 rkal.
3267 5377 3428 5443 Febr.
3480 5377 3816 5461 promulgatam

2280 5463 2454 5518 iuuuit
2476 5447 2820 5527 Ambrosius,
2852 5447 2921 5517 de
2947 5477 3051 5531 qua
3086 5461 3223 5515 idem
3247 5473 3460 5528 quoque
3480 5447 3548 5509 'dc
3571 5447 3717 5507 Bastl.
3739 5455 3817 5531 nos

2275 5536 2412 5588 (md.
2448 5537 2657 5600 seribit,
2701 5523 2986 5588 Auaieutius
3033 5523 3545 5603 gladium-volantem
3573 5538 3656 5593 per
3679 5523 3816 5603 anuis:

2273 5608 2424 5660 urbes
2454 5596 2657 5661 direxit.
2691 5604 2892 5661 Confer
2915 5596 3199 5672 utru'uique
3228 5605 3404 5657 locum
3435 5604 3570 5654 inter
3593 5596 3815 5672 ξρςιξεηξζ

2269 5679 2489 5802 gueritli
2521 5657 2880 5802 tulittuo'sese—
2901 5657 3198 5731 utirum'iu
3243 5673 3460 5729 modum
3492 5663 3738 5738 explicant
3773 5657 3813 5707 et

2301 5763 2370 5802 on
2393 5763 2564 5802 trtuan
2597 5788 2609 5802 .

2267 5762 2370 5805 COII
2377 5758 2408 5802 li
2416 5763 2564 5805 l‘lllall
2573 5758 2588 5802 ι
2597 5788 2609 5802 .
