3960 6296
634 164 657 208 4

188 263 317 318 ΙἨΞ

1175 256 1537 315 EXPOSITIO
1575 256 1833 315 EVANG.
1878 256 2028 315 SEC.
2072 258 2227 317 LUC.
2270 259 2399 318 LIB.
2442 259 2592 317 Vll.’

2776 166 2803 179 σο

3315 268 3454 326 1714

180 393 289 434 rum
354 374 667 445 possidere.
723 372 851 444 quid
914 372 1169 443 eripere,
1224 372 1353 444 quid
1402 371 1658 428 auferre?
1704 370 1762 427 Si
1788 377 1843 437 Α
1940 374 2029 429 58.
2060 373 2210 441 Quod
2243 373 2289 428 si
2336 389 2494 446 quem
2525 384 2707 431 movet
2734 391 2838 447 qua
2869 378 3079 434 ratione
3123 378 3176 433 in
3223 377 3459 453 Egypto

179 467 311 540 quod
360 467 581 529 habeas,
628 467 830 521 donare
895 466 1259 536 prazceperis,
1303 464 1759 536 quemadmodum

181 574 201 603 ⁸
216 563 453 633 congeris
471 561 614 632 quod
639 576 742 617 non
769 560 1039 615 habebas?
1057 559 1156 625 Qui
1179 562 1429 632 prtedicas
1454 576 1554 613 non
1572 564 1727 630 furan
1742 584 1759 595 -

179 662 317 721 dum,
350 656 589 726 furoris?
620 655 721 723 Qui
748 656 878 709 dicis
909 672 1008 708 non
1038 654 1412 710 mwchondum.
1450 654 1763 708 mtecharis.’

182 751 275 821 Qui
315 749 595 804 exsecraris
633 747 797 813 idola,
840 749 1170 818 sacrilegium
1208 749 1336 819 facis
1361 748 1386 801 Ρ
1416 747 1518 815 Qui
1548 750 1597 801 in
1630 747 1763 820 Lege

177 842 427 914 gloriaris,
456 858 546 913 per
576 840 1043 913 praevaricationem
1070 838 1219 911 Legis
1248 837 1415 894 Deum
1444 840 1763 895 inhonorus?

179 934 369 990 Nomen
421 935 559 989 enim
614 932 719 993 Dei
754 949 845 1005 per
894 949 984 988 vos
1028 933 1416 1005 blasphematur
1457 933 1658 1006 (Rom.
1698 949 1758 1000 ιι,

179 1032 332 1087 st-st
355 1031 395 1101 ).

242 1124 326 1180 55.
366 1123 482 1179 Νοιι
516 1124 598 1179 sic
643 1123 923 1195 apostolus
946 1123 1143 1179 Petrus
1165 1166 1179 1189 ,
1209 1122 1299 1193 qui
1346 1122 1550 1193 primus
1580 1122 1761 1176 Domi-

178 1219 301 1274 nica:
340 1228 632 1273 exsecutor
661 1217 980 1298 sententize,
1012 1224 1070 1271 ut
1098 1215 1413 1272 ostenderet
1443 1231 1549 1270 non
1583 1217 1635 1268 iu
1669 1230 1759 1269 va-

177 1326 319 1367 cuum
370 1309 585 1365 Domini
634 1308 801 1365 eﬁ‘usa
852 1310 1145 1376 mandata;
1194 1324 1318 1364 cum
1369 1316 1687 1378 peseeretur
1727 1323 1757 1361 ιι

180 1418 433 1475 paupere,
467 1412 526 1457 ιιι
556 1402 604 1458 ei
634 1402 837 1474 aliquid
869 1404 1112 1473 pecuniae
1142 1402 1452 1473 largiretur,
1499 1402 1572 1455 ait
1601 1419 1613 1454 :
1658 1399 1759 1455 Ar-

178 1508 364 1569 gentum
400 1506 556 1568 atque
584 1513 771 1551 aurum
799 1512 901 1551 non
928 1496 1089 1551 habeo
1114 1496 1248 1567 (Act.
1280 1512 1359 1562 ιιι,
1384 1495 1418 1550 6
1442 1494 1483 1565 ).
1517 1494 1616 1550 Ille
1642 1496 1758 1565 glo-

177 1590 332 1645 riatur
358 1588 500 1659 quod
534 1605 643 1644 non
672 1588 868 1643 habeat
895 1597 1177 1659 argentum
1204 1604 1378 1660 neque
1406 1604 1628 1642 aurum:
1657 1602 1754 1642 vo-

178 1683 250 1738 bis
284 1682 471 1754 pudori
512 1693 599 1739 est
653 1685 832 1738 minus
880 1683 1058 1739 adhuc
1091 1683 1289 1739 habere
1322 1699 1480 1754 quam
1516 1683 1755 1753 cupitis?

1865 466 2086 522 calceoli
2134 468 2392 536 jubenlur
2444 469 2610 525 edere
2663 484 2858 540 agnum
2916 471 3135 542 (Exod.
3179 476 3461 544 $11,“):

1865 559 2095 628 apostoli
2141 568 2319 615 autem
2363 563 2479 617 sine
2517 562 2901 618 calceamentis
2946 565 3011 618 ad
3055 565 3459 633 prn'dtcattdltm

1864 650 2215 721 Evangelium
2246 653 2573 725 diriguntur,
2605 654 2652 709 is
2687 655 3038 711 Considerare
3068 658 3230 714 debet
3256 662 3380 729 quia
3411 661 3466 717 in

1864 743 2099 817 Egypto
2128 746 2355 815 positus,
2380 748 2538 803 debet
2562 749 2739 803 adhuc
2770 765 2981 805 morsus
3010 766 3204 807 cavere
3234 766 3464 823 serpen-

1865 840 1973 904 tis;
2022 840 2188 894 mnlta
2228 841 2371 896 enim
2404 858 2610 896 venena
2644 842 2697 897 in
2740 840 2999 915 Egypto,
3023 851 3079 898 et
3106 845 3197 915 qui
3242 845 3293 899 in
3335 854 3464 917 typo

1868 932 2067 1003 pascha
2108 932 2378 994 celebrat.
2421 945 2606 1004 patere
2657 944 2831 1004 potest
2882 935 3086 991 vulneri
3115 954 3130 992 :
3161 939 3254 1007 qui
3281 947 3461 993 autem

1865 1027 2110 1081 minister
2125 1034 2209 1081 est
2230 1026 2495 1092 veritatis,
2522 1026 2549 1066 ι’
2574 1026 2793 1083 hebetat
2816 1044 3047 1095 venena,
3072 1045 3177 1086 non
3206 1030 3463 1102 trepidat.

1866 1120 2107 1191 Denique
2139 1121 2433 1177 momordit
2464 1122 2689 1177 Paulum
2719 1124 2903 1194 vipera
2944 1126 2995 1178 in
3038 1126 3219 1181 Melita
3267 1126 3462 1189 insula,

1860 1223 1917 1270 et
1957 1213 2198 1268 videntes
2234 1213 2559 1283 pendentem
2591 1214 2661 1270 de
2688 1230 2846 1269 manu
2878 1216 2997 1284 ejus
3044 1218 3283 1289 viperam
3313 1221 3467 1275 inco-

1862 1306 1930 1361 Ite
1956 1306 2059 1361 loci
2088 1306 2232 1361 illius
2260 1307 2520 1376 putabant
2549 1322 2672 1362 eum
2703 1322 2827 1364 esse
2859 1309 3178 1365 tnOtiturnm
3209 1328 3222 1365 :
3256 1313 3349 1367 sed
3374 1313 3463 1367 ubi

1863 1398 2188 1454 iuoﬁ‘ensum
2217 1410 2363 1453 stare
2407 1398 2683 1465 viderunt,
2730 1400 2895 1455 Deum
2925 1416 3048 1457 esse
3074 1400 3346 1470 dicebant,
3378 1405 3465 1459 cui

1862 1507 2133 1547 venenum
2168 1507 2363 1548 nocere
2401 1509 2507 1547 non
2534 1502 2750 1564 poterat
2779 1493 2917 1564 (Act.
2946 1512 3141 1563 xxvtu,
3171 1499 3205 1553 '5
3230 1509 3278 1553 et
3305 1502 3460 1571 seq.).

1860 1584 1929 1641 Et
1959 1594 2016 1640 nt
2044 1587 2183 1641 scias
2212 1585 2314 1640 hoc
2340 1601 2526 1641 verum
2558 1602 2703 1651 esse,
2738 1588 2854 1658 ipse
2889 1588 3147 1644 Dominus
3174 1590 3249 1645 ait
3278 1608 3290 1644 :
3321 1591 3458 1647 Ecce

1862 1678 1981 1732 dedi
2005 1679 2142 1733 vobis
2172 1689 2475 1751 potestatem
2500 1680 2737 1734 calcandi
2769 1696 2925 1752 supra
2949 1692 3210 1751 serpentes
3237 1693 3283 1736 et
3314 1698 3461 1737 scor-

181 1777 262 1833 Est
287 1792 410 1846 ergo
432 1786 485 1831 et
512 1776 804 1848 pauperies
831 1778 1085 1845 gloriosa;
1114 1777 1233 1846 quia
1256 1787 1339 1831 est
1366 1785 1422 1831 et
1452 1776 1630 1843 beata,
1658 1776 1764 1832 sic-
1793 1766 1841 1827 Β
1866 1773 2067 1843 piones,
2098 1780 2145 1824 et
2171 1789 2329 1844 supra
2359 1789 2561 1826 onmem
2585 1774 2824 1827 virtutem
2848 1773 3064 1840 inimici,
3093 1785 3138 1828 et
3165 1774 3297 1830 nihil
3324 1776 3489 1831 robis'

179 1873 493 1941 utseriptum
519 1882 604 1928 est
646 1891 660 1926 :
695 1870 842 1926 Beati
864 1889 1114 1945 pauperes
1136 1873 1319 1942 spiritu
1342 1871 1568 1944 (Matth.
1601 1870 1755 1939 v,'5).

179 1963 360 2037 Tamen
391 1981 497 2020 non
523 1976 635 2021 tam
660 1964 762 2021 hoc
782 1966 1040 2035 gloriatur
1063 1966 1276 2030 Petrus,
1301 1966 1441 2036 quod
1473 1976 1756 2035 argentum

181 2070 226 2113 et
248 2074 427 2114 aurum
458 2074 564 2114 non
612 2059 831 2127 haheat,
859 2074 1020 2130 quam
1053 2059 1194 2130 quod
1236 2068 1413 2116 servet
1446 2057 1757 2113 mandatum

182 2152 393 2217 Domini,
426 2153 516 2223 qui
547 2153 848 2223 praecepit:
894 2151 1071 2206 Nolite
1101 2150 1365 2225 possidere
1391 2168 1609 2217 aurum;
1654 2149 1758 2205 hoc

180 2255 252 2300 est
291 2246 504 2302 dicere:
550 2246 722 2302 Vides
770 2262 854 2301 me
895 2245 1095 2302 Christi
1142 2260 1264 2301 esse
1310 2245 1658 2315 discipulum,
1703 2254 1759 2300 et

183 2353 350 2393 aurum
374 2355 402 2393 a
427 2355 515 2394 me
550 2340 833 2410 requiris?
862 2338 1021 2394 Aliud
1073 2337 1227 2392 nobis
1258 2337 1429 2392 multo
1468 2338 1757 2407 pretiosius

183 2445 297 2485 auro
337 2430 581 2495 donavit,
627 2439 687 2485 ιιι
726 2432 777 2486 in
817 2431 1038 2487 nomine
1080 2431 1197 2501 ejus
1222 2445 1535 2501 operemur.
1576 2431 1758 2501 Itaque

182 2539 274 2579 non
310 2524 477 2581 h-tbeo
507 2525 656 2596 quod
690 2539 798 2579 non
828 2524 999 2589 dedit,
1048 2523 1142 2579 sed
1181 2523 1319 2591 quod
1356 2524 1504 2578 dedit
1539 2524 1711 2578 habeo
1742 2542 1755 2577 :

185 2614 241 2671 In
262 2618 452 2673 nomine
476 2617 693 2672 Domini
718 2615 865 2682 Jesu,
892 2634 1063 2691 surge,
1094 2628 1142 2670 et
1183 2617 1387 2671 ambula
1405 2616 1543 2689 (Act.
1575 2633 1649 2677 ιιι,
1675 2616 1753 2671 6i.

245 2710 324 2765 56.
362 2710 509 2766 Sicut
551 2725 689 2781 ergo
714 2711 803 2781 qni
837 2710 1026 2765 horrei
1072 2710 1186 2764 vult
1228 2710 1588 2781 congerendis
1628 2709 1757 2764 aedi-

183 2803 326 2858 ﬁcare
351 2801 661 2872 frumentis,
694 2804 987 2860 Dominicre
1010 2804 1297 2859 sententiae
1323 2806 1643 2859 auctoritate
1673 2820 1761 2860 re-

184 2894 511 2965 prehenditur
536 2898 555 2969 (
582 2896 719 2952 Luc.
765 2913 876 2963 xu,
911 2894 1057 2967 26):
1092 2897 1161 2951 ita
1204 2897 1293 2967 qui
1341 2896 1610 2952 sacculum
1647 2897 1760 2951 vult

184 3001 298 3040 auro
336 3004 525 3058 parare
562 2988 883 3055 condendo,
936 3002 1147 3043 nazvum
1190 2988 1634 3061 reprehensionis
1678 2990 1762 3047 in-

183 3080 347 3137 currit.

1866 1864 2113 1918 nocebunt
2142 1869 2161 1935 (
2185 1862 2312 1919 Luc.
2343 1880 2396 1931 χ,
2425 1864 2495 1920 19
2518 1864 2561 1936 ).

1936 1957 2026 2013 59.
2071 1957 2185 2011 Non
2220 1957 2400 2028 virgas
2430 1958 2481 2011 in
2507 1973 2666 2012 manu
2689 1958 2944 2027 jubenlur
2968 1957 3161 2015 tollere
3190 1961 3465 2028 apostoli;

1863 2052 1941 2105 sic
1968 2050 2112 2104 enim
2134 2049 2416 2105 Matthwus
2436 2050 2779 2106 scribendum
2804 2051 3005 2121 putavit
3024 2050 3239 2123 (Matth.
3264 2069 3319 2118 κ,
3346 2050 3460 2122 10).

1862 2144 2000 2210 Quid
2031 2152 2116 2199 est
2154 2155 2337 2200 autem
2368 2144 2513 2216 virga
2543 2187 2558 2212 ,
2606 2158 2627 2183 ε
2664 2146 2765 2200 nisi
2800 2147 3149 2216 praeferenda:
3183 2149 3464 2217 potestatis

1863 2237 2097 2307 insigne,
2148 2248 2203 2293 et
2234 2239 2525 2294 ulciscendi
2574 2240 2993 2295 instrumentum
3025 2239 3231 2296 doloris
3252 2240 3463 2311 ?~Ergo

1867 2330 2085 2385 humilis
2132 2330 2341 2387 Domini
2371 2334 2389 2402 (
2414 2333 2467 2386 in
2515 2334 2807 2387 humilitate
2850 2333 2993 2389 enim
3018 2335 3038 2407 (
3063 2333 3205 2389 Esai.
3240 2349 3354 2399 LIII,
3388 2334 3463 2407 8)

1862 2420 1888 2460 ἀ
1906 2424 2165 2497 judicium
2192 2427 2303 2496 ejus
2327 2424 2659 2480 sublimatum
2677 2426 2796 2499 est),
2819 2426 3060 2493 humilis,
3087 2429 3325 2497 inquam,
3353 2427 3459 2482 Do-

1864 2520 1995 2575 mini
2047 2531 2374 2592 prarceptum
2426 2520 2679 2592 discipuli
2732 2522 2848 2592 ejus
2898 2522 3219 2577 humilitatis
3268 2522 3463 2579 ofﬁciis

1864 2625 2236 2683 exsequuntur
2262 2630 2277 2679 ;
2307 2631 2400 2670 eos
2434 2617 2576 2671 enim
2608 2617 2755 2672 misit
2782 2617 2846 2671 ad
2877 2616 3248 2673 seminandam
3275 2617 3463 2683 ﬁdem,

1862 2706 1953 2776 qui
2006 2723 2111 2761 non
2162 2718 2443 2778 cogerent,
2493 2710 2587 2763 sed
2628 2709 2928 2766 docerent:
2967 2720 2990 2747 ο
3023 2726 3125 2766 nec
3170 2719 3465 2781 potestates

1865 2812 2190 2869 exererent,
2240 2803 2333 2857 sed
2391 2802 2693 2860 doctrinam
2752 2806 3071 2861 humilitatis
3124 2806 3458 2861 attollerent.

1864 2894 1979 2963 Quo
2007 2894 2128 2949 loco
2154 2895 2442 2952 humilitati
2489 2899 2695 2968 putavit
2731 2900 2894 2954 etiam
2934 2900 3247 2970 patientiam
3291 2913 3463 2967 capu-

1866 2986 2080 3042 landam
2107 3006 2121 3053 ;
2154 2989 2279 3057 quia
2302 2990 2416 3057 ipse
2445 3005 2682 3061 quoque,
2710 2992 2858 3061 juxta
2893 2994 3260 3048 testimonium
3288 2992 3458 3061 Petri,

1866 3094 1989 3134 cum
2022 3081 2461 3146 melediceretur,
2495 3097 2600 3137 non
2629 3082 2970 3139 remaledixit
3002 3102 3015 3138 :
3058 3100 3180 3141 cum
3215 3097 3459 3153 percute-

246 3174 323 3229 57.
366 3176 483 3231 Νοη
515 3192 723 3247 peram,
757 3190 919 3245 neque
947 3175 1313 3229 calceamenta.
1356 3174 1657 3239 Utrumque
1688 3173 1755 3231 de
1781 3164 1827 3227 C
1861 3183 2031 3239 retur,
2058 3190 2165 3229 non
2199 3177 2524 3244 repercussit
2553 3175 2613 3247 (l
2647 3174 2790 3231 Petr.
2820 3193 2880 3243 ιι,
2910 3177 3044 3248 25).
3078 3178 3190 3235 Hoc
3216 3189 3299 3233 est
3328 3182 3460 3250 ergo

184 3268 313 3323 corio
338 3270 528 3325 mortui
556 3270 859 3325 animantis
887 3267 1079 3324 conﬁci
1113 3269 1289 3324 solet:
1316 3269 1449 3324 nihil
1481 3277 1659 3325 autem
1706 3270 1758 3325 in

186 3358 322 3415 nobis
349 3360 606 3417 Dominus
638 3360 797 3417 Jesns
840 3363 1068 3415 mortale
1100 3362 1213 3416 vult
1235 3377 1381 3417 esse.
1417 3362 1660 3432 Denique
1690 3362 1756 3417 ad

185 3448 377 3521 Moysen
422 3454 590 3509 dicit:
642 3452 798 3507 Solve
837 3453 1243 3506 calceamentum
1287 3451 1475 3524 pedum
1518 3462 1758 3516 tuorum;

188 3544 309 3598 locus
334 3548 462 3600 enim
486 3547 539 3601 in
565 3561 674 3616 quo
701 3555 829 3612 stas,
866 3555 1004 3600 terra
1030 3556 1208 3600 sancta
1235 3554 1308 3599 est
1334 3544 1532 3615 (Exod.
1568 3553 1643 3612 ιιι,
1676 3544 1754 3616 5).

189 3633 385 3693 Mortale
414 3639 573 3711 igitur
620 3650 785 3710 atque
816 3648 1089 3694 terrenum
1136 3639 1561 3694 calceamentum
1601 3640 1760 3710 jube-

185 3737 259 3782 tur
283 3733 505 3800 solvere,
530 3749 658 3790 cum
682 3733 989 3789 mitteretur
1012 3733 1077 3787 ad
1110 3734 1362 3802 populum
1387 3734 1760 3801 liberandum;

188 3820 326 3892 hujus
353 3827 491 3882 enim
524 3827 779 3882 minister
800 3827 1041 3882 muneris
1070 3826 1263 3881 limere
1289 3827 1421 3881 nihil
1450 3827 1635 3893 debet,
1659 3842 1760 3883 nec

186 3928 209 3965 a
248 3929 485 3989 suscepto
522 3918 728 3980 ofﬁcio.
772 3920 964 3973 mortis
1008 3918 1253 3988 periculo
1298 3917 1589 3973 retardari.
1642 3920 1759 3988 Ipse

188 4010 310 4065 enim
337 4028 455 4067 cum
483 4012 857 4069 defensionem
891 4013 1139 4076 fratrum,
1175 4011 1277 4066 hoc
1307 4021 1409 4073 est.
1442 4010 1756 4067 Iudaeorum

187 4102 495 4159 Voluntarins
522 4104 843 4174 recepisset,
872 4103 1160 4158 calumnia:
1190 4101 1405 4175 1424
1433 4115 1643 4158 terrore
1674 4118 1761 4159 re-

188 4206 382 4251 vocatus
408 4209 491 4253 est
528 4198 598 4253 ab
630 4200 889 4266 inccepto,
917 4206 971 4250 et
1001 4196 1134 4265 fugit
1161 4212 1225 4249 ex
1258 4195 1496 4267 A‘ngpto
1540 4196 1556 4255 l
1583 4195 1755 4251 Exod.

191 4300 240 4349 II,
266 4287 325 4343 15
347 4289 384 4359 ),
414 4291 478 4344 Ει
504 4290 629 4345 ideo
659 4304 780 4344 eum
813 4288 1072 4343 Dominus
1098 4286 1348 4342 aﬁ‘ectum
1386 4289 1505 4357 ejus
1536 4288 1761 4358 probas-

118 4381 127 4395 ⁴
192 4390 279 4446 set,
322 4383 687 4438 conditionem
738 4392 917 4436 autem
975 4380 1202 4435 vidisset
1246 4381 1540 4445 inﬁrmam,
1590 4380 1758 4434 animi

189 4471 288 4540 ejus
317 4478 614 4547 mentisque
645 4458 929 4545 vestigium
959 4473 1279 4529 mortalibus
1302 4474 1534 4528 vinculis
1549 4473 1761 4528 censuit

190 4568 489 4625 exnendum.

253 4715 280 4780 ‘_‘_
311 4706 392 4764 Sic
420 4726 548 4765 mss.
579 4709 911 4780 complures.
943 4724 1009 4765 ac
1036 4708 1279 4763 melioris
1302 4716 1463 4780 notas.
1493 4706 1762 4780 Aliinon-

194 4777 324 4852 nulli,
346 4789 396 4833 et
424 4782 551 4836 edit.
582 4794 693 4836 ant.
709 4777 719 4837 ζ
738 4782 993 4852 congeris,
1012 4780 1149 4849 quod
1169 4779 1429 4851 possidere
1454 4777 1760 4850 prohiberis.

194 4845 330 4903 Rom.
363 4856 615 4908 resecatis
645 4856 819 4908 tribus
837 4845 1054 4907 'ultimi's
1096 4845 1278 4905 verbis
1310 4845 1464 4919 post,
1504 4852 1757 4920 congeris,

194 4920 454 4997 gupngctit,
492 4925 594 4991 Qui
624 4926 895 4997 praedicas,
921 4932 1025 4997 etc.

254 4987 279 5026 δ
314 4987 531 5047 Οιιιιιρζ
548 4987 677 5050 edit.
713 5011 775 5050 ac
807 5012 936 5050 mss.
973 4994 1200 5063 aliquot,
1231 4993 1383 5045 evitat
1409 5007 1623 5063 venena.
1653 4991 1762 5047 Me-

195 5057 285 5112 lius
309 5064 389 5136 alii
419 5066 607 5136 majori
632 5081 859 5122 numero
880 5077 932 5122 et
955 5057 1304 5135 antiquitate,
1331 5064 1549 5126 hebetat,
1580 5062 1631 5117 id
1654 5074 1758 5129 est,

194 5135 432 5206 retundit,
461 5135 701 5206 superat,
734 5148 841 5193 etc.

263 5214 281 5241 ε
321 5205 469 5261 Rotu.
526 5204 693 5277 edit.,
737 5211 835 5263 nisi
887 5209 1214 5278 proferenda:
1262 5206 1545 5278 potestatis.
1595 5204 1769 5262 Minus

197 5280 454 5335 commode
478 5297 492 5342 ;
519 5296 627 5334 non
656 5283 801 5335 enim
842 5282 909 5332 ad
940 5283 1325 5403 proferendam,
1360 5277 1409 5331 id
1437 5286 1542 5340 est,
1570 5278 1766 5346 ampli-

199 5339 437 5403 ﬁcandam
479 5363 826 5403 potestatem.
855 5351 947 5403 sed
978 5366 1003 5400 a
1073 5366 1191 5403 eam
1226 5350 1621 5403 nra’t'erentlum.
1666 5348 1766 5403 hoc

199 5339 437 5403 ﬁeandam
479 5339 826 5417 potestatem,
855 5339 950 5406 sed
978 5339 1047 5403 ad
1073 5366 1191 5405 eam
1226 5339 1621 5417 pra’ferendum,
1665 5339 1769 5403 hoc

199 5427 292 5476 εει,
322 5420 718 5489 significandam
748 5434 910 5493 atque
938 5420 1343 5493 ostentandam,
1368 5422 1642 5488 virgarum
1667 5419 1773 5473 fas-

201 5497 289 5565 ces
320 5493 547 5565 antiquis
596 5491 998 5565 magistratibus
1055 5491 1299 5562 pratferri
1350 5502 1769 5565 consueverant.

268 5554 291 5593 ἀ
327 5554 518 5633 Omnes
564 5554 709 5618 edit.”
743 5581 805 5618 ac
852 5579 1017 5633 prope
1055 5554 1249 5616 'omnes
1295 5579 1466 5633 mss.,
1513 5562 1773 5633 judicium

207 5630 307 5697 ejus
347 5632 598 5688 sublatum
628 5646 719 5691 est.
767 5630 928 5689 Corh.
956 5630 1253 5697 tamet“...
1301 5630 1629 5687 sublimatum
1678 5644 1770 5688 est.

210 5696 415 5775 Melius;
446 5721 671 5773 namque
701 5710 753 5761 in
789 5709 949 5775 epist.
975 5705 1040 5759 ad
1071 5704 1303 5760 Vercell.
1336 5705 1477 5759 idem
1522 5705 1672 5758 loetts
1704 5704 1775 5760 ila

212 5768 444 5839 refertur,
496 5768 742 5837 iudicium
784 5768 894 5846 ej'us
938 5778 1221 5831 exaltatum
1268 5786 1384 5830 est:
1428 5778 1515 5830 cui
1558 5775 1777 5829 lectioni

1863 3265 2047 3321 dicere
2076 3287 2088 3323 :
2130 3265 2439 3323 Imitatores
2467 3271 2570 3323 mei
2598 3279 2797 3334 estote,
2845 3270 3069 3325 ultionis
3095 3270 3269 3325 studia
3296 3270 3467 3341 depo-

1863 3360 1995 3424 nite,
2048 3359 2391 3414 inSolentiam
2436 3362 2840 3416 verberantium
2900 3376 3006 3417 non
3057 3362 3272 3430 injuria:
3324 3362 3464 3417 rela-

1862 3455 2045 3517 tione,
2107 3450 2126 3489 ί
2186 3454 2280 3508 sed
2334 3454 2775 3524 magnanimitate
2825 3455 3100 3525 patientia:
3152 3454 3454 3511 verberate.

1860 3544 2033 3601 Nemo
2060 3544 2223 3600 debet
2260 3547 2405 3617 quod
2436 3547 2552 3617 ipse
2580 3547 2633 3601 in
2676 3547 2784 3602 alio
2811 3547 3181 3618 reprehendit,
3223 3547 3422 3603 imitari
3448 3566 3462 3603 :

1860 3642 2108 3710 graviora
2138 3642 2544 3697 contumacibus
2586 3642 2948 3696 mansuetudo
2994 3641 3218 3697 vulnera
3268 3641 3451 3697 refert.

1863 3736 1977 3790 Hoc
2022 3751 2201 3806 pugno
2243 3736 2573 3804 repercu5sit
2627 3736 2889 3791 Dominus
2924 3734 3338 3802 verberantem,
3369 3733 3458 3789 di-

1863 3826 2037 3881 cendo
2064 3844 2077 3881 :
2109 3826 2211 3889 Qui
2239 3837 2286 3880 te
2325 3826 2539 3893 percutit
2567 3826 2619 3879 in
2649 3826 2955 3892 maxillam,
2987 3826 3156 3890 prwbe
3181 3826 3262 3879 illi
3292 3836 3339 3879 et
3368 3826 3452 3880 al-

1864 3929 2023 3973 teram
2054 3919 2071 3990 (
2098 3918 2287 3973 Matth.
2320 3934 2374 3983 v,
2420 3918 2490 3974 39
2513 3916 2555 3988 ).
2587 3918 2674 3973 Fit
2713 3919 2857 3972 enim
2889 3928 2946 3972 ut
2969 3918 3179 3987 judicio
3215 3933 3315 3973 suo
3343 3918 3458 3986 ipse

1863 4028 1924 4067 se
1953 4012 2204 4076 damnet,
2234 4020 2287 4065 et
2327 4010 2559 4080 quodam
2590 4011 2810 4065 stimulo
2841 4010 2923 4064 sui
2952 4018 3345 4079 compungatur
3372 4009 3457 4065 af-

1863 4103 2059 4167 fectus,
2084 4105 2173 4173 qui
2200 4104 2423 4159 relatam
2449 4103 2551 4159 sibi
2580 4102 2921 4158 sedulitatem
2954 4117 3053 4174 pro
3081 4102 3272 4173 injuria
3296 4118 3456 4174 quam

1865 4196 1992 4252 fecit
2018 4196 2334 4252 adverterit.

1934 4288 2024 4345 60.
2070 4289 2240 4344 Habet
2272 4298 2449 4344 tamen
2481 4303 2617 4360 quos
2638 4298 2692 4345 et
2722 4304 2845 4345 cum
2872 4289 3021 4361 virga
3052 4290 3328 4361 apo<to|os
3356 4291 3457 4345 mi-

1865 4382 2021 4447 serit,
2054 4382 2191 4437 sicut
2224 4381 2423 4437 Paulus
2468 4381 2809 4447 testiﬁcatur,
2840 4381 3061 4437 dicens:
3097 4381 3239 4448 Quid
3270 4383 3459 4450 vultis,

1862 4475 1923 4535 in.
1947 4475 2088 4548 virga
2114 4477 2312 4529 veniam
2341 4475 2410 4528 ad
2435 4492 2541 4539 vos,
2576 4492 2643 4528 an
2664 4476 2717 4528 in
2748 4475 2999 4529 charitate
3023 4483 3075 4528 et
3103 4474 3290 4546 spiritu
3317 4490 3465 4529 man—

1784 4557 1840 4617 D
1866 4569 2153 4622 suetudinis
2184 4566 2228 4640 (l
2255 4565 2375 4622 Cor.
2405 4583 2485 4631 tv,
2507 4568 2601 4638 21)
2623 4567 2646 4620 ?
2671 4566 2821 4622 Hanc
2853 4568 3058 4637 virgam
3088 4569 3250 4623 etiam
3282 4567 3464 4626 Timo-

1870 4708 2015 4763 t’avet
2063 4709 2244 4763 versio
2273 4708 2501 4763 Arabica
2543 4710 2841 4763 secundum
2889 4706 3089 4779 fnterp.
3122 4705 3275 4771 Lat;
3307 4706 3469 4763 habet

1870 4779 2015 4833 enim
2040 4790 2094 4833 et
2120 4781 2229 4843 illa,
2252 4780 2505 4851 judicium
2534 4782 2644 4852 ejus
2667 4781 2827 4852 altum
2847 4792 2943 4834 est.
2973 4782 3105 4852 llinc
3133 4788 3312 4833 autem
3338 4793 3466 4847 pro-

1873 4853 2111 4929 ntanavit
2140 4850 2721 4929 ea__d_iversitas_.'qnod
2756 4852 2981 4929 verbum
3024 4851 3173 4929 ῇρθη,
3201 4866 3310 4919 quo
3338 4864 3466 4929 usos

1870 4922 2122 4977 videmus
2154 4922 2317 4979 LXX.
2351 4923 2574 4991 perinde.
2601 4937 2649 4977 et
2676 4938 2772 4991 per
2797 4921 3101 4985 exaltatum,
3135 4933 3190 4975 et
3221 4936 3314 4989 per
3342 4921 3466 4974 sub-

1874 4994 2035 5048 latum
2094 4993 2244 5049 reddi
2279 5002 2477 5063 potest.
2514 4992 2644 5048 Heh.
2692 5009 2843 5058 vero,
2884 4991 3008 5063 Syr.
3043 5007 3125 5047 ac.
3165 4992 3317 5061 Vulg.
3344 4991 3463 5046 Lat.

1870 5064 2167 5136 pra-ferunt
2191 5107 2205 5129 ,
2234 5066 2297 5118 de
2316 5064 2522 5137 judicio
2551 5066 2780 5119 sublatus
2811 5067 2829 5133 (
2861 5067 2975 5119 sive
3004 5078 3182 5136 raptus
3208 5065 3225 5131 )
3262 5074 3356 5137 est.

1948 5146 1972 5173 ο
2015 5137 2143 5191 Mss.
2177 5151 2285 5190 non
2318 5135 2497 5203 pauci,
2538 5149 2699 5206 atque
2729 5151 2919 5190 omnes
2941 5135 3096 5198 edit.,
3130 5151 3221 5188 nec
3246 5135 3346 5187 vim
3371 5151 3468 5201 po-

1872 5209 2066 5262 testatis
2095 5218 2427 5273 exercerent;
2468 5209 2652 5268 Bon»,
2691 5216 2968 5261 exrrerent.
3001 5206 3078 5261 Ex
3121 5206 3241 5260 aliis
3285 5220 3467 5261 autem

1872 5293 2003 5335 mss.
2058 5279 2237 5347 plures
2270 5279 2490 5345 habent,
2538 5294 2629 5333 nec
2658 5288 2931 5351 potestates
2968 5287 3261 5333 exercerent
3284 5291 3304 5331 :
3333 5276 3477 5341 anti:

1872 5352 2135 5421 quiores“
2152 5391 2189 5407 ..
2217 5361 2500 5405 exererent.

1953 5421 1971 5459 τ
2017 5423 2157 5477 Edit.
2187 5435 2401 5493 omnes,
2453 5421 2636 5476 sed....
2687 5419 3180 5493 supportate._Mss.
3212 5432 3475 5493 (omnese

1877 5494 2190 5553 contrario,
2239 5492 2419 5546 sed....
2474 5490 2759 5547 rerberate.
2796 5491 3110 5557 Elegantius
3132 5530 3146 5554 ,
3180 5490 3224 5543 si
3257 5490 3472 5543 uuidcm

1878 5567 2008 5621 illttd
2045 5566 2145 5618 hoc
2169 5565 2285 5616 loco
2314 5563 2830 5633 signiﬁcatttr,qnod
2868 5561 2960 5633 lib.
2986 5577 3037 5633 ν,
3069 5561 3333 5633 litim._7ti,
3365 5561 3479 5633 cla-

1880 5637 2118 5693 riorihns
2167 5635 2345 5689 verbis
2364 5629 2723 5701 'exptitnitnr,
2759 5634 2842 5688 his
2870 5631 3117 5686 Videlicet
3148 5650 3159 5684 :
3205 5630 3391 5686 Nonne
3416 5629 3477 5699 ﬁt

1882 5726 1971 5781 per
1998 5708 2319 5777 patientiam,
2354 5716 2500 5759 ιιι...
2532 5705 2817 5760 reverberet;
2846 5702 3213 5759 verberantem.
