3960 6306
467 225 488 280 -l
501 225 607 282 116
1819 219 2070 278 SANCTI

2191 219 2426 278 B803“
3632 222 3656 274 -ι
3671 221 3706 274 7
3725 219 3796 275 ιο

465 342 592 396 theo
616 337 766 405 dedit
791 336 1102 407 Apostolus,
1135 337 1365 391 dicens:
1395 336 1579 408 Argue,
1629 333 1861 398 obsecra,
1895 335 2060 388 incre—
2086 336 2136 398 Α
2168 343 2306 389 taret
2337 350 2352 397 ;
2395 332 2740 388 festinantem
2782 333 2928 388 enim
2973 347 3096 388 eum
3139 331 3365 402 jubebat
3416 346 3638 402 pergere
3663 375 3681 398 ,
3728 341 3798 390 ιιι

466 451 534 504 pa
567 431 640 505 (ιι
671 430 805 489 Tim.
849 445 928 497 tv,
957 430 1040 498 2).
1071 430 1177 484 Aut
1204 431 1437 485 fortasse
1460 437 1586 484 ante
1613 427 1929 498 passionem
1959 426 2064 483 Do-
2168 425 2510 482 celebraudae
2533 425 2956 481 resurrectionis
2983 434 3375 495 exsequeretur
3399 424 3632 479 officium
3663 468 3682 492 ,
3716 440 3800 482 no

467 526 622 592 mini,
659 540 778 596 quae
821 523 1033 596 1425
1066 523 1368 577 nutantium
1401 523 1722 594 pepulerunt
1764 521 1926 576 corda
1977 521 2069 574 ιιι-η
2167 517 2608 574 confabulatione
2631 518 2860 587 alicujus
2890 517 3073 583 obvii,
3104 517 3364 605 rnatidato
3394 517 3796 578 reﬂecterelur

466 621 652 687 mavit,
687 619 994 674 necessaria
1024 616 1140 672 sola
1171 616 1331 671 fuerit
1355 616 1759 680 mansuetudo;
1793 622 1915 684 post
1947 629 2068 683 pas-
2171 627 2200 666 a
2233 627 2482 667 munere.
2520 613 2660 682 Ergo
2691 621 2743 668 et
2769 610 2859 666 hic
2885 626 2993 666 non
3022 610 3370 670 salutationis
3391 611 3656 666 sedulitas
3687 626 3798 672 au-

468 715 676 770 sionem
722 712 1013 766 correctio.
1042 709 1204 766 Certe
1237 710 1474 764 mulceat
1503 710 1782 774 Dominus,
1827 707 2073 777 increpet
2172 706 2344 762 fertur
2370 724 2382 761 :
2411 707 2504 762 sed
2536 707 2880 762 obstaculum
2906 705 3272 776 impedienda:
3297 705 3611 763 devmionis
3648 707 3801 762 abo-

469 807 668 864 Paulus
694 822 708 860 :
737 804 964 860 suadeat
989 804 1082 874 qui
1112 812 1292 874 potest
1322 813 1541 872 pectora
1570 802 1735 858 etiam
1763 799 1902 856 dura
1933 799 2070 857 mole

470 900 608 956 lire:
659 908 850 971 arguat
889 900 980 968 qui
1015 915 1119 952 non
1161 906 1339 968 potest
1375 897 1628 952 universa
1660 897 1908 951 suadere.
1946 894 2072 950 Vir-

471 1008 594 1064 gam
642 991 807 1064 igitur
849 991 1047 1047 Paulus
1086 1007 1151 1046 ex
1189 989 1434 1045 doctrina
1468 990 1628 1061 Legis
1673 994 2062 1059 assuntpserat.

470 1085 702 1156 Legerat
748 1086 936 1141 enim:
987 1083 1090 1150 Qui
1139 1083 1304 1152 parcit
1335 1083 1537 1150 baculo,
1579 1082 1690 1138 odit
1716 1083 1886 1151 ﬁlium
1925 1097 2077 1136 suum

472 1178 493 1252 (
520 1177 677 1232 Prov.
701 1192 816 1242 stu,
845 1176 916 1231 24
939 1179 979 1246 ).
1029 1177 1258 1245 Legerat
1285 1177 1444 1230 etiam
1473 1175 1598 1243 quia
1622 1189 1816 1244 agnum
1848 1173 2080 1231 mandu-

471 1281 679 1334 cantes,
705 1270 958 1326 baculum
987 1269 1041 1324 in
1079 1268 1326 1325 manibus
1373 1267 1574 1324 habere
1621 1275 1893 1336 praecepto
1946 1281 2079 1337 pro-

471 1364 688 1434 phetico
732 1363 1062 1434 jubebantur
1111 1361 1328 1435 (Exod.
1361 1378 1456 1427 xu,
1493 1363 1552 1416 ll
1578 1361 1616 1432 ).
1649 1362 1714 1416 Et
1740 1360 1861 1416 ideo
1901 1360 2081 1415 Domi-

475 1474 575 1516 nus
615 1459 668 1514 in
701 1459 867 1515 veteri
895 1458 1248 1515 Testamento
1274 1458 1388 1512 ait:
1427 1456 1656 1511 Visitabo
1700 1457 1754 1510 in
1791 1457 1936 1529 virga
1977 1457 2079 1510 ἰηι-

473 1552 692 1623 quitates
737 1567 912 1607 eorum
938 1553 958 1623 (
987 1551 1132 1606 Paul.
1177 1565 1441 1618 Luxvut,
1475 1551 1545 1608 55
1566 1549 1606 1622 ).
1640 1550 1696 1605 ln
1727 1565 1868 1606 novo
1899 1561 2082 1606 autem

477 1659 538 1699 se
569 1645 744 1714 ipsum
773 1644 988 1709 obtulit,
1022 1644 1416 1715 .utignosceret
1440 1644 1726 1710 universis,
1761 1643 1987 1700 dicens:
2020 1644 2082 1699 Si

2173 799 2317 856 letur
2350 816 2364 866 ;
2399 807 2457 854 ut
2493 801 2711 869 quando
2756 799 2937 854 divina
2982 798 3337 864 mandantur,
3374 800 3656 870 paulisper
3702 815 3800 854 se—

2175 899 2528 961 questrentur
2577 893 2835 947 humana.
2885 890 3123 946 Pulchra
3167 899 3254 958 est
3299 891 3590 957 salutatio,
3622 899 3653 934 ε
3688 891 3800 950 sed

2179 983 2459 1054 pulchrior
2487 993 2695 1038 matura
2726 985 3008 1039 exsecutio
3030 984 3370 1051 divinorum,
3399 1001 3518 1052 qum
3541 1001 3643 1056 per
3666 1001 3796 1042 mo-

2178 1091 2293 1131 ram
2337 1091 2484 1148 saepe
2535 1078 2698 1132 traxit
2738 1077 3023 1133 olfensam.
3077 1077 3210 1140 Ideo
3236 1086 3420 1136 autem
3463 1086 3520 1134 et
3549 1078 3795 1141 honesta

2180 1169 2576 1239 prohibentur,
2621 1186 2689 1228 ne
2745 1172 3008 1228 solemnis
3063 1171 3239 1242 gratia
3295 1169 3508 1244 15m
3556 1173 3800 1242 obrepat

2180 1263 2376 1329 officii,
2409 1275 2464 1322 et
2509 1265 2766 1335 impediat
2813 1266 3218 1334 ministerium,
3248 1267 3408 1336 cujus
3431 1280 3585 1324 mora
3625 1267 3800 1337 culpa

2181 1360 2273 1413 sit.

2254 1452 2345 1509 64.
2389 1452 2568 1526 (Vers.
2598 1453 2682 1526 8.)
2712 1453 2832 1511 Jam
2857 1453 2885 1493 ι)
2915 1454 3054 1512 illud
3074 1454 3246 1511 virtus
3275 1455 3379 1516 alia
3401 1495 3415 1520 ,
3440 1471 3510 1511 ne
3539 1454 3799 1512 dednmo

2182 1544 2252 1600 ad
2283 1544 2503 1601 domum
2534 1547 2656 1617 quis
2703 1562 2836 1617 vaga
2869 1547 3130 1604 facilitate
3157 1547 3423 1618 demigret
3453 1560 3470 1614 ;
3501 1556 3565 1603 ut
3601 1561 3798 1605 serve-

2185 1654 2305 1694 mus
2332 1639 2495 1695 etiam
2521 1639 2774 1710 hospitali
2803 1641 2855 1695 in
2886 1656 3072 1698 amore
3094 1641 3460 1696 constantiam
3485 1682 3500 1708 ,
3526 1656 3636 1697 nec
3666 1656 3796 1696 coa-

450 1746 555 1791 °me
589 1737 839 1806 quat-itis,
871 1738 1024 1791 sinite
1052 1737 1144 1791 hos
1170 1736 1310 1791 abire
1335 1737 1351 1808 (
1377 1735 1536 1792 Joaa.
1562 1751 1714 1802 svnt,
1748 1734 1847 1809 8).
1882 1736 1953 1791 Et
1978 1737 2081 1791 ali-
2110 1736 2159 1798 B
2188 1731 2339 1794 litum
2363 1732 2619 1787 amicitiae
2648 1732 3108 1790 necessitudinem
3136 1732 3296 1789 facile
3321 1733 3669 1790 resolvamus
3693 1750 3708 1799 ;
3738 1743 3795 1790 ut

477 1828 531 1882 bi
573 1827 745 1882 habes
785 1829 906 1898 quia
953 1843 1074 1882 cum
1117 1829 1347 1898 apostoli
1390 1829 1566 1899 ignem
1609 1829 1678 1884 de
1715 1828 1857 1884 caelo
1897 1840 2082 1899 petere

479 1918 703 1986 vellent,
736 1929 794 1973 ut
836 1928 1180 1975 consumeret
1205 1921 1596 1987 Samaritanos,
1625 1921 1715 1991 qui
1747 1920 1932 1975 Jesutu
1977 1922 2082 1976 Do—

482 2014 686 2078 minam
736 2013 876 2067 intra
921 2014 1194 2069 civitatem
1249 2030 1400 2068 suam
1457 2016 1698 2082 recipere
1752 2016 2080 2071 noluerunt:

483 2106 768 2164 Conuersus
805 2107 1085 2178 increpavit
1119 2107 1262 2172 illos,
1303 2115 1358 2161 et
1383 2109 1458 2162 ait
1487 2125 1500 2161 :
1536 2106 1763 2162 Nescitis
1793 2111 1940 2181 cujus
1969 2110 2081 2180 spi-

482 2201 616 2255 ritus
642 2200 760 2254 estis
782 2215 805 2266 ;ι
835 2198 1007 2253 Filius
1036 2201 1172 2253 enim
1201 2200 1420 2254 hominis
1439 2196 1552 2254 non
1575 2201 1711 2254 venit
1734 2201 1938 2255 animus
1961 2216 2081 2269 per-

480 2291 600 2346 dere
638 2291 920 2354 hominum,
954 2290 1045 2346 sed
1071 2291 1238 2345 salvas
1263 2290 1430 2361 facere
1456 2290 1474 2363 (
1502 2289 1630 2351 Luc.
1662 2306 1735 2354 ιχ.
1779 2289 1848 2345 55
1873 2303 1920 2346 et
1945 2291 2015 2347 56
2037 2289 2079 2363 ).

554 2383 645 2439 61.
690 2381 1055 2439 Perlectiores
1077 2397 1211 2453 ergo
1235 2383 1355 2441 sine
1381 2383 1533 2453 virga
1560 2381 1904 2452 diriguntur,
1932 2386 2084 2440 infir-

483 2477 686 2533 miorcs
722 2490 847 2534 cum
879 2475 1072 2534 baculo
1103 2475 1452 2534 manducant.
1494 2475 1602 2532 Sed
1633 2486 1690 2532 et
1730 2476 1929 2534 Paulus
1970 2479 2082 2533 vir-

481 2585 604 2640 gam
635 2568 854 2638 quidem
899 2569 1134 2628 minatur
1165 2587 1178 2621 :
1207 2568 1302 2629 sctl
1337 2570 1390 2622 in
1421 2569 1617 2638 spiritu
1649 2569 2084 2628 mansuetudinis

483 2661 669 2718 visilat
713 2660 1116 2731 delinquentes.
1172 2660 1418 2730 Denique
1459 2671 1514 2722 ut
1559 2662 1702 2722 scias
1740 2663 1928 2720 mitem
1963 2677 2086 2720 esse

483 2753 798 2816 doctorem,
825 2767 1016 2810 eorum
1045 2753 1290 2822 ipsorum
1321 2768 1460 2822 quos
1484 2755 1689 2824 arguit,
1724 2755 1962 2810 consulit
1987 2771 2082 2810 vo-

486 2846 749 2900 luntatem
787 2845 966 2911 :Quid
1013 2835 1440 2915 cultis,,inquit,
1486 2848 1539 2902 in
1585 2849 1734 2920 virga
1777 2851 1976 2904 veniam
2015 2849 2085 2904 ad

488 2953 595 3000 vos,
620 2953 688 2998 an
712 2936 768 2998 in,
789 2935 1040 2994 charitate
1066 2946 1114 2994 et
1142 2939 1330 3007 spiritu
1357 2943 1768 3004 mansuetudinis
1785 2942 1825 3015 (1
1851 2943 1971 3002 Cor.
2006 2960 2077 3010 tv,

484 3029 623 3094 21)?
651 3029 834 3090 Semel
860 3030 1068 3100 virgam
1099 3030 1264 3096 dixit,
1295 3031 1377 3088 bis
1407 3034 1626 3094 mitiora
1650 3035 1911 3105 subjecit,
1945 3037 2081 3106 adji-

2190 1826 2336 1895 pacis
2359 1827 2712 1894 praeferamus
2737 1827 2984 1884 nuntium
3007 1869 3022 1893 ,
3055 1837 3112 1881 ut
3141 1828 3257 1896 ipse
3280 1826 3484 1896 primus
3507 1825 3795 1896 ingressus

2187 1920 2336 1988 pacis
2373 1919 2758 1982 benedictione
2795 1921 3101 1978 celebretur
3130 1940 3144 1977 :
3177 1922 3298 1978 cibo
3329 1931 3569 1994 potuque
3602 1923 3792 1980 oblato

2185 2023 2440 2084 oportere
2469 2030 2570 2071 nos
2609 2030 2734 2071 esse
2767 2025 3085 2084 contentos,
3119 2016 3322 2074 vexilla
3353 2015 3481 2072 ﬁdei
3520 2033 3630 2074 non
3670 2033 3794 2087 prec

2187 2107 2408 2175 tuenda,
2437 2117 2491 2167 et
2520 2109 2674 2182 regni
2693 2110 2930 2166 cmlestis
2960 2109 3316 2180 Evangelium
3347 2109 3790 2180 przedicandum,

2187 2200 2574 2256 excutiendum
2605 2202 2671 2256 de
2695 2202 2926 2272 pedibus
2955 2203 3263 2272 pulverem,
3298 2202 3345 2258 si
3371 2203 3498 2274 quis
3518 2201 3791 2270 recipiam

2186 2292 2286 2348 dos
2305 2293 2542 2349 civitatis
2579 2295 2816 2364 hospitio
2850 2312 2957 2351 non
2993 2295 3282 2366 putaverit.

2260 2385 2348 2441 65.
2393 2385 2576 2457 (Vers.
2627 2386 2840 2460 43-21.)
2897 2389 3063 2444 Docet
3090 2389 3254 2448 etiam
3311 2389 3549 2460 graviori
3607 2404 3790 2460 paena:

2188 2480 2454 2536 obnoxios
2512 2480 2630 2537 fore
2682 2484 2772 2553 qui
2825 2483 3180 2554 Evangelium
3232 2498 3340 2538 non
3410 2483 3784 2553 sequendum,

2187 2589 2348 2644 quam
2389 2574 2480 2645 qui
2525 2574 2729 2647 Legem
2769 2577 3142 2646 judicaverint
3171 2591 3292 2635 ease
3317 2577 3640 2635 solvendam
3675 2595 3692 2644 ;
3723 2593 3788 2634 eo

2188 2665 2332 2734 quod
2359 2665 2534 2737 Tyrus
2564 2678 2620 2725 et
2643 2668 2814 2724 Sidon
2834 2670 2878 2724 si
2904 2679 3049 2725 tanta
3082 2672 3458 2741 operationutn
3481 2673 3784 2728 celestium

2189 2759 2455 2815 vidissent
2481 2762 2740 2818 miracula
2759 2803 2774 2827 ,
2807 2777 2914 2818 non
2941 2762 3323 2833 despexissent
3344 2764 3652 2820 remedium
3679 2777 3788 2833 pte—

2190 2852 2449 2908 uiteutiie.
2492 2851 2656 2910 lstaut
2693 2869 2909 2925 quoque
2947 2855 3029 2913 vel
3057 2854 3394 2914 afﬂuentiam
3421 2855 3506 2915 vel
3549 2856 3788 2913 insolen-

2193 2947 2322 3006 tiam
2363 2932 2685 3004 saecularem
2737 2963 2914 3019 neque
2953 2949 3160 3009 ccelesti
3206 2950 3416 3006 muneri
3461 2965 3787 3021 comparan-

2192 3042 2314 3096 dam
2343 3084 2356 3103 ,
2395 3058 2570 3112 neque
2618 3057 2808 3097 rursus
2858 3042 2976 3096 sine
3008 3043 3254 3098 remedio
3292 3043 3641 3114 derelinqui,
3673 3059 3787 3098 cunt

484 3125 636 3180 ciens
661 3123 1132 3188 mansuetudinem
1158 3122 1434 3184 charitati.
1459 3125 1616 3190 Prius
1639 3137 1818 3184 tamen
1847 3131 2086 3189 minatus
2113 3130 2156 3192 C
2193 3135 2482 3202 unicuique
2513 3136 2585 3189 sit
2615 3135 2918 3190 subsidium
2950 3136 3276 3202 pmnitendi.
3325 3136 3617 3198 Postremo
3662 3151 3786 3201 anc-

483 3229 568 3276 est
607 3219 848 3288 virgam,
882 3219 977 3274 sed
1021 3217 1269 3278 exhibuit
1299 3220 1776 3281 mansuetudinem
1811 3237 1825 3287 ;
1865 3239 1988 3278 nam
2032 3227 2086 3280 in

482 3311 721 3368 secunda
752 3311 982 3380 epistola
1009 3311 1074 3364 ad
1103 3310 1332 3368 eosdem
1351 3309 1666 3368 Corinthios
1692 3315 1940 3370 scribens
1968 3317 2042 3371 ait
2069 3335 2083 3374 :

489 3404 690 3465 Testem
718 3403 886 3460 Deum
928 3404 1110 3462 invoco
1131 3405 1184 3458 in
1209 3405 1436 3460 animant-
1464 3424 1628 3466 meum
1651 3452 1664 3473 ,
1697 3410 1837 3479 quod
1863 3427 2084 3480 parcens

484 3496 627 3554 vobis
654 3511 755 3549 non
791 3495 905 3550 ueni
946 3497 1085 3550 ultra
1115 3496 1423 3556 Corinthum
1450 3498 1529 3571 (ll
1557 3498 1677 3555 Cor.
1715 3517 1764 3568 t,
1795 3502 1912 3572 25).
1943 3504 2085 3576 Audi

484 3605 591 3658 qua
641 3589 856 3644 ratione
892 3587 1166 3657 putaverit
1196 3604 1319 3644 esse
1352 3592 1682 3660 parcendum
1715 3611 1727 3647 :
1769 3593 1817 3649 Ν
1823 3613 1849 3649 e
1874 3596 2082 3663 iterum,

482 3682 689 3753 inquit,
723 3683 774 3737 in
802 3681 1012 3740 tristitia
1037 3683 1261 3743 uenirem
1286 3685 1356 3737 ad
1385 3700 1470 3740 uos
1494 3684 1514 3758 (
1537 3685 1582 3740 ll
1611 3687 1729 3746 Cor.
1761 3705 1830 3757 ιι,
1868 3687 1945 3760 l).
1976 3691 2085 3746 Ab.

475 3778 604 3846 iecit
641 3777 871 3846 virgam,
903 3784 959 3844 et
985 3775 1242 3836 allectum
1270 3778 1553 3838 charitatis
1588 3783 1901 3854 assumpsit.

551 3868 736 3932 (Vero.
765 3868 853 3938 4.)
896 3866 960 3924 Et
985 3871 1240 3926 neminem
1264 3871 1613 3930 sahttaueritis
1633 3875 1689 3930 in
1721 3877 1827 3932 ria.

553 3961 646 4020 ϐξ.
688 3960 948 4018 Fortasse
969 3961 1298 4030 quibusdam
1327 3963 1433 4019 hoc
1460 3964 1658 4022 durum
1687 3978 1742 4022 et
1764 3969 2082 4040 superbum,

483 4069 584 4113 nec
610 4051 881 4115 mansueti
909 4059 965 4108 et
993 4051 1216 4110 humilis
1249 4056 1462 4112 Domini
1490 4070 1766 4127 praecepto
1789 4063 2085 4122 convenire

477 4148 759 4216 videatur,
787 4152 932 4220 quod
962 4153 1054 4207 ille
1083 4153 1175 4222 qui
1202 4152 1365 4207 etiam
1397 4151 1761 4210 accubitionis
1791 4155 1916 4210 loco
1946 4173 2085 4224 [πω-

477 4243 624 4313 cepit
659 4257 783 4299 esse
817 4244 1122 4300 cedendum
1144 4288 1158 4312 ,
1192 4243 1296 4302 hoc
1335 4245 1455 4301 loco
1491 4246 1713 4302 mandet
1754 4247 2077 4318 discipulis:

483 4334 756 4393 Neminem
799 4336 1146 4396 salutaueritis
1184 4338 1240 4392 in
1278 4338 1360 4392 uia
1390 4335 1546 4409 (Luc.
1579 4354 1642 4405 ι,
1676 4337 1736 4409 4)
1766 4355 1781 4404 ;
1811 4354 1936 4394 cum
1980 4340 2084 4396 iste

475 4433 785 4488 communis
805 4435 880 4488 sit
910 4447 1044 4488 usus
1067 4432 1278 4504 gratiae.
1305 4431 1396 4487 Sic
1419 4431 1710 4488 inferiores
1737 4433 2080 4502 superiorum

2193 3229 2262 3281 rit
2296 3228 2522 3282 caeleste
2564 3229 2920 3299 mysterium,
2950 3228 3098 3299 quod
3130 3228 3392 3299 placuerit
3436 3230 3551 3288 Deo
3591 3241 3646 3286 ut
3679 3245 3791 3298 par-

2194 3318 2332 3380 vulis
2374 3320 2544 3388 magis
2582 3335 2744 3389 quam
2793 3321 3148 3388 prudentibus
3197 3323 3355 3377 istius
3401 3323 3597 3381 mundi
3644 3337 3787 3376 suam

2190 3411 2420 3481 gratiam
2447 3413 2736 3468 revelarct.
2763 3413 2920 3481 Quod
2965 3415 3250 3489 apostolus
3280 3415 3478 3470 Paulus
3507 3417 3657 3486 5|on
3687 3417 3791 3486 plc-

2192 3504 2346 3560 niore
2375 3504 2602 3575 digessit
2628 3506 2815 3561 dicens
2851 3523 2865 3560 :
2902 3506 3090 3562 Nonne
3131 3509 3344 3563 stultam
3375 3510 3494 3580 fecit
3522 3507 3672 3565 Deus
3706 3527 3788 3563 sa-

2191 3595 2435 3664 pientiam
2465 3596 2620 3667 hujus
2646 3597 2870 3651 mundi?
2896 3596 3038 3653 Nunt
3063 3599 3304 3668 quoniam
3328 3601 3382 3652 in
3411 3598 3508 3654 Dei
3540 3601 3788 3670 sapientia

2190 3703 2292 3744 non
2331 3689 2566 3756 cognovit
2616 3686 2700 3742 hic
2730 3690 2955 3744 mundus
2985 3707 3075 3760 per
3100 3690 3409 3759 sapientium
3439 3689 3637 3760 Deum,
3681 3695 3787 3763 pla-

2188 3781 2293 3838 cnit
2318 3779 2427 3835 Deo
2452 3797 2542 3851 per
2565 3780 2843 3835 stultitiam
2871 3782 3258 3854 praedicationis
3287 3783 3456 3842 salvos
3485 3789 3661 3856 facere
3684 3801 3788 3838 crc-

2189 3873 2365 3929 dentes
2394 3872 2449 3940 (1
2479 3870 2602 3927 Car.
2635 3889 2685 3940 ι,
2708 3873 2783 3930 20
2810 3884 2856 3928 et
2881 3872 2997 3946 ﬁl).

2262 3966 2350 4022 66.
2393 3967 2684 4022 Parvulum
2726 3982 2856 4038 ergo
2899 3966 3262 4037 accipiamus,
3309 3969 3402 4037 qui
3443 3984 3505 4026 se
3549 3969 3783 4026 exaltare

2191 4075 2298 4113 non
2332 4059 2578 4128 noverit,
2610 4068 2665 4114 et
2711 4058 3009 4138 phaleratis
3057 4059 3403 4116 sermonibus
3451 4073 3629 4118 artem
3677 4073 3781 4116 sua:

2185 4149 2394 4220 jactare
2420 4150 2743 4220 prudentiae,
2773 4151 2916 4222 quod
2945 4151 3256 4223 pltilosOplti
3283 4153 3535 4233 plerique
3566 4156 3774 4210 faciunt.

2188 4240 2458 4300 Parvulus
2503 4253 2622 4299 erat
2671 4243 2760 4314 qui
2809 4243 2995 4300 dixit:
3033 4242 3265 4310 Domine,
3327 4262 3430 4300 non
3476 4257 3553 4300 est
3592 4245 3777 4300 exalta—

2188 4344 2297 4392 tum
2346 4352 2434 4390 cor
2475 4352 2676 4404 meum,
2746 4353 2904 4407 neque
2953 4337 3075 4392 elati
3116 4347 3232 4392 sunt
3281 4338 3418 4392 oculi
3461 4340 3593 4406 mei,
3631 4351 3777 4406 neque

2187 4428 2444 4484 ambulavi
2471 4429 2526 4483 in
2566 4429 2766 4500 magnis
2791 4469 2805 4492 ,
2840 4445 2998 4498 neque
3041 4429 3095 4484 in
3140 4429 3462 4483 mirabilibus
3514 4445 3668 4501 super
3705 4441 3775 4480 nte

479 4526 585 4584 sibi
630 4524 873 4582 favorem
901 4525 1195 4582 conciliare
1223 4535 1648 4582 consueverunt.
1679 4525 1925 4582 Gentiles
1949 4522 2363 4598 quo-D(Psal.
2406 4539 2578 4589 cxxx,
2623 4525 2690 4593 I).
2739 4522 2808 4577 Et
2836 4531 2894 4578 ut
2935 4522 3106 4579 scires
3155 4525 3440 4594 parvulum
3491 4525 3633 4578 hunc
3675 4535 3773 4576 nou

474 4636 580 4696 que
624 4637 746 4676 cum
791 4621 1119 4684 Christianis
1164 4621 1365 4675 habent
1411 4619 1724 4691 hujusmodi
1775 4619 2080 4676 ofﬁciorum

475 4714 831 4774 commercia.
867 4712 1154 4784 Quomodo
1182 4713 1441 4774 Dominus
1469 4712 1613 4770 hunc
1639 4728 1794 4772 usum
1824 4711 2080 4768 humani—

477 4807 605 4861 tatis
629 4806 856 4870 avellit?

542 4899 634 4955 65.
675 4898 783 4957 Sed
806 4900 1089 4956 considera
1120 4915 1226 4953 ttun
1262 4898 1367 4954 hoc
1396 4913 1521 4954 esse
1551 4898 1728 4953 solum
1758 4917 1769 4952 :
1800 4897 2076 4952 Neminem

470 4993 817 5052 salutaveritis
851 5014 864 5052 :
899 4995 994 5062 sed
1027 5011 1134 5050 non
1174 4992 1376 5049 frustra
1418 4992 1695 5062 additum,
1726 4990 1792 5050 In
1836 4994 1940 5058 ria.
1977 4995 2080 5049 De-

471 5085 638 5158 nique
667 5095 723 5142 et
754 5087 984 5150 Elisteus
1009 5087 1029 5159 (
1055 5086 1118 5144 IV
1147 5086 1274 5157 Reg.
1311 5102 1365 5151 tv
1385 5127 1399 5152 ,
1427 5086 1521 5156 ‘29)
1551 5101 1676 5146 cum
1699 5087 1940 5142 mitteret
1960 5100 2078 5150 ser—

472 5193 596 5231 vum
627 5193 785 5233 suum
810 5220 824 5244 ,
859 5188 916 5235 ut
963 5180 1216 5235 baculum
1244 5179 1367 5250 ejus
1409 5189 1637 5248 poneret
1679 5193 1843 5248 supra
1873 5193 2076 5249 corpus

466 5267 710 5325 defuncti
739 5271 934 5342 pueri,
966 5271 1243 5328 mandavit
1269 5274 1319 5328 ei
1352 5286 1420 5326 ne
1452 5270 1504 5325 iit
1541 5271 1626 5326 via
1653 5271 1890 5343 aliquem
1926 5272 2077 5327 salu-

535 5431 560 5459 ιι
585 5420 728 5478 Edit.
749 5425 969 5496 Amerb.
994 5441 1117 5484 cum
1140 5439 1270 5484 mss.
1296 5439 1404 5482 non
1431 5425 1638 5496 paucis,
1662 5425 1753 5479 sed
1774 5426 2063 5496 pulchrior,

462 5509 562 5568 quo
585 5495 832 5568 maturior
857 5497 1118 5552 exsecutio
1144 5495 1456 5552 divinorum.
1475 5496 1628 5562 Era.,
1647 5495 1781 5552 Gill.’
1799 5512 1861 5552 ac
1883 5495 2064 5568 llum.,

462 5564 552 5642 sed
567 5579 624 5636 ep
637 5564 922 5642 pulchrior,
935 5583 1034 5636 quo
1047 5579 1426 5642 praeceptorum
1437 5568 1689 5642 maturior
1704 5570 1962 5642 exsecutio
1987 5564 2068 5642 di;

462 5637 713 5686 uiuorum.
757 5637 858 5692 Alii
901 5637 1057 5705 niss,’
1085 5637 1178 5710 qui
1223 5650 1278 5708 et
1324 5647 1466 5696 nota:
1513 5639 1871 5709 probatioris,
1903 5649 1962 5702 ut
2009 5640 2062 5696 in

471 5711 634 5762 textu.
1516 5713 1524 5723 '

2185 4625 2373 4681 actate,
2430 4631 2536 4672 non
2596 4631 2759 4671 sensu
2813 4616 3018 4684 fuisse,
3062 4618 3161 4672 sed
3218 4617 3526 4672 humilitate
3576 4621 3772 4681 sua,et

2183 4708 2413 4782 quadam
2438 4709 2801 4768 declinatione
2823 4709 3133 4778 jactantiai,
3162 4710 3368 4765 addidit
3395 4728 3406 4763 :
3433 4711 3543 4765 Sed
3565 4705 3772 4763 exaltari

2181 4806 2408 4857 animam
2432 4819 2599 4858 meam
2632 4801 2797 4874 (Ibid.
2821 4802 2932 4873 ,2).
2971 4801 3131 4860 Vides
3158 4819 3321 4876 quam
3353 4803 3602 4858 excelsus
3622 4798 3770 4855 fuerit

2185 4896 2273 4951 hic
2307 4896 2562 4965 parvulus
2581 4937 2595 4962 ,
2619 4905 2824 4968 quanto
2851 4897 3114 4950 virtutum
3140 4896 3390 4951 sublimis
3411 4893 3656 4953 vertice?
3679 4890 3769 4944 Ta-

2183 4987 2262 5046 les
2293 5005 2409 5060 _nos
2455 4989 2714 5059 parvulos
2750 4990 2864 5044 vult
2915 5005 3038 5045 esse
3070 4991 3365 5062 Apostolus
3389 5030 3404 5058 ,
3435 5004 3559 5043 cum
3605 4985 3762 5042 dicit:

2183 5081 2244 5138 Si
2286 5085 2400 5154 quis
2430 5082 2632 5136 videtur
2655 5085 2860 5153 sapiens
2889 5099 2998 5137 esse
3025 5083 3158 5137 inter
3185 5098 3271 5137 vos
3311 5084 3364 5138 in
3401 5081 3501 5137 hoc
3549 5079 3725 5142 steculo
3746 5115 3760 5144 ,

2179 5176 2364 5229 stultus
2386 5173 2478 5242 ﬁat
2496 5215 2511 5242 ,
2539 5184 2596 5228 ut
2620 5176 2684 5229 sit
2711 5176 2917 5244 sapiens
2943 5191 2962 5240 ;
2989 5175 3246 5244 sapientia
3266 5176 3402 5229 enim
3423 5173 3581 5247 hujus
3601 5165 3762 5226 διείπιὶ

2176 5268 2399 5330 stultitia
2425 5278 2499 5322 est
2526 5267 2668 5339 apud
2691 5266 2855 5323 Deum
2876 5267 2936 5339 (ι
2962 5267 3082 5323 Cor.
3119 5284 3215 5337 ιιι,
3245 5268 3312 5324 18
3338 5278 3385 5323 et
3414 5267 3529 5339 19).

2247 5424 2274 5463 δ
2323 5425 2525 5481 Omnes
2574 5425 2736 5490 edit.,
2769 5427 2863 5490 illa
2913 5429 3154 5484 moralia.
3205 5427 3407 5485 Omnes
3462 5419 3754 5491 m$5.,illltll

2179 5497 2424 5570 (unicus,
2454 5495 2761 5570 illa)ruirtus
2792 5498 2918 5552 alia.
2950 5498 3097 5554 Idem
3125 5511 3208 5555 est
3234 5509 3415 5555 autem
3444 5514 3507 5560 ac
3545 5498 3589 5570 si
3627 5495 3752 5560 lege-

2177 5568 2362 5634 retur,
2401 5569 2534 5643 illud
2559 5569 2622 5632 de
2659 5586 2760 5640 quo
2785 5573 2904 5643 jam
2941 5572 3197 5636 dicemus,
3227 5571 3297 5628 ad
3342 5571 3501 5632 aliam
3538 5568 3747 5640 uirtutem

2173 5641 2500 5714 referendum
2525 5653 2621 5706 cst.
