3960 6296
218 235 363 292 1717

1194 232 1562 290 EXPOSITIO
1600 234 1856 294 EVANG.
1895 234 2041 292 SEC.
2084 235 2238 292 LUC.
2280 235 2412 292 LIB.
2449 237 2559 293 Vll.

3389 236 3528 293 1718

283 349 378 404 67.
426 346 608 418 (Vera.
637 345 758 414 22.)
791 345 1204 406 Palclierrimus
1230 345 1568 400 connectitur
1612 344 1681 401 de
1713 344 1818 402 ﬁde
1843 347 1894 412 Α
1923 361 2145 402 servare
2169 361 2331 418 quam
2358 349 2614 412 vincere,
2648 346 2956 404 meretricis
2985 345 3136 416 prius
3174 345 3398 402 mandat
3440 361 3527 400 sa-

206 441 403 506 locus,
437 439 658 512 quando
703 439 885 494 omnia
914 438 1017 493 sibi
1051 438 1247 494 tradita
1278 436 1410 492 dicit
1433 453 1462 491 a
1494 436 1655 493 Patre
1699 453 1818 494 suo.

205 532 351 590 Cum
384 534 560 589 omnia
599 532 762 602 legis,
797 532 1230 601 omnipotentem
1271 531 1555 602 agnoscis,
1589 547 1696 586 non
1728 532 1825 588 de-

205 628 490 691 colorem,
524 640 631 681 non
663 626 989 688 degenerem
1022 625 1200 681 Patris
1231 643 1243 678 :
1277 641 1400 680 cum
1431 626 1624 680 tradita
1655 625 1820 696 legis,

208 721 418 776 Filium
472 718 782 785 conﬁteris,
823 718 908 772 cui
965 732 1060 788 per
1115 729 1365 776 naturam
1423 719 1610 773 omnia
1662 717 1824 774 unius

206 813 536 874 substantia:
561 813 684 882 jure
712 810 821 866 sint
858 811 1110 883 propria,
1146 827 1255 866 non
1299 810 1446 867 dono
1484 811 1684 867 collata
1727 826 1822 882 per

204 907 470 978 gratiam.
502 904 726 960 Addidit
756 923 769 959 :

282 997 482 1072 (lbid.)
522 997 694 1053 Nemo
724 999 818 1054 scit
865 999 980 1066 quis
1027 1008 1099 1054 est
1149 998 1324 1056 Filius
1349 1041 1363 1065 ,
1397 1000 1495 1056 nisi
1534 998 1694 1056 Pater
1725 1017 1743 1055 :
1774 1011 1822 1057 et

204 1093 328 1162 quis
365 1103 438 1148 est
469 1091 629 1146 Pater
649 1133 664 1158 ,
697 1091 801 1148 nisi
839 1088 1012 1148 Filius
1040 1134 1054 1159 ,
1085 1102 1136 1147 et
1165 1093 1248 1146 cui
1279 1093 1498 1148 voluerit
1531 1091 1704 1150 Filius
1741 1111 1822 1149 re-

205 1186 322 1240 vela
331 1202 407 1240 re.

284 1278 380 1334 68.
422 1277 593 1344 Quem
628 1277 804 1334 locum
837 1277 889 1340 in
925 1278 987 1333 iis
1017 1293 1154 1349 quos
1183 1278 1250 1334 de
1281 1278 1414 1334 Fide
1441 1279 1637 1351 scripsi
1664 1279 1821 1336 libel-

204 1370 300 1438 lis,
351 1369 572 1430 memini
614 1385 720 1426 non
755 1384 878 1426 esse
922 1371 1259 1442 praeteritum
1296 1370 1432 1441 (Lib.
1473 1387 1524 1427 ιν
1554 1372 1618 1426 de
1645 1369 1814 1441 Fide,

202 1479 327 1532 cap.
362 1461 443 1532 6).
477 1461 546 1518 Ut
574 1463 716 1517 scias
739 1472 920 1517 autem
953 1463 1078 1533 quia
1103 1463 1244 1518 sicut
1269 1463 1440 1519 Filius
1462 1465 1676 1522 Patrem
1701 1467 1821 1535 qui-

204 1555 312 1611 bus
355 1556 474 1614 vult
525 1555 766 1625 revelat,
797 1557 960 1614 etiam
1011 1557 1174 1612 Pater
1217 1558 1424 1614 revelat
1465 1557 1660 1627 quibus
1705 1559 1820 1614 vult

203 1647 409 1702 Filium
431 1689 447 1716 ,
477 1648 609 1703 audi
638 1649 914 1706 dicentem
946 1649 1119 1720 ipsum
1153 1649 1441 1705 Dominum
1469 1649 1652 1706 Jesum
1691 1665 1814 1706 cum

201 1739 458 1796 laudaret
481 1740 736 1806 Petrum,
764 1742 907 1813 quod
932 1757 1057 1797 eum
1088 1741 1286 1798 Filium
1325 1743 1421 1798 Dei
1450 1757 1572 1800 esse
1602 1742 1819 1799 confes-

199 1849 301 1890 sus
345 1833 418 1890 sit
448 1851 460 1886 :
492 1832 689 1890 Beatus
734 1851 786 1888 es
811 1875 827 1900 ,
874 1834 1054 1889 Simon
1086 1833 1353 1906 Barjona,
1390 1837 1510 1904 quia
1555 1850 1655 1890 non
1693 1850 1813 1890 caro

199 1937 253 1980 et
303 1928 518 1998 sanguis
548 1927 790 1982 reuelauit
811 1927 904 1992 tibi
925 1969 940 1996 ,
974 1928 1064 1981 sed
1105 1926 1268 1983 Pater
1298 1945 1438 1990 meus
1482 1929 1568 1998 qui
1597 1929 1649 1982 in
1676 1928 1815 1984 cretis

200 2030 281 2074 est
309 2019 530 2092 (Matth.
563 2037 682 2087 xvt,
717 2021 827 2092 l7).

207 2112 214 2115 ⁷
538 2111 628 2167 69.
671 2111 853 2184 (Vers.
879 2112 1003 2184 25.)
1035 2111 1296 2180 Adhaeret
1319 2114 1402 2170 his
1426 2114 1621 2180 lectio,
1655 2123 1681 2152 ⁸
1710 2130 1818 2186 qua

196 2215 555 2280 exponuntur
579 2205 636 2264 hi
659 2207 746 2277 qui
771 2207 873 2262 sibi
905 2207 1202 2279 legisperiti
1229 2207 1481 2268 videntur
1498 2250 1512 2274 ,
1537 2208 1630 2280 qui
1652 2211 1816 2267 verba

199 2299 371 2370 Legis
395 2309 613 2366 tenent,
643 2301 754 2356 vim
783 2299 945 2371 Legis
978 2301 1230 2372 ignorant
1263 2319 1276 2358 :
1310 2311 1364 2358 et
1395 2318 1460 2358 ex
1494 2304 1613 2373 ipso
1641 2305 1817 2374 primo

202 2392 370 2463 Legis
418 2392 659 2463 capitulo
710 2394 872 2450 docet
916 2380 1038 2452 esse
1085 2395 1245 2465 Legis
1297 2395 1547 2466 ignaros,
1579 2397 1816 2468 probans

195 2485 350 2558 quod
381 2486 437 2541 in
473 2487 744 2558 principio
775 2489 959 2544 statim
1012 2489 1124 2544 Lex
1164 2501 1218 2545 et
1260 2491 1476 2548 Patrem
1520 2501 1574 2548 et
1617 2492 1815 2550 Filium

193 2579 626 2650 praedicarem,
672 2582 1065 2638 incarnationis
1113 2601 1326 2655 quoque
1378 2586 1671 2662 Dominicis:
1719 2604 1816 2644 an-

196 2673 541 2730 nuntiaverit
571 2661 1013 2744 sacramentum,
1044 2676 1232 2732 dicens
1264 2695 1277 2732 :
1308 2675 1508 2749 Diliges
1530 2661 1814 2736 Dominum

196 2761 371 2822 Deum
396 2775 635 2820 tuum....
654 2765 722 2820 Et
747 2765 933 2837 diliges
956 2770 1249 2838 proximum
1272 2779 1416 2826 tuum
1432 2771 1562 2826 sicut
1580 2779 1627 2828 te
1642 2771 1812 2841 ipsum

194 2855 385 2929 (Deut.
423 2873 476 2914 Vl
496 2900 510 2923 ,
555 2857 634 2930 5).

277 2951 368 3006 70.
413 2949 597 3026 (Vers.
640 2949 758 3026 28.)
810 2950 965 3008 Undc
1009 2953 1271 3010 Dominus
1303 2953 1379 3008 ait
1407 2953 1474 3012 ad
1524 2953 1813 3025 legispcri-

195 3053 314 3098 tum
341 3061 353 3097 :
381 3041 498 3104 Hoc
523 3041 630 3116 fac,
654 3054 700 3098 et
727 3045 882 3100 vives.
907 3049 974 3100 At
1006 3045 1099 3101 ille
1119 3048 1212 3117 qui
1242 3049 1477 3104 nesciret
1502 3049 1808 3118 proximum

1929 440 2096 495 lutem
2126 483 2140 505 ,
2173 454 2334 510 quam
2380 439 2649 495 excidium
2697 439 2937 495 civitatis
2969 457 2984 495 :
3018 437 3298 509 religionis
3345 448 3528 494 autem

1931 533 2159 603 insignia
2199 548 2348 587 arma
2388 541 2515 588 sunt
2557 531 2882 588 sacerdotis.
2915 529 3035 587 Jam
3081 529 3212 584 illud
3245 530 3367 599 quis
3419 545 3528 586 non

1929 628 2149 698 plenum
2177 637 2330 698 putet
2352 641 2477 682 esse
2506 625 2792 689 miraculi,
2821 625 2967 695 quod
2991 640 3058 680 ex
3080 633 3189 679 tota
3215 623 3350 682 urbe
3371 638 3535 682 nemo

1929 731 2180 778 servatus
2212 731 2330 788 est,
2369 721 2470 778 nisi
2497 737 2660 792 quem
2691 721 2948 777 meretrix
2979 719 3276 775 liberavit?

1999 818 2088 872 75.
2135 818 2260 872 llaec
2302 816 2568 886 simplicis
2617 813 2844 870 historia
2896 812 3144 868 veritatis
3173 819 3258 868 est
3289 829 3302 864 :
3333 826 3457 882 quae
3483 811 3530 868 si

1926 911 2090 966 altius
2119 909 2530 972 consideretur,
2552 907 2871 963 admiranda
2895 906 3076 977 signat
3097 906 3376 978 mysteria.
3405 906 3530 962 Ilie-

1926 1003 2080 1058 richo
2111 1003 2256 1058 enim
2282 1003 2450 1072 ﬁgura
2474 1002 2631 1055 istius
2655 999 2842 1054 mundi
2870 1009 2984 1062 est,
3016 999 3066 1054 in
3087 1013 3248 1068 quam
3278 997 3348 1053 de
3371 1011 3529 1068 para-

1926 1096 2076 1161 diso,
2113 1097 2215 1152 huc
2269 1104 2388 1160 est,
2421 1093 2489 1149 de
2538 1093 2876 1150 Hierusalem
2932 1091 3028 1147 illa
3070 1091 3281 1148 caelesti
3321 1091 3530 1161 ejectus

1925 1189 2097 1243 Adam
2155 1187 2621 1258 praevaricationis
2673 1185 3018 1256 prolapsione
3067 1183 3388 1250 descendit,
3423 1184 3526 1238 hoc

1924 1291 2007 1336 est
2027 1323 2041 1344 ,
2075 1280 2143 1335 de
2171 1281 2430 1336 vitalibus
2456 1277 2484 1318 δ
2514 1278 2581 1352 ad
2627 1277 2843 1334 inﬁrma
2891 1276 3207 1346 demigrans
3237 1293 3250 1328 :
3278 1279 3363 1340 cui
3414 1292 3522 1330 non

1925 1375 2066 1441 loci,
2101 1373 2194 1429 sed
2220 1389 2430 1428 morum
2462 1372 2692 1428 mutatio
2723 1381 2930 1430 natura:
2960 1385 3073 1425 sua:
3100 1369 3226 1424 fecit
3249 1367 3522 1428 exsilium.

1924 1467 2109 1538 Longe
2157 1468 2301 1521 enim
2353 1474 2592 1520 mutatus
2637 1465 2706 1520 ab
2753 1464 2843 1520 illo
2889 1463 3094 1526 Adam,
3137 1463 3228 1532 qui
3261 1461 3525 1522 inoffensa

1921 1561 2261 1620 beatitudine
2291 1560 2571 1616 fruebatur
2595 1601 2608 1624 ,
2637 1560 2726 1613 ubi
2770 1559 2821 1613 in
2865 1556 3144 1613 saecularia
3173 1565 3396 1626 peccata
3432 1555 3528 1612 de-

1923 1659 2079 1713 ﬁuxit
2100 1700 2114 1722 ,
2155 1657 2348 1712 incidit
2389 1657 2441 1711 in
2492 1655 2736 1710 latrones
2766 1671 2779 1708 :
2812 1655 2864 1707 in
2891 1667 3030 1722 quos
3061 1664 3168 1708 non
3201 1649 3487 1708 incidisset
3510 1690 3525 1715 .

1846 1751 1894 1810 B
1924 1754 2026 1808 nisi
2051 1753 2134 1807 his
2158 1751 2396 1807 mandati
2419 1751 2660 1807 cmlestis
2680 1749 2872 1805 devius
2892 1762 2952 1802 se
2970 1747 3186 1802 iecisset
3206 1746 3528 1802 obnoxium.

1920 1831 2019 1912 Qui
2050 1854 2176 1899 sunt
2196 1844 2285 1898 isti
2319 1844 2584 1907 latrones,
2613 1841 2716 1895 nisi
2757 1841 2929 1910 angeli
2960 1839 3135 1894 noctis
3179 1847 3342 1908 atque
3370 1846 3523 1896 tenu-

1917 1938 2163 2002 brarum,
2194 1935 2283 2006 qui
2310 1948 2368 1989 se
2391 1945 2797 2002 nonnumquam
2831 1929 3224 1999 transﬁgurant
3269 1927 3324 2000 in
3353 1941 3518 1998 ange-

1921 2029 2181 2095 loslucis,
2211 2027 2302 2081 sed
2335 2040 2689 2098 perseverare
2722 2039 2830 2078 non
2869 2021 3136 2092 possunt?
3187 2019 3251 2076 Hi
3279 2029 3406 2076 ante
3435 2019 3522 2074 di-

1921 2122 2157 2192 spoliant
2187 2135 2306 2190 quae
2339 2117 2650 2188 accepimus
2676 2115 2994 2171 indumenta
3021 2111 3210 2183 gratia:
3240 2112 3520 2182 spiritalis,

1921 2225 1974 2269 et
2004 2214 2082 2268 sic
2120 2211 2342 2266 vulnera
2405 2207 2619 2282 1428
2661 2207 2867 2264 inferre
2909 2212 3273 2270 consuerunt;
3306 2221 3431 2259 nam
3478 2207 3524 2257 si

1921 2305 2238 2360 intemerata
2253 2318 2373 2373 quae
2392 2302 2721 2371 sumpsimus
2747 2298 3064 2360 indumenta
3087 2311 3386 2360 servemus,
3409 2295 3528 2366 pla-

1921 2411 2016 2468 gas
2073 2395 2342 2450 latronum
2396 2395 2604 2450 sentire
2663 2405 2769 2469 non
2831 2405 3140 2463 possumus
3194 2389 3337 2469 Cave
3390 2403 3524 2468 ergo

1923 2491 2032 2564 (Cf.
2074 2493 2209 2562 Aug.
2251 2491 2341 2544 lib.
2374 2504 2389 2543 ι
2421 2498 2601 2543 contra
2637 2485 2753 2544 Jul.
2801 2485 3016 2554 Pelag,
3057 2500 3172 2546 cap.
3216 2481 3273 2552 3)
3305 2497 3372 2538 ne
3397 2492 3527 2538 ante

1919 2585 2143 2641 nuderis
2163 2627 2177 2648 ,
2207 2584 2345 2639 sicut
2370 2583 2542 2638 Adam
2587 2591 2716 2640 ante
2743 2578 2972 2638 nudatus
3000 2585 3115 2642 est,
3144 2575 3380 2639 mandati
3407 2590 3521 2640 cm-

1920 2680 2070 2736 lestis
2091 2678 2337 2735 custodia
2359 2678 2652 2734 destitutus
2671 2717 2688 2743 ,
2710 2685 2765 2730 et
2787 2683 2983 2735 exutus
3012 2671 3138 2744 ﬁdei
3161 2671 3487 2732 vestimento
3505 2711 3520 2734 ,

1916 2782 1972 2829 et
2001 2773 2078 2828 sic
2110 2772 2308 2827 lctliale
2338 2771 2535 2825 vulnus
2564 2767 2774 2840 accepit
2800 2785 2812 2823 :
2839 2767 2892 2822 in
2918 2781 3027 2837 quo
3049 2779 3210 2824 omne
3237 2779 3410 2834 genus
3430 2778 3521 2824 oc-

1917 2868 2139 2924 cidisset
2164 2867 2482 2931 humanum,
2513 2863 2616 2920 nisi
2639 2862 3014 2921 Samaritanus
3043 2858 3136 2916 ille
3155 2857 3520 2922 descendens,

1916 2963 2138 3017 vulnera
2171 2960 2288 3029 eius
2314 2958 2511 3013 acerba
2533 2965 2800 3011 curasset.

1988 3055 2077 3109 Ἠ.
2120 3053 2236 3108 Νοη
2291 3049 2585 3106 mediocris
2639 3045 2742 3104 iste
2788 3045 3196 3110 Samaritanus,
3249 3041 3341 3113 qui
3393 3056 3518 3110 eum

193 3152 364 3198 suum
394 3153 408 3202 ;
443 3137 569 3208 quia
609 3153 716 3194 non
759 3137 1020 3200 credebat
1053 3139 1103 3194 in
1132 3139 1444 3203 Christum.
1476 3140 1758 3211 respondit
1790 3157 1804 3198 :
1835 3141 1882 3206 C
1915 3161 2074 3218 quem
2106 3142 2394 3210 sacerdos,
2425 3156 2589 3212 quem
2622 3140 2782 3196 levita
2819 3137 3179 3207 despexerat,
3212 3150 3318 3196 non
3350 3131 3517 3198 etiam

195 3229 333 3297 Quis
364 3241 436 3285 est
463 3243 604 3284 meus
633 3231 898 3301 proximus
918 3231 944 3284 ?
969 3231 1154 3303 Itaque
1184 3234 1272 3303 qui
1299 3231 1574 3288 Christum
1602 3232 1806 3302 nescit,

194 3325 374 3384 nescit
409 3332 464 3379 et
486 3321 708 3396 Legem.
736 3324 1022 3392 Quomodo
1045 3325 1188 3380 enim
1220 3334 1402 3396 potest
1423 3325 1565 3384 scire
1587 3326 1808 3397 Legem,

191 3433 325 3480 cum
353 3418 634 3474 veritatem
666 3417 1037 3487 ignoret,cutn
1057 3417 1168 3473 Lex
1190 3405 1471 3473 ann‘untiet
1496 3419 1808 3474 veritatem?

270 3511 440 3590 (Vers
467 3513 585 3586 ἆυ.)
625 3511 803 3566 Homo
831 3512 1044 3583 quidam
1071 3529 1132 3567 ea.
1166 3511 1500 3572 Hierusalem
1526 3515 1807 3570 descende-

194 3608 282 3662 bat
306 3607 363 3660 in
393 3604 670 3671 Hiericho,
703 3617 753 3662 et
781 3607 964 3661 incidit
991 3608 1043 3660 in
1074 3607 1325 3662 latrones.

275 3701 366 3754 71.
412 3698 479 3756 Ut
509 3715 635 3756 eum
667 3701 843 3754 locum
875 3699 965 3770 qui
999 3700 1310 3769 propositus
1355 3710 1439 3760 est
1469 3699 1662 3766 nobis,
1697 3700 1811 3770 pla-

194 3796 324 3860 nius
358 3797 632 3867 possimus
658 3795 944 3851 absolvere
966 3837 980 3862 ,
1013 3807 1254 3858 veterem
1284 3796 1525 3852 civitatis
1553 3795 1810 3854 Hiericho

193 3902 515 3961 repetamus
543 3890 852 3945 historiam.
885 3891 1228 3946 Meminimus
1261 3892 1440 3962 itaque
1460 3892 1603 3960 quod
1632 3891 1808 3948 Hieri-

193 3985 306 4042 cho
323 4027 339 4051 ,
363 3986 504 4042 sicut
533 3985 761 4054 legimus
786 3985 836 4038 in
859 3984 998 4042 libro
1021 3985 1111 4055 qui
1136 3984 1450 4044 inscribitur
1473 3984 1599 4040 Jesu
1621 3984 1770 4040 Nave
1789 4009 1827 4052 ,-

196 4093 401 4150 rnagna
447 4079 640 4134 civitas
694 4078 891 4144 fuerit,
934 4078 1232 4140 muralibus
1274 4087 1427 4148 septa
1478 4078 1804 4147 parietibus,

195 4188 325 4245 qua:
354 4187 463 4228 non
488 4170 639 4226 ferro
667 4171 847 4240 pervia
867 4213 882 4238 ,
911 4188 1025 4228 non
1054 4173 1210 4228 arieti
1261 4181 1446 4242 posset
1487 4185 1610 4226 esse
1642 4186 1806 4240 pene—

198 4267 415 4324 trabilis
466 4264 656 4339 (Iosue
684 4282 736 4320 vt
757 4307 771 4332 ,
801 4264 842 4339 t)
874 4284 886 4318 :
918 4270 970 4324 in
1011 4282 1071 4322 ea
1107 4266 1295 4321 Rhaab
1323 4266 1602 4342 habitasse
1631 4280 1809 4321 mere-

197 4363 393 4418 tricem
418 4376 540 4432 qute
561 4361 940 4430 exploratores
963 4375 1104 4431 quos
1124 4359 1325 4416 direxit
1345 4358 1504 4416 Jesns
1524 4399 1540 4425 ,
1571 4358 1808 4428 hospitio

194 4456 452 4526 recepit,
499 4455 732 4518 collsilio
800 4454 1097 4520 instruxit,
1143 4453 1548 4522 postulantibus
1593 4451 1806 4508 civibus

1915 3242 2030 3311 ipse
2057 3239 2326 3309 deSpexit.
2371 3234 2480 3290 Nec
2508 3232 2775 3288 vocabulo
2805 3240 2968 3291 scolae
3013 3227 3285 3298 despicias
3307 3266 3322 3293 ,
3352 3239 3516 3297 quem

1915 3332 2063 3387 verbi
2097 3328 2549 3400 interpretatione
2587 3323 2914 3388 miraberis;
2946 3319 3274 3394 Samaritani
3313 3316 3516 3384 etetiim

1917 3427 2182 3483 vocabulo
2204 3432 2388 3480 custos
2411 3421 2768 3492 signiﬁcatur.
2795 3419 2911 3474 lIoc
2933 3417 3094 3472 habet
3114 3411 3509 3484 interpretatio.

1914 3522 1980 3575 Et
2004 3521 2125 3590 quis
2155 3527 2240 3572 cst
2269 3525 2458 3572 custos
2481 3556 2494 3579 ,
2524 3513 2628 3572 nisi
2651 3511 2746 3579 ille
2774 3510 2842 3568 de
2873 3525 2984 3579 quo
3014 3507 3216 3568 dictum
3243 3513 3324 3566 est
3349 3521 3362 3556 :
3387 3502 3508 3566 Cus-

1911 3615 2110 3669 todiens
2141 3611 2383 3682 parvulos
2417 3604 2855 3678 Dominus(Psal.
2875 3618 3001 3661 cxtv
3021 3643 3036 3668 ,
3067 3600 3166 3672 6)?
3199 3599 3384 3670 Itaque
3410 3595 3518 3658 sic-

1911 3718 1966 3764 ut
2004 3706 2223 3764 .ludzeus
2261 3705 2399 3758 alius
2435 3703 2488 3756 in
2532 3701 2738 3765 littera,
2796 3697 2934 3753 alius
2977 3696 3029 3752 in
3075 3694 3270 3765 spiritu
3303 3709 3315 3745 :
3350 3692 3420 3756 ita
3463 3701 3517 3750 et

1913 3800 2289 3857 Samaritanus
2310 3838 2324 3863 ,
2352 3795 2493 3851 alius
2524 3793 2685 3857 loris,
2719 3791 2858 3846 alius
2901 3790 2954 3844 in
2995 3787 3229 3846 occulto.
3257 3783 3354 3850 Hic
3385 3797 3518 3853 ergo

1913 3896 2289 3954 Samaritanus
2337 3889 2674 3946 descendens
2723 3886 2845 3954 quis
2895 3882 3018 3938 est?
3071 3879 3293 3937 Scilicet
3346 3895 3357 3934 :
3412 3875 3516 3940 Qui

1910 3987 2171 4044 descendit
2211 3987 2274 4039 de
2300 3984 2459 4047 caelo,
2497 3990 2545 4035 et
2587 3979 2671 4049 qui
2715 3975 2945 4032 ascendit
2989 3974 3043 4028 in
3087 3972 3304 4037 calum,
3340 3965 3514 4032 Filius

1911 4080 2132 4135 hominis
2156 4078 2244 4148 qui
2275 4077 2423 4132 estin
2451 4075 2578 4129 calo
2618 4071 2800 4143 (Joan.
2834 4085 2921 4133 ιιι,
2959 4065 3090 4136 1ὖ)ἳ
3121 4061 3325 4132 Videtis
3351 4058 3533 4122 senii--

1910 4177 2090 4230 vivum
2109 4214 2125 4240 ,
2151 4187 2310 4242 quem
2342 4185 2502 4224 nemo
2523 4173 2780 4237 potuerat
2798 4175 2926 4216 ante
2949 4171 3143 4215 curare
3159 4199 3173 4222 ,
3198 4156 3340 4212 sicut
3364 4153 3511 4219 illam

1909 4283 2031 4339 qua:
2071 4281 2231 4328 cursu
2262 4261 2542 4334 sanguinis
2574 4257 2880 4330 proﬂuens.
2915 4254 2970 4310 in
3002 4250 3228 4312 medicis
3255 4261 3517 4322 erogave-

1911 4337 1997 4415 rat
2015 4358 2177 4414 omne
2211 4354 2596 4428 patrimonium
2629 4364 2788 4407 suum
2815 4365 2828 4403 :
2867 4345 3016 4406 Venit
3043 4360 3186 4406 secus
3211 4357 3326 4402 eum
3353 4337 3512 4412 (Luc.

1911 4470 2039 4520 vtn,
2075 4452 2148 4508 45
2192 4460 2240 4505 et
2291 4449 2420 4520 Η),
2453 4449 2557 4506 ltoc
2601 4455 2716 4508 est,
2759 4441 2932 4496 lactus
2983 4447 3068 4494 est
3119 4430 3516 4503 compassipnis

194 4525 406 4614 abiisse
431 4547 750 4620 respondit,
779 4549 1066 4612 abscondit
1092 4551 1143 4610 in
1175 4559 1320 4606 tecto
1353 4567 1365 4603 :
1395 4556 1450 4604 et
1477 4557 1535 4603 ut
1558 4563 1617 4602 se
1645 4563 1805 4603 suos-
1832 4527 1886 4587 Ῑ)
1912 4557 2111 4603 nostra:
2141 4544 2486 4612 susceptione
2516 4539 2807 4606 ﬁnitimus,
2839 4544 2892 4590 et
2921 4527 3310 4590 misericordia:
3348 4525 3515 4590 colla-

195 4660 308 4715 que
331 4643 485 4700 urbis
510 4643 726 4701 excidio
747 4654 933 4713 posset
954 4644 1198 4710 eripere,
1223 4657 1449 4704 coccum
1481 4642 1531 4696 in
1563 4640 1805 4704 leuestra

195 4736 390 4807 ligavit
419 4735 600 4807 (Iosue
628 4751 694 4803 ll,
722 4735 757 4791 4
782 4746 826 4790 et
852 4735 984 4807 seq.)
1016 4754 1028 4790 :
1062 4735 1213 4796 urbis
1239 4745 1423 4791 autem
1455 4735 1626 4804 ipsius
1655 4737 1807 4790 inex-

198 4831 528 4903 pugnabiles
585 4845 771 4894 muros
825 4841 1037 4901 septem
1088 4830 1336 4886 tubarum
1388 4828 1807 4884 sacerdotalium

196 4941 340 4980 sono
365 4934 422 4986 et
455 4926 640 4995 populi
677 4924 960 4996 jubilantis
1005 4924 1210 4983 ululatu
1240 4939 1486 4980 consono
1534 4924 1809 4979 corruisse

197 5017 391 5090 (Iosue
419 5034 504 5084 vt,
541 5017 659 5089 20).

273 5112 366 5167 Η.
412 5111 603 5167 Videte
633 5111 1091 5181 quemadmodum
1123 5111 1492 5180 unusquisque
1526 5110 1806 5180 proprium

199 5214 386 5272 servet
414 5205 653 5262 ofﬁcium
689 5221 701 5256 :
733 5206 1110 5274 eXploratores
1153 5204 1443 5271 excubias,
1488 5204 1807 5275 mysterium

202 5299 507 5364 meretrix,
560 5299 722 5354 ﬁdem
777 5300 987 5364 victor,
1038 5298 1362 5370 religionem
1413 5297 1690 5353 sacerdos.
1747 5297 1811 5352 Hi

203 5393 508 5462 periculum
560 5408 658 5462 pro
711 5392 869 5448 laude
917 5410 1024 5447 non
1069 5402 1355 5446 metuunt:
1385 5391 1477 5448 illa
1526 5401 1812 5461 susceptos

204 5501 308 5541 nec
333 5484 385 5542 in
415 5485 675 5554 periculis
718 5486 939 5556 prodit:
974 5485 1078 5540 iste
1123 5485 1390 5540 sollicitus
1430 5483 1592 5540 ﬁdetn
1636 5483 1808 5552 magis

277 5631 303 5660 ⁸
350 5621 506 5694 Boni.
537 5622 668 5688 edit.
704 5623 854 5691 sola,
885 5639 986 5694 qua
1014 5623 1363 5690 exploduntur
1397 5622 1480 5685 lii,
1512 5631 1620 5677 etc.

279 5694 307 5731 ι’
349 5693 547 5760 Otnnes
585 5695 719 5757 edit.
755 5705 811 5756 et
855 5693 987 5750 mss.
1034 5695 1270 5764 aliquot,
1299 5695 1366 5749 ad
1405 5695 1610 5764 inferna
1639 5693 1803 5748 denti-

203 5781 394 5847 grans.
431 5764 540 5846 A‘lii
566 5765 748 5848 plures
776 5763 1158 5858 potioresque,
1190 5766 1257 5821 ad
1289 5763 1520 5840 inﬁrma.
1563 5763 1752 5824 Melius
1785 5780 1802 5838 ;

1912 4643 2058 4695 tione
2087 4637 2324 4692 vicinus.

1984 4731 2167 4803 (Vera.
2212 4726 2330 4793 34.)
2372 4725 2439 4780 Et
2486 4722 2721 4793 alligauit
2775 4720 2986 4778 vulnera
3042 4718 3182 4788 ejus,
3235 4711 3515 4784 infundens

1907 4826 2080 4882 oleum
2105 4835 2152 4878 et
2193 4824 2386 4877 vinum.

1985 4919 2075 4974 75.
2120 4916 2285 4972 Multa
2319 4913 2712 4970 medicamenta
2744 4906 2985 4963 medicus
3028 4902 3192 4962 liabet
3221 4901 3351 4966 iste,
3387 4897 3512 4970 qui-

1915 5013 2013 5067 bus
2054 5025 2250 5066 sanare
2293 5006 2594 5063 consuevit.
2648 5002 2840 5060 Sermo
2886 4999 3007 5067 ejus
3055 4993 3514 5056 medicamentum

1912 5115 2018 5163 est.
2051 5105 2202 5160 Alius
2233 5103 2350 5174 ejus
2373 5115 2552 5156 sermo
2582 5094 2910 5164 constringit
2935 5091 3189 5153 vulnera,
3216 5085 3358 5142 alius
3387 5083 3513 5147 oleo

1913 5202 2058 5255 fovet
2077 5239 2092 5265 ,
2113 5198 2255 5252 alius
2277 5196 2461 5249 vinum
2490 5190 2745 5246 infundit.
2770 5183 3105 5253 Constringit
3129 5180 3357 5238 vulnera
3388 5191 3514 5232 aus-

1914 5295 2114 5351 teriore
2165 5297 2472 5363 prmeepto,
2518 5286 2662 5340 fovet
2708 5281 3038 5337 remissione
3084 5273 3326 5345 peccati,
3373 5272 3514 5325 sicut

1914 5389 2037 5446 vino
2061 5382 2374 5454 compungit
2397 5376 2809 5434 denuntiatione
2831 5369 3037 5444 iudicii.

1985 5478 2172 5549 (Ibid)
2212 5477 2281 5530 Et
2308 5474 2587 5545 imposuit,
2617 5467 2824 5538 inquit,
2851 5466 2905 5520 in
2935 5466 3228 5535 jumentttm
3266 5471 3435 5518 suum.

1910 5631 1968 5676 ut
1999 5619 2252 5674 nimirum
2276 5614 2549 5676 vitalibus,
2577 5608 2812 5680 infirma,
2848 5619 2944 5666 seu
2975 5599 3317 5668 inﬁrmitates
3345 5609 3515 5669 oppo-

1913 5703 2123 5747 nantur.
