3960 6296
145 283 276 340 i791

1087 286 1453 346 EXPOSITIO
1491 289 1747 348 EVANG.
1787 291 1941 348 SEC.
1980 290 2135 349 LUC.
2177 290 2311 348 LIB.
2358 291 2469 350 VII.

3293 303 3437 359 1722

141 413 410 470 corpore;
466 412 590 454 nam
629 399 731 454 etsi
762 398 866 454 alia
910 400 1247 472 principalia,
1281 410 1456 458 tamen
1495 403 1598 459 alia
1643 421 1737 461 ue-
1762 409 1814 474 Α
1839 413 1887 459 et
1913 405 2180 460 ostendam
2208 405 2297 460 tibi
2316 420 2432 476 quia
2450 413 2682 477 oporteat
2707 408 2824 478 ﬁeri
2846 409 3029 482 (Apoc.
3061 425 3136 479 tv,
3165 411 3238 484 1).
3266 415 3440 484 Aper-

141 492 396 546 cessaria.
446 489 726 561 Sapientia
769 499 820 546 lu
870 495 1085 564 capite,
1137 505 1292 550 actus
1338 497 1390 550 in
1443 499 1732 554 manibus:

143 584 293 639 Oculi
323 583 470 638 enim
499 585 746 654 sapientis
782 586 837 638 in
865 587 1034 655 capite
1063 590 1174 660 ejus
1230 587 1456 660 (Eccles.
1515 607 1575 658 tt,
1612 589 1731 663 id);

140 679 259 751 quia
292 677 388 734 ille
413 694 541 734 vere
571 680 730 750 sapit,
761 680 918 750 cujus
946 682 1158 734 animus
1187 682 1238 736 in
1288 681 1508 738 Christo
1539 698 1644 751 eSI,
1680 694 1738 740 et

139 775 292 845 cujus
339 774 570 829 interior
609 775 799 828 oculus
827 775 1054 846 erigitur
1081 774 1150 830 ad
1177 791 1433 845 superruo.
1465 775 1534 831 Et
1570 777 1731 832 ideo:

136 865 408 938 Sapientis
443 868 581 922 oculi
616 868 669 921 in
699 867 867 938 capite
890 868 1056 938 ipsius
1087 885 1104 923 :
1138 869 1291 924 stulti
1321 881 1501 925 autem
1532 870 1586 925 in
1625 871 1736 926 cal-

134 973 331 1016 caneo.

207 1052 374 1127 (Cap.
406 1053 500 1110 Xl.
522 1085 594 1096 -—
620 1054 778 1112 Vers.
813 1055 903 1123 5.)
947 1055 1075 1124 Quis
1104 1066 1329 1112 uestrum
1371 1059 1563 1113 habens
1597 1061 1734 1113 ami-

131 1167 273 1217 cum,
316 1152 408 1205 ibit
437 1150 508 1204 ad
538 1151 684 1205 illum
719 1150 890 1206 media
928 1161 1097 1220 nocte,
1143 1161 1190 1207 et
1220 1152 1346 1207 dicit
1388 1152 1511 1208 illi:
1535 1153 1734 1220 Amice,

135 1245 409 1300 commoda
427 1245 558 1300 mihi
583 1255 687 1301 tres
714 1262 894 1318 panes.

205 1339 299 1394 87.
330 1339 485 1394 Alius
513 1339 768 1411 prmcepti
791 1340 938 1396 locus
961 1350 1066 1405 est,
1091 1350 1151 1396 ut
1172 1341 1426 1398 omnibus
1446 1343 1737 1399 momentis

136 1446 243 1487 non
273 1431 455 1487 solum
482 1431 697 1502 diebus,
740 1433 835 1489 sed
865 1434 1027 1490 etiam
1073 1435 1347 1506 noctibus"
1372 1436 1549 1490 oratio
1587 1435 1738 1492 defe-

137 1531 309 1578 ratur.
340 1521 507 1578 Vides
543 1524 688 1579 euitu
718 1526 859 1596 quod
906 1525 1009 1581 iste
1037 1526 1126 1597 qui
1157 1527 1333 1582 media
1363 1539 1523 1583 nocte
1549 1543 1738 1597 perre-

137 1615 236 1682 xit,
280 1625 394 1671 tres
438 1631 606 1684 panes
637 1615 706 1672 ab
752 1617 931 1673 amico
960 1633 1062 1673 suo
1108 1620 1408 1689 postulans,
1439 1631 1493 1676 et
1532 1621 1584 1675 in
1619 1620 1735 1690 ipsa

139 1708 356 1780 petendi
385 1708 693 1766 intentione
729 1712 1050 1782 persistens,
1083 1726 1193 1768 non
1225 1711 1575 1768 delraudetur
1612 1727 1735 1768 ora-

1840 506 1956 554 tum
2002 507 2088 554 est
2136 501 2299 570 igitur
2327 499 2526 555 osrium
2566 500 2788 565 Joanni.
2821 503 3070 573 apertum
3107 514 3192 561 est
3235 506 3436 564 ostium

1840 588 2039 657 Paulo;
2073 601 2132 644 ut
2162 591 2320 648 nobis
2347 607 2541 664 panes,
2572 609 2709 664 quos
2739 593 3052 666 ederemus,
3099 599 3437 670 acciperent.

1840 682 2219 739 Perseveravit
2245 685 2444 740 ostium
2479 686 2702 756 pulsans
2731 699 3057 760 opportune,
3087 690 3434 761 importune;

1841 785 1899 829 ut
1924 785 2116 846 gentes
2137 777 2396 833 mundani
2425 779 2657 835 tramitis
2679 779 2864 836 labore
2890 791 3133 850 vexatas,
3159 782 3437 841 alimoniae

1838 867 2079 923 cteleStis
2107 869 2354 925 ubertate
2385 881 2677 927 recrearet.

1911 959 2002 1018 90.
2044 960 2189 1032 Ergo
2239 961 2604 1034 praeceptivus
2649 963 2802 1019 locus
2852 963 3168 1038 frequenter
3218 968 3436 1034 orandi,

1837 1065 1964 1122 spes
2007 1052 2354 1122 impetrandi,
2405 1055 2546 1109 ratio
2587 1056 2972 1126 persuadendi,
3019 1059 3167 1130 prius
3212 1060 3266 1116 iu
3299 1077 3438 1131 pra:-

1839 1156 1998 1218 cepto
2026 1149 2268 1218 ponitur,
2302 1157 2430 1220 post
2456 1147 2511 1204 in
2539 1149 2820 1220 exemplo.
2851 1151 2953 1218 Qui
2995 1153 3140 1208 enim
3175 1154 3440 1224 promittit

1839 1239 2070 1310 aliquid,
2119 1256 2273 1312 spem
2327 1241 2494 1298 debet
2537 1243 2736 1299 atl‘erre
2785 1244 3086 1316 promissi;
3126 1257 3184 1302 ut
3215 1249 3440 1305 monitis

1839 1333 2150 1389 obedientia
2179 1333 2482 1404 deferatur,
2533 1337 2816 1410 promissis
2856 1337 3012 1406 ﬁdes,
3037 1353 3160 1410 qua:
3188 1339 3440 1396 humanae

1839 1427 2308 1498 contemplatione
2350 1427 2570 1499 pietatis
2599 1431 2650 1484 in
2684 1429 2859 1500 majus
2885 1440 3107 1510 acterna;
3141 1447 3294 1504 spem
3327 1434 3444 1504 pie-

1842 1519 1966 1574 tatis
1995 1521 2263 1590 acquirit;
2291 1521 2337 1576 si
2368 1530 2547 1577 tameu
2581 1537 2734 1591 thua
2778 1533 3092 1592 poscuntur,
3123 1539 3192 1582 ne
3219 1526 3273 1580 in
3317 1541 3442 1596 pec-

1839 1621 2018 1666 catum
2067 1622 2308 1668 vertatur
2337 1618 2535 1670 oratio.
2583 1613 2695 1670 Nec
2737 1614 2951 1670 erubuit
2991 1615 3192 1688 aliquid
3241 1619 3443 1688 saepius

1842 1705 2139 1774 postulare,
2172 1721 2241 1761 ne
2289 1706 2371 1761 vel
2411 1705 2665 1762 diflidere
2709 1705 2777 1762 de
2809 1707 3021 1762 Domini
3065 1708 3439 1766 misericordia

141 1802 226 1857 tis.
266 1790 367 1868 Qui
412 1811 542 1857 sunt
570 1803 659 1858 isti
689 1812 802 1861 tres
833 1819 1022 1873 panes,
1071 1806 1173 1861 nisi
1206 1805 1454 1878 mysterii
1493 1807 1725 1862 coelestia

1842 1795 2138 1863 videretur,
2189 1797 2271 1852 vel
2315 1808 2635 1868 arroganter
2673 1798 2882 1868 dolere,
2929 1799 3076 1871 quod
3116 1816 3224 1856 non
3268 1802 3440 1872 prima

141 1893 496 1950 alimentum?
537 1894 695 1964 Quod
727 1895 772 1950 si
814 1897 1009 1968 diligas
1041 1898 1326 1953 Dominum
1361 1901 1524 1954 [tcum
1558 1909 1732 1967 tttum,

143 2001 246 2041 non
276 1987 445 2042 solum
479 1988 596 2054 tibi,
623 1980 718 2044 se‘d
751 1990 913 2044 etiam
938 1989 1059 2045 aliis
1091 1992 1292 2061 poteris
1315 1993 1570 2048 emereri.
1603 1993 1735 2064 Quis

140 2088 316 2134 autem
364 2080 596 2136 amicior
638 2081 818 2148 nobis,
849 2098 1010 2154 quam
1058 2084 1148 2154 qui
1193 2099 1290 2155 pro
1337 2085 1494 2142 nobis
1537 2101 1735 2158 corpus

142 2189 294 2229 suum
325 2175 580 2230 tradidit?
606 2176 689 2232 Ab
718 2175 821 2231 hoc
851 2177 1024 2232 media
1055 2186 1214 2234 nocte
1246 2195 1416 2250 panes
1446 2181 1616 2237 David
1645 2198 1735 2252 pe-

140 2268 242 2334 tiit,
272 2277 326 2323 et
365 2270 608 2340 accepit;
644 2261 801 2340 petiit
845 2271 988 2326 enim
1020 2274 1238 2343 quando
1267 2275 1521 2330 dicebat:
1555 2275 1733 2330 Media

141 2371 284 2418 nocte
305 2363 570 2436 surgebam
597 2364 665 2418 ad
686 2366 1035 2435 conﬁtendum
1067 2368 1158 2421 tibi
1191 2365 1368 2440 (Psal.
1393 2383 1576 2436 cxwtt,
1604 2369 1729 2442 62);

145 2455 263 2511 ideo
289 2458 482 2513 meruit
506 2457 610 2514 hos
643 2474 810 2530 panes
837 2477 974 2531 quos
998 2465 1244 2533 apposuit
1282 2463 1438 2519 nobis
1466 2464 1730 2520 edendos.

143 2550 301 2607 Petiit
338 2567 456 2608 cum
487 2554 656 2610 dicit:
695 2554 896 2610 Lavabo
932 2573 1022 2627 per
1063 2559 1297 2631 singulas
1328 2568 1500 2614 noctes
1543 2560 1732 2613 lectum

143 2659 307 2698 meum
339 2644 507 2714 (Psal.
543 2663 617 2714 vr,
645 2649 737 2718 7);
781 2664 957 2721 neque
978 2651 1120 2705 enim
1154 2652 1333 2706 timuit
1365 2667 1433 2708 uc
1469 2651 1734 2708 excitaret

143 2736 516 2807 dormientem,
542 2756 703 2811 quem
735 2743 838 2797 scit
865 2757 1082 2814 semper
1109 2745 1443 2815 vigilantem.

210 2829 297 2886 88.
341 2831 405 2888 Et
427 2833 549 2890 ideo
577 2835 906 2906 scriptorum
931 2852 1221 2904 memores,
1250 2841 1502 2896 noctibus
1527 2856 1592 2897 ac
1618 2841 1733 2897 die-

145 2922 241 2978 bus
270 2928 497 2983 orationi
532 2929 824 2997 instantes,
857 2933 1093 3002 peccatis
1131 2936 1334 2990 nostris
1365 2936 1575 2991 veniam
1610 2951 1732 3006 pos-

145 3017 390 3076 tuletuus.
422 3020 556 3076 Nam
586 3023 630 3078 si
674 3024 764 3079 ille
797 3035 903 3080 tam
937 3035 1178 3095 sanctus,
1210 3037 1265 3084 et
1303 3031 1393 3100 qui
1428 3031 1579 3102 regni
1611 3040 1733 3087 erat

145 3117 547 3176 necessitatibus
574 3129 893 3190 occupatus,
924 3123 1128 3194 septies
1160 3122 1212 3178 in
1255 3123 1342 3179 die
1381 3125 1594 3180 laudem
1627 3125 1732 3180 Do-

1843 1904 2003 1960 prece
2033 1891 2241 1962 aliquid
2286 1892 2682 1963 impetraverit.
2718 1892 2944 1966 Propter
2973 1895 3091 1963 hoc,
3123 1895 3322 1966 inquit,
3367 1907 3443 1952 ter

1839 1981 2122 2038 Dominum
2161 1969 2338 2058 ragavi
2373 1985 2438 2056 (ll
2469 1984 2590 2041 Cor.
2635 2002 2734 2053 ut,
2780 1987 2882 2058 8):
2923 1998 2979 2043 et
3005 1989 3250 2044 ostendit
3291 1988 3438 2060 quod

1837 2075 2152 2148 frequenter
2177 2080 2320 2134 Deus
2349 2081 2472 2136 ideo
2501 2096 2609 2136 non
2631 2082 2895 2137 concedat
2915 2092 3120 2149 oratus,
3151 2083 3296 2154 quod
3318 2083 3440 2137 inu-

1838 2172 1949 2227 tilia
1975 2173 2206 2244 judicet,
2239 2190 2362 2245 qua:
2388 2190 2490 2230 nos
2532 2177 2816 2246 profutura
2843 2176 3152 2232 credamus.

1907 2267 2091 2339 (Vers.
2122 2266 2238 2338 17.)
2282 2267 2446 2325 Omne
2475 2286 2690 2343 regnum
2729 2271 2782 2325 in
2819 2271 3046 2341 seipsum
3096 2270 3320 2328 divisum
3348 2271 3438 2326 dc-

1837 2363 2112 2429 solaltitur,
2145 2373 2194 2418 et
2224 2363 2408 2420 domus
2437 2381 2598 2434 supra
2620 2365 2828 2419 dontunt
2850 2369 3017 2421 cadet.

1908 2457 2000 2512 9t.
2042 2465 2067 2494 ⁸
2089 2456 2266 2512 Causa
2296 2457 2426 2513 dicti
2452 2459 2612 2528 hujus
2641 2473 2704 2514 ea
2733 2469 2838 2527 est,
2868 2459 3015 2536 quod
3047 2461 3103 2514 in
3132 2458 3438 2516 Beelzebub

1836 2551 2087 2621 principe
2123 2551 2515 2607 dat-tltoniorum
2565 2552 2768 2623 ejicere
2811 2552 3077 2608 daemonia
3109 2552 3433 2619 dicebatur;

1836 2655 1896 2700 ut
1930 2645 2249 2701 ostenderet
2278 2661 2503 2717 regnum
2534 2644 2688 2700 suum
2736 2645 3074 2701 individuum
3113 2661 3237 2702 esse
3273 2657 3437 2718 atque

1834 2748 2179 2810 perpetuum.
2209 2737 2515 2810 Meritoque
2547 2743 2710 2795 etiam
2761 2739 2935 2794 Pilato
2975 2740 3297 2810 rcSpoudit:
3327 2738 3434 2794 Re-

1833 2849 1992 2904 gnum
2027 2849 2191 2888 meum
2212 2827 2335 2888 non
2359 2844 2435 2888 est
2477 2833 2540 2888 de
2571 2835 2667 2888 hoc
2695 2834 2886 2888 mundo
2909 2833 3090 2906 (Joan.
3131 2850 3282 2897 xvut,
3313 2835 3430 2906 56).

1836 2923 1903 2981 Ει
1952 2927 2074 2982 ideo
2115 2927 2208 2999 qui
2256 2942 2369 2982 non
2417 2927 2472 2982 in
2513 2926 2733 2984 Christo
2779 2943 2930 2998 spem
2977 2938 3194 2999 gerunt,
3245 2928 3340 2984 sed
3377 2928 3432 2984 in

1836 3020 2082 3091 principe
2107 3021 2503 3076 daemoniorum
2533 3021 2656 3091 ejici
2683 3021 2964 3078 daemones
2992 3023 3308 3092 opinantur,
3336 3036 3434 3079 eos

1837 3116 1988 3184 regni
2018 3125 2181 3186 negat
2207 3129 2331 3170 esse
2361 3117 2608 3186 perpetui
2635 3132 2649 3170 :
2673 3115 2816 3186 quod
2846 3125 3056 3184 Spectat
3079 3115 3146 3170 ad
3177 3118 3432 3188 populum

146 3209 283 3263 mino
302 3209 533 3278 dicebat,
560 3213 838 3267 matutinis
857 3225 911 3269 et
933 3216 1261 3286 vespertinis
1283 3217 1564 3272 sacriﬁciis
1587 3235 1725 3273 sem-

1835 3204 2169 3274 Judteorum,
2199 3207 2226 3246 δ
2255 3209 2346 3279 qui
2379 3209 2691 3278 bujusmodi
2738 3209 3083 3280 passionibus
3114 3213 3180 3265 ad
3226 3213 3432 3267 daemo-

145 3314 238 3370 pcr
280 3304 512 3361 intentus
555 3307 730 3379 (l’sal.
782 3324 970 3374 cxvut,
1021 3310 1148 3382 164)
1185 3328 1196 3364 :
1232 3311 1360 3382 quid
1389 3327 1508 3379 nos
1549 3311 1729 3370 facere

146 3405 366 3463 oportet,
394 3398 482 3469 qui
515 3414 582 3454 co
624 3399 862 3471 amplius
911 3417 1105 3473 rogare
1141 3401 1426 3469 debemus,
1468 3419 1576 3475 quo
1620 3407 1729 3462 ire-

146 3491 380 3556 quentius
408 3493 590 3548 carnis
634 3509 698 3548 ac
746 3495 944 3549 mentis
997 3495 1290 3567 fragilitate
1320 3496 1723 3570 delinquimus;

146 3590 196 3635 ut
222 3582 285 3639 de
312 3585 391 3640 via
419 3585 601 3653 lassis,
631 3598 684 3643 et
714 3588 870 3643 istius
895 3590 994 3645 aevi
1017 3606 1180 3646 cursu
1207 3607 1268 3646 ac
1299 3591 1425 3646 vitte
1450 3592 1607 3663 hujus
1630 3609 1724 3648 an-

145 3670 298 3729 fractu
321 3679 558 3748 graviter
585 3677 845 3750 fatigatis,
874 3681 1026 3749 panis
1053 3681 1363 3739 reiectionis
1393 3683 1586 3740 deesse
1615 3700 1722 3740 non

147 3767 318 3834 possit,
343 3771 433 3840 qui
465 3769 702 3825 hominis
731 3771 897 3826 corda
929 3773 1260 3828 continuet?

206 3859 287 3915 89.
325 3860 433 3918 Nec
471 3865 646 3920 solum
677 3865 853 3920 media
892 3878 1050 3921 nocte
1083 3866 1375 3933 Dominus,
1406 3867 1504 3922 scd
1545 3868 1724 3923 omni-

146 3949 234 4007 bus
264 3955 466 4030 1431
497 3973 668 4030 prope
696 3957 856 4014 docet
885 3959 1213 4030 vigilandum
1244 3975 1366 4016 esse
1394 3963 1718 4026 momentis;

149 4049 279 4102 venit
305 4051 442 4105 enim
493 4059 549 4106 et
597 4052 929 4122 vespertina,
963 4061 1020 4107 et
1058 4051 1315 4119 secunda,
1349 4061 1406 4108 et
1451 4055 1609 4108 tertia
1643 4054 1722 4108 vi-

152 4135 277 4206 Silia,
303 4153 355 4197 et
383 4145 601 4213 pulsare
643 4145 929 4200 consuevit
960 4163 972 4198 :
1001 4145 1172 4213 Beati,
1203 4147 1408 4218 itaque,
1440 4148 1573 4201 servi
1614 4148 1715 4213 illi,

153 4244 254 4296 quos
282 4249 392 4287 cum
416 4234 608 4289 venerit
635 4233 910 4304 Dominus,
949 4236 1194 4290 inuenerit
1245 4238 1515 4311 vigilantes
1556 4236 1712 4305 (Luc.

152 4334 232 4388 xu,
257 4325 363 4397 ‘57).
409 4327 468 4383 Si
500 4342 632 4398 ergo
661 4327 942 4384 desideras
987 4337 1044 4383 ut
1075 4330 1249 4385 virtus
1279 4331 1372 4385 Dei
1423 4332 1718 4401 prtecingat

151 4428 218 4480 se,
244 4430 290 4472 et
315 4421 587 4477 miniSIret
620 4422 736 4488 tibi,
771 4422 1106 4493 vigilandum
1136 4433 1219 4479 est
1249 4438 1504 4495 semper:
1532 4426 1715 4480 multa:

151 4510 271 4565 enim
299 4513 504 4570 insidia:
529 4523 657 4569 sunt
680 4515 858 4579 bonis,
887 4523 944 4570 et
968 4516 1148 4586 gravis
1176 4517 1425 4586 corporis
1448 4533 1711 4584 somnus;

1835 3301 1982 3355 nium
2012 3301 2365 3370 ejiciendum,
2411 3301 2671 3357 dwmunii
2701 3303 2933 3357 arcessit
2971 3302 3256 3358 auxilium.
3299 3303 3432 3359 Nam

1832 3396 2295 3466 quemadmodum
2330 3405 2532 3467 potest,
2565 3413 2685 3452 cunt
2714 3395 2848 3453 lides
2871 3397 3172 3462 scindatur,
3206 3413 3432 3469 regnum

1833 3504 2053 3546 manere
2083 3489 2426 3545 indivisum?
2456 3490 2670 3546 Etenim
2701 3505 2824 3545 cum
2847 3490 2902 3546 in
2935 3489 3077 3562 Lege
3104 3494 3175 3546 sit
3202 3493 3438 3564 p0pulus

1828 3583 2166 3652 Judaaorum,
2209 3583 2459 3640 Christus
2502 3601 2720 3656 quoque
2769 3586 3070 3641 secundum
3114 3601 3333 3642 carnem
3365 3603 3432 3643 ex

1829 3679 1972 3751 Lege
1999 3681 2068 3735 sit
2096 3691 2394 3751 generatus
2420 3696 2432 3734 :
2457 3680 2730 3752 quomodo
2758 3696 2982 3750 regnum
3008 3691 3185 3750 potest
3216 3681 3433 3737 1υάωο-

1829 3790 1949 3830 rum
1979 3788 2101 3830 esse
2145 3784 2490 3845 perpetuum,
2525 3775 2670 3845 quod
2714 3789 2784 3830 ex
2835 3775 2978 3845 Lege
3007 3785 3130 3839 est;
3166 3791 3288 3830 cum
3338 3791 3438 3846 po-

1828 3868 1984 3937 pulos
2031 3867 2146 3938 ipse
2193 3867 2400 3922 dividat
2441 3867 2666 3937 Legem,
2697 3869 2914 3938 quando
2959 3883 2988 3922 a
3036 3867 3196 3939 Legis
3229 3871 3434 3940 populo

1825 3957 2080 4014 Christus
2113 3967 2366 4028 negatur,
2399 3961 2488 4029 qui
2518 3975 2586 4013 ex
2615 3958 2757 4029 Lege
2783 3959 3042 4015 debetur?
3071 3959 3149 4015 ita
3178 3975 3248 4017 ex
3279 3972 3433 4032 parte

1825 4065 1884 4106 se
1932 4051 2065 4105 ﬁdes
2105 4049 2346 4105 Judaicte
2391 4052 2564 4121 plebis
2605 4051 2908 4122 impugnat,
2957 4063 3012 4107 et
3061 4053 3432 4125 impugnando

1823 4142 2108 4207 dividitur,
2142 4154 2197 4197 et
2233 4142 2530 4198 dividendo
2557 4144 2898 4200 dissvlvitur.
2947 4145 3011 4201 Et
3045 4146 3169 4200 ideo
3210 4163 3436 4218 regnum

1824 4236 2084 4291 Ecclesia!
2106 4237 2349 4293 manebit
2377 4239 2429 4292 in
2454 4248 2752 4305 aeternum;
2778 4241 2899 4310 quia
2920 4239 3131 4314 1432
3161 4243 3433 4298 individua

1822 4330 1976 4396 lides,
1991 4345 2189 4403 corpus
2202 4341 2286 4387 est
2305 4347 2468 4386 unum
2499 4349 2511 4386 :
2539 4331 2688 4387 Unus
2704 4335 2846 4388 enim
2862 4332 3134 4400 Dominus,
3159 4351 3261 4389 una
3283 4336 3431 4404 ﬁdes,

1819 4440 1980 4478 unum
2007 4424 2284 4498 baptisma,
2311 4442 2442 4480 unus
2459 4425 2610 4494 .Deus
2636 4437 2684 4480 et
2709 4436 2856 4498 pater
2883 4426 3134 4490 omnium,
3160 4427 3250 4496 qui
3277 4444 3433 4498 super

1820 4534 2014 4584 onmes,
2035 4529 2082 4574 et
2107 4536 2202 4588 per
2221 4535 2418 4586 omnes,
2445 4530 2493 4573 et
2521 4519 2575 4572 in
2605 4518 2839 4573 omnibus
2867 4517 3088 4590 (Epltes.
3113 4534 3190 4586 tv,
3215 4521 3248 4575 5
3275 4529 3322 4574 et
3344 4521 3422 4590 6).

152 4602 254 4669 quia
285 4605 326 4658 si
352 4605 596 4662 dormire
621 4621 776 4663 mens
802 4609 1054 4678 coeperit,
1085 4608 1329 4679 vigorem
1361 4624 1474 4664 suae
1499 4611 1718 4665 virtutis
1745 4608 1801 4669 D
1896 4613 1985 4668 92.
2029 4613 2240 4679 Quanta
2272 4611 2361 4667 hic
2398 4611 2654 4682 sacrilegi
2685 4611 2886 4667 luroris
2913 4611 3189 4678 amentia;
3224 4621 3280 4666 ut
3303 4627 3426 4667 cum

149 4696 341 4753 amittit.
372 4700 560 4757 Excita
604 4702 767 4772 igitur
794 4717 1046 4757 somnum
1078 4710 1252 4769 tuum,
1302 4713 1361 4758 ut
1410 4704 1596 4774 pulses
1628 4720 1717 4759 os-

150 4788 262 4843 tium
283 4791 480 4849 Christi
513 4810 528 4849 :
557 4795 704 4865 quod
726 4795 927 4865 aperiri
957 4795 1060 4851 sibi
1091 4797 1257 4851 etiam
1295 4795 1496 4850 Paulus
1523 4811 1720 4867 expos-

145 4883 225 4950 cit,
254 4900 352 4940 uon
395 4889 570 4942 solum
617 4889 753 4956 suis,
797 4888 891 4945 sed
934 4892 1100 4945 etiam
1148 4891 1334 4961 populi
1378 4891 1718 4947 orationibus

139 4977 414 5035 obsecrans
443 4996 503 5036 se
527 4982 730 5052 juvari,
760 4993 817 5037 ut
856 4986 1139 5054 aperiatur
1166 4985 1366 5040 ostium
1407 4985 1510 5040 sibi
1540 4987 1607 5040 ad
1639 4986 1718 5039 lo-

135 5073 385 5142 quendum
419 5077 737 5148 mysterium
781 5076 986 5133 Christi
1018 5077 1246 5152 (Coloss.
1280 5095 1352 5142 tv,
1385 5080 1463 5150 5).
1494 5079 1565 5134 Ει
1606 5077 1716 5133 lor-

135 5171 265 5218 tasse
303 5165 432 5220 illud
471 5176 556 5223 est
578 5168 778 5223 ostium
809 5169 952 5238 quod
981 5179 1230 5241 apertum
1261 5170 1397 5226 vidit
1429 5169 1708 5237 Joannes;

132 5255 254 5312 vidit
285 5259 451 5328 enim,
493 5271 549 5317 et
589 5261 730 5317 dixit
764 5281 778 5317 :
811 5261 945 5318 Post
971 5262 1082 5319 haec
1103 5265 1229 5330 uidi,
1278 5273 1330 5320 et
1363 5281 1482 5320 ecce
1525 5267 1712 5320 ostium

130 5360 345 5421 apertum
373 5355 424 5408 in
455 5354 582 5410 creto
613 5372 633 5422 ,'
658 5366 707 5410 et
735 5371 835 5412 vos:
871 5360 1036 5427 prima
1062 5375 1218 5429 quam
1244 5359 1423 5413 audivi
1451 5369 1707 5431 tamquam

129 5445 290 5499 tabam
317 5447 597 5512 loquentem
631 5465 825 5505 mecum
847 5492 862 5517 ,
907 5461 954 5505 et
983 5453 1233 5506 dicentem
1275 5469 1295 5508 :
1323 5453 1554 5508 Ascende
1589 5453 1714 5520 huc,

125 5591 134 5608 '
192 5596 240 5661 “_
255 5585 404 5661 Rom.
431 5587 545 5643 edit
572 5587 711 5655 sola,
728 5587 902 5644 Causa
928 5589 1052 5643 dicti
1074 5589 1257 5661 hujus,
1280 5591 1527 5661 quoniam
1553 5586 1709 5642 Jesus

124 5661 174 5714 in
198 5657 490 5713 Beelzebub.
527 5702 542 5716 .
577 5700 591 5714 .
630 5698 644 5713 .
675 5661 965 5727 dicebatur,
1001 5669 1075 5714 est
1103 5657 1391 5728 oatendere,
1424 5670 1532 5716 etc.

189 5729 217 5768 ιι
249 5729 452 5802 Eadem
475 5731 606 5787 edit.
635 5729 794 5787 Rom.
825 5745 1165 5802 expunxerat
1188 5747 1372 5798 Voces,
1404 5729 1707 5802 Itajusmodi

125 5801 456 5870 vanitatibus.
487 5803 555 5861 Et
592 5803 733 5861 infra
765 5801 991 5874 [ποίεε
1023 5803 1156 5876 [tege
1189 5805 1254 5860 sit
1281 5801 1579 5874 generatus,
1610 5815 1710 5859 uec

1827 4705 1922 4760 Dei
1952 4703 2125 4759 Filius
2153 4704 2218 4759 ad
2263 4704 2582 4759 immundos
2617 4704 2840 4774 spiritus
2859 4705 3249 4771 conterendos,
3281 4715 3335 4759 et
3363 4705 3431 4760 ad

1824 4799 2113 4855 manubias
2161 4798 2417 4854 mundani
2450 4799 2714 4868 principis
2754 4795 3084 4853 auferendus
3128 4798 3434 4868 susceperit

1823 4908 2069 4961 carnem,
2121 4902 2176 4948 et
2207 4889 2554 4947 destruenda:
2601 4893 2857 4961 nequitia:
2887 4890 3147 4961 Spiritalis
3188 4889 3425 4945 homini-
3463 4941 3470 4947 .

1824 4985 1926 5040 bus
1951 5001 2170 5057 quoque
2196 4983 2411 5040 dederit
2439 4992 2786 5053 potestatem,
2810 4985 3058 5039 dividens
3081 4984 3254 5054 spolia
3283 4984 3422 5052 ejus,

1822 5077 1968 5149 quod
2001 5078 2212 5147 insigne
2241 5087 2323 5132 εει
2356 5076 2766 5145 triumphantis,
2796 5077 2961 5148 aliqui
2991 5077 3094 5131 sibi
3137 5076 3423 5146 adjumen-

1818 5179 1931 5224 tum
1953 5184 2016 5224 ac
2047 5169 2298 5240 prmsidia
2321 5168 2604 5224 diabolica!
2627 5168 2913 5239 potestatis
2941 5167 3273 5235 adsciscunt,
3296 5185 3420 5225 cum

1813 5262 1868 5318 in
1898 5262 2072 5333 digito
2107 5261 2222 5330 Dei,
2255 5262 2343 5318 vel
2369 5271 2521 5333 certe
2550 5261 2852 5318 secundum
2890 5262 3204 5316 Matllttcutn
3237 5264 3286 5316 in
3309 5264 3421 5332 Spi-

1817 5357 1924 5414 ritu
1948 5355 2046 5410 Dei
2067 5355 2347 5410 daamones
2369 5355 2729 5410 excludantur
2751 5354 2972 5427 (Matth.
3000 5372 3098 5422 xu,
3121 5355 3234 5428 28)!
3262 5355 3417 5413 Unde

1826 5449 2148 5521 intelligitur
2171 5447 2506 5504 individuum
2530 5445 2802 5519 quoddam
2831 5458 2854 5487 ο
2879 5449 3024 5504 velut
3049 5463 3249 5519 corpus
3285 5464 3410 5504 esse

1816 5599 1925 5657 non
1958 5601 2021 5640 ea:
2062 5582 2197 5657 Lege
2236 5591 2330 5650 est,
2367 5580 2587 5653 prolvria
2627 5579 2953 5637 auctoritate
3000 5591 3274 5652 posuerat,
3319 5583 3412 5636 sub

1811 5656 2363 5799 Lege’tlgsfaliquot,
2413 5724 2550 5780 velut
2594 5725 2828 5796 corporis
2869 5741 2980 5784 esse
3018 5724 3304 5782 divinitatis
3327 5741 3412 5782 re-

1816 5823 1973 5880 gnum
1981 5817 2000 5862 .’
3109 5853 3128 5879 s
