  <div class='ocr_page' id='page_1' title='image "/cluster/home/n/w/nwhite01/storage/ocr_20150623/15/uva.x000826533/277.png"; bbox 0 0 3960 6312; ppageno 0'>
   <div class='ocr_carea' id='block_1_1' title="bbox 540 275 681 332">
    <p class='ocr_par' dir='ltr' id='par_1_1' title="bbox 540 275 681 332">
     <span class='ocr_line' id='line_1_1' title="bbox 540 275 681 332; baseline 0 0"><span class='ocrx_word' id='word_1_1' title='bbox 540 275 681 332; x_wconf 68' lang='lat' dir='ltr'><strong>I723</strong></span> 
     </span>
    </p>
   </div>
   <div class='ocr_carea' id='block_1_2' title="bbox 1881 274 2533 337">
    <p class='ocr_par' dir='ltr' id='par_1_2' title="bbox 1881 274 2533 337">
     <span class='ocr_line' id='line_1_2' title="bbox 1881 274 2533 337; baseline 0.006 -5"><span class='ocrx_word' id='word_1_2' title='bbox 1881 274 2128 332; x_wconf 77' lang='lat' dir='ltr'><strong>SANCTI</strong></span> <span class='ocrx_word' id='word_1_3' title='bbox 2165 275 2490 333; x_wconf 73' lang='lat' dir='ltr'><strong>MIBBOSII</strong></span> <span class='ocrx_word' id='word_1_4' title='bbox 2527 331 2533 337; x_wconf 90' lang='lat'><strong>.</strong></span> 
     </span>
    </p>
   </div>
   <div class='ocr_carea' id='block_1_3' title="bbox 3700 275 3844 331">
    <p class='ocr_par' dir='ltr' id='par_1_3' title="bbox 3700 275 3844 331">
     <span class='ocr_line' id='line_1_3' title="bbox 3700 275 3844 331; baseline 0.028 -4"><span class='ocrx_word' id='word_1_5' title='bbox 3700 275 3844 331; x_wconf 59' lang='lat'><strong>17-5</strong></span> 
     </span>
    </p>
   </div>
   <div class='ocr_carea' id='block_1_4' title="bbox 536 371 3840 468">
    <p class='ocr_par' dir='ltr' id='par_1_4' title="bbox 536 371 3840 468">
     <span class='ocr_line' id='line_1_4' title="bbox 536 371 3840 468; baseline 0.001 -26"><span class='ocrx_word' id='word_1_6' title='bbox 536 387 835 449; x_wconf 79' lang='lat' dir='ltr'><strong>divinitatis</strong></span> <span class='ocrx_word' id='word_1_7' title='bbox 863 395 918 443; x_wconf 88' lang='lat' dir='ltr'><strong>et</strong></span> <span class='ocrx_word' id='word_1_8' title='bbox 949 399 1210 457; x_wconf 88' lang='lat' dir='ltr'><strong>regnum;</strong></span> <span class='ocrx_word' id='word_1_9' title='bbox 1241 377 1630 450; x_wconf 83' lang='lat' dir='ltr'><strong>cumeristus</strong></span> <span class='ocrx_word' id='word_1_10' title='bbox 1664 385 1760 441; x_wconf 87' lang='lat' dir='ltr'><strong>Dei</strong></span> <span class='ocrx_word' id='word_1_11' title='bbox 1782 387 2010 468; x_wconf 80' lang='lat' dir='ltr'><strong>dextera</strong></span> <span class='ocrx_word' id='word_1_12' title='bbox 2043 387 2132 443; x_wconf 94' lang='lat' dir='ltr'><strong>sit.</strong></span> <span class='ocrx_word' id='word_1_13' title='bbox 2162 393 2210 452; x_wconf 78' lang='grc' dir='ltr'>Α</span> <span class='ocrx_word' id='word_1_14' title='bbox 2243 388 2397 443; x_wconf 79' lang='lat' dir='ltr'><strong>nobis</strong></span> <span class='ocrx_word' id='word_1_15' title='bbox 2421 371 2835 460; x_wconf 41' lang='lat' dir='ltr'><strong>‘multiplicatur</strong></span> <span class='ocrx_word' id='word_1_16' title='bbox 2879 389 3212 460; x_wconf 84' lang='lat' dir='ltr'><strong>septiformis</strong></span> <span class='ocrx_word' id='word_1_17' title='bbox 3243 389 3480 459; x_wconf 76' lang='lat' dir='ltr'><strong>Spiritus</strong></span> <span class='ocrx_word' id='word_1_18' title='bbox 3511 389 3682 460; x_wconf 86' lang='lat' dir='ltr'><strong>gratia</strong></span> <span class='ocrx_word' id='word_1_19' title='bbox 3713 407 3726 442; x_wconf 87' lang='lat'><strong>:</strong></span> <span class='ocrx_word' id='word_1_20' title='bbox 3759 391 3840 446; x_wconf 83' lang='lat' dir='ltr'><strong>ita</strong></span> 
     </span>
    </p>
   </div>
   <div class='ocr_carea' id='block_1_5' title="bbox 535 479 2138 552">
    <p class='ocr_par' dir='ltr' id='par_1_5' title="bbox 535 479 2138 552">
     <span class='ocr_line' id='line_1_5' title="bbox 535 479 2138 552; baseline -0.001 -14"><span class='ocrx_word' id='word_1_21' title='bbox 535 482 770 552; x_wconf 89' lang='lat' dir='ltr'><strong>Spiritus</strong></span> <span class='ocrx_word' id='word_1_22' title='bbox 781 491 964 536; x_wconf 90' lang='lat' dir='ltr'><strong>autem</strong></span> <span class='ocrx_word' id='word_1_23' title='bbox 975 480 1128 552; x_wconf 78' lang='lat' dir='ltr'><strong>digiti</strong></span> <span class='ocrx_word' id='word_1_24' title='bbox 1144 479 1382 550; x_wconf 86' lang='lat' dir='ltr'><strong>speciem</strong></span> <span class='ocrx_word' id='word_1_25' title='bbox 1399 480 1546 536; x_wconf 89' lang='lat' dir='ltr'><strong>velut</strong></span> <span class='ocrx_word' id='word_1_26' title='bbox 1567 481 1728 536; x_wconf 91' lang='lat' dir='ltr'><strong>unius</strong></span> <span class='ocrx_word' id='word_1_27' title='bbox 1749 480 2048 536; x_wconf 84' lang='lat' dir='ltr'><strong>secundum</strong></span> <span class='ocrx_word' id='word_1_28' title='bbox 2063 480 2138 536; x_wconf 89' lang='lat' dir='ltr'><strong>di-</strong></span> 
     </span>
    </p>
   </div>
   <div class='ocr_carea' id='block_1_6' title="bbox 536 573 2136 646">
    <p class='ocr_par' dir='ltr' id='par_1_6' title="bbox 536 573 2136 646">
     <span class='ocr_line' id='line_1_6' title="bbox 536 573 2136 646; baseline 0 -16"><span class='ocrx_word' id='word_1_29' title='bbox 536 577 816 634; x_wconf 87' lang='lat' dir='ltr'><strong>vinitatem</strong></span> <span class='ocrx_word' id='word_1_30' title='bbox 833 576 1080 646; x_wconf 88' lang='lat' dir='ltr'><strong>corporis</strong></span> <span class='ocrx_word' id='word_1_31' title='bbox 1102 575 1301 630; x_wconf 86' lang='lat' dir='ltr'><strong>seriem</strong></span> <span class='ocrx_word' id='word_1_32' title='bbox 1326 574 1574 630; x_wconf 89' lang='lat' dir='ltr'><strong>videatur</strong></span> <span class='ocrx_word' id='word_1_33' title='bbox 1595 574 1924 644; x_wconf 71' lang='lat' dir='ltr'><strong>exprimere.</strong></span> <span class='ocrx_word' id='word_1_34' title='bbox 1945 573 2136 630; x_wconf 84' lang='lat' dir='ltr'><strong>Nonne</strong></span> 
     </span>
    </p>
   </div>
   <div class='ocr_carea' id='block_1_7' title="bbox 537 667 2135 738">
    <p class='ocr_par' dir='ltr' id='par_1_7' title="bbox 537 667 2135 738">
     <span class='ocr_line' id='line_1_7' title="bbox 537 667 2135 738; baseline -0.001 -14"><span class='ocrx_word' id='word_1_35' title='bbox 537 669 754 726; x_wconf 82' lang='lat' dir='ltr'><strong>videtur</strong></span> <span class='ocrx_word' id='word_1_36' title='bbox 795 668 1130 724; x_wconf 90' lang='lat' dir='ltr'><strong>individuum</strong></span> <span class='ocrx_word' id='word_1_37' title='bbox 1172 683 1295 730; x_wconf 85' lang='lat' dir='ltr'><strong>esse</strong></span> <span class='ocrx_word' id='word_1_38' title='bbox 1336 683 1732 738; x_wconf 88' lang='lat' dir='ltr'><strong>regnum,cttm</strong></span> <span class='ocrx_word' id='word_1_39' title='bbox 1758 667 1906 723; x_wconf 88' lang='lat' dir='ltr'><strong>velut</strong></span> <span class='ocrx_word' id='word_1_40' title='bbox 1933 682 2135 736; x_wconf 91' lang='lat' dir='ltr'><strong>corpus</strong></span> 
     </span>
    </p>
   </div>
   <div class='ocr_carea' id='block_1_8' title="bbox 535 758 2136 830">
    <p class='ocr_par' dir='ltr' id='par_1_8' title="bbox 535 758 2136 830">
     <span class='ocr_line' id='line_1_8' title="bbox 535 758 2136 830; baseline -0.001 -15"><span class='ocrx_word' id='word_1_41' title='bbox 535 761 605 816; x_wconf 90' lang='lat' dir='ltr'><strong>sit</strong></span> <span class='ocrx_word' id='word_1_42' title='bbox 631 760 958 820; x_wconf 81' lang='lat' dir='ltr'><strong>indivisum?</strong></span> <span class='ocrx_word' id='word_1_43' title='bbox 981 759 1192 814; x_wconf 82' lang='lat' dir='ltr'><strong>Habitat</strong></span> <span class='ocrx_word' id='word_1_44' title='bbox 1207 761 1365 823; x_wconf 90' lang='lat' dir='ltr'><strong>enim,</strong></span> <span class='ocrx_word' id='word_1_45' title='bbox 1381 771 1437 813; x_wconf 91' lang='lat' dir='ltr'><strong>ut</strong></span> <span class='ocrx_word' id='word_1_46' title='bbox 1456 760 1652 830; x_wconf 78' lang='lat' dir='ltr'><strong>legisti,</strong></span> <span class='ocrx_word' id='word_1_47' title='bbox 1672 759 2012 826; x_wconf 73' lang='lat' dir='ltr'><strong>corporaliter</strong></span> <span class='ocrx_word' id='word_1_48' title='bbox 2031 758 2136 828; x_wconf 87' lang='lat' dir='ltr'><strong>ple-</strong></span> 
     </span>
    </p>
   </div>
   <div class='ocr_carea' id='block_1_9' title="bbox 537 852 2135 925">
    <p class='ocr_par' dir='ltr' id='par_1_9' title="bbox 537 852 2135 925">
     <span class='ocr_line' id='line_1_9' title="bbox 537 852 2135 925; baseline 0 -17"><span class='ocrx_word' id='word_1_49' title='bbox 537 856 714 909; x_wconf 86' lang='lat' dir='ltr'><strong>nitudo</strong></span> <span class='ocrx_word' id='word_1_50' title='bbox 734 854 1020 909; x_wconf 80' lang='lat' dir='ltr'><strong>divinitatis</strong></span> <span class='ocrx_word' id='word_1_51' title='bbox 1041 855 1095 908; x_wconf 88' lang='lat' dir='ltr'><strong>in</strong></span> <span class='ocrx_word' id='word_1_52' title='bbox 1116 852 1320 908; x_wconf 76' lang='lat' dir='ltr'><strong>Christo</strong></span> <span class='ocrx_word' id='word_1_53' title='bbox 1345 852 1571 925; x_wconf 79' lang='lat' dir='ltr'><strong>(Coloss.</strong></span> <span class='ocrx_word' id='word_1_54' title='bbox 1589 868 1647 916; x_wconf 89' lang='grc' dir='ltr'><strong>ιι,</strong></span> <span class='ocrx_word' id='word_1_55' title='bbox 1675 852 1756 921; x_wconf 82' lang='grc'><strong>9).</strong></span> <span class='ocrx_word' id='word_1_56' title='bbox 1773 852 1926 921; x_wconf 85' lang='lat' dir='ltr'><strong>Quod</strong></span> <span class='ocrx_word' id='word_1_57' title='bbox 1949 853 2135 922; x_wconf 88' lang='lat' dir='ltr'><strong>utique</strong></span> 
     </span>
    </p>
   </div>
   <div class='ocr_carea' id='block_1_10' title="bbox 533 946 2134 1019">
    <p class='ocr_par' dir='ltr' id='par_1_10' title="bbox 533 946 2134 1019">
     <span class='ocr_line' id='line_1_10' title="bbox 533 946 2134 1019; baseline -0.001 -16"><span class='ocrx_word' id='word_1_58' title='bbox 533 958 587 1004; x_wconf 91' lang='lat' dir='ltr'><strong>et</strong></span> <span class='ocrx_word' id='word_1_59' title='bbox 619 949 686 1004; x_wconf 91' lang='lat' dir='ltr'><strong>de</strong></span> <span class='ocrx_word' id='word_1_60' title='bbox 717 950 874 1004; x_wconf 84' lang='lat' dir='ltr'><strong>Patre</strong></span> <span class='ocrx_word' id='word_1_61' title='bbox 902 963 1098 1018; x_wconf 88' lang='lat' dir='ltr'><strong>negare</strong></span> <span class='ocrx_word' id='word_1_62' title='bbox 1129 964 1235 1002; x_wconf 92' lang='lat' dir='ltr'><strong>non</strong></span> <span class='ocrx_word' id='word_1_63' title='bbox 1265 946 1490 1016; x_wconf 91' lang='lat' dir='ltr'><strong>poteris,</strong></span> <span class='ocrx_word' id='word_1_64' title='bbox 1521 956 1576 1003; x_wconf 89' lang='lat' dir='ltr'><strong>et</strong></span> <span class='ocrx_word' id='word_1_65' title='bbox 1602 947 1671 1002; x_wconf 91' lang='lat' dir='ltr'><strong>de</strong></span> <span class='ocrx_word' id='word_1_66' title='bbox 1696 946 1902 1019; x_wconf 87' lang='lat' dir='ltr'><strong>Spiritu</strong></span> <span class='ocrx_word' id='word_1_67' title='bbox 1935 961 2134 1017; x_wconf 86' lang='lat' dir='ltr'><strong>negare</strong></span> 
     </span>
    </p>
   </div>
   <div class='ocr_carea' id='block_1_11' title="bbox 541 1040 2134 1110">
    <p class='ocr_par' dir='ltr' id='par_1_11' title="bbox 541 1040 2134 1110">
     <span class='ocr_line' id='line_1_11' title="bbox 541 1040 2134 1110; baseline -0.001 -13"><span class='ocrx_word' id='word_1_68' title='bbox 541 1057 650 1097; x_wconf 89' lang='lat' dir='ltr'><strong>non</strong></span> <span class='ocrx_word' id='word_1_69' title='bbox 687 1041 876 1098; x_wconf 85' lang='lat' dir='ltr'><strong>debes.</strong></span> <span class='ocrx_word' id='word_1_70' title='bbox 924 1041 1035 1102; x_wconf 87' lang='lat' dir='ltr'><strong>Nec</strong></span> <span class='ocrx_word' id='word_1_71' title='bbox 1077 1040 1175 1096; x_wconf 90' lang='lat' dir='ltr'><strong>tibi</strong></span> <span class='ocrx_word' id='word_1_72' title='bbox 1201 1041 1568 1096; x_wconf 86' lang='lat' dir='ltr'><strong>membrorum</strong></span> <span class='ocrx_word' id='word_1_73' title='bbox 1597 1041 2005 1110; x_wconf 88' lang='lat' dir='ltr'><strong>comparatione</strong></span> <span class='ocrx_word' id='word_1_74' title='bbox 2037 1054 2134 1096; x_wconf 90' lang='lat' dir='ltr'><strong>no—</strong></span> 
     </span>
    </p>
   </div>
   <div class='ocr_carea' id='block_1_12' title="bbox 537 1131 2129 1205">
    <p class='ocr_par' dir='ltr' id='par_1_12' title="bbox 537 1131 2129 1205">
     <span class='ocr_line' id='line_1_12' title="bbox 537 1131 2129 1205; baseline -0.001 -15"><span class='ocrx_word' id='word_1_75' title='bbox 537 1146 744 1190; x_wconf 90' lang='lat' dir='ltr'><strong>trorum</strong></span> <span class='ocrx_word' id='word_1_76' title='bbox 799 1135 975 1204; x_wconf 92' lang='lat' dir='ltr'><strong>portio</strong></span> <span class='ocrx_word' id='word_1_77' title='bbox 1011 1133 1258 1205; x_wconf 70' lang='lat' dir='ltr'><strong>quaedam</strong></span> <span class='ocrx_word' id='word_1_78' title='bbox 1298 1133 1545 1188; x_wconf 89' lang='lat' dir='ltr'><strong>videatur</strong></span> <span class='ocrx_word' id='word_1_79' title='bbox 1590 1132 1834 1188; x_wconf 77' lang='lat' dir='ltr'><strong>iacienda</strong></span> <span class='ocrx_word' id='word_1_80' title='bbox 1881 1131 2129 1198; x_wconf 79' lang='lat' dir='ltr'><strong>virtutis;</strong></span> 
     </span>
    </p>
   </div>
   <div class='ocr_carea' id='block_1_13' title="bbox 537 1223 2132 1297">
    <p class='ocr_par' dir='ltr' id='par_1_13' title="bbox 537 1223 2132 1297">
     <span class='ocr_line' id='line_1_13' title="bbox 537 1223 2132 1297; baseline -0.002 -15"><span class='ocrx_word' id='word_1_81' title='bbox 537 1226 831 1282; x_wconf 75' lang='lat' dir='ltr'><strong>individua:</strong></span> <span class='ocrx_word' id='word_1_82' title='bbox 860 1226 1007 1282; x_wconf 89' lang='lat' dir='ltr'><strong>enim</strong></span> <span class='ocrx_word' id='word_1_83' title='bbox 1041 1226 1116 1282; x_wconf 90' lang='lat' dir='ltr'><strong>rei</strong></span> <span class='ocrx_word' id='word_1_84' title='bbox 1144 1241 1252 1280; x_wconf 91' lang='lat' dir='ltr'><strong>non</strong></span> <span class='ocrx_word' id='word_1_85' title='bbox 1293 1235 1472 1297; x_wconf 89' lang='lat' dir='ltr'><strong>potest</strong></span> <span class='ocrx_word' id='word_1_86' title='bbox 1497 1239 1622 1281; x_wconf 88' lang='lat' dir='ltr'><strong>esse</strong></span> <span class='ocrx_word' id='word_1_87' title='bbox 1657 1223 1856 1282; x_wconf 81' lang='lat' dir='ltr'><strong>divisio</strong></span> <span class='ocrx_word' id='word_1_88' title='bbox 1886 1243 1901 1279; x_wconf 88' lang='lat'><strong>:</strong></span> <span class='ocrx_word' id='word_1_89' title='bbox 1931 1233 1986 1280; x_wconf 91' lang='lat' dir='ltr'><strong>et</strong></span> <span class='ocrx_word' id='word_1_90' title='bbox 2009 1225 2132 1292; x_wconf 85' lang='lat' dir='ltr'><strong>ideo</strong></span> 
     </span>
    </p>
   </div>
   <div class='ocr_carea' id='block_1_14' title="bbox 535 1318 2133 1389">
    <p class='ocr_par' dir='ltr' id='par_1_14' title="bbox 535 1318 2133 1389">
     <span class='ocr_line' id='line_1_14' title="bbox 535 1318 2133 1389; baseline -0.001 -14"><span class='ocrx_word' id='word_1_91' title='bbox 535 1321 603 1375; x_wconf 85' lang='lat' dir='ltr'><strong>ad</strong></span> <span class='ocrx_word' id='word_1_92' title='bbox 637 1319 862 1375; x_wconf 86' lang='lat' dir='ltr'><strong>formam</strong></span> <span class='ocrx_word' id='word_1_93' title='bbox 895 1320 1138 1385; x_wconf 81' lang='lat' dir='ltr'><strong>unitatis,</strong></span> <span class='ocrx_word' id='word_1_94' title='bbox 1171 1333 1276 1374; x_wconf 91' lang='lat' dir='ltr'><strong>non</strong></span> <span class='ocrx_word' id='word_1_95' title='bbox 1307 1319 1373 1374; x_wconf 91' lang='lat' dir='ltr'><strong>ad</strong></span> <span class='ocrx_word' id='word_1_96' title='bbox 1413 1319 1816 1374; x_wconf 91' lang='lat' dir='ltr'><strong>distinctionem</strong></span> <span class='ocrx_word' id='word_1_97' title='bbox 1848 1318 2133 1389; x_wconf 82' lang='lat' dir='ltr'><strong>potestatis</strong></span> 
     </span>
    </p>
   </div>
   <div class='ocr_carea' id='block_1_15' title="bbox 532 1413 2130 1484">
    <p class='ocr_par' dir='ltr' id='par_1_15' title="bbox 532 1413 2130 1484">
     <span class='ocr_line' id='line_1_15' title="bbox 532 1413 2130 1484; baseline 0.001 -16"><span class='ocrx_word' id='word_1_98' title='bbox 532 1413 818 1470; x_wconf 89' lang='lat' dir='ltr'><strong>referenda</strong></span> <span class='ocrx_word' id='word_1_99' title='bbox 859 1413 1012 1484; x_wconf 81' lang='lat' dir='ltr'><strong>digiti</strong></span> <span class='ocrx_word' id='word_1_100' title='bbox 1042 1414 1374 1484; x_wconf 89' lang='lat' dir='ltr'><strong>nuncupatio</strong></span> <span class='ocrx_word' id='word_1_101' title='bbox 1395 1425 1514 1480; x_wconf 89' lang='lat' dir='ltr'><strong>est;</strong></span> <span class='ocrx_word' id='word_1_102' title='bbox 1544 1429 1666 1474; x_wconf 90' lang='lat' dir='ltr'><strong>cum</strong></span> <span class='ocrx_word' id='word_1_103' title='bbox 1703 1423 1759 1469; x_wconf 90' lang='lat' dir='ltr'><strong>et</strong></span> <span class='ocrx_word' id='word_1_104' title='bbox 1781 1415 2003 1470; x_wconf 81' lang='lat' dir='ltr'><strong>dextera</strong></span> <span class='ocrx_word' id='word_1_105' title='bbox 2036 1414 2130 1470; x_wconf 89' lang='lat' dir='ltr'><strong>Dei</strong></span> 
     </span>
    </p>
   </div>
   <div class='ocr_carea' id='block_1_16' title="bbox 533 1505 2128 1580">
    <p class='ocr_par' dir='ltr' id='par_1_16' title="bbox 533 1505 2128 1580">
     <span class='ocr_line' id='line_1_16' title="bbox 533 1505 2128 1580; baseline 0.003 -20"><span class='ocrx_word' id='word_1_106' title='bbox 533 1506 674 1561; x_wconf 91' lang='lat' dir='ltr'><strong>dicat</strong></span> <span class='ocrx_word' id='word_1_107' title='bbox 707 1524 720 1560; x_wconf 88' lang='lat'><strong>:</strong></span> <span class='ocrx_word' id='word_1_108' title='bbox 753 1505 868 1576; x_wconf 84' lang='lat' dir='ltr'><strong>Ego</strong></span> <span class='ocrx_word' id='word_1_109' title='bbox 897 1517 944 1561; x_wconf 86' lang='lat' dir='ltr'><strong>et</strong></span> <span class='ocrx_word' id='word_1_110' title='bbox 977 1505 1135 1560; x_wconf 87' lang='lat' dir='ltr'><strong>Pater</strong></span> <span class='ocrx_word' id='word_1_111' title='bbox 1161 1525 1323 1562; x_wconf 88' lang='lat' dir='ltr'><strong>unum</strong></span> <span class='ocrx_word' id='word_1_112' title='bbox 1355 1525 1532 1563; x_wconf 87' lang='lat' dir='ltr'><strong>sumus</strong></span> <span class='ocrx_word' id='word_1_113' title='bbox 1568 1507 1750 1578; x_wconf 81' lang='lat' dir='ltr'><strong>(Joan.</strong></span> <span class='ocrx_word' id='word_1_114' title='bbox 1786 1525 1838 1574; x_wconf 74' lang='grc' dir='ltr'>χ,</span> <span class='ocrx_word' id='word_1_115' title='bbox 1871 1507 1986 1580; x_wconf 84' lang='grc'><strong>50).</strong></span> <span class='ocrx_word' id='word_1_116' title='bbox 2019 1509 2128 1565; x_wconf 89' lang='lat' dir='ltr'><strong>Sed</strong></span> 
     </span>
    </p>
   </div>
   <div class='ocr_carea' id='block_1_17' title="bbox 529 1589 1924 1672">
    <p class='ocr_par' dir='ltr' id='par_1_17' title="bbox 529 1589 1924 1672">
     <span class='ocr_line' id='line_1_17' title="bbox 529 1589 1924 1672; baseline 0.003 -19"><span class='ocrx_word' id='word_1_117' title='bbox 529 1589 944 1657; x_wconf 22' lang='lat' dir='ltr'><strong>licet-individua</strong></span> <span class='ocrx_word' id='word_1_118' title='bbox 969 1601 1249 1667; x_wconf 84' lang='lat' dir='ltr'><strong>divinitas,</strong></span> <span class='ocrx_word' id='word_1_119' title='bbox 1277 1602 1532 1658; x_wconf 90' lang='lat' dir='ltr'><strong>distincta</strong></span> <span class='ocrx_word' id='word_1_120' title='bbox 1567 1618 1795 1672; x_wconf 86' lang='lat' dir='ltr'><strong>persona</strong></span> <span class='ocrx_word' id='word_1_121' title='bbox 1821 1612 1924 1659; x_wconf 88' lang='lat' dir='ltr'><strong>est.</strong></span> 
     </span>
    </p>
   </div>
   <div class='ocr_carea' id='block_1_18' title="bbox 599 1713 2126 1787">
    <p class='ocr_par' dir='ltr' id='par_1_18' title="bbox 599 1713 2126 1787">
     <span class='ocr_line' id='line_1_18' title="bbox 599 1713 2126 1787; baseline 0.003 -19"><span class='ocrx_word' id='word_1_122' title='bbox 599 1713 691 1769; x_wconf 77' lang='lat'><strong>95.</strong></span> <span class='ocrx_word' id='word_1_123' title='bbox 734 1713 940 1784; x_wconf 88' lang='lat' dir='ltr'><strong>Digitus</strong></span> <span class='ocrx_word' id='word_1_124' title='bbox 963 1724 1140 1769; x_wconf 90' lang='lat' dir='ltr'><strong>tamen</strong></span> <span class='ocrx_word' id='word_1_125' title='bbox 1163 1728 1287 1769; x_wconf 90' lang='lat' dir='ltr'><strong>cum</strong></span> <span class='ocrx_word' id='word_1_126' title='bbox 1309 1715 1510 1770; x_wconf 91' lang='lat' dir='ltr'><strong>dicitur</strong></span> <span class='ocrx_word' id='word_1_127' title='bbox 1535 1715 1790 1787; x_wconf 89' lang='lat' dir='ltr'><strong>Spiritus,</strong></span> <span class='ocrx_word' id='word_1_128' title='bbox 1817 1716 2126 1786; x_wconf 89' lang='lat' dir='ltr'><strong>operatoria</strong></span> 
     </span>
    </p>
   </div>
   <div class='ocr_carea' id='block_1_19' title="bbox 2239 479 3841 553">
    <p class='ocr_par' dir='ltr' id='par_1_19' title="bbox 2239 479 3841 553">
     <span class='ocr_line' id='line_1_19' title="bbox 2239 479 3841 553; baseline 0.001 -18"><span class='ocrx_word' id='word_1_129' title='bbox 2239 479 2348 536; x_wconf 81' lang='lat' dir='ltr'><strong>illis</strong></span> <span class='ocrx_word' id='word_1_130' title='bbox 2379 482 2778 540; x_wconf 83' lang='lat' dir='ltr'><strong>immundnrum</strong></span> <span class='ocrx_word' id='word_1_131' title='bbox 2807 483 3095 552; x_wconf 83' lang='lat' dir='ltr'><strong>spirituum</strong></span> <span class='ocrx_word' id='word_1_132' title='bbox 3128 483 3306 538; x_wconf 91' lang='lat' dir='ltr'><strong>omnis</strong></span> <span class='ocrx_word' id='word_1_133' title='bbox 3348 483 3659 542; x_wconf 86' lang='lat' dir='ltr'><strong>cumulatur</strong></span> <span class='ocrx_word' id='word_1_134' title='bbox 3689 482 3841 553; x_wconf 78' lang='lat' dir='ltr'><strong>inju-</strong></span> 
     </span>
    </p>
   </div>
   <div class='ocr_carea' id='block_1_20' title="bbox 2239 573 3844 646">
    <p class='ocr_par' dir='ltr' id='par_1_20' title="bbox 2239 573 3844 646">
     <span class='ocr_line' id='line_1_20' title="bbox 2239 573 3844 646; baseline 0.002 -18"><span class='ocrx_word' id='word_1_135' title='bbox 2239 575 2352 640; x_wconf 89' lang='lat' dir='ltr'><strong>ria;</strong></span> <span class='ocrx_word' id='word_1_136' title='bbox 2386 575 2715 630; x_wconf 84' lang='lat' dir='ltr'><strong>universitas</strong></span> <span class='ocrx_word' id='word_1_137' title='bbox 2761 575 2904 630; x_wconf 88' lang='lat' dir='ltr'><strong>enim</strong></span> <span class='ocrx_word' id='word_1_138' title='bbox 2948 573 3052 628; x_wconf 87' lang='lat' dir='ltr'><strong>hoc</strong></span> <span class='ocrx_word' id='word_1_139' title='bbox 3093 589 3322 630; x_wconf 90' lang='lat' dir='ltr'><strong>numero</strong></span> <span class='ocrx_word' id='word_1_140' title='bbox 3352 575 3644 646; x_wconf 90' lang='lat' dir='ltr'><strong>aliquoties</strong></span> <span class='ocrx_word' id='word_1_141' title='bbox 3683 591 3844 632; x_wconf 84' lang='lat' dir='ltr'><strong>cont-</strong></span> 
     </span>
    </p>
   </div>
   <div class='ocr_carea' id='block_1_21' title="bbox 2239 664 3834 736">
    <p class='ocr_par' dir='ltr' id='par_1_21' title="bbox 2239 664 3834 736">
     <span class='ocr_line' id='line_1_21' title="bbox 2239 664 3834 736; baseline 0.003 -16"><span class='ocrx_word' id='word_1_142' title='bbox 2239 664 2609 734; x_wconf 87' lang='lat' dir='ltr'><strong>prehenditur,</strong></span> <span class='ocrx_word' id='word_1_143' title='bbox 2668 674 2888 736; x_wconf 86' lang='lat' dir='ltr'><strong>propter</strong></span> <span class='ocrx_word' id='word_1_144' title='bbox 2935 665 3077 736; x_wconf 90' lang='lat' dir='ltr'><strong>quod</strong></span> <span class='ocrx_word' id='word_1_145' title='bbox 3127 667 3361 736; x_wconf 88' lang='lat' dir='ltr'><strong>septimo</strong></span> <span class='ocrx_word' id='word_1_146' title='bbox 3413 667 3502 721; x_wconf 88' lang='lat' dir='ltr'><strong>die</strong></span> <span class='ocrx_word' id='word_1_147' title='bbox 3552 668 3834 724; x_wconf 83' lang='lat' dir='ltr'><strong>conclusis</strong></span> 
     </span>
    </p>
   </div>
   <div class='ocr_carea' id='block_1_22' title="bbox 2240 759 3842 832">
    <p class='ocr_par' dir='ltr' id='par_1_22' title="bbox 2240 759 3842 832">
     <span class='ocr_line' id='line_1_22' title="bbox 2240 759 3842 832; baseline 0.004 -19"><span class='ocrx_word' id='word_1_148' title='bbox 2240 759 2423 813; x_wconf 93' lang='lat' dir='ltr'><strong>mundi</strong></span> <span class='ocrx_word' id='word_1_149' title='bbox 2450 761 2728 828; x_wconf 83' lang='lat' dir='ltr'><strong>operibus,</strong></span> <span class='ocrx_word' id='word_1_150' title='bbox 2761 761 3029 830; x_wconf 86' lang='lat' dir='ltr'><strong>requievit</strong></span> <span class='ocrx_word' id='word_1_151' title='bbox 3056 760 3198 816; x_wconf 90' lang='lat' dir='ltr'><strong>Deus</strong></span> <span class='ocrx_word' id='word_1_152' title='bbox 3227 759 3382 828; x_wconf 80' lang='lat' dir='ltr'><strong>(Gen.</strong></span> <span class='ocrx_word' id='word_1_153' title='bbox 3417 777 3476 827; x_wconf 92' lang='grc' dir='ltr'><strong>ιι,</strong></span> <span class='ocrx_word' id='word_1_154' title='bbox 3518 764 3602 832; x_wconf 59' lang='lat'><strong>&#39;1).</strong></span> <span class='ocrx_word' id='word_1_155' title='bbox 3631 762 3754 819; x_wconf 91' lang='lat' dir='ltr'><strong>ldeo</strong></span> <span class='ocrx_word' id='word_1_156' title='bbox 3783 774 3842 821; x_wconf 89' lang='lat' dir='ltr'><strong>et</strong></span> 
     </span>
    </p>
   </div>
   <div class='ocr_carea' id='block_1_23' title="bbox 2237 853 3845 926">
    <p class='ocr_par' dir='ltr' id='par_1_23' title="bbox 2237 853 3845 926">
     <span class='ocr_line' id='line_1_23' title="bbox 2237 853 3845 926; baseline 0.004 -20"><span class='ocrx_word' id='word_1_157' title='bbox 2237 853 2424 907; x_wconf 88' lang='lat' dir='ltr'><strong>sterilis</strong></span> <span class='ocrx_word' id='word_1_158' title='bbox 2467 862 2656 920; x_wconf 85' lang='lat' dir='ltr'><strong>septem</strong></span> <span class='ocrx_word' id='word_1_159' title='bbox 2687 854 2905 922; x_wconf 81' lang='lat' dir='ltr'><strong>peperit,</strong></span> <span class='ocrx_word' id='word_1_160' title='bbox 2952 864 2998 908; x_wconf 89' lang='lat' dir='ltr'><strong>et</strong></span> <span class='ocrx_word' id='word_1_161' title='bbox 3038 854 3293 925; x_wconf 84' lang='lat' dir='ltr'><strong>populosa</strong></span> <span class='ocrx_word' id='word_1_162' title='bbox 3323 855 3375 908; x_wconf 88' lang='lat' dir='ltr'><strong>in</strong></span> <span class='ocrx_word' id='word_1_163' title='bbox 3407 855 3534 923; x_wconf 82' lang='lat' dir='ltr'><strong>ﬁliis</strong></span> <span class='ocrx_word' id='word_1_164' title='bbox 3572 857 3845 926; x_wconf 78' lang='lat' dir='ltr'><strong>inﬁrmata</strong></span> 
     </span>
    </p>
   </div>
   <div class='ocr_carea' id='block_1_24' title="bbox 2237 929 3849 1023">
    <p class='ocr_par' dir='ltr' id='par_1_24' title="bbox 2237 929 3849 1023">
     <span class='ocr_line' id='line_1_24' title="bbox 2237 929 3849 1023; baseline 0.004 -22"><span class='ocrx_word' id='word_1_165' title='bbox 2237 957 2312 1001; x_wconf 85' lang='lat' dir='ltr'><strong>est</strong></span> <span class='ocrx_word' id='word_1_166' title='bbox 2356 929 2396 1018; x_wconf 90' lang='lat' dir='ltr'><strong>(l</strong></span> <span class='ocrx_word' id='word_1_167' title='bbox 2430 946 2559 1018; x_wconf 74' lang='lat' dir='ltr'><strong>Reg.</strong></span> <span class='ocrx_word' id='word_1_168' title='bbox 2593 963 2651 1012; x_wconf 92' lang='grc' dir='ltr'><strong>ιι,</strong></span> <span class='ocrx_word' id='word_1_169' title='bbox 2682 948 2756 1019; x_wconf 60' lang='grc' dir='ltr'><strong>νᾶ).</strong></span> <span class='ocrx_word' id='word_1_170' title='bbox 2792 948 3031 1016; x_wconf 84' lang='lat' dir='ltr'><strong>Denique</strong></span> <span class='ocrx_word' id='word_1_171' title='bbox 3069 959 3128 1004; x_wconf 92' lang='lat' dir='ltr'><strong>ut</strong></span> <span class='ocrx_word' id='word_1_172' title='bbox 3155 951 3296 1005; x_wconf 79' lang='lat' dir='ltr'><strong>scius</strong></span> <span class='ocrx_word' id='word_1_173' title='bbox 3326 949 3627 1022; x_wconf 73' lang='lat' dir='ltr'><strong>Synagogm</strong></span> <span class='ocrx_word' id='word_1_174' title='bbox 3670 969 3849 1023; x_wconf 86' lang='lat' dir='ltr'><strong>popu-</strong></span> 
     </span>
    </p>
   </div>
   <div class='ocr_carea' id='block_1_25' title="bbox 2237 1031 3839 1112">
    <p class='ocr_par' dir='ltr' id='par_1_25' title="bbox 2237 1031 3839 1112">
     <span class='ocr_line' id='line_1_25' title="bbox 2237 1031 3839 1112; baseline 0.005 -18"><span class='ocrx_word' id='word_1_175' title='bbox 2237 1039 2348 1094; x_wconf 89' lang='lat' dir='ltr'><strong>lum</strong></span> <span class='ocrx_word' id='word_1_176' title='bbox 2399 1040 2724 1109; x_wconf 89' lang='lat' dir='ltr'><strong>deformari,</strong></span> <span class='ocrx_word' id='word_1_177' title='bbox 2781 1041 2870 1100; x_wconf 88' lang='lat' dir='ltr'><strong>ubi</strong></span> <span class='ocrx_word' id='word_1_178' title='bbox 2918 1041 3176 1110; x_wconf 66' lang='lat' dir='ltr'><strong>Ecclesia:</strong></span> <span class='ocrx_word' id='word_1_179' title='bbox 3223 1042 3503 1100; x_wconf 88' lang='lat' dir='ltr'><strong>beatitudo</strong></span> <span class='ocrx_word' id='word_1_180' title='bbox 3550 1031 3839 1112; x_wconf 83' lang='lat' dir='ltr'><strong>laudatur,</strong></span> 
     </span>
    </p>
   </div>
   <div class='ocr_carea' id='block_1_26' title="bbox 2237 1133 2511 1204">
    <p class='ocr_par' dir='ltr' id='par_1_26' title="bbox 2237 1133 2511 1204">
     <span class='ocr_line' id='line_1_26' title="bbox 2237 1133 2511 1204; baseline 0.029 -16"><span class='ocrx_word' id='word_1_181' title='bbox 2237 1133 2467 1204; x_wconf 85' lang='lat' dir='ltr'><strong>subjecit</strong></span> <span class='ocrx_word' id='word_1_182' title='bbox 2499 1152 2511 1195; x_wconf 73' lang='grc' dir='ltr'><strong>ι</strong></span> 
     </span>
    </p>
   </div>
   <div class='ocr_carea' id='block_1_27' title="bbox 2306 1246 3843 1322">
    <p class='ocr_par' dir='ltr' id='par_1_27' title="bbox 2306 1246 3843 1322">
     <span class='ocr_line' id='line_1_27' title="bbox 2306 1246 3843 1322; baseline 0.005 -23"><span class='ocrx_word' id='word_1_183' title='bbox 2306 1246 2487 1315; x_wconf 89' lang='lat' dir='ltr'><strong>(Vers.</strong></span> <span class='ocrx_word' id='word_1_184' title='bbox 2529 1247 2620 1312; x_wconf 66' lang='lat'><strong>29,</strong></span> <span class='ocrx_word' id='word_1_185' title='bbox 2648 1246 2768 1318; x_wconf 80' lang='lat'><strong>50.)</strong></span> <span class='ocrx_word' id='word_1_186' title='bbox 2815 1247 3086 1303; x_wconf 84' lang='lat' dir='ltr'><strong>Generatio</strong></span> <span class='ocrx_word' id='word_1_187' title='bbox 3125 1251 3265 1315; x_wconf 70' lang='lat' dir='ltr'><strong>lucc,</strong></span> <span class='ocrx_word' id='word_1_188' title='bbox 3313 1252 3576 1322; x_wconf 86' lang='lat' dir='ltr'><strong>generatio</strong></span> <span class='ocrx_word' id='word_1_189' title='bbox 3619 1268 3843 1322; x_wconf 81' lang='lat' dir='ltr'><strong>nequam</strong></span> 
     </span>
    </p>
   </div>
   <div class='ocr_carea' id='block_1_28' title="bbox 2231 1341 3838 1413">
    <p class='ocr_par' dir='ltr' id='par_1_28' title="bbox 2231 1341 3838 1413">
     <span class='ocr_line' id='line_1_28' title="bbox 2231 1341 3838 1413; baseline 0.004 -21"><span class='ocrx_word' id='word_1_190' title='bbox 2231 1349 2305 1393; x_wconf 89' lang='lat' dir='ltr'><strong>est</strong></span> <span class='ocrx_word' id='word_1_191' title='bbox 2332 1353 2350 1393; x_wconf 90' lang='lat'><em>:</em></span> <span class='ocrx_word' id='word_1_192' title='bbox 2379 1343 2583 1410; x_wconf 86' lang='lat' dir='ltr'><strong>signum</strong></span> <span class='ocrx_word' id='word_1_193' title='bbox 2611 1341 2813 1410; x_wconf 63' lang='lat' dir='ltr'><strong>quaerit.</strong></span> <span class='ocrx_word' id='word_1_194' title='bbox 2843 1352 2890 1394; x_wconf 80' lang='lat' dir='ltr'><strong>et</strong></span> <span class='ocrx_word' id='word_1_195' title='bbox 2914 1343 3120 1413; x_wconf 86' lang='lat' dir='ltr'><strong>signum</strong></span> <span class='ocrx_word' id='word_1_196' title='bbox 3150 1359 3252 1397; x_wconf 89' lang='lat' dir='ltr'><strong>non</strong></span> <span class='ocrx_word' id='word_1_197' title='bbox 3281 1342 3488 1398; x_wconf 87' lang='lat' dir='ltr'><strong>dabitur</strong></span> <span class='ocrx_word' id='word_1_198' title='bbox 3513 1345 3599 1410; x_wconf 86' lang='lat' dir='ltr'><strong>ei,</strong></span> <span class='ocrx_word' id='word_1_199' title='bbox 3635 1346 3733 1399; x_wconf 91' lang='lat' dir='ltr'><strong>nisi</strong></span> <span class='ocrx_word' id='word_1_200' title='bbox 3759 1347 3838 1400; x_wconf 87' lang='lat' dir='ltr'><strong>si-</strong></span> 
     </span>
    </p>
   </div>
   <div class='ocr_carea' id='block_1_29' title="bbox 2231 1429 3836 1510">
    <p class='ocr_par' dir='ltr' id='par_1_29' title="bbox 2231 1429 3836 1510">
     <span class='ocr_line' id='line_1_29' title="bbox 2231 1429 3836 1510; baseline 0.004 -26"><span class='ocrx_word' id='word_1_201' title='bbox 2231 1447 2386 1502; x_wconf 89' lang='lat' dir='ltr'><strong>gnum</strong></span> <span class='ocrx_word' id='word_1_202' title='bbox 2426 1429 2578 1487; x_wconf 72' lang='lat' dir='ltr'><strong>Iona:</strong></span> <span class='ocrx_word' id='word_1_203' title='bbox 2613 1433 2898 1504; x_wconf 66' lang='lat' dir='ltr'><strong>prophetae.</strong></span> <span class='ocrx_word' id='word_1_204' title='bbox 2935 1433 3073 1488; x_wconf 85' lang='lat' dir='ltr'><strong>Nam</strong></span> <span class='ocrx_word' id='word_1_205' title='bbox 3105 1435 3238 1489; x_wconf 82' lang='lat' dir='ltr'><strong>sicut</strong></span> <span class='ocrx_word' id='word_1_206' title='bbox 3283 1433 3448 1490; x_wconf 81' lang='lat' dir='ltr'><strong>Jonas</strong></span> <span class='ocrx_word' id='word_1_207' title='bbox 3493 1438 3595 1508; x_wconf 78' lang='lat' dir='ltr'><strong>fuit</strong></span> <span class='ocrx_word' id='word_1_208' title='bbox 3630 1439 3836 1510; x_wconf 84' lang='lat' dir='ltr'><strong>signum</strong></span> 
     </span>
    </p>
   </div>
   <div class='ocr_carea' id='block_1_30' title="bbox 2234 1520 3311 1582">
    <p class='ocr_par' dir='ltr' id='par_1_30' title="bbox 2234 1520 3311 1582">
     <span class='ocr_line' id='line_1_30' title="bbox 2234 1520 3311 1582; baseline 0.006 -7"><span class='ocrx_word' id='word_1_209' title='bbox 2234 1520 2484 1578; x_wconf 82' lang='lat' dir='ltr'><strong>Ninivitis</strong></span> <span class='ocrx_word' id='word_1_210' title='bbox 2517 1539 2534 1577; x_wconf 90' lang='lat'><em>:</em></span> <span class='ocrx_word' id='word_1_211' title='bbox 2565 1525 2638 1578; x_wconf 87' lang='lat' dir='ltr'><strong>ita</strong></span> <span class='ocrx_word' id='word_1_212' title='bbox 2666 1524 2759 1578; x_wconf 88' lang='lat' dir='ltr'><strong>erit</strong></span> <span class='ocrx_word' id='word_1_213' title='bbox 2790 1535 2839 1578; x_wconf 87' lang='lat' dir='ltr'><strong>et</strong></span> <span class='ocrx_word' id='word_1_214' title='bbox 2874 1523 3045 1580; x_wconf 86' lang='lat' dir='ltr'><strong>Filius</strong></span> <span class='ocrx_word' id='word_1_215' title='bbox 3067 1527 3311 1582; x_wconf 84' lang='lat' dir='ltr'><strong>hominis.</strong></span> 
     </span>
    </p>
   </div>
   <div class='ocr_carea' id='block_1_31' title="bbox 2302 1639 3835 1714">
    <p class='ocr_par' dir='ltr' id='par_1_31' title="bbox 2302 1639 3835 1714">
     <span class='ocr_line' id='line_1_31' title="bbox 2302 1639 3835 1714; baseline 0.006 -22"><span class='ocrx_word' id='word_1_216' title='bbox 2302 1639 2392 1693; x_wconf 83' lang='lat'><strong>96.</strong></span> <span class='ocrx_word' id='word_1_217' title='bbox 2430 1639 2486 1693; x_wconf 94' lang='lat' dir='ltr'><strong>ln</strong></span> <span class='ocrx_word' id='word_1_218' title='bbox 2519 1639 2619 1694; x_wconf 92' lang='lat' dir='ltr'><strong>hoc</strong></span> <span class='ocrx_word' id='word_1_219' title='bbox 2648 1656 2865 1709; x_wconf 89' lang='lat' dir='ltr'><strong>quoque</strong></span> <span class='ocrx_word' id='word_1_220' title='bbox 2893 1641 3205 1698; x_wconf 62' lang='lat' dir='ltr'><strong>Iudaeorum</strong></span> <span class='ocrx_word' id='word_1_221' title='bbox 3237 1645 3391 1714; x_wconf 82' lang='lat' dir='ltr'><strong>plebe</strong></span> <span class='ocrx_word' id='word_1_222' title='bbox 3414 1644 3698 1711; x_wconf 87' lang='lat' dir='ltr'><strong>damnata,</strong></span> <span class='ocrx_word' id='word_1_223' title='bbox 3734 1645 3835 1701; x_wconf 80' lang='lat' dir='ltr'><strong>Ec-</strong></span> 
     </span>
    </p>
   </div>
   <div class='ocr_carea' id='block_1_32' title="bbox 2231 1731 3837 1807">
    <p class='ocr_par' dir='ltr' id='par_1_32' title="bbox 2231 1731 3837 1807">
     <span class='ocr_line' id='line_1_32' title="bbox 2231 1731 3837 1807; baseline 0.005 -22"><span class='ocrx_word' id='word_1_224' title='bbox 2231 1731 2414 1785; x_wconf 75' lang='lat' dir='ltr'><strong>clesize</strong></span> <span class='ocrx_word' id='word_1_225' title='bbox 2445 1731 2764 1801; x_wconf 77' lang='lat' dir='ltr'><strong>mysterium</strong></span> <span class='ocrx_word' id='word_1_226' title='bbox 2797 1733 3077 1790; x_wconf 87' lang='lat' dir='ltr'><strong>evidenter</strong></span> <span class='ocrx_word' id='word_1_227' title='bbox 3119 1736 3472 1807; x_wconf 78' lang='lat' dir='ltr'><strong>exprimitur,</strong></span> <span class='ocrx_word' id='word_1_228' title='bbox 3501 1753 3630 1806; x_wconf 78' lang='lat' dir='ltr'><strong>quae</strong></span> <span class='ocrx_word' id='word_1_229' title='bbox 3664 1739 3712 1792; x_wconf 92' lang='lat' dir='ltr'><strong>in</strong></span> <span class='ocrx_word' id='word_1_230' title='bbox 3740 1738 3837 1793; x_wconf 79' lang='lat' dir='ltr'><strong>Ni-</strong></span> 
     </span>
    </p>
   </div>
   <div class='ocr_carea' id='block_1_33' title="bbox 527 1793 2122 1901">
    <p class='ocr_par' dir='ltr' id='par_1_33' title="bbox 527 1806 2122 1879">
     <span class='ocr_line' id='line_1_33' title="bbox 527 1806 2122 1879; baseline 0.002 -18"><span class='ocrx_word' id='word_1_231' title='bbox 527 1808 703 1862; x_wconf 86' lang='lat' dir='ltr'><strong>virtus</strong></span> <span class='ocrx_word' id='word_1_232' title='bbox 749 1806 1123 1878; x_wconf 88' lang='lat' dir='ltr'><strong>signiﬁcatur,</strong></span> <span class='ocrx_word' id='word_1_233' title='bbox 1170 1808 1315 1879; x_wconf 91' lang='lat' dir='ltr'><strong>quod</strong></span> <span class='ocrx_word' id='word_1_234' title='bbox 1360 1807 1668 1863; x_wconf 92' lang='lat' dir='ltr'><strong>divinorum</strong></span> <span class='ocrx_word' id='word_1_235' title='bbox 1708 1823 1934 1879; x_wconf 90' lang='lat' dir='ltr'><strong>operum</strong></span> <span class='ocrx_word' id='word_1_236' title='bbox 1984 1810 2122 1866; x_wconf 91' lang='lat' dir='ltr'><strong>sicut</strong></span> 
     </span>
    </p>
   </div>
   <div class='ocr_carea' id='block_1_34' title="bbox 2234 1793 3835 1901">
    <p class='ocr_par' dir='ltr' id='par_1_34' title="bbox 2236 1822 3835 1901">
     <span class='ocr_line' id='line_1_34' title="bbox 2236 1822 3835 1901; baseline 0.004 -23"><span class='ocrx_word' id='word_1_237' title='bbox 2236 1822 2426 1878; x_wconf 85' lang='lat' dir='ltr'><strong>nivitis</strong></span> <span class='ocrx_word' id='word_1_238' title='bbox 2456 1841 2551 1894; x_wconf 86' lang='lat' dir='ltr'><strong>per</strong></span> <span class='ocrx_word' id='word_1_239' title='bbox 2580 1825 2974 1894; x_wconf 64' lang='lat' dir='ltr'><strong>paenitentiam,</strong></span> <span class='ocrx_word' id='word_1_240' title='bbox 3006 1838 3060 1882; x_wconf 89' lang='lat' dir='ltr'><strong>et</strong></span> <span class='ocrx_word' id='word_1_241' title='bbox 3089 1829 3142 1883; x_wconf 91' lang='lat' dir='ltr'><strong>in</strong></span> <span class='ocrx_word' id='word_1_242' title='bbox 3172 1830 3354 1900; x_wconf 81' lang='lat' dir='ltr'><strong>regina</strong></span> <span class='ocrx_word' id='word_1_243' title='bbox 3378 1829 3563 1885; x_wconf 83' lang='lat' dir='ltr'><strong>Austri</strong></span> <span class='ocrx_word' id='word_1_244' title='bbox 3597 1847 3696 1901; x_wconf 89' lang='lat' dir='ltr'><strong>per</strong></span> <span class='ocrx_word' id='word_1_245' title='bbox 3722 1843 3835 1885; x_wconf 85' lang='lat' dir='ltr'><strong>stu-</strong></span> 
     </span>
    </p>
   </div>
   <div class='ocr_carea' id='block_1_35' title="bbox 528 1899 2123 1970">
    <p class='ocr_par' dir='ltr' id='par_1_35' title="bbox 528 1899 2123 1970">
     <span class='ocr_line' id='line_1_35' title="bbox 528 1899 2123 1970; baseline 0.002 -16"><span class='ocrx_word' id='word_1_246' title='bbox 528 1899 687 1954; x_wconf 84' lang='lat' dir='ltr'><strong>Pater</strong></span> <span class='ocrx_word' id='word_1_247' title='bbox 713 1910 766 1955; x_wconf 91' lang='lat' dir='ltr'><strong>et</strong></span> <span class='ocrx_word' id='word_1_248' title='bbox 800 1899 992 1965; x_wconf 85' lang='lat' dir='ltr'><strong>Filius,</strong></span> <span class='ocrx_word' id='word_1_249' title='bbox 1026 1901 1096 1954; x_wconf 91' lang='lat' dir='ltr'><strong>ita</strong></span> <span class='ocrx_word' id='word_1_250' title='bbox 1123 1910 1177 1955; x_wconf 92' lang='lat' dir='ltr'><strong>et</strong></span> <span class='ocrx_word' id='word_1_251' title='bbox 1221 1900 1459 1970; x_wconf 90' lang='lat' dir='ltr'><strong>Spiritus</strong></span> <span class='ocrx_word' id='word_1_252' title='bbox 1491 1911 1710 1955; x_wconf 88' lang='lat' dir='ltr'><strong>sanctus</strong></span> <span class='ocrx_word' id='word_1_253' title='bbox 1749 1911 2007 1968; x_wconf 88' lang='lat' dir='ltr'><strong>Operator</strong></span> <span class='ocrx_word' id='word_1_254' title='bbox 2032 1901 2123 1957; x_wconf 83' lang='lat' dir='ltr'><strong>sit.</strong></span> 
     </span>
    </p>
   </div>
   <div class='ocr_carea' id='block_1_36' title="bbox 529 1992 2128 2066">
    <p class='ocr_par' dir='ltr' id='par_1_36' title="bbox 529 1992 2128 2066">
     <span class='ocr_line' id='line_1_36' title="bbox 529 1992 2128 2066; baseline 0.002 -20"><span class='ocrx_word' id='word_1_255' title='bbox 529 1992 694 2046; x_wconf 84' lang='lat' dir='ltr'><strong>David</strong></span> <span class='ocrx_word' id='word_1_256' title='bbox 733 1993 877 2048; x_wconf 91' lang='lat' dir='ltr'><strong>enim</strong></span> <span class='ocrx_word' id='word_1_257' title='bbox 905 1993 1038 2048; x_wconf 83' lang='lat' dir='ltr'><strong>dicit</strong></span> <span class='ocrx_word' id='word_1_258' title='bbox 1072 2012 1085 2047; x_wconf 90' lang='lat'><strong>:</strong></span> <span class='ocrx_word' id='word_1_259' title='bbox 1125 1993 1383 2060; x_wconf 82' lang='lat' dir='ltr'><strong>Quoniam</strong></span> <span class='ocrx_word' id='word_1_260' title='bbox 1413 1993 1591 2048; x_wconf 81' lang='lat' dir='ltr'><strong>videbo</strong></span> <span class='ocrx_word' id='word_1_261' title='bbox 1621 1995 1771 2052; x_wconf 71' lang='lat' dir='ltr'><strong>caelos</strong></span> <span class='ocrx_word' id='word_1_262' title='bbox 1795 2011 1950 2065; x_wconf 81' lang='lat' dir='ltr'><strong>Opera</strong></span> <span class='ocrx_word' id='word_1_263' title='bbox 1993 1996 2128 2066; x_wconf 86' lang='lat' dir='ltr'><strong>digi-</strong></span> 
     </span>
    </p>
   </div>
   <div class='ocr_carea' id='block_1_37' title="bbox 525 2084 2128 2159">
    <p class='ocr_par' dir='ltr' id='par_1_37' title="bbox 525 2084 2128 2159">
     <span class='ocr_line' id='line_1_37' title="bbox 525 2084 2128 2159; baseline 0.002 -21"><span class='ocrx_word' id='word_1_264' title='bbox 525 2094 690 2138; x_wconf 87' lang='lat' dir='ltr'><strong>tormn</strong></span> <span class='ocrx_word' id='word_1_265' title='bbox 712 2095 918 2140; x_wconf 89' lang='lat' dir='ltr'><strong>tuorum</strong></span> <span class='ocrx_word' id='word_1_266' title='bbox 947 2084 1120 2159; x_wconf 81' lang='lat' dir='ltr'><strong>(Psal.</strong></span> <span class='ocrx_word' id='word_1_267' title='bbox 1148 2101 1262 2152; x_wconf 88' lang='lat' dir='ltr'><strong>vm,</strong></span> <span class='ocrx_word' id='word_1_268' title='bbox 1290 2085 1370 2154; x_wconf 74' lang='lat'><strong>4).</strong></span> <span class='ocrx_word' id='word_1_269' title='bbox 1403 2086 1468 2141; x_wconf 87' lang='lat' dir='ltr'><strong>Et</strong></span> <span class='ocrx_word' id='word_1_270' title='bbox 1497 2086 1549 2140; x_wconf 93' lang='lat' dir='ltr'><strong>in</strong></span> <span class='ocrx_word' id='word_1_271' title='bbox 1576 2087 1852 2157; x_wconf 88' lang='lat' dir='ltr'><strong>trigesimo</strong></span> <span class='ocrx_word' id='word_1_272' title='bbox 1883 2087 2128 2143; x_wconf 93' lang='lat' dir='ltr'><strong>secundo</strong></span> 
     </span>
    </p>
   </div>
   <div class='ocr_carea' id='block_1_38' title="bbox 533 2178 2118 2252">
    <p class='ocr_par' dir='ltr' id='par_1_38' title="bbox 533 2178 2118 2252">
     <span class='ocr_line' id='line_1_38' title="bbox 533 2178 2118 2252; baseline 0.003 -22"><span class='ocrx_word' id='word_1_273' title='bbox 533 2179 742 2248; x_wconf 88' lang='lat' dir='ltr'><strong>psalmo</strong></span> <span class='ocrx_word' id='word_1_274' title='bbox 787 2195 800 2230; x_wconf 90' lang='lat'><strong>:</strong></span> <span class='ocrx_word' id='word_1_275' title='bbox 846 2178 914 2232; x_wconf 85' lang='lat' dir='ltr'><strong>Et</strong></span> <span class='ocrx_word' id='word_1_276' title='bbox 966 2180 1152 2247; x_wconf 84' lang='lat' dir='ltr'><strong>spiritu</strong></span> <span class='ocrx_word' id='word_1_277' title='bbox 1195 2179 1300 2234; x_wconf 88' lang='lat' dir='ltr'><strong>oris</strong></span> <span class='ocrx_word' id='word_1_278' title='bbox 1343 2183 1459 2252; x_wconf 87' lang='lat' dir='ltr'><strong>ejus</strong></span> <span class='ocrx_word' id='word_1_279' title='bbox 1503 2181 1669 2233; x_wconf 86' lang='lat' dir='ltr'><strong>omnis</strong></span> <span class='ocrx_word' id='word_1_280' title='bbox 1723 2181 1885 2234; x_wconf 81' lang='lat' dir='ltr'><strong>virtus</strong></span> <span class='ocrx_word' id='word_1_281' title='bbox 1938 2198 2118 2235; x_wconf 90' lang='lat' dir='ltr'><strong>eorum</strong></span> 
     </span>
    </p>
   </div>
   <div class='ocr_carea' id='block_1_39' title="bbox 531 2270 2126 2343">
    <p class='ocr_par' dir='ltr' id='par_1_39' title="bbox 531 2270 2126 2343">
     <span class='ocr_line' id='line_1_39' title="bbox 531 2270 2126 2343; baseline 0.001 -20"><span class='ocrx_word' id='word_1_282' title='bbox 531 2270 709 2343; x_wconf 76' lang='lat' dir='ltr'><strong>(Paul.</strong></span> <span class='ocrx_word' id='word_1_283' title='bbox 760 2287 928 2334; x_wconf 67' lang='grc' dir='ltr'>χχιιι,</span> <span class='ocrx_word' id='word_1_284' title='bbox 977 2270 1058 2342; x_wconf 84' lang='grc'><strong>6).</strong></span> <span class='ocrx_word' id='word_1_285' title='bbox 1107 2271 1171 2326; x_wconf 82' lang='grc' dir='ltr'>Ει</span> <span class='ocrx_word' id='word_1_286' title='bbox 1202 2270 1401 2325; x_wconf 88' lang='lat' dir='ltr'><strong>Paulus</strong></span> <span class='ocrx_word' id='word_1_287' title='bbox 1435 2271 1550 2325; x_wconf 87' lang='lat' dir='ltr'><strong>ait:</strong></span> <span class='ocrx_word' id='word_1_288' title='bbox 1583 2270 1706 2326; x_wconf 66' lang='lat' dir='ltr'><strong>Haec</strong></span> <span class='ocrx_word' id='word_1_289' title='bbox 1739 2274 1911 2326; x_wconf 88' lang='lat' dir='ltr'><strong>omnia</strong></span> <span class='ocrx_word' id='word_1_290' title='bbox 1952 2283 2126 2326; x_wconf 82' lang='lat' dir='ltr'><strong>autem</strong></span> 
     </span>
    </p>
   </div>
   <div class='ocr_carea' id='block_1_40' title="bbox 529 2364 2126 2436">
    <p class='ocr_par' dir='ltr' id='par_1_40' title="bbox 529 2364 2126 2436">
     <span class='ocr_line' id='line_1_40' title="bbox 529 2364 2126 2436; baseline 0.002 -20"><span class='ocrx_word' id='word_1_291' title='bbox 529 2373 778 2433; x_wconf 87' lang='lat' dir='ltr'><strong>operatur</strong></span> <span class='ocrx_word' id='word_1_292' title='bbox 807 2381 939 2418; x_wconf 88' lang='lat' dir='ltr'><strong>unus</strong></span> <span class='ocrx_word' id='word_1_293' title='bbox 981 2378 1138 2435; x_wconf 85' lang='lat' dir='ltr'><strong>atque</strong></span> <span class='ocrx_word' id='word_1_294' title='bbox 1164 2364 1301 2418; x_wconf 85' lang='lat' dir='ltr'><strong>idem</strong></span> <span class='ocrx_word' id='word_1_295' title='bbox 1342 2364 1593 2436; x_wconf 85' lang='lat' dir='ltr'><strong>Spiritus,</strong></span> <span class='ocrx_word' id='word_1_296' title='bbox 1631 2364 1866 2419; x_wconf 81' lang='lat' dir='ltr'><strong>dividens</strong></span> <span class='ocrx_word' id='word_1_297' title='bbox 1906 2365 2126 2436; x_wconf 83' lang='lat' dir='ltr'><strong>singulis</strong></span> 
     </span>
    </p>
   </div>
   <div class='ocr_carea' id='block_1_41' title="bbox 529 2457 1830 2529">
    <p class='ocr_par' dir='ltr' id='par_1_41' title="bbox 529 2457 1830 2529">
     <span class='ocr_line' id='line_1_41' title="bbox 529 2457 1830 2529; baseline 0.002 -20"><span class='ocrx_word' id='word_1_298' title='bbox 529 2466 680 2526; x_wconf 82' lang='lat' dir='ltr'><strong>prout</strong></span> <span class='ocrx_word' id='word_1_299' title='bbox 709 2457 816 2510; x_wconf 81' lang='lat' dir='ltr'><strong>vult</strong></span> <span class='ocrx_word' id='word_1_300' title='bbox 845 2457 887 2525; x_wconf 95' lang='lat' dir='ltr'><strong>(I</strong></span> <span class='ocrx_word' id='word_1_301' title='bbox 916 2457 1036 2513; x_wconf 85' lang='lat' dir='ltr'><strong>Cor.</strong></span> <span class='ocrx_word' id='word_1_302' title='bbox 1071 2473 1170 2524; x_wconf 76' lang='lat' dir='ltr'><strong>sn,</strong></span> <span class='ocrx_word' id='word_1_303' title='bbox 1206 2458 1319 2529; x_wconf 77' lang='lat' dir='ltr'><strong>ll).</strong></span> <span class='ocrx_word' id='word_1_304' title='bbox 1349 2458 1413 2512; x_wconf 86' lang='lat' dir='ltr'><strong>Et</strong></span> <span class='ocrx_word' id='word_1_305' title='bbox 1437 2457 1485 2512; x_wconf 90' lang='lat' dir='ltr'><strong>id</strong></span> <span class='ocrx_word' id='word_1_306' title='bbox 1511 2473 1630 2512; x_wconf 82' lang='lat' dir='ltr'><strong>cum</strong></span> <span class='ocrx_word' id='word_1_307' title='bbox 1653 2457 1782 2513; x_wconf 91' lang='lat' dir='ltr'><strong>dicit</strong></span> <span class='ocrx_word' id='word_1_308' title='bbox 1818 2476 1830 2512; x_wconf 93' lang='lat'>:</span> 
     </span>
    </p>
   </div>
   <div class='ocr_carea' id='block_1_42' title="bbox 598 2571 2125 2645">
    <p class='ocr_par' dir='ltr' id='par_1_42' title="bbox 598 2571 2125 2645">
     <span class='ocr_line' id='line_1_42' title="bbox 598 2571 2125 2645; baseline 0 -19"><span class='ocrx_word' id='word_1_309' title='bbox 598 2571 778 2644; x_wconf 84' lang='lat' dir='ltr'><strong>(Vers.</strong></span> <span class='ocrx_word' id='word_1_310' title='bbox 809 2571 925 2642; x_wconf 74' lang='lat'><strong>20).</strong></span> <span class='ocrx_word' id='word_1_311' title='bbox 952 2572 1106 2638; x_wconf 82' lang='lat' dir='ltr'><strong>Quod</strong></span> <span class='ocrx_word' id='word_1_312' title='bbox 1135 2572 1178 2628; x_wconf 85' lang='lat' dir='ltr'><strong>si</strong></span> <span class='ocrx_word' id='word_1_313' title='bbox 1214 2573 1268 2627; x_wconf 90' lang='lat' dir='ltr'><strong>in</strong></span> <span class='ocrx_word' id='word_1_314' title='bbox 1297 2573 1496 2645; x_wconf 88' lang='lat' dir='ltr'><strong>Spiritu</strong></span> <span class='ocrx_word' id='word_1_315' title='bbox 1520 2573 1615 2627; x_wconf 85' lang='lat' dir='ltr'><strong>Dei</strong></span> <span class='ocrx_word' id='word_1_316' title='bbox 1635 2589 1729 2644; x_wconf 84' lang='lat' dir='ltr'><strong>ego</strong></span> <span class='ocrx_word' id='word_1_317' title='bbox 1754 2574 1908 2645; x_wconf 89' lang='lat' dir='ltr'><strong>ejicio</strong></span> <span class='ocrx_word' id='word_1_318' title='bbox 1933 2574 2125 2628; x_wconf 74' lang='lat' dir='ltr'><strong>daemo-</strong></span> 
     </span>
    </p>
   </div>
   <div class='ocr_carea' id='block_1_43' title="bbox 437 2666 1748 2739">
    <p class='ocr_par' dir='ltr' id='par_1_43' title="bbox 437 2666 1748 2739">
     <span class='ocr_line' id='line_1_43' title="bbox 437 2666 1748 2739; baseline 0.004 -21"><span class='ocrx_word' id='word_1_319' title='bbox 437 2701 452 2707; x_wconf 86' lang='lat'><strong>-</strong></span> <span class='ocrx_word' id='word_1_320' title='bbox 525 2666 611 2719; x_wconf 89' lang='lat' dir='ltr'><strong>nia</strong></span> <span class='ocrx_word' id='word_1_321' title='bbox 632 2707 645 2732; x_wconf 97' lang='lat'><strong>,</strong></span> <span class='ocrx_word' id='word_1_322' title='bbox 677 2667 907 2736; x_wconf 78' lang='lat' dir='ltr'><strong>profecto</strong></span> <span class='ocrx_word' id='word_1_323' title='bbox 937 2667 1164 2737; x_wconf 86' lang='lat' dir='ltr'><strong>pervenit</strong></span> <span class='ocrx_word' id='word_1_324' title='bbox 1195 2668 1246 2721; x_wconf 88' lang='lat' dir='ltr'><strong>in</strong></span> <span class='ocrx_word' id='word_1_325' title='bbox 1275 2683 1363 2722; x_wconf 80' lang='lat' dir='ltr'><strong>vos</strong></span> <span class='ocrx_word' id='word_1_326' title='bbox 1392 2685 1608 2739; x_wconf 83' lang='lat' dir='ltr'><strong>regnum</strong></span> <span class='ocrx_word' id='word_1_327' title='bbox 1634 2667 1748 2723; x_wconf 86' lang='lat' dir='ltr'><strong>Dei.</strong></span> 
     </span>
    </p>
   </div>
   <div class='ocr_carea' id='block_1_44' title="bbox 596 2783 2125 2862">
    <p class='ocr_par' dir='ltr' id='par_1_44' title="bbox 596 2783 2125 2862">
     <span class='ocr_line' id='line_1_44' title="bbox 596 2783 2125 2862; baseline 0.002 -24"><span class='ocrx_word' id='word_1_328' title='bbox 596 2783 688 2859; x_wconf 63' lang='grc'><strong>94.</strong></span> <span class='ocrx_word' id='word_1_329' title='bbox 739 2783 913 2840; x_wconf 90' lang='lat' dir='ltr'><strong>Simul</strong></span> <span class='ocrx_word' id='word_1_330' title='bbox 961 2785 1201 2842; x_wconf 89' lang='lat' dir='ltr'><strong>ostendit</strong></span> <span class='ocrx_word' id='word_1_331' title='bbox 1254 2785 1591 2858; x_wconf 88' lang='lat' dir='ltr'><strong>imperialem</strong></span> <span class='ocrx_word' id='word_1_332' title='bbox 1654 2785 1944 2858; x_wconf 84' lang='lat' dir='ltr'><strong>quamdam</strong></span> <span class='ocrx_word' id='word_1_333' title='bbox 2001 2800 2125 2862; x_wconf 80' lang='lat' dir='ltr'><strong>esse</strong></span> 
     </span>
    </p>
   </div>
   <div class='ocr_carea' id='block_1_45' title="bbox 521 2878 2119 2953">
    <p class='ocr_par' dir='ltr' id='par_1_45' title="bbox 521 2878 2119 2953">
     <span class='ocr_line' id='line_1_45' title="bbox 521 2878 2119 2953; baseline 0.001 -21"><span class='ocrx_word' id='word_1_334' title='bbox 521 2879 692 2933; x_wconf 85' lang='lat' dir='ltr'><strong>sancti</strong></span> <span class='ocrx_word' id='word_1_335' title='bbox 723 2878 960 2948; x_wconf 87' lang='lat' dir='ltr'><strong>Spiritus</strong></span> <span class='ocrx_word' id='word_1_336' title='bbox 989 2889 1336 2952; x_wconf 87' lang='lat' dir='ltr'><strong>potestatem,</strong></span> <span class='ocrx_word' id='word_1_337' title='bbox 1380 2881 1432 2938; x_wconf 90' lang='lat' dir='ltr'><strong>in</strong></span> <span class='ocrx_word' id='word_1_338' title='bbox 1477 2896 1586 2952; x_wconf 84' lang='lat' dir='ltr'><strong>quo</strong></span> <span class='ocrx_word' id='word_1_339' title='bbox 1618 2897 1841 2953; x_wconf 81' lang='lat' dir='ltr'><strong>regnum</strong></span> <span class='ocrx_word' id='word_1_340' title='bbox 1886 2889 1972 2936; x_wconf 89' lang='lat' dir='ltr'><strong>est</strong></span> <span class='ocrx_word' id='word_1_341' title='bbox 2001 2880 2119 2936; x_wconf 90' lang='lat' dir='ltr'><strong>Dei.</strong></span> 
     </span>
    </p>
   </div>
   <div class='ocr_carea' id='block_1_46' title="bbox 521 2956 2123 3043">
    <p class='ocr_par' dir='ltr' id='par_1_46' title="bbox 521 2956 2123 3043">
     <span class='ocr_line' id='line_1_46' title="bbox 521 2956 2123 3043; baseline 0 -19"><span class='ocrx_word' id='word_1_342' title='bbox 521 2967 635 3026; x_wconf 86' lang='lat' dir='ltr'><strong>Nos</strong></span> <span class='ocrx_word' id='word_1_343' title='bbox 661 2985 880 3042; x_wconf 89' lang='lat' dir='ltr'><strong>quoque</strong></span> <span class='ocrx_word' id='word_1_344' title='bbox 913 2971 965 3025; x_wconf 91' lang='lat' dir='ltr'><strong>in</strong></span> <span class='ocrx_word' id='word_1_345' title='bbox 994 2971 1192 3039; x_wconf 89' lang='lat' dir='ltr'><strong>quibus</strong></span> <span class='ocrx_word' id='word_1_346' title='bbox 1226 2956 1434 3026; x_wconf 85' lang='lat' dir='ltr'><strong>habitat</strong></span> <span class='ocrx_word' id='word_1_347' title='bbox 1464 2971 1722 3042; x_wconf 89' lang='lat' dir='ltr'><strong>Spiritus.</strong></span> <span class='ocrx_word' id='word_1_348' title='bbox 1756 2973 1994 3043; x_wconf 89' lang='lat' dir='ltr'><strong>regalem</strong></span> <span class='ocrx_word' id='word_1_349' title='bbox 2026 2972 2123 3043; x_wconf 54' lang='lat' dir='ltr'><strong>dae</strong></span> 
     </span>
    </p>
   </div>
   <div class='ocr_carea' id='block_1_47' title="bbox 524 3063 2124 3138">
    <p class='ocr_par' dir='ltr' id='par_1_47' title="bbox 524 3063 2124 3138">
     <span class='ocr_line' id='line_1_47' title="bbox 524 3063 2124 3138; baseline 0.002 -22"><span class='ocrx_word' id='word_1_350' title='bbox 524 3079 669 3117; x_wconf 92' lang='lat' dir='ltr'><strong>mum</strong></span> <span class='ocrx_word' id='word_1_351' title='bbox 701 3063 986 3120; x_wconf 90' lang='lat' dir='ltr'><strong>habemus.</strong></span> <span class='ocrx_word' id='word_1_352' title='bbox 1016 3063 1172 3120; x_wconf 93' lang='lat' dir='ltr'><strong>Unde</strong></span> <span class='ocrx_word' id='word_1_353' title='bbox 1216 3073 1271 3120; x_wconf 90' lang='lat' dir='ltr'><strong>et</strong></span> <span class='ocrx_word' id='word_1_354' title='bbox 1301 3067 1351 3121; x_wconf 91' lang='lat' dir='ltr'><strong>in</strong></span> <span class='ocrx_word' id='word_1_355' title='bbox 1384 3067 1785 3138; x_wconf 80' lang='lat' dir='ltr'><strong>posterioribus</strong></span> <span class='ocrx_word' id='word_1_356' title='bbox 1807 3067 1938 3122; x_wconf 61' lang='lat' dir='ltr'><strong>dixit</strong></span> <span class='ocrx_word' id='word_1_357' title='bbox 1974 3083 1987 3118; x_wconf 90' lang='lat'><strong>:</strong></span> <span class='ocrx_word' id='word_1_358' title='bbox 2021 3064 2124 3120; x_wconf 84' lang='lat' dir='ltr'><strong>Re-</strong></span> 
     </span>
    </p>
   </div>
   <div class='ocr_carea' id='block_1_48' title="bbox 521 3157 2123 3233">
    <p class='ocr_par' dir='ltr' id='par_1_48' title="bbox 521 3157 2123 3233">
     <span class='ocr_line' id='line_1_48' title="bbox 521 3157 2123 3233; baseline 0 -19"><span class='ocrx_word' id='word_1_359' title='bbox 521 3177 680 3230; x_wconf 81' lang='lat' dir='ltr'><strong>gnum</strong></span> <span class='ocrx_word' id='word_1_360' title='bbox 707 3157 806 3214; x_wconf 88' lang='lat' dir='ltr'><strong>Dei</strong></span> <span class='ocrx_word' id='word_1_361' title='bbox 843 3163 981 3216; x_wconf 90' lang='lat' dir='ltr'><strong>intra</strong></span> <span class='ocrx_word' id='word_1_362' title='bbox 1005 3171 1092 3218; x_wconf 79' lang='lat' dir='ltr'><strong>bos</strong></span> <span class='ocrx_word' id='word_1_363' title='bbox 1138 3171 1215 3216; x_wconf 86' lang='lat' dir='ltr'><strong>est</strong></span> <span class='ocrx_word' id='word_1_364' title='bbox 1247 3161 1397 3228; x_wconf 88' lang='lat' dir='ltr'><strong>(Luc.</strong></span> <span class='ocrx_word' id='word_1_365' title='bbox 1434 3177 1563 3230; x_wconf 79' lang='lat' dir='ltr'><strong>xvu,</strong></span> <span class='ocrx_word' id='word_1_366' title='bbox 1591 3163 1707 3233; x_wconf 72' lang='grc'><strong>21).</strong></span> <span class='ocrx_word' id='word_1_367' title='bbox 1741 3162 1806 3217; x_wconf 84' lang='grc' dir='ltr'>Ει</span> <span class='ocrx_word' id='word_1_368' title='bbox 1834 3161 1956 3218; x_wconf 90' lang='lat' dir='ltr'><strong>ideo</strong></span> <span class='ocrx_word' id='word_1_369' title='bbox 1985 3161 2123 3216; x_wconf 78' lang='lat' dir='ltr'><strong>divi-</strong></span> 
     </span>
    </p>
   </div>
   <div class='ocr_carea' id='block_1_49' title="bbox 522 3253 2121 3324">
    <p class='ocr_par' dir='ltr' id='par_1_49' title="bbox 522 3253 2121 3324">
     <span class='ocr_line' id='line_1_49' title="bbox 522 3253 2121 3324; baseline 0.002 -16"><span class='ocrx_word' id='word_1_370' title='bbox 522 3253 728 3320; x_wconf 87' lang='lat' dir='ltr'><strong>nitatis,</strong></span> <span class='ocrx_word' id='word_1_371' title='bbox 770 3262 826 3310; x_wconf 91' lang='lat' dir='ltr'><strong>et</strong></span> <span class='ocrx_word' id='word_1_372' title='bbox 867 3255 1274 3320; x_wconf 64' lang='lat' dir='ltr'><strong>dominationis,</strong></span> <span class='ocrx_word' id='word_1_373' title='bbox 1313 3265 1368 3310; x_wconf 91' lang='lat' dir='ltr'><strong>et</strong></span> <span class='ocrx_word' id='word_1_374' title='bbox 1415 3253 1780 3324; x_wconf 71' lang='lat' dir='ltr'><strong>imperatoria:</strong></span> <span class='ocrx_word' id='word_1_375' title='bbox 1819 3254 2121 3324; x_wconf 87' lang='lat' dir='ltr'><strong>majestatis</strong></span> 
     </span>
    </p>
   </div>
   <div class='ocr_carea' id='block_1_50' title="bbox 2235 1915 3836 1989">
    <p class='ocr_par' dir='ltr' id='par_1_50' title="bbox 2235 1915 3836 1989">
     <span class='ocr_line' id='line_1_50' title="bbox 2235 1915 3836 1989; baseline 0.005 -20"><span class='ocrx_word' id='word_1_376' title='bbox 2235 1915 2381 1970; x_wconf 89' lang='lat' dir='ltr'><strong>dium</strong></span> <span class='ocrx_word' id='word_1_377' title='bbox 2429 1917 2786 1988; x_wconf 71' lang='lat' dir='ltr'><strong>percipiendae</strong></span> <span class='ocrx_word' id='word_1_378' title='bbox 2827 1921 3106 1989; x_wconf 68' lang='lat' dir='ltr'><strong>sapientize</strong></span> <span class='ocrx_word' id='word_1_379' title='bbox 3137 1921 3206 1976; x_wconf 88' lang='lat' dir='ltr'><strong>de</strong></span> <span class='ocrx_word' id='word_1_380' title='bbox 3254 1923 3417 1976; x_wconf 90' lang='lat' dir='ltr'><strong>totius</strong></span> <span class='ocrx_word' id='word_1_381' title='bbox 3456 1923 3610 1980; x_wconf 89' lang='lat' dir='ltr'><strong>orbis</strong></span> <span class='ocrx_word' id='word_1_382' title='bbox 3643 1923 3836 1980; x_wconf 77' lang='lat' dir='ltr'><strong>ﬁnibus</strong></span> 
     </span>
    </p>
   </div>
   <div class='ocr_carea' id='block_1_51' title="bbox 2229 2014 3830 2090">
    <p class='ocr_par' dir='ltr' id='par_1_51' title="bbox 2229 2014 3830 2090">
     <span class='ocr_line' id='line_1_51' title="bbox 2229 2014 3830 2090; baseline 0.004 -22"><span class='ocrx_word' id='word_1_383' title='bbox 2229 2023 2627 2083; x_wconf 75' lang='lat' dir='ltr'><strong>congregatur;</strong></span> <span class='ocrx_word' id='word_1_384' title='bbox 2659 2024 2714 2067; x_wconf 93' lang='lat' dir='ltr'><strong>ut</strong></span> <span class='ocrx_word' id='word_1_385' title='bbox 2755 2014 2961 2084; x_wconf 87' lang='lat' dir='ltr'><strong>paciﬁci</strong></span> <span class='ocrx_word' id='word_1_386' title='bbox 2994 2017 3304 2072; x_wconf 81' lang='lat' dir='ltr'><strong>Saloinonis</strong></span> <span class='ocrx_word' id='word_1_387' title='bbox 3328 2019 3489 2073; x_wconf 90' lang='lat' dir='ltr'><strong>verba</strong></span> <span class='ocrx_word' id='word_1_388' title='bbox 3519 2033 3830 2090; x_wconf 77' lang='lat' dir='ltr'><strong>eugttoscat.</strong></span> 
     </span>
    </p>
   </div>
   <div class='ocr_carea' id='block_1_52' title="bbox 2231 2105 3826 2180">
    <p class='ocr_par' dir='ltr' id='par_1_52' title="bbox 2231 2105 3826 2180">
     <span class='ocr_line' id='line_1_52' title="bbox 2231 2105 3826 2180; baseline 0.004 -20"><span class='ocrx_word' id='word_1_389' title='bbox 2231 2105 2438 2175; x_wconf 65' lang='lat' dir='ltr'><strong>Regina</strong></span> <span class='ocrx_word' id='word_1_390' title='bbox 2474 2107 2649 2174; x_wconf 87' lang='lat' dir='ltr'><strong>plane,</strong></span> <span class='ocrx_word' id='word_1_391' title='bbox 2681 2107 2836 2177; x_wconf 80' lang='lat' dir='ltr'><strong>cujus</strong></span> <span class='ocrx_word' id='word_1_392' title='bbox 2859 2125 3082 2180; x_wconf 87' lang='lat' dir='ltr'><strong>regnum</strong></span> <span class='ocrx_word' id='word_1_393' title='bbox 3109 2121 3192 2166; x_wconf 91' lang='lat' dir='ltr'><strong>est</strong></span> <span class='ocrx_word' id='word_1_394' title='bbox 3220 2111 3533 2178; x_wconf 86' lang='lat' dir='ltr'><strong>indivisum,</strong></span> <span class='ocrx_word' id='word_1_395' title='bbox 3564 2113 3636 2167; x_wconf 88' lang='lat' dir='ltr'><strong>de</strong></span> <span class='ocrx_word' id='word_1_396' title='bbox 3659 2113 3826 2168; x_wconf 83' lang='lat' dir='ltr'><strong>diver-</strong></span> 
     </span>
    </p>
   </div>
   <div class='ocr_carea' id='block_1_53' title="bbox 2205 2200 3831 2279">
    <p class='ocr_par' dir='ltr' id='par_1_53' title="bbox 2205 2200 3831 2279">
     <span class='ocr_line' id='line_1_53' title="bbox 2205 2200 3831 2279; baseline 0.005 -25"><span class='ocrx_word' id='word_1_397' title='bbox 2205 2201 2304 2279; x_wconf 33' lang='lat' dir='ltr'><strong>.sis</strong></span> <span class='ocrx_word' id='word_1_398' title='bbox 2338 2210 2392 2254; x_wconf 87' lang='lat' dir='ltr'><strong>et</strong></span> <span class='ocrx_word' id='word_1_399' title='bbox 2415 2200 2743 2256; x_wconf 81' lang='lat' dir='ltr'><strong>distantibus</strong></span> <span class='ocrx_word' id='word_1_400' title='bbox 2774 2203 2983 2272; x_wconf 80' lang='lat' dir='ltr'><strong>pupulis</strong></span> <span class='ocrx_word' id='word_1_401' title='bbox 3015 2205 3066 2257; x_wconf 94' lang='lat' dir='ltr'><strong>iu</strong></span> <span class='ocrx_word' id='word_1_402' title='bbox 3096 2221 3262 2258; x_wconf 88' lang='lat' dir='ltr'><strong>unttm</strong></span> <span class='ocrx_word' id='word_1_403' title='bbox 3295 2220 3493 2276; x_wconf 89' lang='lat' dir='ltr'><strong>corpus</strong></span> <span class='ocrx_word' id='word_1_404' title='bbox 3521 2221 3831 2277; x_wconf 79' lang='lat' dir='ltr'><strong>assurgens.</strong></span> 
     </span>
    </p>
   </div>
   <div class='ocr_carea' id='block_1_54' title="bbox 2230 2292 3834 2369">
    <p class='ocr_par' dir='ltr' id='par_1_54' title="bbox 2230 2292 3834 2369">
     <span class='ocr_line' id='line_1_54' title="bbox 2230 2292 3834 2369; baseline 0.005 -23"><span class='ocrx_word' id='word_1_405' title='bbox 2230 2292 2418 2362; x_wconf 86' lang='lat' dir='ltr'><strong>Itaque</strong></span> <span class='ocrx_word' id='word_1_406' title='bbox 2441 2293 2834 2348; x_wconf 82' lang='lat' dir='ltr'><strong>Sacramcntnm</strong></span> <span class='ocrx_word' id='word_1_407' title='bbox 2866 2297 2963 2351; x_wconf 86' lang='lat' dir='ltr'><strong>hoc</strong></span> <span class='ocrx_word' id='word_1_408' title='bbox 2994 2314 3236 2369; x_wconf 88' lang='lat' dir='ltr'><strong>magnum</strong></span> <span class='ocrx_word' id='word_1_409' title='bbox 3265 2310 3433 2353; x_wconf 85' lang='lat' dir='ltr'><strong>est....</strong></span> <span class='ocrx_word' id='word_1_410' title='bbox 3466 2300 3530 2352; x_wconf 89' lang='lat' dir='ltr'><strong>de</strong></span> <span class='ocrx_word' id='word_1_411' title='bbox 3557 2297 3762 2354; x_wconf 78' lang='lat' dir='ltr'><strong>Christo</strong></span> <span class='ocrx_word' id='word_1_412' title='bbox 3790 2310 3834 2355; x_wconf 88' lang='lat' dir='ltr'><strong>et</strong></span> 
     </span>
    </p>
   </div>
   <div class='ocr_carea' id='block_1_55' title="bbox 2231 2387 3827 2464">
    <p class='ocr_par' dir='ltr' id='par_1_55' title="bbox 2231 2387 3827 2464">
     <span class='ocr_line' id='line_1_55' title="bbox 2231 2387 3827 2464; baseline 0.004 -23"><span class='ocrx_word' id='word_1_413' title='bbox 2231 2387 2465 2442; x_wconf 78' lang='lat' dir='ltr'><strong>Ecclesia</strong></span> <span class='ocrx_word' id='word_1_414' title='bbox 2497 2388 2718 2456; x_wconf 84' lang='lat' dir='ltr'><strong>(Ep/tes.</strong></span> <span class='ocrx_word' id='word_1_415' title='bbox 2752 2406 2807 2455; x_wconf 78' lang='grc' dir='ltr'>ν,</span> <span class='ocrx_word' id='word_1_416' title='bbox 2841 2393 2929 2461; x_wconf 71' lang='lat'><strong>52)</strong></span> <span class='ocrx_word' id='word_1_417' title='bbox 2960 2411 2971 2444; x_wconf 90' lang='lat'><strong>:</strong></span> <span class='ocrx_word' id='word_1_418' title='bbox 3004 2392 3098 2447; x_wconf 81' lang='lat' dir='ltr'><strong>sed</strong></span> <span class='ocrx_word' id='word_1_419' title='bbox 3144 2405 3324 2446; x_wconf 89' lang='lat' dir='ltr'><strong>tamen</strong></span> <span class='ocrx_word' id='word_1_420' title='bbox 3359 2393 3462 2448; x_wconf 92' lang='lat' dir='ltr'><strong>hoc</strong></span> <span class='ocrx_word' id='word_1_421' title='bbox 3509 2395 3685 2464; x_wconf 80' lang='lat' dir='ltr'><strong>majus</strong></span> <span class='ocrx_word' id='word_1_422' title='bbox 3713 2405 3827 2460; x_wconf 90' lang='lat' dir='ltr'><strong>est;</strong></span> 
     </span>
    </p>
   </div>
   <div class='ocr_carea' id='block_1_56' title="bbox 2229 2481 3832 2555">
    <p class='ocr_par' dir='ltr' id='par_1_56' title="bbox 2229 2481 3832 2555">
     <span class='ocr_line' id='line_1_56' title="bbox 2229 2481 3832 2555; baseline 0.004 -21"><span class='ocrx_word' id='word_1_423' title='bbox 2229 2482 2352 2551; x_wconf 85' lang='lat' dir='ltr'><strong>quia</strong></span> <span class='ocrx_word' id='word_1_424' title='bbox 2382 2481 2512 2536; x_wconf 91' lang='lat' dir='ltr'><strong>illud</strong></span> <span class='ocrx_word' id='word_1_425' title='bbox 2544 2481 2596 2536; x_wconf 88' lang='lat' dir='ltr'><strong>in</strong></span> <span class='ocrx_word' id='word_1_426' title='bbox 2632 2482 2800 2553; x_wconf 87' lang='lat' dir='ltr'><strong>ﬁgura</strong></span> <span class='ocrx_word' id='word_1_427' title='bbox 2831 2495 2957 2539; x_wconf 89' lang='lat' dir='ltr'><strong>ante</strong></span> <span class='ocrx_word' id='word_1_428' title='bbox 2989 2485 3304 2554; x_wconf 73' lang='lat' dir='ltr'><strong>prmcessit:</strong></span> <span class='ocrx_word' id='word_1_429' title='bbox 3340 2501 3482 2540; x_wconf 91' lang='lat' dir='ltr'><strong>nunc</strong></span> <span class='ocrx_word' id='word_1_430' title='bbox 3503 2495 3681 2540; x_wconf 89' lang='lat' dir='ltr'><strong>autem</strong></span> <span class='ocrx_word' id='word_1_431' title='bbox 3717 2487 3832 2555; x_wconf 86' lang='lat' dir='ltr'><strong>ple-</strong></span> 
     </span>
    </p>
   </div>
   <div class='ocr_carea' id='block_1_57' title="bbox 2230 2573 3830 2646">
    <p class='ocr_par' dir='ltr' id='par_1_57' title="bbox 2230 2573 3830 2646">
     <span class='ocr_line' id='line_1_57' title="bbox 2230 2573 3830 2646; baseline 0.003 -20"><span class='ocrx_word' id='word_1_432' title='bbox 2230 2589 2356 2627; x_wconf 91' lang='lat' dir='ltr'><strong>num</strong></span> <span class='ocrx_word' id='word_1_433' title='bbox 2389 2574 2440 2628; x_wconf 90' lang='lat' dir='ltr'><strong>in</strong></span> <span class='ocrx_word' id='word_1_434' title='bbox 2473 2573 2703 2628; x_wconf 86' lang='lat' dir='ltr'><strong>veritate</strong></span> <span class='ocrx_word' id='word_1_435' title='bbox 2733 2575 3048 2646; x_wconf 78' lang='lat' dir='ltr'><strong>mysterium</strong></span> <span class='ocrx_word' id='word_1_436' title='bbox 3077 2587 3190 2642; x_wconf 88' lang='lat' dir='ltr'><strong>est;</strong></span> <span class='ocrx_word' id='word_1_437' title='bbox 3217 2576 3328 2630; x_wconf 90' lang='lat' dir='ltr'><strong>illic</strong></span> <span class='ocrx_word' id='word_1_438' title='bbox 3354 2577 3501 2632; x_wconf 91' lang='lat' dir='ltr'><strong>enim</strong></span> <span class='ocrx_word' id='word_1_439' title='bbox 3524 2577 3830 2632; x_wconf 81' lang='lat' dir='ltr'><strong>Salomonis</strong></span> 
     </span>
    </p>
   </div>
   <div class='ocr_carea' id='block_1_58' title="bbox 2229 2657 3827 2740">
    <p class='ocr_par' dir='ltr' id='par_1_58' title="bbox 2229 2657 3827 2740">
     <span class='ocr_line' id='line_1_58' title="bbox 2229 2657 3827 2740; baseline 0.004 -21"><span class='ocrx_word' id='word_1_440' title='bbox 2229 2676 2418 2738; x_wconf 87' lang='lat' dir='ltr'><strong>typus,</strong></span> <span class='ocrx_word' id='word_1_441' title='bbox 2469 2667 2556 2722; x_wconf 91' lang='lat' dir='ltr'><strong>hic</strong></span> <span class='ocrx_word' id='word_1_442' title='bbox 2601 2677 2780 2722; x_wconf 88' lang='lat' dir='ltr'><strong>autem</strong></span> <span class='ocrx_word' id='word_1_443' title='bbox 2811 2668 3061 2723; x_wconf 89' lang='lat' dir='ltr'><strong>Christus</strong></span> <span class='ocrx_word' id='word_1_444' title='bbox 3105 2669 3156 2723; x_wconf 91' lang='lat' dir='ltr'><strong>in</strong></span> <span class='ocrx_word' id='word_1_445' title='bbox 3189 2684 3288 2724; x_wconf 88' lang='lat' dir='ltr'><strong>suo</strong></span> <span class='ocrx_word' id='word_1_446' title='bbox 3328 2685 3563 2740; x_wconf 91' lang='lat' dir='ltr'><strong>corpore</strong></span> <span class='ocrx_word' id='word_1_447' title='bbox 3612 2657 3710 2725; x_wconf 86' lang='lat' dir='ltr'><strong>est.</strong></span> <span class='ocrx_word' id='word_1_448' title='bbox 3758 2671 3827 2724; x_wconf 77' lang='lat' dir='ltr'><strong>Es</strong></span> 
     </span>
    </p>
   </div>
   <div class='ocr_carea' id='block_1_59' title="bbox 2227 2760 3828 2832">
    <p class='ocr_par' dir='ltr' id='par_1_59' title="bbox 2227 2760 3828 2832">
     <span class='ocr_line' id='line_1_59' title="bbox 2227 2760 3828 2832; baseline 0.004 -19"><span class='ocrx_word' id='word_1_449' title='bbox 2227 2760 2439 2815; x_wconf 89' lang='lat' dir='ltr'><strong>duobus</strong></span> <span class='ocrx_word' id='word_1_450' title='bbox 2479 2760 2639 2830; x_wconf 84' lang='lat' dir='ltr'><strong>igitur</strong></span> <span class='ocrx_word' id='word_1_451' title='bbox 2673 2770 2891 2816; x_wconf 87' lang='lat' dir='ltr'><strong>constat</strong></span> <span class='ocrx_word' id='word_1_452' title='bbox 2930 2762 3198 2826; x_wconf 83' lang='lat' dir='ltr'><strong>Ecclesia,</strong></span> <span class='ocrx_word' id='word_1_453' title='bbox 3231 2773 3287 2817; x_wconf 93' lang='lat' dir='ltr'><strong>ut</strong></span> <span class='ocrx_word' id='word_1_454' title='bbox 3317 2775 3410 2817; x_wconf 90' lang='lat' dir='ltr'><strong>aut</strong></span> <span class='ocrx_word' id='word_1_455' title='bbox 3441 2779 3675 2832; x_wconf 86' lang='lat' dir='ltr'><strong>peccare</strong></span> <span class='ocrx_word' id='word_1_456' title='bbox 3725 2779 3828 2819; x_wconf 88' lang='lat' dir='ltr'><strong>ne—</strong></span> 
     </span>
    </p>
   </div>
   <div class='ocr_carea' id='block_1_60' title="bbox 2226 2855 3824 2927">
    <p class='ocr_par' dir='ltr' id='par_1_60' title="bbox 2226 2855 3824 2927">
     <span class='ocr_line' id='line_1_60' title="bbox 2226 2855 3824 2927; baseline 0.002 -19"><span class='ocrx_word' id='word_1_457' title='bbox 2226 2855 2390 2918; x_wconf 87' lang='lat' dir='ltr'><strong>scias,</strong></span> <span class='ocrx_word' id='word_1_458' title='bbox 2423 2861 2516 2910; x_wconf 87' lang='lat' dir='ltr'><strong>aut</strong></span> <span class='ocrx_word' id='word_1_459' title='bbox 2540 2870 2768 2927; x_wconf 86' lang='lat' dir='ltr'><strong>peccare</strong></span> <span class='ocrx_word' id='word_1_460' title='bbox 2788 2857 3028 2921; x_wconf 84' lang='lat' dir='ltr'><strong>desinas;</strong></span> <span class='ocrx_word' id='word_1_461' title='bbox 3053 2857 3367 2926; x_wconf 83' lang='lat' dir='ltr'><strong>poenitentia</strong></span> <span class='ocrx_word' id='word_1_462' title='bbox 3397 2858 3546 2913; x_wconf 91' lang='lat' dir='ltr'><strong>enim</strong></span> <span class='ocrx_word' id='word_1_463' title='bbox 3576 2859 3824 2914; x_wconf 85' lang='lat' dir='ltr'><strong>delictum</strong></span> 
     </span>
    </p>
   </div>
   <div class='ocr_carea' id='block_1_61' title="bbox 2226 2951 3510 3026">
    <p class='ocr_par' dir='ltr' id='par_1_61' title="bbox 2226 2951 3510 3026">
     <span class='ocr_line' id='line_1_61' title="bbox 2226 2951 3510 3026; baseline 0.005 -24"><span class='ocrx_word' id='word_1_464' title='bbox 2226 2960 2462 3014; x_wconf 87' lang='lat' dir='ltr'><strong>amovet.</strong></span> <span class='ocrx_word' id='word_1_465' title='bbox 2494 2951 2759 3022; x_wconf 86' lang='lat' dir='ltr'><strong>sapientia</strong></span> <span class='ocrx_word' id='word_1_466' title='bbox 2788 2961 2962 3008; x_wconf 85' lang='lat' dir='ltr'><strong>cavet.</strong></span> <span class='ocrx_word' id='word_1_467' title='bbox 2999 2952 3112 3008; x_wconf 90' lang='lat' dir='ltr'><strong>lloc</strong></span> <span class='ocrx_word' id='word_1_468' title='bbox 3141 2953 3194 3008; x_wconf 91' lang='lat' dir='ltr'><strong>in</strong></span> <span class='ocrx_word' id='word_1_469' title='bbox 3221 2955 3510 3026; x_wconf 85' lang='lat' dir='ltr'><strong>mysterio.</strong></span> 
     </span>
    </p>
   </div>
   <div class='ocr_carea' id='block_1_62' title="bbox 2295 3063 3827 3139">
    <p class='ocr_par' dir='ltr' id='par_1_62' title="bbox 2295 3063 3827 3139">
     <span class='ocr_line' id='line_1_62' title="bbox 2295 3063 3827 3139; baseline 0.003 -21"><span class='ocrx_word' id='word_1_470' title='bbox 2295 3063 2387 3120; x_wconf 88' lang='lat'><strong>97.</strong></span> <span class='ocrx_word' id='word_1_471' title='bbox 2427 3063 2692 3119; x_wconf 67' lang='lat' dir='ltr'><strong>Caeterum</strong></span> <span class='ocrx_word' id='word_1_472' title='bbox 2717 3063 2869 3119; x_wconf 67' lang='lat' dir='ltr'><strong>Iona:</strong></span> <span class='ocrx_word' id='word_1_473' title='bbox 2891 3064 3103 3137; x_wconf 85' lang='lat' dir='ltr'><strong>signum</strong></span> <span class='ocrx_word' id='word_1_474' title='bbox 3129 3074 3184 3119; x_wconf 88' lang='lat' dir='ltr'><strong>ut</strong></span> <span class='ocrx_word' id='word_1_475' title='bbox 3207 3076 3366 3136; x_wconf 86' lang='lat' dir='ltr'><strong>typus</strong></span> <span class='ocrx_word' id='word_1_476' title='bbox 3388 3065 3692 3122; x_wconf 68' lang='lat' dir='ltr'><strong>Dominicre</strong></span> <span class='ocrx_word' id='word_1_477' title='bbox 3719 3083 3827 3139; x_wconf 86' lang='lat' dir='ltr'><strong>pas-</strong></span> 
     </span>
    </p>
   </div>
   <div class='ocr_carea' id='block_1_63' title="bbox 2223 3157 3822 3232">
    <p class='ocr_par' dir='ltr' id='par_1_63' title="bbox 2223 3157 3822 3232">
     <span class='ocr_line' id='line_1_63' title="bbox 2223 3157 3822 3232; baseline 0.003 -21"><span class='ocrx_word' id='word_1_478' title='bbox 2223 3157 2418 3221; x_wconf 85' lang='lat' dir='ltr'><strong>sionis,</strong></span> <span class='ocrx_word' id='word_1_479' title='bbox 2452 3162 2523 3212; x_wconf 87' lang='lat' dir='ltr'><strong>ita</strong></span> <span class='ocrx_word' id='word_1_480' title='bbox 2556 3157 2722 3214; x_wconf 88' lang='lat' dir='ltr'><strong>etiam</strong></span> <span class='ocrx_word' id='word_1_481' title='bbox 2749 3160 3024 3230; x_wconf 82' lang='lat' dir='ltr'><strong>gravium,</strong></span> <span class='ocrx_word' id='word_1_482' title='bbox 3061 3175 3184 3232; x_wconf 63' lang='lat' dir='ltr'><strong>qua:</strong></span> <span class='ocrx_word' id='word_1_483' title='bbox 3215 3158 3387 3214; x_wconf 70' lang='lat' dir='ltr'><strong>Judmi</strong></span> <span class='ocrx_word' id='word_1_484' title='bbox 3418 3161 3822 3227; x_wconf 87' lang='lat' dir='ltr'><strong>commiserant,</strong></span> 
     </span>
    </p>
   </div>
   <div class='ocr_carea' id='block_1_64' title="bbox 2225 3248 3825 3321">
    <p class='ocr_par' dir='ltr' id='par_1_64' title="bbox 2225 3248 3825 3321">
     <span class='ocr_line' id='line_1_64' title="bbox 2225 3248 3825 3321; baseline 0.002 -18"><span class='ocrx_word' id='word_1_485' title='bbox 2225 3248 2536 3304; x_wconf 88' lang='lat' dir='ltr'><strong>testiﬁcatio</strong></span> <span class='ocrx_word' id='word_1_486' title='bbox 2565 3258 2910 3319; x_wconf 89' lang='lat' dir='ltr'><strong>peccatorum</strong></span> <span class='ocrx_word' id='word_1_487' title='bbox 2942 3260 3044 3306; x_wconf 84' lang='lat' dir='ltr'><strong>est.</strong></span> <span class='ocrx_word' id='word_1_488' title='bbox 3071 3249 3244 3306; x_wconf 89' lang='lat' dir='ltr'><strong>Simul</strong></span> <span class='ocrx_word' id='word_1_489' title='bbox 3272 3252 3563 3308; x_wconf 84' lang='lat' dir='ltr'><strong>advertere</strong></span> <span class='ocrx_word' id='word_1_490' title='bbox 3591 3253 3748 3321; x_wconf 87' lang='lat' dir='ltr'><strong>licet,</strong></span> <span class='ocrx_word' id='word_1_491' title='bbox 3777 3262 3825 3306; x_wconf 80' lang='lat' dir='ltr'><strong>et</strong></span> 
     </span>
    </p>
   </div>
   <div class='ocr_carea' id='block_1_65' title="bbox 521 3342 3824 3420">
    <p class='ocr_par' dir='ltr' id='par_1_65' title="bbox 521 3342 3824 3420">
     <span class='ocr_line' id='line_1_65' title="bbox 521 3342 3824 3420; baseline 0.001 -20"><span class='ocrx_word' id='word_1_492' title='bbox 521 3357 830 3402; x_wconf 90' lang='lat' dir='ltr'><strong>consortem</strong></span> <span class='ocrx_word' id='word_1_493' title='bbox 883 3347 1143 3404; x_wconf 82' lang='lat' dir='ltr'><strong>debemus</strong></span> <span class='ocrx_word' id='word_1_494' title='bbox 1195 3348 1468 3404; x_wconf 82' lang='lat' dir='ltr'><strong>a-stimare</strong></span> <span class='ocrx_word' id='word_1_495' title='bbox 1518 3347 1780 3418; x_wconf 89' lang='lat' dir='ltr'><strong>Spiritum</strong></span> <span class='ocrx_word' id='word_1_496' title='bbox 1837 3348 2190 3414; x_wconf 81' lang='lat' dir='ltr'><strong>sauclum;C</strong></span> <span class='ocrx_word' id='word_1_497' title='bbox 2227 3342 2526 3412; x_wconf 85' lang='lat' dir='ltr'><strong>majestatis</strong></span> <span class='ocrx_word' id='word_1_498' title='bbox 2555 3345 2866 3412; x_wconf 88' lang='lat' dir='ltr'><strong>oraculum,</strong></span> <span class='ocrx_word' id='word_1_499' title='bbox 2915 3355 2970 3399; x_wconf 90' lang='lat' dir='ltr'><strong>et</strong></span> <span class='ocrx_word' id='word_1_500' title='bbox 3002 3347 3218 3414; x_wconf 89' lang='lat' dir='ltr'><strong>pietatis</strong></span> <span class='ocrx_word' id='word_1_501' title='bbox 3269 3345 3569 3412; x_wconf 88' lang='lat' dir='ltr'><strong>indicium;</strong></span> <span class='ocrx_word' id='word_1_502' title='bbox 3601 3364 3824 3420; x_wconf 85' lang='lat' dir='ltr'><strong>namque</strong></span> 
     </span>
    </p>
   </div>
   <div class='ocr_carea' id='block_1_66' title="bbox 522 3438 2117 3512">
    <p class='ocr_par' dir='ltr' id='par_1_66' title="bbox 522 3438 2117 3512">
     <span class='ocr_line' id='line_1_66' title="bbox 522 3438 2117 3512; baseline 0.001 -20"><span class='ocrx_word' id='word_1_503' title='bbox 522 3441 644 3507; x_wconf 84' lang='lat' dir='ltr'><strong>quia</strong></span> <span class='ocrx_word' id='word_1_504' title='bbox 677 3438 932 3496; x_wconf 84' lang='lat' dir='ltr'><strong>Dominus</strong></span> <span class='ocrx_word' id='word_1_505' title='bbox 964 3453 1036 3496; x_wconf 85' lang='lat' dir='ltr'><strong>est</strong></span> <span class='ocrx_word' id='word_1_506' title='bbox 1084 3443 1313 3511; x_wconf 87' lang='lat' dir='ltr'><strong>Spiritus</strong></span> <span class='ocrx_word' id='word_1_507' title='bbox 1339 3459 1357 3496; x_wconf 89' lang='lat'><strong><em>:</em></strong></span> <span class='ocrx_word' id='word_1_508' title='bbox 1390 3442 1477 3498; x_wconf 88' lang='lat' dir='ltr'><strong>ubi</strong></span> <span class='ocrx_word' id='word_1_509' title='bbox 1519 3450 1691 3496; x_wconf 89' lang='lat' dir='ltr'><strong>autem</strong></span> <span class='ocrx_word' id='word_1_510' title='bbox 1737 3441 1964 3512; x_wconf 83' lang='lat' dir='ltr'><strong>Spiritus</strong></span> <span class='ocrx_word' id='word_1_511' title='bbox 2009 3441 2117 3494; x_wconf 87' lang='lat' dir='ltr'><strong>[)o-</strong></span> 
     </span>
    </p>
   </div>
   <div class='ocr_carea' id='block_1_67' title="bbox 525 3533 1520 3604">
    <p class='ocr_par' dir='ltr' id='par_1_67' title="bbox 525 3533 1520 3604">
     <span class='ocr_line' id='line_1_67' title="bbox 525 3533 1520 3604; baseline 0.004 -20"><span class='ocrx_word' id='word_1_512' title='bbox 525 3534 672 3599; x_wconf 87' lang='lat' dir='ltr'><strong>mini,</strong></span> <span class='ocrx_word' id='word_1_513' title='bbox 699 3533 769 3587; x_wconf 86' lang='lat' dir='ltr'><strong>ibi</strong></span> <span class='ocrx_word' id='word_1_514' title='bbox 803 3533 1006 3589; x_wconf 84' lang='lat' dir='ltr'><strong>libertas</strong></span> <span class='ocrx_word' id='word_1_515' title='bbox 1035 3534 1104 3602; x_wconf 86' lang='lat' dir='ltr'><strong>(ll</strong></span> <span class='ocrx_word' id='word_1_516' title='bbox 1135 3533 1257 3588; x_wconf 86' lang='lat' dir='ltr'><strong>Cor.</strong></span> <span class='ocrx_word' id='word_1_517' title='bbox 1293 3550 1370 3601; x_wconf 88' lang='grc' dir='ltr'>ιιι,</span> <span class='ocrx_word' id='word_1_518' title='bbox 1407 3533 1520 3604; x_wconf 81' lang='grc'><strong>17).</strong></span> 
     </span>
    </p>
   </div>
   <div class='ocr_carea' id='block_1_68' title="bbox 597 3646 2120 3720">
    <p class='ocr_par' dir='ltr' id='par_1_68' title="bbox 597 3646 2120 3720">
     <span class='ocr_line' id='line_1_68' title="bbox 597 3646 2120 3720; baseline -0.003 -14"><span class='ocrx_word' id='word_1_519' title='bbox 597 3649 778 3720; x_wconf 81' lang='lat' dir='ltr'><strong>(Vers.</strong></span> <span class='ocrx_word' id='word_1_520' title='bbox 811 3647 929 3719; x_wconf 68' lang='lat'><strong>‘24).</strong></span> <span class='ocrx_word' id='word_1_521' title='bbox 971 3647 1100 3704; x_wconf 86' lang='lat' dir='ltr'><strong>Cum</strong></span> <span class='ocrx_word' id='word_1_522' title='bbox 1125 3647 1422 3704; x_wconf 87' lang='lat' dir='ltr'><strong>immundus</strong></span> <span class='ocrx_word' id='word_1_523' title='bbox 1456 3648 1670 3718; x_wconf 86' lang='lat' dir='ltr'><strong>spiritus</strong></span> <span class='ocrx_word' id='word_1_524' title='bbox 1711 3647 1892 3702; x_wconf 75' lang='lat' dir='ltr'><strong>exierit</strong></span> <span class='ocrx_word' id='word_1_525' title='bbox 1923 3647 1988 3702; x_wconf 89' lang='lat' dir='ltr'><strong>de</strong></span> <span class='ocrx_word' id='word_1_526' title='bbox 2027 3646 2120 3702; x_wconf 83' lang='lat' dir='ltr'><strong>Ito-</strong></span> 
     </span>
    </p>
   </div>
   <div class='ocr_carea' id='block_1_69' title="bbox 524 3740 2116 3814">
    <p class='ocr_par' dir='ltr' id='par_1_69' title="bbox 524 3740 2116 3814">
     <span class='ocr_line' id='line_1_69' title="bbox 524 3740 2116 3814; baseline -0.003 -18"><span class='ocrx_word' id='word_1_527' title='bbox 524 3744 676 3808; x_wconf 89' lang='lat' dir='ltr'><strong>mine,</strong></span> <span class='ocrx_word' id='word_1_528' title='bbox 708 3743 938 3800; x_wconf 81' lang='lat' dir='ltr'><strong>ambulat</strong></span> <span class='ocrx_word' id='word_1_529' title='bbox 967 3759 1058 3814; x_wconf 87' lang='lat' dir='ltr'><strong>per</strong></span> <span class='ocrx_word' id='word_1_530' title='bbox 1077 3743 1190 3798; x_wconf 91' lang='lat' dir='ltr'><strong>loca</strong></span> <span class='ocrx_word' id='word_1_531' title='bbox 1223 3742 1372 3797; x_wconf 87' lang='lat' dir='ltr'><strong>arida</strong></span> <span class='ocrx_word' id='word_1_532' title='bbox 1398 3757 1511 3813; x_wconf 78' lang='lat' dir='ltr'><strong>qua:</strong></span> <span class='ocrx_word' id='word_1_533' title='bbox 1546 3757 1646 3798; x_wconf 92' lang='lat' dir='ltr'><strong>non</strong></span> <span class='ocrx_word' id='word_1_534' title='bbox 1687 3740 1874 3814; x_wconf 82' lang='lat' dir='ltr'><strong>habent</strong></span> <span class='ocrx_word' id='word_1_535' title='bbox 1904 3754 2116 3810; x_wconf 87' lang='lat' dir='ltr'><strong>aquam,</strong></span> 
     </span>
    </p>
   </div>
   <div class='ocr_carea' id='block_1_70' title="bbox 518 3835 1534 3908">
    <p class='ocr_par' dir='ltr' id='par_1_70' title="bbox 518 3835 1534 3908">
     <span class='ocr_line' id='line_1_70' title="bbox 518 3835 1534 3908; baseline 0 -18"><span class='ocrx_word' id='word_1_536' title='bbox 518 3851 756 3905; x_wconf 73' lang='lat' dir='ltr'><strong>quazrens</strong></span> <span class='ocrx_word' id='word_1_537' title='bbox 775 3835 1022 3908; x_wconf 82' lang='lat' dir='ltr'><strong>requiem,</strong></span> <span class='ocrx_word' id='word_1_538' title='bbox 1053 3845 1226 3892; x_wconf 87' lang='lat' dir='ltr'><strong>etnon</strong></span> <span class='ocrx_word' id='word_1_539' title='bbox 1255 3835 1534 3900; x_wconf 72' lang='lat' dir='ltr'><strong>inveniens.</strong></span> 
     </span>
    </p>
   </div>
   <div class='ocr_carea' id='block_1_71' title="bbox 592 3927 2116 4001">
    <p class='ocr_par' dir='ltr' id='par_1_71' title="bbox 592 3927 2116 4001">
     <span class='ocr_line' id='line_1_71' title="bbox 592 3927 2116 4001; baseline -0.001 -18"><span class='ocrx_word' id='word_1_540' title='bbox 592 3928 680 3984; x_wconf 79' lang='lat'><strong>95.</strong></span> <span class='ocrx_word' id='word_1_541' title='bbox 727 3928 838 3987; x_wconf 83' lang='lat' dir='ltr'><strong>Hoc</strong></span> <span class='ocrx_word' id='word_1_542' title='bbox 879 3929 946 3984; x_wconf 89' lang='lat' dir='ltr'><strong>de</strong></span> <span class='ocrx_word' id='word_1_543' title='bbox 985 3929 1296 4001; x_wconf 68' lang='lat' dir='ltr'><strong>Judtcorum</strong></span> <span class='ocrx_word' id='word_1_544' title='bbox 1333 3929 1488 3998; x_wconf 88' lang='lat' dir='ltr'><strong>plebe</strong></span> <span class='ocrx_word' id='word_1_545' title='bbox 1528 3928 1732 3984; x_wconf 90' lang='lat' dir='ltr'><strong>dictum</strong></span> <span class='ocrx_word' id='word_1_546' title='bbox 1767 3927 1965 3997; x_wconf 87' lang='lat' dir='ltr'><strong>ambigi</strong></span> <span class='ocrx_word' id='word_1_547' title='bbox 2007 3942 2116 3982; x_wconf 94' lang='lat' dir='ltr'><strong>non</strong></span> 
     </span>
    </p>
   </div>
   <div class='ocr_carea' id='block_1_72' title="bbox 519 4019 2120 4091">
    <p class='ocr_par' dir='ltr' id='par_1_72' title="bbox 519 4019 2120 4091">
     <span class='ocr_line' id='line_1_72' title="bbox 519 4019 2120 4091; baseline -0.001 -16"><span class='ocrx_word' id='word_1_548' title='bbox 519 4031 720 4091; x_wconf 87' lang='lat' dir='ltr'><strong>potest,</strong></span> <span class='ocrx_word' id='word_1_549' title='bbox 753 4036 916 4090; x_wconf 89' lang='lat' dir='ltr'><strong>quam</strong></span> <span class='ocrx_word' id='word_1_550' title='bbox 958 4023 1216 4080; x_wconf 86' lang='lat' dir='ltr'><strong>Dominus</strong></span> <span class='ocrx_word' id='word_1_551' title='bbox 1253 4037 1282 4077; x_wconf 90' lang='lat' dir='ltr'><strong>a</strong></span> <span class='ocrx_word' id='word_1_552' title='bbox 1315 4038 1484 4091; x_wconf 88' lang='lat' dir='ltr'><strong>regno</strong></span> <span class='ocrx_word' id='word_1_553' title='bbox 1526 4037 1627 4078; x_wconf 92' lang='lat' dir='ltr'><strong>suo</strong></span> <span class='ocrx_word' id='word_1_554' title='bbox 1661 4023 1712 4076; x_wconf 93' lang='lat' dir='ltr'><strong>in</strong></span> <span class='ocrx_word' id='word_1_555' title='bbox 1743 4019 2120 4090; x_wconf 88' lang='lat' dir='ltr'><strong>superioribus</strong></span> 
     </span>
    </p>
   </div>
   <div class='ocr_carea' id='block_1_73' title="bbox 513 4110 2120 4183">
    <p class='ocr_par' dir='ltr' id='par_1_73' title="bbox 513 4110 2120 4183">
     <span class='ocr_line' id='line_1_73' title="bbox 513 4110 2120 4183; baseline -0.001 -18"><span class='ocrx_word' id='word_1_556' title='bbox 513 4112 839 4182; x_wconf 85' lang='lat' dir='ltr'><strong>segregavit.</strong></span> <span class='ocrx_word' id='word_1_557' title='bbox 863 4110 1017 4168; x_wconf 88' lang='lat' dir='ltr'><strong>Unde</strong></span> <span class='ocrx_word' id='word_1_558' title='bbox 1034 4127 1224 4168; x_wconf 89' lang='lat' dir='ltr'><strong>omnes</strong></span> <span class='ocrx_word' id='word_1_559' title='bbox 1235 4127 1456 4183; x_wconf 87' lang='lat' dir='ltr'><strong>quoque</strong></span> <span class='ocrx_word' id='word_1_560' title='bbox 1471 4112 1758 4167; x_wconf 64' lang='lat' dir='ltr'><strong>haereticos</strong></span> <span class='ocrx_word' id='word_1_561' title='bbox 1776 4122 1827 4168; x_wconf 93' lang='lat' dir='ltr'><strong>et</strong></span> <span class='ocrx_word' id='word_1_562' title='bbox 1855 4111 2120 4166; x_wconf 86' lang='lat' dir='ltr'><strong>schisma-</strong></span> 
     </span>
    </p>
   </div>
   <div class='ocr_carea' id='block_1_74' title="bbox 520 4205 2115 4274">
    <p class='ocr_par' dir='ltr' id='par_1_74' title="bbox 520 4205 2115 4274">
     <span class='ocr_line' id='line_1_74' title="bbox 520 4205 2115 4274; baseline 0.001 -16"><span class='ocrx_word' id='word_1_563' title='bbox 520 4206 660 4272; x_wconf 89' lang='lat' dir='ltr'><strong>ticos</strong></span> <span class='ocrx_word' id='word_1_564' title='bbox 683 4205 760 4260; x_wconf 89' lang='lat' dir='ltr'><strong>Da</strong></span> <span class='ocrx_word' id='word_1_565' title='bbox 792 4220 962 4274; x_wconf 79' lang='lat' dir='ltr'><strong>regno</strong></span> <span class='ocrx_word' id='word_1_566' title='bbox 992 4206 1064 4272; x_wconf 89' lang='lat' dir='ltr'><strong>ei,</strong></span> <span class='ocrx_word' id='word_1_567' title='bbox 1092 4217 1147 4261; x_wconf 91' lang='lat' dir='ltr'><strong>et</strong></span> <span class='ocrx_word' id='word_1_568' title='bbox 1175 4206 1243 4260; x_wconf 81' lang='lat' dir='ltr'><strong>ab</strong></span> <span class='ocrx_word' id='word_1_569' title='bbox 1277 4205 1517 4260; x_wconf 77' lang='lat' dir='ltr'><strong>Ecclesia</strong></span> <span class='ocrx_word' id='word_1_570' title='bbox 1549 4205 1789 4274; x_wconf 89' lang='lat' dir='ltr'><strong>iutellige</strong></span> <span class='ocrx_word' id='word_1_571' title='bbox 1815 4213 2115 4274; x_wconf 90' lang='lat' dir='ltr'><strong>separatos.</strong></span> 
     </span>
    </p>
   </div>
   <div class='ocr_carea' id='block_1_75' title="bbox 523 4297 2117 4368">
    <p class='ocr_par' dir='ltr' id='par_1_75' title="bbox 523 4297 2117 4368">
     <span class='ocr_line' id='line_1_75' title="bbox 523 4297 2117 4368; baseline -0.001 -14"><span class='ocrx_word' id='word_1_572' title='bbox 523 4297 584 4354; x_wconf 87' lang='lat' dir='ltr'><strong>Et</strong></span> <span class='ocrx_word' id='word_1_573' title='bbox 621 4297 742 4354; x_wconf 87' lang='lat' dir='ltr'><strong>Ideo</strong></span> <span class='ocrx_word' id='word_1_574' title='bbox 769 4317 876 4357; x_wconf 84' lang='lat' dir='ltr'><strong>non</strong></span> <span class='ocrx_word' id='word_1_575' title='bbox 899 4300 1018 4367; x_wconf 85' lang='lat' dir='ltr'><strong>Dei,</strong></span> <span class='ocrx_word' id='word_1_576' title='bbox 1049 4300 1145 4356; x_wconf 90' lang='lat' dir='ltr'><strong>sed</strong></span> <span class='ocrx_word' id='word_1_577' title='bbox 1177 4299 1438 4356; x_wconf 90' lang='lat' dir='ltr'><strong>immundi</strong></span> <span class='ocrx_word' id='word_1_578' title='bbox 1471 4299 1695 4368; x_wconf 88' lang='lat' dir='ltr'><strong>spiritus</strong></span> <span class='ocrx_word' id='word_1_579' title='bbox 1725 4314 1914 4354; x_wconf 91' lang='lat' dir='ltr'><strong>omnes</strong></span> <span class='ocrx_word' id='word_1_580' title='bbox 1939 4298 2117 4354; x_wconf 86' lang='lat' dir='ltr'><strong>schis-</strong></span> 
     </span>
    </p>
   </div>
   <div class='ocr_carea' id='block_1_76' title="bbox 513 4391 2119 4464">
    <p class='ocr_par' dir='ltr' id='par_1_76' title="bbox 513 4391 2119 4464">
     <span class='ocr_line' id='line_1_76' title="bbox 513 4391 2119 4464; baseline -0.001 -16"><span class='ocrx_word' id='word_1_581' title='bbox 513 4392 837 4456; x_wconf 87' lang='lat' dir='ltr'><strong>maticorum</strong></span> <span class='ocrx_word' id='word_1_582' title='bbox 871 4395 1361 4464; x_wconf 73' lang='lat' dir='ltr'><strong>hmreticorumque</strong></span> <span class='ocrx_word' id='word_1_583' title='bbox 1394 4391 1603 4464; x_wconf 86' lang='lat' dir='ltr'><strong>liquido</strong></span> <span class='ocrx_word' id='word_1_584' title='bbox 1631 4392 1803 4448; x_wconf 90' lang='lat' dir='ltr'><strong>claret</strong></span> <span class='ocrx_word' id='word_1_585' title='bbox 1833 4406 1956 4446; x_wconf 90' lang='lat' dir='ltr'><strong>esse</strong></span> <span class='ocrx_word' id='word_1_586' title='bbox 1985 4406 2119 4447; x_wconf 91' lang='lat' dir='ltr'><strong>con-</strong></span> 
     </span>
    </p>
   </div>
   <div class='ocr_carea' id='block_1_77' title="bbox 520 4486 2117 4558">
    <p class='ocr_par' dir='ltr' id='par_1_77' title="bbox 520 4486 2117 4558">
     <span class='ocr_line' id='line_1_77' title="bbox 520 4486 2117 4558; baseline 0.003 -20"><span class='ocrx_word' id='word_1_587' title='bbox 520 4495 737 4543; x_wconf 63' lang='lat' dir='ltr'><strong>ventus.</strong></span> <span class='ocrx_word' id='word_1_588' title='bbox 773 4487 960 4558; x_wconf 86' lang='lat' dir='ltr'><strong>Itaque</strong></span> <span class='ocrx_word' id='word_1_589' title='bbox 989 4489 1041 4544; x_wconf 91' lang='lat' dir='ltr'><strong>in</strong></span> <span class='ocrx_word' id='word_1_590' title='bbox 1075 4503 1184 4548; x_wconf 90' lang='lat' dir='ltr'><strong>uno</strong></span> <span class='ocrx_word' id='word_1_591' title='bbox 1226 4488 1446 4544; x_wconf 88' lang='lat' dir='ltr'><strong>homine</strong></span> <span class='ocrx_word' id='word_1_592' title='bbox 1483 4488 1647 4544; x_wconf 89' lang='lat' dir='ltr'><strong>totitts</strong></span> <span class='ocrx_word' id='word_1_593' title='bbox 1689 4486 1900 4542; x_wconf 79' lang='lat' dir='ltr'><strong>Judaici</strong></span> <span class='ocrx_word' id='word_1_594' title='bbox 1934 4487 2117 4557; x_wconf 90' lang='lat' dir='ltr'><strong>p0puli</strong></span> 
     </span>
    </p>
   </div>
   <div class='ocr_carea' id='block_1_78' title="bbox 517 4579 2118 4655">
    <p class='ocr_par' dir='ltr' id='par_1_78' title="bbox 517 4579 2118 4655">
     <span class='ocr_line' id='line_1_78' title="bbox 517 4579 2118 4655; baseline 0.003 -20"><span class='ocrx_word' id='word_1_595' title='bbox 517 4584 852 4650; x_wconf 87' lang='lat' dir='ltr'><strong>comparatio</strong></span> <span class='ocrx_word' id='word_1_596' title='bbox 878 4591 982 4646; x_wconf 83' lang='lat' dir='ltr'><strong>est,</strong></span> <span class='ocrx_word' id='word_1_597' title='bbox 1007 4597 1037 4636; x_wconf 87' lang='lat' dir='ltr'><strong>a</strong></span> <span class='ocrx_word' id='word_1_598' title='bbox 1058 4597 1166 4653; x_wconf 91' lang='lat' dir='ltr'><strong>quo</strong></span> <span class='ocrx_word' id='word_1_599' title='bbox 1201 4579 1412 4655; x_wconf 65' lang='grc'><strong>1433</strong></span> <span class='ocrx_word' id='word_1_600' title='bbox 1441 4598 1535 4652; x_wconf 89' lang='lat' dir='ltr'><strong>per</strong></span> <span class='ocrx_word' id='word_1_601' title='bbox 1562 4582 1732 4653; x_wconf 84' lang='lat' dir='ltr'><strong>legem</strong></span> <span class='ocrx_word' id='word_1_602' title='bbox 1765 4581 1991 4652; x_wconf 90' lang='lat' dir='ltr'><strong>spiritus</strong></span> <span class='ocrx_word' id='word_1_603' title='bbox 2017 4582 2118 4644; x_wconf 85' lang='lat' dir='ltr'><strong>itu-</strong></span> 
     </span>
    </p>
   </div>
   <div class='ocr_carea' id='block_1_79' title="bbox 519 4673 2116 4746">
    <p class='ocr_par' dir='ltr' id='par_1_79' title="bbox 519 4673 2116 4746">
     <span class='ocr_line' id='line_1_79' title="bbox 519 4673 2116 4746; baseline 0.003 -20"><span class='ocrx_word' id='word_1_604' title='bbox 519 4673 757 4730; x_wconf 87' lang='lat' dir='ltr'><strong>mundus</strong></span> <span class='ocrx_word' id='word_1_605' title='bbox 795 4673 1022 4732; x_wconf 80' lang='lat' dir='ltr'><strong>exierat.</strong></span> <span class='ocrx_word' id='word_1_606' title='bbox 1055 4675 1160 4732; x_wconf 90' lang='lat' dir='ltr'><strong>Sed</strong></span> <span class='ocrx_word' id='word_1_607' title='bbox 1195 4675 1318 4744; x_wconf 86' lang='lat' dir='ltr'><strong>quia</strong></span> <span class='ocrx_word' id='word_1_608' title='bbox 1361 4677 1411 4730; x_wconf 93' lang='lat' dir='ltr'><strong>in</strong></span> <span class='ocrx_word' id='word_1_609' title='bbox 1445 4675 1756 4731; x_wconf 90' lang='lat' dir='ltr'><strong>nationibus</strong></span> <span class='ocrx_word' id='word_1_610' title='bbox 1787 4685 1838 4729; x_wconf 88' lang='lat' dir='ltr'><strong>et</strong></span> <span class='ocrx_word' id='word_1_611' title='bbox 1863 4675 2116 4746; x_wconf 87' lang='lat' dir='ltr'><strong>gentibus</strong></span> 
     </span>
    </p>
   </div>
   <div class='ocr_carea' id='block_1_80' title="bbox 2224 3435 3824 3510">
    <p class='ocr_par' dir='ltr' id='par_1_80' title="bbox 2224 3435 3824 3510">
     <span class='ocr_line' id='line_1_80' title="bbox 2224 3435 3824 3510; baseline 0.004 -21"><span class='ocrx_word' id='word_1_612' title='bbox 2224 3435 2580 3491; x_wconf 80' lang='lat' dir='ltr'><strong>Ninivitarum</strong></span> <span class='ocrx_word' id='word_1_613' title='bbox 2615 3438 2865 3508; x_wconf 79' lang='lat' dir='ltr'><strong>exemplo</strong></span> <span class='ocrx_word' id='word_1_614' title='bbox 2905 3447 2959 3491; x_wconf 89' lang='lat' dir='ltr'><strong>et</strong></span> <span class='ocrx_word' id='word_1_615' title='bbox 2989 3436 3342 3494; x_wconf 86' lang='lat' dir='ltr'><strong>denuntiatur</strong></span> <span class='ocrx_word' id='word_1_616' title='bbox 3369 3440 3736 3510; x_wconf 85' lang='lat' dir='ltr'><strong>supplicium,</strong></span> <span class='ocrx_word' id='word_1_617' title='bbox 3776 3447 3824 3495; x_wconf 89' lang='lat' dir='ltr'><strong>et</strong></span> 
     </span>
    </p>
   </div>
   <div class='ocr_carea' id='block_1_81' title="bbox 2223 3528 3823 3592">
    <p class='ocr_par' dir='ltr' id='par_1_81' title="bbox 2223 3528 3823 3592">
     <span class='ocr_line' id='line_1_81' title="bbox 2223 3528 3823 3592; baseline 0.002 -9"><span class='ocrx_word' id='word_1_618' title='bbox 2223 3528 2521 3584; x_wconf 90' lang='lat' dir='ltr'><strong>remedium</strong></span> <span class='ocrx_word' id='word_1_619' title='bbox 2564 3530 2989 3586; x_wconf 83' lang='lat' dir='ltr'><strong>demonstratur.</strong></span> <span class='ocrx_word' id='word_1_620' title='bbox 3025 3532 3180 3588; x_wconf 88' lang='lat' dir='ltr'><strong>Unde</strong></span> <span class='ocrx_word' id='word_1_621' title='bbox 3211 3536 3373 3590; x_wconf 88' lang='lat' dir='ltr'><strong>etiam</strong></span> <span class='ocrx_word' id='word_1_622' title='bbox 3405 3535 3584 3592; x_wconf 79' lang='lat' dir='ltr'><strong>Judaei</strong></span> <span class='ocrx_word' id='word_1_623' title='bbox 3632 3537 3823 3591; x_wconf 78' lang='lat' dir='ltr'><strong>debent</strong></span> 
     </span>
    </p>
   </div>
   <div class='ocr_carea' id='block_1_82' title="bbox 2224 3623 3822 3701">
    <p class='ocr_par' dir='ltr' id='par_1_82' title="bbox 2224 3623 3822 3701">
     <span class='ocr_line' id='line_1_82' title="bbox 2224 3623 3822 3701; baseline 0.006 -27"><span class='ocrx_word' id='word_1_624' title='bbox 2224 3635 2327 3675; x_wconf 92' lang='lat' dir='ltr'><strong>non</strong></span> <span class='ocrx_word' id='word_1_625' title='bbox 2371 3623 2666 3693; x_wconf 81' lang='lat' dir='ltr'><strong>desperare</strong></span> <span class='ocrx_word' id='word_1_626' title='bbox 2697 3623 3088 3695; x_wconf 88' lang='lat' dir='ltr'><strong>indulgentiam</strong></span> <span class='ocrx_word' id='word_1_627' title='bbox 3111 3668 3125 3692; x_wconf 97' lang='lat'><strong>,</strong></span> <span class='ocrx_word' id='word_1_628' title='bbox 3161 3627 3208 3683; x_wconf 93' lang='lat' dir='ltr'><strong>si</strong></span> <span class='ocrx_word' id='word_1_629' title='bbox 3237 3627 3405 3683; x_wconf 89' lang='lat' dir='ltr'><strong>velint</strong></span> <span class='ocrx_word' id='word_1_630' title='bbox 3452 3643 3616 3700; x_wconf 88' lang='lat' dir='ltr'><strong>agere</strong></span> <span class='ocrx_word' id='word_1_631' title='bbox 3658 3630 3822 3701; x_wconf 73' lang='lat' dir='ltr'><strong>punii-</strong></span> 
     </span>
    </p>
   </div>
   <div class='ocr_carea' id='block_1_83' title="bbox 2225 3718 2476 3772">
    <p class='ocr_par' dir='ltr' id='par_1_83' title="bbox 2225 3718 2476 3772">
     <span class='ocr_line' id='line_1_83' title="bbox 2225 3718 2476 3772; baseline 0.004 -2"><span class='ocrx_word' id='word_1_632' title='bbox 2225 3718 2476 3772; x_wconf 85' lang='lat' dir='ltr'><strong>tentiam.</strong></span> 
     </span>
    </p>
   </div>
   <div class='ocr_carea' id='block_1_84' title="bbox 2294 3829 3817 3901">
    <p class='ocr_par' dir='ltr' id='par_1_84' title="bbox 2294 3829 3817 3901">
     <span class='ocr_line' id='line_1_84' title="bbox 2294 3829 3817 3901; baseline 0.005 -15"><span class='ocrx_word' id='word_1_633' title='bbox 2294 3830 2474 3901; x_wconf 82' lang='lat' dir='ltr'><strong>(Vers.</strong></span> <span class='ocrx_word' id='word_1_634' title='bbox 2507 3829 2624 3901; x_wconf 78' lang='lat'><strong>53.)</strong></span> <span class='ocrx_word' id='word_1_635' title='bbox 2670 3830 2838 3887; x_wconf 87' lang='lat' dir='ltr'><strong>Nemo</strong></span> <span class='ocrx_word' id='word_1_636' title='bbox 2868 3833 3132 3889; x_wconf 87' lang='lat' dir='ltr'><strong>lucernam</strong></span> <span class='ocrx_word' id='word_1_637' title='bbox 3185 3838 3422 3896; x_wconf 85' lang='lat' dir='ltr'><strong>accendit</strong></span> <span class='ocrx_word' id='word_1_638' title='bbox 3451 3847 3500 3898; x_wconf 85' lang='lat' dir='ltr'><strong>et</strong></span> <span class='ocrx_word' id='word_1_639' title='bbox 3525 3841 3580 3894; x_wconf 87' lang='lat' dir='ltr'><strong>in</strong></span> <span class='ocrx_word' id='word_1_640' title='bbox 3607 3840 3817 3894; x_wconf 79' lang='lat' dir='ltr'><strong>abscon-</strong></span> 
     </span>
    </p>
   </div>
   <div class='ocr_carea' id='block_1_85' title="bbox 2221 3923 3814 4004">
    <p class='ocr_par' dir='ltr' id='par_1_85' title="bbox 2221 3923 3814 4004">
     <span class='ocr_line' id='line_1_85' title="bbox 2221 3923 3814 4004; baseline 0.005 -27"><span class='ocrx_word' id='word_1_641' title='bbox 2221 3923 2329 4002; x_wconf 81' lang='lat' dir='ltr'><strong>dito</strong></span> <span class='ocrx_word' id='word_1_642' title='bbox 2361 3927 2540 3995; x_wconf 81' lang='lat' dir='ltr'><strong>ponit,</strong></span> <span class='ocrx_word' id='word_1_643' title='bbox 2573 3942 2734 3994; x_wconf 86' lang='lat' dir='ltr'><strong>neque</strong></span> <span class='ocrx_word' id='word_1_644' title='bbox 2762 3929 2856 3984; x_wconf 85' lang='lat' dir='ltr'><strong>sub</strong></span> <span class='ocrx_word' id='word_1_645' title='bbox 2886 3932 3090 3996; x_wconf 89' lang='lat' dir='ltr'><strong>modio,</strong></span> <span class='ocrx_word' id='word_1_646' title='bbox 3129 3931 3219 3985; x_wconf 85' lang='lat' dir='ltr'><strong>sed</strong></span> <span class='ocrx_word' id='word_1_647' title='bbox 3249 3948 3408 4004; x_wconf 80' lang='lat' dir='ltr'><strong>supra</strong></span> <span class='ocrx_word' id='word_1_648' title='bbox 3436 3934 3814 3990; x_wconf 85' lang='lat' dir='ltr'><strong>candelabrum.</strong></span> 
     </span>
    </p>
   </div>
   <div class='ocr_carea' id='block_1_86' title="bbox 2294 4009 3818 4100">
    <p class='ocr_par' dir='ltr' id='par_1_86' title="bbox 2294 4009 3818 4100">
     <span class='ocr_line' id='line_1_86' title="bbox 2294 4009 3818 4100; baseline 0.005 -26"><span class='ocrx_word' id='word_1_649' title='bbox 2294 4020 2380 4075; x_wconf 74' lang='lat'><strong>98.</strong></span> <span class='ocrx_word' id='word_1_650' title='bbox 2428 4022 2568 4094; x_wconf 81' lang='lat' dir='ltr'><strong>Ergo</strong></span> <span class='ocrx_word' id='word_1_651' title='bbox 2589 4023 2710 4094; x_wconf 87' lang='lat' dir='ltr'><strong>quia</strong></span> <span class='ocrx_word' id='word_1_652' title='bbox 2736 4023 2788 4078; x_wconf 91' lang='lat' dir='ltr'><strong>in</strong></span> <span class='ocrx_word' id='word_1_653' title='bbox 2809 4026 3180 4095; x_wconf 85' lang='lat' dir='ltr'><strong>superioribus</strong></span> <span class='ocrx_word' id='word_1_654' title='bbox 3205 4025 3505 4083; x_wconf 84' lang='lat' dir='ltr'><strong>Ecclesiam</strong></span> <span class='ocrx_word' id='word_1_655' title='bbox 3526 4009 3818 4100; x_wconf 72' lang='lat' dir='ltr'><strong>Synagogze</strong></span> 
     </span>
    </p>
   </div>
   <div class='ocr_carea' id='block_1_87' title="bbox 2223 4113 3816 4187">
    <p class='ocr_par' dir='ltr' id='par_1_87' title="bbox 2223 4113 3816 4187">
     <span class='ocr_line' id='line_1_87' title="bbox 2223 4113 3816 4187; baseline 0.004 -21"><span class='ocrx_word' id='word_1_656' title='bbox 2223 4113 2494 4181; x_wconf 67' lang='lat' dir='ltr'><strong>praetulit,</strong></span> <span class='ocrx_word' id='word_1_657' title='bbox 2543 4117 2789 4172; x_wconf 86' lang='lat' dir='ltr'><strong>hortatur</strong></span> <span class='ocrx_word' id='word_1_658' title='bbox 2834 4133 2935 4172; x_wconf 91' lang='lat' dir='ltr'><strong>nos</strong></span> <span class='ocrx_word' id='word_1_659' title='bbox 2965 4127 3020 4171; x_wconf 89' lang='grc' dir='ltr'><strong>ιιι</strong></span> <span class='ocrx_word' id='word_1_660' title='bbox 3067 4118 3223 4174; x_wconf 87' lang='lat' dir='ltr'><strong>ﬁdem</strong></span> <span class='ocrx_word' id='word_1_661' title='bbox 3259 4119 3437 4187; x_wconf 90' lang='lat' dir='ltr'><strong>potius</strong></span> <span class='ocrx_word' id='word_1_662' title='bbox 3469 4129 3719 4176; x_wconf 89' lang='lat' dir='ltr'><strong>nostram</strong></span> <span class='ocrx_word' id='word_1_663' title='bbox 3757 4115 3816 4174; x_wconf 86' lang='lat' dir='ltr'><strong>ad</strong></span> 
     </span>
    </p>
   </div>
   <div class='ocr_carea' id='block_1_88' title="bbox 2222 4205 3813 4278">
    <p class='ocr_par' dir='ltr' id='par_1_88' title="bbox 2222 4205 3813 4278">
     <span class='ocr_line' id='line_1_88' title="bbox 2222 4205 3813 4278; baseline 0.002 -19"><span class='ocrx_word' id='word_1_664' title='bbox 2222 4205 2523 4262; x_wconf 89' lang='lat' dir='ltr'><strong>Ecclesiam</strong></span> <span class='ocrx_word' id='word_1_665' title='bbox 2577 4208 3002 4276; x_wconf 87' lang='lat' dir='ltr'><strong>transferamus;</strong></span> <span class='ocrx_word' id='word_1_666' title='bbox 3060 4210 3276 4265; x_wconf 88' lang='lat' dir='ltr'><strong>lucerna</strong></span> <span class='ocrx_word' id='word_1_667' title='bbox 3319 4211 3465 4278; x_wconf 83' lang='lat' dir='ltr'><strong>enim</strong></span> <span class='ocrx_word' id='word_1_668' title='bbox 3521 4211 3652 4266; x_wconf 90' lang='lat' dir='ltr'><strong>ﬁdes</strong></span> <span class='ocrx_word' id='word_1_669' title='bbox 3708 4220 3813 4273; x_wconf 85' lang='lat' dir='ltr'><strong>est,</strong></span> 
     </span>
    </p>
   </div>
   <div class='ocr_carea' id='block_1_89' title="bbox 2215 4297 3813 4374">
    <p class='ocr_par' dir='ltr' id='par_1_89' title="bbox 2215 4297 3813 4374">
     <span class='ocr_line' id='line_1_89' title="bbox 2215 4297 3813 4374; baseline 0.003 -24"><span class='ocrx_word' id='word_1_670' title='bbox 2215 4297 2366 4368; x_wconf 81' lang='lat' dir='ltr'><strong>juxta</strong></span> <span class='ocrx_word' id='word_1_671' title='bbox 2398 4299 2542 4369; x_wconf 91' lang='lat' dir='ltr'><strong>quod</strong></span> <span class='ocrx_word' id='word_1_672' title='bbox 2576 4300 2837 4372; x_wconf 90' lang='lat' dir='ltr'><strong>scriptum</strong></span> <span class='ocrx_word' id='word_1_673' title='bbox 2869 4315 2950 4358; x_wconf 75' lang='grc' dir='ltr'><strong>ρει</strong></span> <span class='ocrx_word' id='word_1_674' title='bbox 2981 4323 2993 4356; x_wconf 87' lang='grc'>;</span> <span class='ocrx_word' id='word_1_675' title='bbox 3025 4303 3261 4358; x_wconf 86' lang='lat' dir='ltr'><strong>Lucerna</strong></span> <span class='ocrx_word' id='word_1_676' title='bbox 3305 4304 3523 4374; x_wconf 85' lang='lat' dir='ltr'><strong>pedibus</strong></span> <span class='ocrx_word' id='word_1_677' title='bbox 3561 4305 3692 4359; x_wconf 88' lang='lat' dir='ltr'><strong>meis</strong></span> <span class='ocrx_word' id='word_1_678' title='bbox 3721 4320 3813 4358; x_wconf 80' lang='lat' dir='ltr'><strong>rer-</strong></span> 
     </span>
    </p>
   </div>
   <div class='ocr_carea' id='block_1_90' title="bbox 2221 4390 3810 4466">
    <p class='ocr_par' dir='ltr' id='par_1_90' title="bbox 2221 4390 3810 4466">
     <span class='ocr_line' id='line_1_90' title="bbox 2221 4390 3810 4466; baseline 0.003 -24"><span class='ocrx_word' id='word_1_679' title='bbox 2221 4390 2339 4443; x_wconf 90' lang='lat' dir='ltr'><strong>bum</strong></span> <span class='ocrx_word' id='word_1_680' title='bbox 2371 4399 2536 4460; x_wconf 88' lang='lat' dir='ltr'><strong>tuum,</strong></span> <span class='ocrx_word' id='word_1_681' title='bbox 2565 4390 2786 4447; x_wconf 86' lang='lat' dir='ltr'><strong>Domine</strong></span> <span class='ocrx_word' id='word_1_682' title='bbox 2819 4392 2989 4466; x_wconf 84' lang='lat' dir='ltr'><strong>(Psal.</strong></span> <span class='ocrx_word' id='word_1_683' title='bbox 3022 4409 3212 4460; x_wconf 70' lang='lat' dir='ltr'><strong>cxvut,</strong></span> <span class='ocrx_word' id='word_1_684' title='bbox 3240 4394 3401 4463; x_wconf 69' lang='lat'><strong>105);</strong></span> <span class='ocrx_word' id='word_1_685' title='bbox 3427 4395 3658 4464; x_wconf 81' lang='lat' dir='ltr'><strong>verbum</strong></span> <span class='ocrx_word' id='word_1_686' title='bbox 3683 4396 3810 4450; x_wconf 86' lang='lat' dir='ltr'><strong>enim</strong></span> 
     </span>
    </p>
   </div>
   <div class='ocr_carea' id='block_1_91' title="bbox 2225 4482 3812 4552">
    <p class='ocr_par' dir='ltr' id='par_1_91' title="bbox 2225 4482 3812 4552">
     <span class='ocr_line' id='line_1_91' title="bbox 2225 4482 3812 4552; baseline 0.003 -16"><span class='ocrx_word' id='word_1_687' title='bbox 2225 4482 2317 4538; x_wconf 86' lang='lat' dir='ltr'><strong>Dei</strong></span> <span class='ocrx_word' id='word_1_688' title='bbox 2361 4483 2495 4538; x_wconf 89' lang='lat' dir='ltr'><strong>ﬁdes</strong></span> <span class='ocrx_word' id='word_1_689' title='bbox 2527 4493 2710 4540; x_wconf 91' lang='lat' dir='ltr'><strong>nostra</strong></span> <span class='ocrx_word' id='word_1_690' title='bbox 2757 4496 2869 4550; x_wconf 86' lang='lat' dir='ltr'><strong>est,</strong></span> <span class='ocrx_word' id='word_1_691' title='bbox 2916 4487 3139 4542; x_wconf 89' lang='lat' dir='ltr'><strong>verbum</strong></span> <span class='ocrx_word' id='word_1_692' title='bbox 3175 4488 3267 4543; x_wconf 89' lang='lat' dir='ltr'><strong>Dei</strong></span> <span class='ocrx_word' id='word_1_693' title='bbox 3314 4489 3436 4552; x_wconf 70' lang='lat' dir='ltr'><strong>lus,</strong></span> <span class='ocrx_word' id='word_1_694' title='bbox 3487 4490 3712 4552; x_wconf 84' lang='lat' dir='ltr'><strong>lucerna</strong></span> <span class='ocrx_word' id='word_1_695' title='bbox 3743 4494 3812 4541; x_wconf 71' lang='lat' dir='ltr'><strong>est</strong></span> 
     </span>
    </p>
   </div>
   <div class='ocr_carea' id='block_1_92' title="bbox 2223 4575 3810 4649">
    <p class='ocr_par' dir='ltr' id='par_1_92' title="bbox 2223 4575 3810 4649">
     <span class='ocr_line' id='line_1_92' title="bbox 2223 4575 3810 4649; baseline -0.001 -19"><span class='ocrx_word' id='word_1_696' title='bbox 2223 4576 2376 4632; x_wconf 88' lang='lat' dir='ltr'><strong>ﬁdes.</strong></span> <span class='ocrx_word' id='word_1_697' title='bbox 2412 4575 2541 4630; x_wconf 87' lang='lat' dir='ltr'><strong>Erat</strong></span> <span class='ocrx_word' id='word_1_698' title='bbox 2579 4578 2672 4632; x_wconf 71' lang='lat' dir='ltr'><strong>lus:</strong></span> <span class='ocrx_word' id='word_1_699' title='bbox 2705 4593 2821 4632; x_wconf 82' lang='lat' dir='ltr'><strong>vera</strong></span> <span class='ocrx_word' id='word_1_700' title='bbox 2846 4620 2860 4644; x_wconf 94' lang='lat'><strong>,</strong></span> <span class='ocrx_word' id='word_1_701' title='bbox 2893 4594 3006 4649; x_wconf 67' lang='lat' dir='ltr'><strong>quae</strong></span> <span class='ocrx_word' id='word_1_702' title='bbox 3041 4580 3301 4636; x_wconf 85' lang='lat' dir='ltr'><strong>illuminat</strong></span> <span class='ocrx_word' id='word_1_703' title='bbox 3329 4595 3532 4640; x_wconf 86' lang='lat' dir='ltr'><strong>omnem</strong></span> <span class='ocrx_word' id='word_1_704' title='bbox 3572 4581 3810 4635; x_wconf 77' lang='lat' dir='ltr'><strong>hominem</strong></span> 
     </span>
    </p>
   </div>
   <div class='ocr_carea' id='block_1_93' title="bbox 2222 4672 3809 4746">
    <p class='ocr_par' dir='ltr' id='par_1_93' title="bbox 2222 4672 3809 4746">
     <span class='ocr_line' id='line_1_93' title="bbox 2222 4672 3809 4746; baseline -0.001 -20"><span class='ocrx_word' id='word_1_705' title='bbox 2222 4675 2504 4729; x_wconf 85' lang='lat' dir='ltr'><strong>renienlem</strong></span> <span class='ocrx_word' id='word_1_706' title='bbox 2533 4674 2587 4728; x_wconf 90' lang='lat' dir='ltr'><strong>in</strong></span> <span class='ocrx_word' id='word_1_707' title='bbox 2609 4672 2747 4736; x_wconf 85' lang='lat' dir='ltr'><strong>hunc</strong></span> <span class='ocrx_word' id='word_1_708' title='bbox 2778 4675 3027 4730; x_wconf 86' lang='lat' dir='ltr'><strong>mundum</strong></span> <span class='ocrx_word' id='word_1_709' title='bbox 3059 4673 3240 4746; x_wconf 87' lang='lat' dir='ltr'><strong>(Joan.</strong></span> <span class='ocrx_word' id='word_1_710' title='bbox 3274 4691 3313 4743; x_wconf 90' lang='grc' dir='ltr'><strong>ι,</strong></span> <span class='ocrx_word' id='word_1_711' title='bbox 3347 4674 3426 4745; x_wconf 90' lang='grc'><strong>9).</strong></span> <span class='ocrx_word' id='word_1_712' title='bbox 3456 4676 3704 4736; x_wconf 86' lang='lat' dir='ltr'><strong>Lucerna</strong></span> <span class='ocrx_word' id='word_1_713' title='bbox 3730 4690 3809 4728; x_wconf 85' lang='lat' dir='ltr'><strong>att-</strong></span> 
     </span>
    </p>
   </div>
   <div class='ocr_carea' id='block_1_94' title="bbox 519 4741 3806 4841">
    <p class='ocr_par' dir='ltr' id='par_1_94' title="bbox 519 4741 3806 4841">
     <span class='ocr_line' id='line_1_94' title="bbox 519 4741 3806 4841; baseline 0 -19"><span class='ocrx_word' id='word_1_714' title='bbox 519 4785 616 4839; x_wconf 92' lang='lat' dir='ltr'><strong>per</strong></span> <span class='ocrx_word' id='word_1_715' title='bbox 644 4767 802 4824; x_wconf 90' lang='lat' dir='ltr'><strong>ﬁdem</strong></span> <span class='ocrx_word' id='word_1_716' title='bbox 843 4767 1044 4825; x_wconf 90' lang='lat' dir='ltr'><strong>Christi</strong></span> <span class='ocrx_word' id='word_1_717' title='bbox 1073 4770 1316 4840; x_wconf 88' lang='lat' dir='ltr'><strong>requiem</strong></span> <span class='ocrx_word' id='word_1_718' title='bbox 1358 4768 1597 4838; x_wconf 87' lang='lat' dir='ltr'><strong>reperire</strong></span> <span class='ocrx_word' id='word_1_719' title='bbox 1636 4783 1745 4826; x_wconf 92' lang='lat' dir='ltr'><strong>non</strong></span> <span class='ocrx_word' id='word_1_720' title='bbox 1789 4768 1964 4838; x_wconf 85' lang='lat' dir='ltr'><strong>potuit</strong></span> <span class='ocrx_word' id='word_1_721' title='bbox 1991 4767 2116 4839; x_wconf 85' lang='lat' dir='ltr'><strong>(im-</strong></span> <span class='ocrx_word' id='word_1_722' title='bbox 2141 4741 2196 4803; x_wconf 81' lang='lat' dir='ltr'><strong>D</strong></span> <span class='ocrx_word' id='word_1_723' title='bbox 2223 4779 2328 4824; x_wconf 87' lang='lat' dir='ltr'><strong>tem</strong></span> <span class='ocrx_word' id='word_1_724' title='bbox 2363 4769 2545 4824; x_wconf 90' lang='lat' dir='ltr'><strong>lucere</strong></span> <span class='ocrx_word' id='word_1_725' title='bbox 2575 4785 2679 4823; x_wconf 88' lang='lat' dir='ltr'><strong>non</strong></span> <span class='ocrx_word' id='word_1_726' title='bbox 2705 4778 2902 4838; x_wconf 90' lang='lat' dir='ltr'><strong>potest,</strong></span> <span class='ocrx_word' id='word_1_727' title='bbox 2939 4768 3038 4823; x_wconf 86' lang='lat' dir='ltr'><strong>nisi</strong></span> <span class='ocrx_word' id='word_1_728' title='bbox 3073 4767 3288 4824; x_wconf 87' lang='lat' dir='ltr'><strong>aliunde</strong></span> <span class='ocrx_word' id='word_1_729' title='bbox 3319 4769 3502 4834; x_wconf 87' lang='lat' dir='ltr'><strong>lumen</strong></span> <span class='ocrx_word' id='word_1_730' title='bbox 3527 4767 3806 4841; x_wconf 82' lang='lat' dir='ltr'><strong>acceperit.</strong></span> 
     </span>
    </p>
   </div>
   <div class='ocr_carea' id='block_1_95' title="bbox 519 4861 2114 4933">
    <p class='ocr_par' dir='ltr' id='par_1_95' title="bbox 519 4861 2114 4933">
     <span class='ocr_line' id='line_1_95' title="bbox 519 4861 2114 4933; baseline 0.003 -17"><span class='ocrx_word' id='word_1_731' title='bbox 519 4862 735 4917; x_wconf 92' lang='lat' dir='ltr'><strong>mundis</strong></span> <span class='ocrx_word' id='word_1_732' title='bbox 763 4863 906 4918; x_wconf 89' lang='lat' dir='ltr'><strong>enim</strong></span> <span class='ocrx_word' id='word_1_733' title='bbox 934 4862 1216 4933; x_wconf 80' lang='lat' dir='ltr'><strong>spiritibus</strong></span> <span class='ocrx_word' id='word_1_734' title='bbox 1243 4861 1496 4919; x_wconf 86' lang='lat' dir='ltr'><strong>Christus</strong></span> <span class='ocrx_word' id='word_1_735' title='bbox 1529 4862 1839 4918; x_wconf 90' lang='lat' dir='ltr'><strong>incendium</strong></span> <span class='ocrx_word' id='word_1_736' title='bbox 1883 4874 1990 4928; x_wconf 84' lang='lat' dir='ltr'><strong>est,</strong></span> <span class='ocrx_word' id='word_1_737' title='bbox 2023 4863 2114 4932; x_wconf 86' lang='lat' dir='ltr'><strong>qui</strong></span> 
     </span>
    </p>
   </div>
   <div class='ocr_carea' id='block_1_96' title="bbox 514 4953 2114 5033">
    <p class='ocr_par' dir='ltr' id='par_1_96' title="bbox 514 4953 2114 5033">
     <span class='ocr_line' id='line_1_96' title="bbox 514 4953 2114 5033; baseline 0.001 -23"><span class='ocrx_word' id='word_1_738' title='bbox 514 4954 569 5011; x_wconf 93' lang='lat' dir='ltr'><strong>in</strong></span> <span class='ocrx_word' id='word_1_739' title='bbox 595 4956 905 5024; x_wconf 86' lang='lat' dir='ltr'><strong>pectoribus</strong></span> <span class='ocrx_word' id='word_1_740' title='bbox 927 4955 1227 5026; x_wconf 88' lang='lat' dir='ltr'><strong>gentilium,</strong></span> <span class='ocrx_word' id='word_1_741' title='bbox 1250 4971 1370 5026; x_wconf 77' lang='lat' dir='ltr'><strong>qua:</strong></span> <span class='ocrx_word' id='word_1_742' title='bbox 1392 4965 1520 5010; x_wconf 89' lang='lat' dir='ltr'><strong>ante</strong></span> <span class='ocrx_word' id='word_1_743' title='bbox 1541 4953 1693 5010; x_wconf 89' lang='lat' dir='ltr'><strong>arida</strong></span> <span class='ocrx_word' id='word_1_744' title='bbox 1718 4961 1895 5019; x_wconf 88' lang='lat' dir='ltr'><strong>erant,</strong></span> <span class='ocrx_word' id='word_1_745' title='bbox 1924 4963 2114 5033; x_wconf 87' lang='lat' dir='ltr'><strong>postea</strong></span> 
     </span>
    </p>
   </div>
   <div class='ocr_carea' id='block_1_97' title="bbox 519 5045 2113 5120">
    <p class='ocr_par' dir='ltr' id='par_1_97' title="bbox 519 5045 2113 5120">
     <span class='ocr_line' id='line_1_97' title="bbox 519 5045 2113 5120; baseline -0.001 -17"><span class='ocrx_word' id='word_1_746' title='bbox 519 5063 616 5118; x_wconf 82' lang='lat' dir='ltr'><strong>per</strong></span> <span class='ocrx_word' id='word_1_747' title='bbox 653 5049 984 5120; x_wconf 83' lang='lat' dir='ltr'><strong>baptismum</strong></span> <span class='ocrx_word' id='word_1_748' title='bbox 1033 5064 1156 5104; x_wconf 91' lang='lat' dir='ltr'><strong>rore</strong></span> <span class='ocrx_word' id='word_1_749' title='bbox 1199 5048 1438 5118; x_wconf 90' lang='lat' dir='ltr'><strong>Spiritus</strong></span> <span class='ocrx_word' id='word_1_750' title='bbox 1481 5045 1653 5104; x_wconf 82' lang='lat' dir='ltr'><strong>sancti</strong></span> <span class='ocrx_word' id='word_1_751' title='bbox 1701 5045 2113 5115; x_wconf 76' lang='lat' dir='ltr'><strong>linmescebant,</strong></span> 
     </span>
    </p>
   </div>
   <div class='ocr_carea' id='block_1_98' title="bbox 511 5141 2118 5214">
    <p class='ocr_par' dir='ltr' id='par_1_98' title="bbox 511 5141 2118 5214">
     <span class='ocr_line' id='line_1_98' title="bbox 511 5141 2118 5214; baseline 0.001 -20"><span class='ocrx_word' id='word_1_752' title='bbox 511 5141 690 5210; x_wconf 84' lang='lat' dir='ltr'><strong>jacula</strong></span> <span class='ocrx_word' id='word_1_753' title='bbox 721 5141 1014 5197; x_wconf 86' lang='lat' dir='ltr'><strong>adversarii</strong></span> <span class='ocrx_word' id='word_1_754' title='bbox 1045 5141 1211 5210; x_wconf 87' lang='lat' dir='ltr'><strong>ignita</strong></span> <span class='ocrx_word' id='word_1_755' title='bbox 1243 5141 1648 5210; x_wconf 81' lang='lat' dir='ltr'><strong>restrinxerat),</strong></span> <span class='ocrx_word' id='word_1_756' title='bbox 1679 5141 1802 5214; x_wconf 80' lang='lat' dir='ltr'><strong>ideo</strong></span> <span class='ocrx_word' id='word_1_757' title='bbox 1833 5156 2118 5212; x_wconf 75' lang='lat' dir='ltr'><strong>regressus</strong></span> 
     </span>
    </p>
   </div>
   <div class='ocr_carea' id='block_1_99' title="bbox 514 5232 2118 5305">
    <p class='ocr_par' dir='ltr' id='par_1_99' title="bbox 514 5232 2118 5305">
     <span class='ocr_line' id='line_1_99' title="bbox 514 5232 2118 5305; baseline 0 -18"><span class='ocrx_word' id='word_1_758' title='bbox 514 5234 581 5287; x_wconf 90' lang='lat' dir='ltr'><strong>ad</strong></span> <span class='ocrx_word' id='word_1_759' title='bbox 611 5234 822 5305; x_wconf 86' lang='lat' dir='ltr'><strong>plebem</strong></span> <span class='ocrx_word' id='word_1_760' title='bbox 855 5246 934 5290; x_wconf 89' lang='lat' dir='ltr'><strong>est</strong></span> <span class='ocrx_word' id='word_1_761' title='bbox 960 5234 1295 5300; x_wconf 71' lang='lat' dir='ltr'><strong>.ludmorum,</strong></span> <span class='ocrx_word' id='word_1_762' title='bbox 1340 5249 1462 5305; x_wconf 75' lang='lat' dir='ltr'><strong>qum</strong></span> <span class='ocrx_word' id='word_1_763' title='bbox 1493 5232 1696 5296; x_wconf 82' lang='lat' dir='ltr'><strong>forensi</strong></span> <span class='ocrx_word' id='word_1_764' title='bbox 1727 5243 1778 5292; x_wconf 88' lang='lat' dir='ltr'><strong>et</strong></span> <span class='ocrx_word' id='word_1_765' title='bbox 1813 5233 2118 5302; x_wconf 87' lang='lat' dir='ltr'><strong>perfuncto-</strong></span> 
     </span>
    </p>
   </div>
   <div class='ocr_carea' id='block_1_100' title="bbox 519 5323 2111 5396">
    <p class='ocr_par' dir='ltr' id='par_1_100' title="bbox 519 5323 2111 5396">
     <span class='ocr_line' id='line_1_100' title="bbox 519 5323 2111 5396; baseline -0.001 -16"><span class='ocrx_word' id='word_1_766' title='bbox 519 5327 597 5382; x_wconf 88' lang='lat' dir='ltr'><strong>ria</strong></span> <span class='ocrx_word' id='word_1_767' title='bbox 625 5329 810 5395; x_wconf 64' lang='lat' dir='ltr'><strong>spei-ie</strong></span> <span class='ocrx_word' id='word_1_768' title='bbox 849 5338 1086 5396; x_wconf 89' lang='lat' dir='ltr'><strong>compta,</strong></span> <span class='ocrx_word' id='word_1_769' title='bbox 1115 5326 1300 5382; x_wconf 87' lang='lat' dir='ltr'><strong>animo</strong></span> <span class='ocrx_word' id='word_1_770' title='bbox 1327 5335 1510 5382; x_wconf 89' lang='lat' dir='ltr'><strong>manet</strong></span> <span class='ocrx_word' id='word_1_771' title='bbox 1540 5323 1800 5392; x_wconf 76' lang='lat' dir='ltr'><strong>interiore</strong></span> <span class='ocrx_word' id='word_1_772' title='bbox 1828 5325 2111 5396; x_wconf 87' lang='lat' dir='ltr'><strong>pollutior.</strong></span> 
     </span>
    </p>
   </div>
   <div class='ocr_carea' id='block_1_101' title="bbox 514 5417 2116 5488">
    <p class='ocr_par' dir='ltr' id='par_1_101' title="bbox 514 5417 2116 5488">
     <span class='ocr_line' id='line_1_101' title="bbox 514 5417 2116 5488; baseline 0.001 -15"><span class='ocrx_word' id='word_1_773' title='bbox 514 5417 699 5487; x_wconf 85' lang='lat' dir='ltr'><strong>Neque</strong></span> <span class='ocrx_word' id='word_1_774' title='bbox 739 5420 884 5475; x_wconf 88' lang='lat' dir='ltr'><strong>enim</strong></span> <span class='ocrx_word' id='word_1_775' title='bbox 923 5421 1062 5478; x_wconf 87' lang='lat' dir='ltr'><strong>sacri</strong></span> <span class='ocrx_word' id='word_1_776' title='bbox 1107 5419 1268 5475; x_wconf 77' lang='lat' dir='ltr'><strong>tomis</strong></span> <span class='ocrx_word' id='word_1_777' title='bbox 1309 5420 1514 5488; x_wconf 81' lang='lat' dir='ltr'><strong>irriguo</strong></span> <span class='ocrx_word' id='word_1_778' title='bbox 1568 5429 1660 5474; x_wconf 89' lang='lat' dir='ltr'><strong>aut</strong></span> <span class='ocrx_word' id='word_1_779' title='bbox 1699 5417 1974 5484; x_wconf 84' lang='lat' dir='ltr'><strong>abluebat,</strong></span> <span class='ocrx_word' id='word_1_780' title='bbox 2023 5426 2116 5486; x_wconf 82' lang='lat' dir='ltr'><strong>aut</strong></span> 
     </span>
    </p>
   </div>
   <div class='ocr_carea' id='block_1_102' title="bbox 514 5511 2114 5583">
    <p class='ocr_par' dir='ltr' id='par_1_102' title="bbox 514 5511 2114 5583">
     <span class='ocr_line' id='line_1_102' title="bbox 514 5511 2114 5583; baseline -0.001 -17"><span class='ocrx_word' id='word_1_781' title='bbox 514 5513 884 5582; x_wconf 88' lang='lat' dir='ltr'><strong>restinguebat</strong></span> <span class='ocrx_word' id='word_1_782' title='bbox 927 5512 1178 5567; x_wconf 90' lang='lat' dir='ltr'><strong>ardorem</strong></span> <span class='ocrx_word' id='word_1_783' title='bbox 1214 5529 1225 5565; x_wconf 92' lang='lat'>:</span> <span class='ocrx_word' id='word_1_784' title='bbox 1261 5513 1567 5583; x_wconf 90' lang='lat' dir='ltr'><strong>meritoque</strong></span> <span class='ocrx_word' id='word_1_785' title='bbox 1613 5511 1678 5566; x_wconf 91' lang='lat' dir='ltr'><strong>ad</strong></span> <span class='ocrx_word' id='word_1_786' title='bbox 1726 5527 1845 5566; x_wconf 86' lang='lat' dir='ltr'><strong>eam</strong></span> <span class='ocrx_word' id='word_1_787' title='bbox 1890 5511 2114 5581; x_wconf 82' lang='lat' dir='ltr'><strong>Spiritus</strong></span> 
     </span>
    </p>
   </div>
   <div class='ocr_carea' id='block_1_103' title="bbox 514 5603 2113 5675">
    <p class='ocr_par' dir='ltr' id='par_1_103' title="bbox 514 5603 2113 5675">
     <span class='ocr_line' id='line_1_103' title="bbox 514 5603 2113 5675; baseline 0 -17"><span class='ocrx_word' id='word_1_788' title='bbox 514 5605 729 5674; x_wconf 81' lang='lat' dir='ltr'><strong>redibat</strong></span> <span class='ocrx_word' id='word_1_789' title='bbox 767 5604 1096 5670; x_wconf 87' lang='lat' dir='ltr'><strong>immundus,</strong></span> <span class='ocrx_word' id='word_1_790' title='bbox 1127 5605 1403 5660; x_wconf 90' lang='lat' dir='ltr'><strong>adducens</strong></span> <span class='ocrx_word' id='word_1_791' title='bbox 1430 5619 1617 5660; x_wconf 88' lang='lat' dir='ltr'><strong>secum</strong></span> <span class='ocrx_word' id='word_1_792' title='bbox 1649 5614 1856 5675; x_wconf 89' lang='lat' dir='ltr'><strong>septem</strong></span> <span class='ocrx_word' id='word_1_793' title='bbox 1889 5603 2113 5674; x_wconf 77' lang='lat' dir='ltr'><strong>Spiritus</strong></span> 
     </span>
    </p>
   </div>
   <div class='ocr_carea' id='block_1_104' title="bbox 517 5698 2108 5778">
    <p class='ocr_par' dir='ltr' id='par_1_104' title="bbox 517 5698 2108 5778">
     <span class='ocr_line' id='line_1_104' title="bbox 517 5698 2108 5778; baseline -0.001 -25"><span class='ocrx_word' id='word_1_794' title='bbox 517 5700 810 5778; x_wconf 78' lang='lat' dir='ltr'><strong>nequiores</strong></span> <span class='ocrx_word' id='word_1_795' title='bbox 834 5715 921 5764; x_wconf 85' lang='lat' dir='ltr'><strong>se;</strong></span> <span class='ocrx_word' id='word_1_796' title='bbox 974 5700 1230 5770; x_wconf 86' lang='lat' dir='ltr'><strong>quoniam</strong></span> <span class='ocrx_word' id='word_1_797' title='bbox 1259 5702 1312 5756; x_wconf 93' lang='lat' dir='ltr'><strong>in</strong></span> <span class='ocrx_word' id='word_1_798' title='bbox 1342 5699 1680 5761; x_wconf 82' lang='lat' dir='ltr'><strong>hebdomada</strong></span> <span class='ocrx_word' id='word_1_799' title='bbox 1727 5698 1884 5776; x_wconf 71' lang='lat' dir='ltr'><strong>Legis</strong></span> <span class='ocrx_word' id='word_1_800' title='bbox 1915 5709 1968 5756; x_wconf 91' lang='lat' dir='ltr'><strong>et</strong></span> <span class='ocrx_word' id='word_1_801' title='bbox 2012 5713 2108 5752; x_wconf 82' lang='lat' dir='ltr'><strong>oc-</strong></span> 
     </span>
    </p>
   </div>
   <div class='ocr_carea' id='block_1_105' title="bbox 515 5793 2114 5878">
    <p class='ocr_par' dir='ltr' id='par_1_105' title="bbox 515 5793 2114 5878">
     <span class='ocr_line' id='line_1_105' title="bbox 515 5793 2114 5878; baseline 0 -24"><span class='ocrx_word' id='word_1_802' title='bbox 515 5801 650 5857; x_wconf 74' lang='lat' dir='ltr'><strong>tam</strong></span> <span class='ocrx_word' id='word_1_803' title='bbox 673 5795 996 5869; x_wconf 78' lang='lat' dir='ltr'><strong>mysterium</strong></span> <span class='ocrx_word' id='word_1_804' title='bbox 1025 5794 1294 5878; x_wconf 70' lang='lat' dir='ltr'><strong>sacrilega</strong></span> <span class='ocrx_word' id='word_1_805' title='bbox 1319 5803 1501 5856; x_wconf 79' lang='lat' dir='ltr'><strong>mente</strong></span> <span class='ocrx_word' id='word_1_806' title='bbox 1523 5794 1818 5872; x_wconf 78' lang='lat' dir='ltr'><strong>commisit.</strong></span> <span class='ocrx_word' id='word_1_807' title='bbox 1849 5793 2033 5876; x_wconf 77' lang='lat' dir='ltr'><strong>Itaque</strong></span> <span class='ocrx_word' id='word_1_808' title='bbox 2055 5801 2114 5868; x_wconf 80' lang='lat' dir='ltr'><strong>ut</strong></span> 
     </span>
    </p>
   </div>
   <div class='ocr_carea' id='block_1_106' title="bbox 2224 4860 3806 4937">
    <p class='ocr_par' dir='ltr' id='par_1_106' title="bbox 2224 4860 3806 4937">
     <span class='ocr_line' id='line_1_106' title="bbox 2224 4860 3806 4937; baseline -0.004 -18"><span class='ocrx_word' id='word_1_809' title='bbox 2224 4862 2438 4937; x_wconf 58' lang='lat'><strong>1535.</strong></span> <span class='ocrx_word' id='word_1_810' title='bbox 2463 4863 2590 4919; x_wconf 69' lang='lat' dir='ltr'><strong>Haec</strong></span> <span class='ocrx_word' id='word_1_811' title='bbox 2615 4872 2700 4918; x_wconf 87' lang='lat' dir='ltr'><strong>est</strong></span> <span class='ocrx_word' id='word_1_812' title='bbox 2739 4863 2964 4918; x_wconf 89' lang='lat' dir='ltr'><strong>lucerna</strong></span> <span class='ocrx_word' id='word_1_813' title='bbox 2997 4878 3117 4930; x_wconf 73' lang='lat' dir='ltr'><strong>qua:</strong></span> <span class='ocrx_word' id='word_1_814' title='bbox 3147 4863 3486 4929; x_wconf 83' lang='lat' dir='ltr'><strong>accenditur,</strong></span> <span class='ocrx_word' id='word_1_815' title='bbox 3525 4864 3696 4918; x_wconf 91' lang='lat' dir='ltr'><strong>virtus</strong></span> <span class='ocrx_word' id='word_1_816' title='bbox 3718 4860 3806 4914; x_wconf 83' lang='lat' dir='ltr'><strong>sci-</strong></span> 
     </span>
    </p>
   </div>
   <div class='ocr_carea' id='block_1_107' title="bbox 2220 4951 3804 5025">
    <p class='ocr_par' dir='ltr' id='par_1_107' title="bbox 2220 4951 3804 5025">
     <span class='ocr_line' id='line_1_107' title="bbox 2220 4951 3804 5025; baseline -0.004 -15"><span class='ocrx_word' id='word_1_817' title='bbox 2220 4957 2347 5012; x_wconf 87' lang='lat' dir='ltr'><strong>licet</strong></span> <span class='ocrx_word' id='word_1_818' title='bbox 2387 4965 2589 5011; x_wconf 77' lang='lat' dir='ltr'><strong>uostrm</strong></span> <span class='ocrx_word' id='word_1_819' title='bbox 2621 4955 2820 5014; x_wconf 86' lang='lat' dir='ltr'><strong>mentis</strong></span> <span class='ocrx_word' id='word_1_820' title='bbox 2860 4965 2912 5020; x_wconf 84' lang='lat' dir='ltr'><strong>et</strong></span> <span class='ocrx_word' id='word_1_821' title='bbox 2944 4970 3138 5010; x_wconf 88' lang='lat' dir='ltr'><strong>sensus</strong></span> <span class='ocrx_word' id='word_1_822' title='bbox 3166 4997 3180 5018; x_wconf 90' lang='lat'><strong>,</strong></span> <span class='ocrx_word' id='word_1_823' title='bbox 3232 4967 3284 5008; x_wconf 91' lang='lat' dir='ltr'><strong>ut</strong></span> <span class='ocrx_word' id='word_1_824' title='bbox 3335 4971 3456 5018; x_wconf 89' lang='lat' dir='ltr'><strong>mna</strong></span> <span class='ocrx_word' id='word_1_825' title='bbox 3519 4956 3607 5012; x_wconf 85' lang='lat' dir='ltr'><strong>illa</strong></span> <span class='ocrx_word' id='word_1_826' title='bbox 3657 4951 3804 5025; x_wconf 79' lang='lat' dir='ltr'><strong>possit</strong></span> 
     </span>
    </p>
   </div>
   <div class='ocr_carea' id='block_1_108' title="bbox 2217 5045 3799 5120">
    <p class='ocr_par' dir='ltr' id='par_1_108' title="bbox 2217 5045 3799 5120">
     <span class='ocr_line' id='line_1_108' title="bbox 2217 5045 3799 5120; baseline -0.006 -16"><span class='ocrx_word' id='word_1_827' title='bbox 2217 5064 2337 5120; x_wconf 72' lang='lat' dir='ltr'><strong>qua:</strong></span> <span class='ocrx_word' id='word_1_828' title='bbox 2367 5049 2617 5116; x_wconf 88' lang='lat' dir='ltr'><strong>perierat,</strong></span> <span class='ocrx_word' id='word_1_829' title='bbox 2651 5048 2878 5118; x_wconf 85' lang='lat' dir='ltr'><strong>reperiri</strong></span> <span class='ocrx_word' id='word_1_830' title='bbox 2905 5045 3056 5118; x_wconf 70' lang='lat' dir='ltr'><strong>(Luc.</strong></span> <span class='ocrx_word' id='word_1_831' title='bbox 3083 5062 3170 5109; x_wconf 78' lang='lat' dir='ltr'><strong>xv,</strong></span> <span class='ocrx_word' id='word_1_832' title='bbox 3201 5047 3279 5117; x_wconf 90' lang='lat'><strong>8).</strong></span> <span class='ocrx_word' id='word_1_833' title='bbox 3311 5046 3481 5112; x_wconf 85' lang='lat' dir='ltr'><strong>Nemo</strong></span> <span class='ocrx_word' id='word_1_834' title='bbox 3505 5063 3638 5118; x_wconf 84' lang='lat' dir='ltr'><strong>ergo</strong></span> <span class='ocrx_word' id='word_1_835' title='bbox 3665 5046 3799 5104; x_wconf 84' lang='lat' dir='ltr'><strong>ﬁdem</strong></span> 
     </span>
    </p>
   </div>
   <div class='ocr_carea' id='block_1_109' title="bbox 2217 5140 3794 5212">
    <p class='ocr_par' dir='ltr' id='par_1_109' title="bbox 2217 5140 3794 5212">
     <span class='ocr_line' id='line_1_109' title="bbox 2217 5140 3794 5212; baseline -0.003 -14"><span class='ocrx_word' id='word_1_836' title='bbox 2217 5143 2318 5199; x_wconf 88' lang='lat' dir='ltr'><strong>sub</strong></span> <span class='ocrx_word' id='word_1_837' title='bbox 2343 5142 2486 5212; x_wconf 85' lang='lat' dir='ltr'><strong>Lege</strong></span> <span class='ocrx_word' id='word_1_838' title='bbox 2513 5141 2842 5207; x_wconf 84' lang='lat' dir='ltr'><strong>constituat;</strong></span> <span class='ocrx_word' id='word_1_839' title='bbox 2877 5140 2984 5196; x_wconf 79' lang='lat' dir='ltr'><strong>Lex</strong></span> <span class='ocrx_word' id='word_1_840' title='bbox 3012 5141 3155 5196; x_wconf 88' lang='lat' dir='ltr'><strong>enim</strong></span> <span class='ocrx_word' id='word_1_841' title='bbox 3188 5141 3325 5204; x_wconf 85' lang='lat' dir='ltr'><strong>intra</strong></span> <span class='ocrx_word' id='word_1_842' title='bbox 3361 5155 3676 5196; x_wconf 87' lang='lat' dir='ltr'><strong>mensuram</strong></span> <span class='ocrx_word' id='word_1_843' title='bbox 3705 5147 3794 5199; x_wconf 74' lang='lat' dir='ltr'><strong>est.</strong></span> 
     </span>
    </p>
   </div>
   <div class='ocr_carea' id='block_1_110' title="bbox 2222 5229 3796 5308">
    <p class='ocr_par' dir='ltr' id='par_1_110' title="bbox 2222 5229 3796 5308">
     <span class='ocr_line' id='line_1_110' title="bbox 2222 5229 3796 5308; baseline -0.006 -15"><span class='ocrx_word' id='word_1_844' title='bbox 2222 5240 2356 5304; x_wconf 80' lang='lat' dir='ltr'><strong>ultra</strong></span> <span class='ocrx_word' id='word_1_845' title='bbox 2386 5251 2694 5301; x_wconf 85' lang='lat' dir='ltr'><strong>mensuram</strong></span> <span class='ocrx_word' id='word_1_846' title='bbox 2725 5233 2899 5306; x_wconf 86' lang='lat' dir='ltr'><strong>gratia</strong></span> <span class='ocrx_word' id='word_1_847' title='bbox 2931 5252 2944 5290; x_wconf 84' lang='lat'><strong>;</strong></span> <span class='ocrx_word' id='word_1_848' title='bbox 2975 5234 3090 5304; x_wconf 59' lang='lat' dir='ltr'><strong>Le;</strong></span> <span class='ocrx_word' id='word_1_849' title='bbox 3136 5232 3463 5297; x_wconf 89' lang='lat' dir='ltr'><strong>obumbrat,</strong></span> <span class='ocrx_word' id='word_1_850' title='bbox 3507 5233 3680 5308; x_wconf 88' lang='lat' dir='ltr'><strong>gratia</strong></span> <span class='ocrx_word' id='word_1_851' title='bbox 3705 5229 3796 5283; x_wconf 85' lang='lat' dir='ltr'><strong>cla-</strong></span> 
     </span>
    </p>
   </div>
   <div class='ocr_carea' id='block_1_111' title="bbox 2218 5324 3792 5398">
    <p class='ocr_par' dir='ltr' id='par_1_111' title="bbox 2218 5324 3792 5398">
     <span class='ocr_line' id='line_1_111' title="bbox 2218 5324 3792 5398; baseline -0.01 -14"><span class='ocrx_word' id='word_1_852' title='bbox 2218 5329 2414 5396; x_wconf 83' lang='lat' dir='ltr'><strong>riﬁcal.</strong></span> <span class='ocrx_word' id='word_1_853' title='bbox 2448 5329 2514 5384; x_wconf 81' lang='lat' dir='ltr'><strong>Et</strong></span> <span class='ocrx_word' id='word_1_854' title='bbox 2561 5326 2683 5388; x_wconf 89' lang='lat' dir='ltr'><strong>ideo</strong></span> <span class='ocrx_word' id='word_1_855' title='bbox 2725 5342 2885 5392; x_wconf 85' lang='lat' dir='ltr'><strong>nemo</strong></span> <span class='ocrx_word' id='word_1_856' title='bbox 2929 5324 3090 5382; x_wconf 89' lang='lat' dir='ltr'><strong>ﬁdem</strong></span> <span class='ocrx_word' id='word_1_857' title='bbox 3123 5340 3272 5398; x_wconf 87' lang='lat' dir='ltr'><strong>suam</strong></span> <span class='ocrx_word' id='word_1_858' title='bbox 3317 5326 3457 5384; x_wconf 88' lang='lat' dir='ltr'><strong>intra</strong></span> <span class='ocrx_word' id='word_1_859' title='bbox 3505 5333 3792 5380; x_wconf 84' lang='lat' dir='ltr'><strong>mensuram</strong></span> 
     </span>
    </p>
   </div>
   <div class='ocr_carea' id='block_1_112' title="bbox 2216 5415 3791 5494">
    <p class='ocr_par' dir='ltr' id='par_1_112' title="bbox 2216 5415 3791 5494">
     <span class='ocr_line' id='line_1_112' title="bbox 2216 5415 3791 5494; baseline -0.004 -19"><span class='ocrx_word' id='word_1_860' title='bbox 2216 5419 2375 5491; x_wconf 83' lang='lat' dir='ltr'><strong>Legis</strong></span> <span class='ocrx_word' id='word_1_861' title='bbox 2408 5418 2682 5494; x_wconf 80' lang='lat' dir='ltr'><strong>includat,</strong></span> <span class='ocrx_word' id='word_1_862' title='bbox 2728 5419 2823 5474; x_wconf 89' lang='lat' dir='ltr'><strong>sed</strong></span> <span class='ocrx_word' id='word_1_863' title='bbox 2871 5418 2939 5472; x_wconf 84' lang='lat' dir='ltr'><strong>ad</strong></span> <span class='ocrx_word' id='word_1_864' title='bbox 2981 5416 3280 5473; x_wconf 83' lang='lat' dir='ltr'><strong>Ecclesiam</strong></span> <span class='ocrx_word' id='word_1_865' title='bbox 3313 5415 3594 5484; x_wconf 82' lang='lat' dir='ltr'><strong>conferat,</strong></span> <span class='ocrx_word' id='word_1_866' title='bbox 3635 5418 3682 5474; x_wconf 91' lang='lat' dir='ltr'><strong>in</strong></span> <span class='ocrx_word' id='word_1_867' title='bbox 3709 5422 3791 5482; x_wconf 75' lang='lat' dir='ltr'><strong>qua</strong></span> 
     </span>
    </p>
   </div>
   <div class='ocr_carea' id='block_1_113' title="bbox 2217 5509 3789 5582">
    <p class='ocr_par' dir='ltr' id='par_1_113' title="bbox 2217 5509 3789 5582">
     <span class='ocr_line' id='line_1_113' title="bbox 2217 5509 3789 5582; baseline -0.008 -14"><span class='ocrx_word' id='word_1_868' title='bbox 2217 5511 2551 5582; x_wconf 84' lang='lat' dir='ltr'><strong>scptiformis</strong></span> <span class='ocrx_word' id='word_1_869' title='bbox 2593 5512 2828 5581; x_wconf 88' lang='lat' dir='ltr'><strong>Spiritus</strong></span> <span class='ocrx_word' id='word_1_870' title='bbox 2873 5511 3078 5565; x_wconf 90' lang='lat' dir='ltr'><strong>relucet</strong></span> <span class='ocrx_word' id='word_1_871' title='bbox 3123 5509 3326 5579; x_wconf 88' lang='lat' dir='ltr'><strong>gratia,</strong></span> <span class='ocrx_word' id='word_1_872' title='bbox 3362 5524 3528 5578; x_wconf 87' lang='lat' dir='ltr'><strong>quam</strong></span> <span class='ocrx_word' id='word_1_873' title='bbox 3560 5510 3789 5570; x_wconf 83' lang='lat' dir='ltr'><strong>Princeps</strong></span> 
     </span>
    </p>
   </div>
   <div class='ocr_carea' id='block_1_114' title="bbox 2214 5601 3785 5674">
    <p class='ocr_par' dir='ltr' id='par_1_114' title="bbox 2214 5601 3785 5674">
     <span class='ocr_line' id='line_1_114' title="bbox 2214 5601 3785 5674; baseline -0.005 -14"><span class='ocrx_word' id='word_1_874' title='bbox 2214 5607 2309 5660; x_wconf 88' lang='lat' dir='ltr'><strong>ille</strong></span> <span class='ocrx_word' id='word_1_875' title='bbox 2331 5607 2676 5672; x_wconf 86' lang='lat' dir='ltr'><strong>sacerdotum</strong></span> <span class='ocrx_word' id='word_1_876' title='bbox 2697 5603 2907 5674; x_wconf 78' lang='lat' dir='ltr'><strong>fulgore</strong></span> <span class='ocrx_word' id='word_1_877' title='bbox 2928 5618 3180 5674; x_wconf 69' lang='lat' dir='ltr'><strong>superum</strong></span> <span class='ocrx_word' id='word_1_878' title='bbox 3201 5601 3502 5658; x_wconf 88' lang='lat' dir='ltr'><strong>divinitatis</strong></span> <span class='ocrx_word' id='word_1_879' title='bbox 3524 5603 3785 5659; x_wconf 79' lang='lat' dir='ltr'><strong>illuminat,</strong></span> 
     </span>
    </p>
   </div>
   <div class='ocr_carea' id='block_1_115' title="bbox 2219 5697 3188 5771">
    <p class='ocr_par' dir='ltr' id='par_1_115' title="bbox 2219 5697 3188 5771">
     <span class='ocr_line' id='line_1_115' title="bbox 2219 5697 3188 5771; baseline -0.006 -17"><span class='ocrx_word' id='word_1_880' title='bbox 2219 5715 2287 5756; x_wconf 88' lang='lat' dir='ltr'><strong>ne</strong></span> <span class='ocrx_word' id='word_1_881' title='bbox 2312 5715 2432 5767; x_wconf 83' lang='lat' dir='ltr'><strong>eam</strong></span> <span class='ocrx_word' id='word_1_882' title='bbox 2461 5699 2619 5771; x_wconf 89' lang='lat' dir='ltr'><strong>Legis</strong></span> <span class='ocrx_word' id='word_1_883' title='bbox 2650 5697 2836 5752; x_wconf 83' lang='lat' dir='ltr'><strong>umbra</strong></span> <span class='ocrx_word' id='word_1_884' title='bbox 2869 5698 3188 5768; x_wconf 72' lang='lat' dir='ltr'><strong>restinguat.</strong></span> 
     </span>
    </p>
   </div>
   <div class='ocr_carea' id='block_1_116' title="bbox 2287 5775 3786 5878">
    <p class='ocr_par' dir='ltr' id='par_1_116' title="bbox 2287 5775 3786 5878">
     <span class='ocr_line' id='line_1_116' title="bbox 2287 5775 3786 5878; baseline -0.005 -22"><span class='ocrx_word' id='word_1_885' title='bbox 2287 5791 2377 5856; x_wconf 73' lang='lat'><strong>99.</strong></span> <span class='ocrx_word' id='word_1_886' title='bbox 2422 5790 2662 5878; x_wconf 76' lang='lat' dir='ltr'><strong>Denique</strong></span> <span class='ocrx_word' id='word_1_887' title='bbox 2693 5790 2914 5862; x_wconf 74' lang='lat' dir='ltr'><strong>lucerna</strong></span> <span class='ocrx_word' id='word_1_888' title='bbox 2943 5775 3236 5878; x_wconf 71' lang='lat' dir='ltr'><strong>illequam</strong></span> <span class='ocrx_word' id='word_1_889' title='bbox 3280 5787 3571 5873; x_wconf 79' lang='lat' dir='ltr'><strong>matutinis</strong></span> <span class='ocrx_word' id='word_1_890' title='bbox 3597 5794 3786 5869; x_wconf 58' lang='lat' dir='ltr'><strong>vesper</strong></span> 
     </span>
    </p>
   </div>
  </div>
