3960 6304
115 260 249 317 Πὶὸ

984 265 1351 324 EXPOSITIO
1391 265 1642 332 EVANG.
1683 265 1830 334 SEC.
1875 265 2033 333 LUC.
2071 267 2200 324 LIB.
2248 266 2355 324 VII.

3177 259 3186 265 ’
3280 267 3421 330 17ἐο

107 377 332 449 tiiu'sque
359 378 744 450 temporibus,
776 379 881 454 ritu
913 379 1080 446 veteri
1106 379 1440 455 ludarorum,
1475 383 1708 453 princept

1831 412 1956 460 runt
1984 421 1997 458 :
2031 403 2348 460 cliaritatem
2379 402 2524 471 ideo,
2553 403 2676 475 quia
2704 418 2809 460 non
2835 419 2901 461 ex
2932 403 3125 460 affectu
3150 404 3314 461 Deum
3342 404 3423 461 die

100 470 448 526 sacerdotum
500 472 723 528 solebat
766 473 1063 530 accendere
1108 472 1310 547 (Exod.
1362 491 1543 543 xxvii,
1595 475 1724 548 2|),

97 563 238 618 velut
265 563 370 618 sub
417 563 628 619 modio
672 566 772 622 sila
804 564 966 636 Legis
1011 568 1272 638 evanuit:
1323 577 1380 624 et
1406 571 1598 625 civitas
1631 569 1724 626 illa

99 656 472 722 Hierusalem,
505 673 641 734 qua:
664 660 715 714 in
745 659 904 718 terris
935 669 1050 726 est,
1077 675 1196 732 qua:
1237 661 1442 717 occidit
1487 661 1724 733 prophe-

97 762 189 817 las,
217 752 373 830 quasi
406 751 466 806 in
498 753 764 810 convalle
789 752 948 809 fletus
974 754 1144 824 posita
1171 755 1442 812 delitescit
1468 774 1481 812 :
1511 756 1598 812 illa
1627 772 1724 810 au-

97 857 196 902 tem
228 846 606 903 Hierusalem
649 864 768 917 qua:
817 849 872 914 in
917 848 1059 904 caelo
1104 857 1220 914 est,
1276 850 1328 904 in
1373 865 1476 920 qua
1528 851 1724 910 militat

95 939 221 993 fides
253 952 452 994 ii0$tra
477 982 497 1006 ,
532 940 597 995 in
621 940 710 995 illo
732 941 1001 996 altissimo
1028 941 1268 996 omnium
1299 942 1476 996 locata
1508 952 1720 1010 monte,

92 1034 185 1087 hoc
212 1042 300 1088 est
333 1035 388 1106 in
423 1032 686 1101 Christo,
730 1035 968 1090 Ecclesia
1017 1051 1124 1100 non
1168 1044 1346 1105 potest
1380 1035 1620 1092 tenebris
1665 1043 1722 1090 et

92 1131 253 1185 ruinis
298 1130 478 1200 hujus
530 1131 721 1187 mundi
751 1133 1013 1188 abscondi
1043 1152 1053 1186 :
1086 1134 1180 1191 sed
1228 1132 1438 1205 fulge'us
1481 1133 1722 1202 candore

91 1224 212 1277 solis
233 1224 464 1288 aeterni,
504 1224 638 1280 luce
663 1240 764 1280 nos
789 1225 980 1297 gratia:
1011 1226 1271 1294 Spiritalis
1298 1227 1589 1290 illuminat.

154 1315 335 1388 (Vers.
368 1316 505 1388 39.)
555 1316 712 1372 Nunc
733 1334 841 1386 vos,
881 1319 1160 1398 Pltaristei,
1191 1321 1336 1389 prius
1365 1321 1502 1392 quod
1528 1319 1722 1391 deforis

93 1418 153 1460 est
183 1409 367 1462 colicis
402 1420 455 1463 et
485 1411 656 1468 catini
682 1411 970 1466 mandatis.

161 1502 277 1557 lOO.
323 1503 508 1562 Vides
564 1519 798 1575 corpora
855 1512 1040 1560 nostra
1089 1513 1428 1570 terrenarum
1471 1513 1526 1560 et
1558 1503 1722 1573 fragi-

94 1599 210 1652 lium
252 1604 641 1668 expressione
672 1599 906 1670 signari,
947 1616 1066 1669 quae
1096 1600 1246 1656 brevi
1295 1599 1446 1668 lapsu
1473 1597 1720 1670 prmcipi-

93 1701 188 1743 tata
219 1690 574 1763 franguntur
600 1714 612 1747 :
641 1700 694 1746 et
717 1691 874 1746 facile
895 1707 956 1746 ea
981 1708 1100 1762 quae
1124 1706 1277 1746 mens
1306 1689 1480 1746 voluit
1503 1689 1740 1744 interna

97 1803 178 1853 per
203 1802 407 1841 sensus
436 1797 497 1842 et
529 1796 685 1856 gesta
710 1787 956 1856 corporis
983 1785 1162 1855 prodi,
1194 1785 1334 1841 sicut
1361 1785 1450 1839 illa
1479 1799 1598 1866 quae
1628 1797 1717 1838 ca-
1748 1786 1797 1847 Β

96 1879 156 1934 lix
185 1879 423 1935 interius
455 1879 750 1948 continet,
794 1879 924 1934 foris
957 1879 1156 1932 lucent.
1188 1877 1344 1933 Unde
1371 1887 1424 1931 et
1455 1876 1506 1951 in
1534 1883 1718 1946 poste-

98 1971 322 2027 rioribus
376 1971 550 2039 (Luc.
583 1988 738 2038 nn,
769 1970 860 2044 42)
909 1987 1017 2028 non
1064 1970 1285 2027 dubium
1329 1979 1413 2024 est
1453 1967 1720 2025 vocabulo

95 2065 270 2122 calicis
300 2068 642 2138 passionem
672 2068 920 2137 corporis
951 2065 1249 2132 tleclarari,
1292 2079 1414 2119 cum
1460 2063 1590 2118 dicit
1616 2062 1720 2114 Do-

98 2160 302 2215 minus:
337 2159 590 2218 Calicem
629 2177 782 2233 quem
822 2162 950 2215 milti
994 2159 1152 2214 Pater
1202 2158 1378 2224 dedit,
1413 2174 1514 2213 non
1559 2159 1632 2211 vis
1665 2166 1719 2211 at

98 2251 249 2326 bibant
294 2254 453 2326 illum
502 2251 695 2323 (Joan.
742 2267 915 2319 xvm,
961 2251 1084 2323 il)?
1136 2251 1280 2306 Bibit
1325 2251 1470 2306 enim
1521 2263 1717 2318 corpus

102 2360 271 2412 summ,
304 2346 397 2415 qui
426 2345 789 2415 corporalem
819 2333 1168 2415 fragilitatem
1199 2342 1432 2414 Spiritali
1461 2342 1719 2398 absorbet

99 2437 302 2503 aliectn,
333 2448 390 2494 et
417 2439 587 2509 quasi
621 2438 673 2492 in
707 2449 940 2493 mentem
971 2437 1318 2506 animumque
1353 2435 1712 2501 transfundil;

107 2539 151 2581 ut
191 2531 562 2588 interioribus
613 2533 950 2586 exteriorum
1006 2529 1352 2584 imbecillitas
1409 2529 1710 2584 liauriatur.

103 2619 274 2678 Cernis
315 2623 490 2694 igitur
521 2623 673 2692 quod
719 2638 820 2676 nos
862 2637 968 2676 non
1004 2624 1275 2676 exteriora
1325 2621 1484 2690 hujus
1529 2621 1715 2675 calicis

105 2726 185 2768 aut
213 2717 413 2783 catini,
443 2717 548 2773 sed
580 2716 838 2771 inferiora
866 2717 1263 2772 contaminant.
1299 2715 1364 2768 Et
1402 2713 1526 2768 ideo
1556 2713 1712 2784 quasi

107 2807 263 2865 bonus
292 2823 612 2882 praeceptor
633 2810 817 2866 docuit
853 2808 1313 2878 quemadmodum
1359 2807 1526 2862 nostri
1557 2822 1716 2860 mun-

109 2902 223 2957 dare
251 2906 506 2976 corporis
535 2905 848 2974 contagium
879 2903 1198 2969 debeamus,
1228 2901 1416 2956 dicens
1447 2919 1458 2954 :

172 2993 344 3065 (ἴθι-ε.
373 2998 439 3054 41
456 3002 500 3069 .)
530 2997 668 3052 Date
690 2993 1087 3070 eleemosynam,
1111 3006 1158 3050 et
1181 3011 1294 3050 erce
1316 2995 1489 3049 omnia
1516 2995 1710 3047 munda

119 3100 218 3143 sunt
239 3093 400 3148 vobis.

175 3183 290 3238 f0l.
324 3194 349 3221 λ
384 3185 560 3243 Vides
591 3193 788 3255 quanta
819 3183 1100 3240 remedia?
1128 3183 1350 3238 Mundat
1377 3196 1476 3236 nos
1500 3179 1712 3235 miseri—
1738 3178 1780 3242 C

117 3279 300 3345 cordia,
334 3283 572 3338 mundat
598 3296 697 3336 nos
731 3280 822 3335 Dei
854 3293 1058 3344 sermo,
1084 3280 1234 3347 juxta
1267 3275 1410 3348 quod
1443 3275 1708 3345 scriptum

119 3381 187 3423 est
213 3389 226 3424 :
256 3371 374 3426 Iam
402 3391 494 3429 vos
550 3374 727 3427 mundi
778 3373 894 3427 estis
927 3384 1136 3444 propter
1181 3386 1462 3425 sermonem
1507 3384 1704 3433 meum,

119 3478 247 3530 quem
286 3466 492 3522 locutus
538 3483 656 3522 sum
694 3467 835 3520 vobis
864 3463 1049 3538 (Joan.
1083 3481 1174 3531 xv,
1203 3462 1283 3534 5).
1316 3463 1424 3517 Nec
1455 3463 1557 3516 hoc
1588 3461 1708 3515 loco

119 3555 304 3625 solum,
354 3563 451 3615 sed
484 3559 660 3616 etiam
695 3561 746 3614 in
775 3558 898 3613 aliis
925 3570 1124 3628 quanta
1169 3559 1238 3611 sit
1278 3557 1448 3627 gratia
1483 3570 1708 3626 expres-

120 3660 222 3700 sum
253 3659 444 3706 tenes:
483 3653 834 3723 Eleemosyna
870 3652 1004 3704 enim
1045 3667 1076 3704 α
1116 3660 1277 3704 morte
1316 3650 1496 3703 liberat
1539 3647 1702 3721 (Tob.

122 3750 198 3798 ιιι,
224 3738 278 3808 9)
305 3761 317 3794 :
345 3753 420 3811 et,
452 3744 724 3801 Conclade
751 3745 1126 3814 eleemosynam
1156 3744 1208 3797 in
1234 3743 1388 3797 corde
1429 3742 1704 3813 pauperis,

121 3839 157 3880 et
182 3832 279 3887 Ιιωσ
302 3853 395 3906 pro
416 3849 465 3894 te
490 3839 732 3894 exorabit
759 3839 814 3892 in
840 3839 923 3893 die
948 3837 1087 3892 malo
1117 3837 1307 3910 (Ecrli.
1332 3852 1484 3903 xxix,
1518 3836 1630 3907 15).

183 3925 293 3983 illi.
335 3931 511 3989 Totus
540 3933 721 4004 itaque
751 3933 1153 4004 pulcherrimus
1184 3932 1252 3986 ab
1295 3931 1421 3986 hinc
1456 3930 1706 3999 dirigitur

122 4014 268 4089 locus,
293 4035 349 4081 ut
377 4026 644 4097 quoniam
675 4043 773 4082 nos
799 4027 865 4083 ad
893 4026 1132 4083 studium
1173 4023 1542 4096 simplicitatis
1565 4022 1706 4078 invi-

124 4117 201 4175 tat,
231 4119 504 4186 superﬂua
535 4120 848 4184 Iudaeorum
876 4129 932 4178 et
965 4131 1179 4176 terrena
1209 4119 1533 4177 condemnet
1552 4157 1570 4185 ,
1613 4117 1706 4188 qui

125 4209 391 4268 secundum
419 4230 630 4286 corpus
662 4215 1014 4286 intelligendo
1043 4231 1164 4286 quae
1195 4214 1354 4285 Legis
1384 4223 1532 4278 sunt,
1563 4213 1704 4268 vitro

126 4306 168 4348 et
189 4303 356 4359 catino
384 4318 614 4379 propter
639 4309 987 4380 fragilitatem
1017 4311 1099 4365 sui
1130 4327 1236 4364 non
1262 4310 1534 4364 immerito
1555 4322 1704 4363 com-

129 4401 392 4467 Parentur;
425 4414 486 4460 et
505 4419 567 4458 ea
600 4404 666 4458 de
693 4403 889 4475 quibus
917 4403 1072 4462 nobis
1100 4404 1279 4458 nullus
1310 4411 1393 4458 est
1419 4417 1572 4468 usus,
1600 4401 1701 4456 ob-

127 4498 319 4548 servant
349 4515 362 4550 :
395 4514 461 4553 ea
485 4508 666 4553 autem
691 4498 744 4552 in
775 4497 972 4568 quibus
997 4506 1197 4556 nostrze
1220 4499 1331 4566 spei
1361 4496 1569 4551 fructus
1592 4505 1698 4564 est,

1831 495 2021 567 ligunt.
2345 547 2350 552 .

1899 590 2022 647 104.
2066 589 2171 646 Sed
2203 605 2269 644 ne
2298 605 2487 646 rursus
2517 589 2637 646 fidei
2668 606 2769 646 nos
2796 591 3070 646 studiosos
3089 591 3268 655 faciat.
3295 607 3430 663 epod

1827 698 1946 737 rum
1985 685 2340 754 negligentes,
2373 683 2765 753 perfectionem
2795 683 2972 740 fidelis
3000 685 3100 740 viri
3130 685 3276 739 brevi
3306 701 3428 753 ser-3

1826 791 1989 831 mone
2033 777 2340 842 concludit;
2375 785 2433 831 ut
2463 787 2516 832 et
2548 777 2652 832 lide
2687 786 2740 832 et
2769 777 3029 847 operibus
3068 778 3422 848 approbatur,

1824 868 2014 924 dicens
2047 887 2061 925 :
2095 868 2166 925 Et
2207 873 2317 925 litae
2345 871 2576 942 oportuit
2607 874 2796 941 facere,
2828 881 2874 925 et
2903 871 3001 924 illa
3030 886 3135 925 non
3171 871 3422 925 omittere.

1897 984 2021 1040 105.
2056 985 2238 1058 (Vers.
2271 984 2363 1051 45,
2393 986 2510 1058 44.)
2538 986 2916 1057 Arrogantiam
2959 1002 3175 1058 quoque
3214 987 3428 1058 jactan-

1826 1077 2061 1147 tianique
2090 1079 2369 1150 redarguit
2396 1079 2732 1146 Iudaeorum,
2761 1081 2887 1136 dum
2919 1082 3184 1153 primatus
3211 1082 3428 1138 accubi-

1823 1169 1991 1226 tionis
2019 1171 2073 1226 in
2101 1173 2364 1239 conviviis
2390 1184 2672 1244 appetunt.
2715 1173 2772 1229 In
2804 1175 2950 1244 ipsos
2977 1191 3192 1246 quoque
3222 1177 3426 1250 peritos

1824 1267 1982 1338 Legis
2005 1269 2370 1325 damnationis
2399 1272 2670 1326 sententia
2701 1271 3076 1344 promulgatur
3109 1287 3122 1324 :
3157 1271 3246 1342 qui
3273 1271 3428 1346 quasi

1823 1366 2071 1435 sepulcra
2102 1382 2224 1438 qua:
2257 1382 2364 1421 non
2395 1377 2681 1436 apparent,
2727 1368 2908 1437 specie
2942 1366 3168 1432 fallunt,
3197 1365 3432 1436 visuque

1823 1457 2131 1530 decipiunt;
2175 1468 2234 1514 ut
2263 1475 2385 1514 cum
2432 1459 2562 1514 foris
2603 1457 2844 1530 speciosa
2880 1459 3234 1529 promittant,
3283 1459 3428 1532 intus

1821 1565 1943 1606 ossa
1974 1551 2136 1623 plena
2183 1551 2374 1626 fetoris
2417 1551 2715 1607 includant.
2763 1551 2918 1620 Quod
2960 1551 3156 1606 faciunt
3184 1549 3428 1624 plerique

1821 1643 2073 1699 doctores
2094 1685 2110 1711 ,
2140 1645 2233 1718 qui
2265 1645 2334 1700 ab
2361 1645 2484 1700 aliis
2513 1646 2768 1716 exigunt,
2802 1661 2922 1718 quae
2957 1645 3056 1714 ipsi
3090 1627 3200 1698 non
3226 1652 3428 1722 queant

1822 1736 2087 1791 aemulari.
2138 1735 2205 1791 Et
2250 1735 2375 1792 ideo
2423 1737 2522 1807 ipsi
2578 1746 2929 1792 monumenta
2978 1746 3142 1804 sunt,
3194 1736 3333 1806 sicut
3372 1743 3430 1790 et

1822 1829 1950 1884 alibi
1979 1829 2181 1884 dictum
2213 1838 2296 1884 est
2327 1848 2338 1883 :
2373 1829 2682 1909 Sepulcrum
2715 1841 2894 1902 patens
2935 1840 3007 1885 est
3036 1839 3211 1903 guttur
3244 1845 3420 1884 eorum

1825 1921 1999 1991 (Psal.
2033 1938 2089 1988 v,
2119 1920 2228 1996 il).
2455 1907 2458 1914 |

1894 2016 2020 2094 106.
2051 1999 2230 2092 (Vers.
2261 2017 2379 2089 47.)
2415 2017 2594 2072 Bonus
2639 2017 2800 2072 etiam
2848 2015 3000 2071 locus
3027 2015 3288 2071 adversus
3330 2029 3423 2070 sn—

1821 2111 2193 2190 perstitionem
2227 2112 2573 2166 vanissimam
2604 2111 2916 2170 ludznorum
2936 2151 2950 2175 ,
2982 2109 3073 2181 qui
3101 2106 3423 2190 adificando

1820 2184 2072 2280 sepulcra
2097 2204 2506 2275 prophetarum,
2542 2215 2755 2274 patrum
2785 2217 3006 2258 suorum
3037 2200 3179 2258 facta
3201 2184 3425 2255 damna~

1820 2296 1979 2363 bant;
2015 2297 2323 2370 aemulando
2366 2308 2546 2353 autem
2579 2306 2799 2368 paterna
2853 2296 3059 2351 scelera
3081 2336 3098 2361 ,
3131 2297 3180 2349 in
3209 2295 3422 2365 seipsos

1819 2391 2146 2444 sententiam
2173 2390 2580 2466 retorquebant.
2604 2390 2816 2456 Etenim
2843 2388 3278 2468 preplieticorum
3299 2385 3423 2460 aedi-

1819 2483 2073 2539 ficatione
2118 2485 2481 2552 tumulorum,
2531 2483 2756 2539 sceleris
2801 2489 2895 2537 eos
2926 2485 3016 2553 qui
3065 2481 3416 2545 occiderant,

1817 2578 2153 2648 arguebant;
2207 2586 2260 2652 et
2300 2577 2556 2632 similium
2611 2576 2960 2630 :emulatione
3005 2572 3304 2638 factorum,
3357 2555 3418 2626 se

1815 2686 2030 2741 quoque
2077 2670 2428 2725 declarabant
2489 2680 2730 2740 paterna:
2791 2667 3090 2738 iniquitatis
3147 2662 3412 2720 bteredes.

1815 2759 1930 2816 Non
1973 2761 2136 2832 igitur
2177 2762 2496 2827 aedificatio,
2539 2761 2634 2816 sed
2679 2761 2957 2817 aemulatio
3005 2759 3126 2814 loco
3171 2758 3420 2814 criminis

1815 2853 2138 2910 aestimatur.
2168 2855 2352 2927 Neque
2379 2856 2522 2930 enim
2558 2865 2784 2926 possunt
2812 2851 3181 2908 bmredilariie
3223 2851 3420 2922 iniqui-

1817 2951 1939 3004 tatis
1961 2949 2198 3014 absolvi,
2228 2948 2321 3020 qui
2355 2950 2446 3003 Dei
2478 2948 2671 3003 Filimu
2705 2946 3094 3024 crucifigendo,
3127 2944 3271 3016 quod
3297 2957 3420 3014 gra-

1815 3046 1936 3100 vius
1961 3055 2066 3109 est,
2097 3043 2339 3114 paternis
2365 3043 2639 3098 cumulum
2662 3039 2960 3096 sceleribus
2984 3037 3324 3093 addiderunt.
3351 3034 3419 3090 Et

1816 3137 1938 3194 ideo
1969 3139 2110 3193 bene
2142 3138 2268 3192 alibi
2318 3136 2523 3192 addidit
2556 3154 2568 3190 ;
2617 3135 2837 3210 lmplete
2876 3149 3166 3187 mensuram
3207 3141 3414 3203 patrum

1813 3242 2100 3287 vestrorum
2129 3230 2347 3302 (Matth.
2379 3247 2537 3296 χχιιι,
2571 3229 2700 3297 52);
2735 3227 2859 3294 quia
2886 3225 3015 3280 nihil
3041 3237 3121 3299 est
3154 3224 3292 3278 ultra
3318 3221 3413 3278 Dei

1813 3325 2063 3396 injuriam
2092 3325 2310 3396 gravius
2342 3339 2566 3396 peccare
2594 3321 2736 3392 quod
2767 3321 2998 3390 possint.

1883 3440 2008 3496 107.
2038 3439 2220 3516 (Vers.
2254 3437 2372 3510 49.)
2409 3438 2700 3506 Propterea
2735 3434 2895 3502 mittit
2929 3432 2994 3502 ad
3038 3431 3158 3494 illos
3189 3429 3415 3510 Sapien-

1813 3532 1884 3587 tia
1925 3533 2205 3610 apnstoios
2249 3542 2304 3594 et
2334 3532 2646 3616 prophetas.
2692 3529 2822 3598 Quis
2871 3537 2954 3594 est
2997 3525 3267 3596 Sapientia
3311 3523 3413 3600 pisi

1809 3625 2098 3698 Christus?
2131 3625 2375 3693 Denique
2399 3625 2453 3690 in
2483 3622 2735 3686 Matthiae
2759 3620 2925 3676 habes
2951 3637 2964 3676 :
2998 3618 3128 3675 Ecce
3155 3635 3248 3690 ego
3270 3618 3412 3672 mitto

1809 3717 1877 3769 ad
1905 3733 1993 3769 vos
2021 3717 2300 3787 prophetas
2326 3726 2372 3792 et
2399 3716 2658 3784 sapientes
2685 3711 2901 3786 (Matth.
2936 3727 3086 3775 χχιιι,
3119 3709 3235 3780 5i).

1881 3810 2007 3866 108.
2067 3809 2247 3880 (Vers.
2290 3807 2405 3878 59..)
2456 3808 2774 3882 Argutintur
2823 3805 2996 3859 adhuc
3042 3803 3140 3872 sub
3191 3800 3410 3856 nomine

1807 3899 2116 3958 Judreorum
2144 3941 2159 3966 ,
2194 3910 2250 3956 et
2290 3898 2475 3954 futuro
2513 3896 2780 3970 supplicio
2811 3903 3123 3958 statuuntur
3150 3892 3407 3960 obnoxii;

1808 3996 1932 4066 quia
1963 4010 2088 4050 cum
2137 3992 2441 4070 doctrinam
2491 3989 2594 4048 sibi
2645 3989 2841 4042 divinae
2887 3986 3212 4056 cognitionis
3253 3998 3411 4038 usur-

1811 4099 1967 4160 pent,
2001 4098 2058 4144 et
2093 4088 2229 4159 alios
2277 4086 2613 4158 impediunt,
2645 4099 2744 4140 nec
2771 4083 2868 4154 ipsi
2906 4082 3051 4158 quod
3082 4080 3409 4154 profitentur

1807 4189 2129 4258 agnoscunt.

1878 4294 2036 4364 (Cap.
2067 4291 2181 4352 XII.
2210 4324 2282 4335 —
2308 4292 2470 4358 Vera.
2504 4292 2559 4358 6,
2590 4291 2669 4364 7.)
2698 4292 2886 4358 Nonne
2922 4291 3144 4363 quinque
3179 4306 3412 4363 passeres

1806 4398 2021 4454 veneunt
2068 4387 2340 4460 dipondio,
2382 4396 2431 4442 et
2475 4403 2610 4450 unus
2656 4401 2720 4439 ea:
2776 4386 2884 4442 illis
2932 4400 3033 4448 non
3079 4393 3151 4438 est
3181 4383 3234 4438 in
3277 4382 3410 4436 obli-

1806 4482 1953 4538 vione
1997 4498 2170 4538 coram
2223 4479 2487 4540 Domino?
2539 4478 2647 4534 Sed
2695 4488 2742 4532 et
2791 4478 2968 4546 capilli
3022 4476 3208 4542 capitis
3256 4474 3411 4528 uestri

129 4580 410 4650 negligant;
471 4599 528 4645 ei,
574 4589 695 4645 ideo
744 4567 1025 4660 peccatum
1068 4587 1275 4658 grande
1321 4588 1696 4657 εριηηιίιιυηι,
1729 4576 1780 4638 D
1809 4591 1982 4634 omnes
2012 4574 2268 4641 numerati
2291 4582 2428 4636 sunt.
2463 4571 2642 4628 Nolite
2672 4572 2878 4637 timere,
2915 4570 3088 4634 multis
3113 4567 3409 4639 passeribus

131 4664 238 4725 dum
270 4680 491 4736 meliora
515 4681 822 4752 despiciunt
850 4700 862 4736 :
894 4693 948 4736 et
973 4693 1149 4736 tamen
1181 4682 1312 4750 ipsis
1344 4679 1704 4750 peccatialio-

131 4757 230 4817 litio
258 4779 603 4840 promittitur,
638 4775 666 4816 δ
699 4777 745 4833 si
776 4775 1148 4832 misericordia
1180 4787 1564 4846 consequatur.

196 4858 389 4937 ιωε
422 4870 543 4926 105.
579 4868 762 4941 (Vers.
795 4868 914 4941 42.)
955 4868 1207 4924 Breviter
1237 4877 1416 4922 autem
1451 4867 1576 4922 vitia
1611 4881 1704 4922 eo-

133 4958 234 5003 rum
274 4963 430 5016 multa
462 4964 814 5034 perstringit,
857 4966 948 5034 qui
979 4963 1229 5024 viliorum
1258 4964 1526 5018 fruetuum
1558 4961 1706 5016 deci-

136 5040 223 5094 mis
241 5051 574 5110 conferendis
602 5073 763 5111 omne
793 5055 1033 5110 studium
1065 5055 1345 5111 intendant
1372 5070 1529 5112 suum
1557 5072 1569 5108 :
1603 5069 1706 5110 nec

137 5130 278 5192 Ullum
301 5141 461 5205 futuri
492 5149 680 5220 judicii
705 5158 931 5215 metum,
961 5164 1063 5205 nec
1085 5149 1323 5219 aliquam
1352 5149 1447 5204 Dei
1472 5148 1706 5216 habeant

137 5219 446 5308 charitatem,
481 5219 607 5298 cum
635 5258 798 5312 opera
839 5242 959 5298 sine
1001 5241 1107 5298 fide
1134 5257 1268 5297 vana
1297 5243 1440 5308 sint;
1478 5249 1702 5312 praeter-

138 5326 247 5411 eunt
287 5331 420 5387 enim
459 5334 725 5404 judicium
773 5345 825 5391 et
873 5336 1195 5392 cliarihtem
1247 5336 1340 5392 Dei
1381 5352 1395 5389 :
1435 5334 1702 5406 judicium

138 5404 274 5483 ideo,
302 5426 412 5492 quia
444 5443 552 5482 non
580 5428 762 5483 omnia
795 5444 917 5504 qua;
946 5437 1145 5500 agunt,
1179 5429 1233 5484 in
1257 5404 1520 5508 judicium
1558 5430 1701 5486 refe-

199 5624 221 5704 ξ
253 5618 363 5704 list.
395 5633 624 5704 aliquot,
663 5632 822 5689 Vides
847 5643 1044 5704 quanto
1067 5634 1294 5702 remedio
1330 5637 1547 5689 mundat
1576 5651 1694 5690 nos.

198 5691 223 5732 δ
259 5691 499 5768 Nonnulli.
552 5728 711 5778 mss.,
742 5715 787 5768 si
834 5691 1238 5787 misericordiam
1293 5725 1692 5787 consequantur.

144 5767 328 5881 inepte,
353 5767 541 5853 sensus
562 5767 711 5874 enini
729 5801 834 5863 est,
857 5767 1148 5874 Pliariseeis
1165 5767 1691 5881 pretuittipevceato;

1808 4667 1974 4736 pluris
2005 4667 2148 4722 estis.

1865 4779 2006 4853 -109.
2052 4779 2484 4834 Pulclierrimum
2524 4778 2701 4833 locum
2755 4775 3002 4832 tenenda:
3043 4775 3408 4843 simplicitatis

1806 4882 1862 4927 et
1908 4871 2233 4926 mandanda:
2279 4870 2404 4925 fidei
2455 4868 2706 4925 Salvator
2755 4869 3018 4933 intexuit,
3072 4882 3139 4921 ne
3167 4865 3406 4921 Iudaica:

1808 4964 2048 5036 perfidia:
2079 4979 2230 5020 more
2258 4963 2363 5018 alia
2407 4977 2715 5033 premamus
2744 4961 2971 5026 affectu,
3005 4962 3112 5015 alia
3158 4975 3291 5016 voce
3335 4960 3408 5014 si-

1808 5060 2104 5123 mulemus;
2133 5073 2256 5113 cum
2291 5057 2482 5114 ultimo
2512 5067 2756 5126 tempore
2783 5056 2994 5110 occulta
3017 5055 3407 5125 cogitationum

1806 5155 2176 5208 accusantium
2198 5193 2212 5217 ,
2239 5160 2336 5207 aut
2361 5153 2524 5208 etiam
2551 5151 2964 5207 defendentium
3004 5159 3278 5206 secretum
3309 5166 3408 5206 no-

1803 5255 1934 5300 stne
1962 5247 2161 5300 mentis
2187 5246 2450 5316 aperitur,
2479 5255 2536 5300 ut
2566 5245 2870 5300 videantur.
2904 5246 3035 5311 Qua:
3063 5244 3210 5299 enim
3233 5243 3408 5312 major

1803 5351 1887 5396 est
1911 5339 2274 5410 simplicitatis
2301 5339 2556 5400 illecebra
2581 5380 2598 5406 ,
2625 5353 2786 5409 quam
2817 5346 2870 5392 ut
2901 5337 3276 5407 unusquisque
3307 5350 3402 5391 c0-

1801 5442 2029 5505 gnoscat
2056 5433 2319 5504 latebram
2353 5432 2562 5489 fraudis
2583 5447 2708 5489 esse
2739 5447 2848 5488 non
2873 5431 3071 5503 posse?

1805 5651 1922 5692 rum
1950 5635 2336 5703 abolitionem,
2370 5636 2415 5691 si
2444 5637 2606 5692 modo
2628 5650 2748 5691 eam
2782 5635 3153 5708 misericordia
3177 5679 3190 5704 ,
3221 5637 3273 5691 id
3298 5646 3404 5706 est,

1806 5717 2156 5798 eleemosyna
2193 5716 2531 5802 pauperibus
2556 5725 2777 5806 erogata
2827 5718 3068 5796 acquirat
3093 5715 3258 5794 atque
3288 5710 3404 5782 me;

1805 5806 2008 5862 reatur.
2067 5817 2070 5822 ·
2203 5807 2208 5817 ’
2417 5803 2421 5808 ·
2660 5803 2666 5806 ⁷
2975 5813 2978 5817 -
3117 5807 3121 5813 ’
3179 5807 3183 5812 α
3311 5811 3356 5842 ,ι
