3960 6314
479 269 619 330 i737

1801 258 2048 319 SANCTI
2086 259 2412 322 AMBROSII

3639 257 3790 316 1728

553 388 677 446 110.
715 385 822 444 Sed
849 385 1105 459 quoniam
1128 383 1344 456 gemina
1371 388 1636 438 estcausa
1671 377 1934 450 perﬁdiae,
1951 357 2080 449 qua:
2107 379 2162 441 A
2185 394 2218 433 ι
2242 421 2256 446 ,
2277 379 2393 452 ‘29),
2416 395 2616 451 corpus
2638 380 2979 451 animamque
3000 376 3344 449 signiﬁcans;
3369 373 3629 446 quoniam
3652 388 3790 430 caro

482 488 580 538 aut
602 496 669 536 ex
701 464 891 536 inolita
920 479 1156 544 malitia,
1191 485 1286 532 aut
1310 491 1378 532 ex
1407 474 1673 530 accidenti
1712 481 1858 528 metu
1903 470 2082 526 nasci-

2187 490 2402 549 quoque
2447 476 2493 531 si
2533 476 2884 531 consentiens
2912 474 3008 529 Dei
3042 472 3182 542 legi,
3227 481 3278 525 et
3326 483 3541 526 exuens
3577 484 3636 523 se
3659 469 3792 539 lege

485 585 602 642 tur;
638 574 852 649 1436
881 588 948 629 ne
974 573 1094 644 quis
1121 581 1268 628 metu
1310 569 1535 626 territus
1562 565 1882 638 potestatis,
1917 565 2084 619 Deum

2235 571 2391 622 eceati
2422 569 2475 623 in
2506 579 2750 624 naturam
2783 568 2979 622 animae
3008 581 3264 620 sensuum
3295 566 3533 635 puritate
3557 563 3796 618 transie-

481 685 642 741 qttcm
670 668 838 724 corde
881 664 1193 736 cognoscit,
1227 678 1426 734 negare
1455 669 1703 724 conetur,
1738 657 1964 729 pulchre
1993 655 2085 711 ad-

483 759 622 815 didit
664 757 863 814 animae
911 764 1117 812 tantum
1162 753 1509 811 formidabile
1557 767 1681 808 esse
1723 749 2086 821 Supplicium,

483 866 705 921 pennam
751 850 999 922 corporis
1045 863 1150 904 non
1177 863 1300 904 esse
1341 844 1720 909 metuendam;
1756 857 1901 898 mors
1945 839 2089 896 enim

487 957 698 1002 natura:
723 943 866 1008 linis,
890 958 997 998 non
1031 957 1186 1013 pteua
1241 950 1360 1006 est;
1392 949 1446 996 et
1478 939 1601 994 ideo
1628 946 1857 992 mortem
1887 933 2094 1004 suppli-

489 1037 564 1094 cii
605 1037 907 1108 corporalis
952 1050 1075 1092 esse
1118 1034 1428 1100 defectum,
1478 1046 1694 1102 postiam
1738 1043 1868 1085 vero
1898 1028 2094 1081 anima:

492 1144 617 1188 esse
648 1140 994 1201 perpetuam;
1027 1142 1200 1197 eoque
1242 1126 1410 1180 Deum
1454 1124 1628 1180 solum
1673 1136 1794 1176 esse
1840 1128 2092 1175 metuen-

493 1225 646 1289 dum,
679 1222 836 1292 cujus
863 1221 1118 1292 potestati
1152 1233 1256 1273 non
1286 1227 1477 1273 natura
1505 1214 1850 1288 prarscrihat,
1884 1211 1978 1268 sed
2003 1228 2094 1267 ea-

493 1314 618 1373 dem
647 1323 839 1369 natura
867 1312 1182 1383 subjaceat;
1217 1320 1449 1366 mortem
1478 1325 1608 1365 vero
1644 1323 1749 1363 nou
1787 1321 1910 1362 csse
1939 1303 2098 1360 terri-

494 1409 684 1477 bilem,
708 1423 870 1480 quam
899 1406 1258 1478 locupletiore
1291 1405 1474 1460 leuiore
1505 1401 1575 1457 sit
1604 1399 1988 1457 immortalitas
2016 1411 2100 1452 re-

496 1503 804 1575 demptura.

569 1596 696 1652 111.
739 1593 1102 1666 lnspiraverat
1139 1591 1406 1647 Dominus
1429 1586 1794 1659 simplicitatis
1822 1583 2099 1648 affectum,

495 1692 753 1749 virtutem
781 1691 981 1746 mentis
1007 1696 1295 1756 erexerat,
1333 1685 1470 1741 ﬁdes
1511 1683 1626 1740 sola
1663 1682 1919 1746 nutabat;
1964 1679 2102 1733 bene

2190 661 2284 727 rit,
2314 660 2418 716 alis
2447 660 2513 715 ad
2534 661 2730 716 caelum
2762 659 3098 730 spiritalibus
3123 657 3390 712 elevatur.
3418 655 3604 722 Itaque
3627 655 3799 709 doce-

2191 769 2311 808 mur
2340 754 2464 824 quia
2494 753 2712 808 volandi
2756 752 2913 807 nobis
2942 752 3172 821 gratiam
3204 757 3399 804 natura
3427 747 3614 814 dedit,
3637 745 3666 785 ι)
3697 762 3800 801 vo-

2193 848 2372 918 luptas
2396 846 2641 911 abstulit,
2673 861 2794 916 quae
2824 843 3091 900 malorum
3121 841 3262 898 escis
3289 850 3480 912 gravat
3521 842 3797 906 animam,

2193 950 2356 1012 atque
2383 940 2434 996 in
2466 949 2711 995 naturam
2739 953 3015 1010 corporeae
3042 936 3200 992 molis
3231 936 3479 991 inclinat.

2272 1055 2394 1110 115.
2439 1054 2740 1124 Meritoque
2785 1053 2966 1124 posuit
3009 1052 3132 1122 quia
3185 1065 3344 1106 nemo
3390 1049 3610 1103 illorum
3656 1046 3807 1102 cadit

2197 1150 2318 1206 sine
2353 1151 2628 1205 voluntate
2666 1148 2757 1202 Dei
2800 1145 3031 1222 (Ibid.);
3066 1144 3206 1216 quod
3235 1144 3378 1198 enim
3409 1143 3588 1204 cadit,
3625 1141 3808 1212 vergit

2199 1243 2252 1298 in
2301 1253 2531 1307 terram;
2585 1250 2641 1296 et
2684 1240 2826 1310 quod
2874 1239 3054 1305 volat,
3105 1237 3320 1307 fastigio
3377 1234 3808 1289 immortalitatis

2200 1335 2466 1391 evehitur.
2509 1334 2585 1390 Ne
2623 1333 2711 1388 cui
2751 1342 2935 1388 autem
2966 1331 3192 1386 dubium
3234 1337 3383 1386 esset
3411 1327 3554 1398 quod
3591 1325 3808 1399 ιωτ

2203 1429 2488 1484 Matthmus
2515 1426 2671 1492 dixit,
2703 1426 2876 1480 Lucas
2903 1423 3185 1478 evidenter
3208 1420 3463 1486 absolvit,
3495 1421 3624 1490 quia
3656 1431 3677 1452 ο
3716 1434 3812 1473 vo-

2203 1522 2382 1599 luntas
2419 1519 2654 1575 hominis
2695 1518 2807 1572 Deo
2845 1518 3063 1585 cognita
3091 1523 3204 1579 est;
3250 1529 3354 1568 non
3387 1511 3529 1569 enim
3559 1513 3811 1582 quicum-

2203 1632 2310 1688 que
2335 1615 2518 1682 cadit,
2555 1614 2830 1668 voluntate
2874 1610 2968 1666 Dei
2997 1609 3180 1673 cadit;
3214 1607 3306 1662 sed
3349 1606 3438 1677 qui
3483 1604 3809 1660 delictorum

2207 1726 2428 1766 suorum
2458 1709 2601 1765 mole
2644 1709 2850 1774 ruerit,
2887 1706 3051 1760 Deum
3086 1704 3256 1758 latere
3284 1717 3390 1757 non
3421 1700 3653 1771 pmerit;
3687 1712 3812 1752 nam

499 1801 620 1843 eam
661 1785 731 1841 de
762 1781 1049 1840 vilioribus
1088 1781 1399 1845 mboram;
1439 1793 1563 1833 nam
1595 1776 1641 1832 Si
1687 1775 1827 1830 Deus
1874 1771 2106 1867 01’5"”
2133 1772 2182 1834 Β
2211 1814 2265 1861 ct
2292 1803 2394 1860 Job
2425 1818 2491 1859 ex
2533 1801 2626 1856 Dei
2659 1771 2940 1854 voluntate
2982 1804 3222 1851 tentatur
3248 1792 3370 1867 (Job
3418 1808 3465 1856 l,
3504 1790 3619 1861 12).
3658 1789 3815 1844 Dedit

499 1894 626 1936 neut
671 1891 954 1948 passerum
981 1889 1088 1930 non
1119 1873 1314 1939 habet,
1351 1870 1632 1925 hominum
1661 1867 1868 1922 habere
1894 1865 1984 1934 qui
2012 1879 2108 1934 po-

500 1969 644 2026 test?
666 1968 819 2036 Quod
845 1967 889 2022 si
916 1977 1060 2021 tanta
1084 1979 1166 2021 est
1194 1965 1380 2030 Dei,et
1397 1973 1501 2018 tant
1517 1972 1720 2018 aeterna
1750 1958 2026 2029 tnajestas,
2049 1965 2110 2012 ut

504 2075 648 2116 unus
690 2076 756 2115 ex
788 2059 1100 2130 passeribus
1121 2099 1136 2125 ,
1185 2065 1278 2111 aut
1309 2067 1620 2111 nostrorum
1652 2065 1912 2108 numerus
1941 2047 2108 2118 capil-

503 2153 682 2211 lorum
735 2160 934 2224 praeter
975 2151 1257 2206 scientiam
1305 2148 1400 2203 Dei
1447 2163 1555 2202 non
1599 2147 1699 2211 sit;
1764 2159 1925 2214 quam
1971 2140 2111 2196 indi-

505 2261 674 2318 gnum
718 2255 802 2301 est
845 2243 1114 2300 aestimare
1162 2240 1308 2312 quod
1358 2239 1596 2295 ﬁdelium
1632 2235 1806 2292 corda
1851 2235 2111 2289 Dominus

509 2349 604 2394 aut
634 2339 869 2410 ignoret,
898 2345 994 2392 aut
1022 2344 1267 2407 Spernat,
1298 2335 1390 2406 qui
1420 2333 1612 2386 viliora
1642 2328 1964 2402 cognoscat!

585 2430 709 2486 112.
751 2429 1008 2485 Fortasse
1044 2427 1192 2483 dicat
1232 2427 1469 2498 aliquis:
1499 2421 1783 2493 Quomodo
1820 2418 2114 2492 Apostolus

509 2522 646 2579 dixit
675 2541 688 2577 :
727 2520 999 2593 Numquid
1026 2520 1091 2575 de
1111 2519 1272 2574 bobus
1300 2535 1424 2572 cura
1451 2526 1525 2572 est
1553 2513 1665 2569 Deo
1693 2513 1737 2586 (l
1767 2512 1888 2568 Cor.
1917 2527 1990 2577 ιχ,
2022 2509 2111 2582 9);

511 2629 636 2671 cum
665 2615 848 2687 otique
883 2616 980 2670 bos
1009 2627 1232 2686 passere
1263 2610 1553 2682 pretiosior
1581 2607 1684 2662 sit?
1715 2605 1824 2662 Sed
1854 2604 2000 2660 aliud
2031 2610 2118 2658 est

511 2725 665 2776 cura,
709 2707 854 2764 aliud
903 2707 1152 2764 scientia.
1207 2703 1449 2774 Denique
1495 2714 1757 2755 numerus
1795 2697 2116 2768 capillorum

513 2820 624 2861 non
653 2806 717 2858 in-
735 2814 859 2858 actu
885 2798 1327 2871 computationis,
1362 2797 1456 2852 sed
1489 2795 1542 2850 in
1570 2795 1827 2849 facilitate
1856 2789 2119 2860 Cognitio-

515 2897 603 2952 nis
629 2894 924 2964 accipitur;
953 2909 1058 2947 non
1091 2893 1236 2948 enim
1263 2891 1555 2946 Sollicitam
1588 2889 1728 2944 Deus
1759 2902 1903 2942 cura:
1931 2899 2122 2940 nume-

518 2988 691 3046 rantis
745 2987 978 3042 intendit
1033 2987 1353 3048 cxcubiam;
1411 2983 1509 3039 sed
1579 2983 1666 3037 cui
1728 2983 1943 3052 cognita
1996 2988 2124 3034 sunt

519 3088 725 3152 omnia,
754 3083 910 3157 quasi
941 3089 1224 3138 numerata
1251 3088 1378 3135 sunt
1407 3079 1610 3134 omnia.
1635 3078 1782 3133 Bene
1813 3087 1995 3132 tamen
2024 3092 2124 3130 nu-

521 3181 719 3238 merari
747 3179 1034 3243 dicuntur;
1067 3175 1191 3246 quia
1218 3173 1310 3228 illa
1333 3186 1455 3244 qua:
1475 3171 1728 3227 volumus
1753 3185 1995 3238 servare,

525 3287 822 3330 meramus.

600 3367 725 3421 115.
767 3365 1065 3420 Possumus
1097 3371 1277 3416 tamen
1310 3359 1398 3414 hic
1420 3357 1691 3414 discutere
1719 3354 1940 3426 aliquod
1967 3353 2124 3410 intel-

527 3459 769 3529 ligentiae
807 3457 1067 3527 spiritalis
1104 3469 1393 3519 arcanum;
1429 3453 1731 3524 praesertim
1759 3466 1881 3506 cum
1913 3453 2015 3504 hoc
2045 3450 2124 3504 vi-

529 3551 723 3610 deatur
750 3549 1068 3614 absurdum,
1101 3559 1158 3603 ut
1189 3548 1436 3604 homines
1465 3562 1570 3601 nou
1606 3546 1785 3616 potius
1818 3541 2130 3598 hominibus

531 3661 693 3718 quam
737 3642 1050 3715 passeribus
1075 3649 1484 3711 comparentur.
1513 3637 1776 3694 Videntur
1803 3637 1947 3690 enim
1973 3635 2131 3706 quin-

533 3754 640 3810 que
670 3738 756 3794 isti
788 3750 1042 3808 passeres
1079 3736 1317 3806 quinque
1351 3747 1476 3789 esse
1518 3732 1766 3801 corporis
1797 3743 2023 3795 sensus,
2056 3739 2133 3781 ta-

533 3841 676 3899 ctus,
704 3831 986 3899 odoratus,
1007 3841 1216 3900 gustus,
1243 3829 1409 3891 visus,
1435 3826 1685 3890 auditus;
1714 3823 1804 3895 qui
1832 3821 1993 3878 modo
2018 3836 2138 3890 pas-

541 3940 727 3982 serum
778 3925 823 3979 si
874 3933 1216 3980 terrenarum
1269 3921 1512 3977 sordium
1541 3919 1808 3974 rimentur
1856 3915 2134 3982 illuviem,

537 4030 703 4090 atque
730 4035 798 4075 ex
829 4018 1046 4073 incultis
1068 4017 1204 4073 locis
1233 4027 1286 4073 et
1318 4015 1498 4071 fetidis
1519 4015 1699 4070 cibum
1731 4021 2009 4084 quaerant,
2043 4009 2140 4065 de-

538 4115 795 4171 lictorum
845 4129 1064 4169 suorum
1113 4113 1328 4182 laqueis
1368 4109 1651 4178 occupati,
1684 4109 1751 4163 ad
1796 4107 2138 4178 superiorum

541 4222 767 4278 operum
793 4205 1003 4262 fructus
1024 4247 1038 4272 ,
1061 4206 1258 4276 quibus
1289 4204 1578 4274 epulantur
1619 4201 1815 4256 animae
1835 4241 1852 4269 ,
1893 4201 2143 4256 revolare

545 4315 655 4355 non
702 4306 949 4370 possunt.
983 4298 1077 4352 Est
1102 4298 1248 4351 enim
1281 4293 1639 4351 lenocinantis
1669 4293 1886 4364 quidam
1922 4293 2146 4362 laqueus

543 4395 858 4466 voluptatis,
893 4403 918 4431 ει
949 4393 1042 4465 qui
1068 4402 1378 4448 nostrorum
1405 4390 1644 4460 vestigiis
1667 4389 1974 4444 animorum
1999 4404 2147 4459 quae-

545 4488 670 4545 dam
699 4487 911 4544 vincnla
942 4487 1257 4551 subuectat;
1289 4493 1345 4538 ut
1374 4485 1418 4539 si
1449 4484 1663 4554 igneum
1696 4482 1960 4553 vigorem,
1995 4480 2146 4552 puri-

2211 1900 2308 1955 tibi
2333 1895 2726 1961 adversarium,
2756 1892 2851 1948 sed
2878 1891 3154 1962 preposuit
3175 1881 3482 1960 praemium.
3506 1883 3621 1940 Nec
3651 1898 3814 1940 excu-

2213 2008 2300 2049 ses
2330 1991 2674 2062 fragilitatem
2695 2029 2711 2055 ,
2740 1987 2830 2057 qui
2858 1985 3024 2040 habes
3053 1982 3374 2053 imaginem,
3407 1976 3671 2047 accepisti
3702 1992 3817 2030 mu-

2215 2087 2508 2148 nitionem;
2537 2082 2683 2138 unde
2711 2088 2764 2136 et
2791 2079 2894 2134 hoc
2938 2075 3149 2148 prolicit
3186 2073 3251 2128 ad
3292 2073 3556 2133 salutem,
3591 2077 3654 2124 ut
3700 2069 3816 2122 sine

2217 2179 2574 2252 permissione
2605 2177 2699 2233 Dei
2723 2173 2997 2230 diabolum
3023 2185 3218 2226 nocere
3251 2185 3359 2224 non
3389 2181 3550 2238 posse
3577 2179 3813 2236 cognos-

2215 2289 2343 2338 cas;
2376 2289 2442 2329 ne
2466 2273 2758 2342 potentiam
2796 2267 2995 2324 diaboli
3023 2267 3194 2336 magis
3221 2262 3444 2328 timeas,
3477 2275 3642 2332 quam
3675 2258 3814 2313 divi-

2217 2365 2402 2421 nitatis
2431 2361 2714 2420 oll‘eusam.

2292 2479 2416 2536 116.
2459 2479 2577 2535 Jam
2613 2476 2745 2534 illud
2778 2492 2884 2532 nou
2909 2475 3131 2532 dubium
3154 2483 3258 2542 est,
3291 2471 3487 2529 animae
3526 2483 3812 2540 passerem

2219 2575 2546 2646 comparari,
2577 2589 2698 2629 cum
2729 2572 2967 2642 legeris:
3012 2571 3200 2626 Anima
3249 2578 3427 2624 nostra
3469 2565 3598 2619 sicut
3640 2579 3818 2633 passer

2221 2677 2396 2740 erepta
2421 2675 2496 2722 est
2523 2666 2586 2720 de
2617 2667 2800 2734 laqueo
2827 2665 3118 2719 venantium
3167 2661 3339 2734 (Psal.
3378 2673 3572 2723 exsttt,
3621 2655 3709 2729 Ἴ).
3759 2657 3818 2710 Et

2221 2763 2348 2822 alibi
2383 2781 2394 2816 :
2433 2762 2700 2828 Quomodo
2740 2761 2911 2816 dicitis
2951 2760 3140 2814 animo:
3173 2773 3295 2812 mete
3327 2772 3346 2811 :
3392 2754 3735 2825 Transmigra
3771 2753 3818 2804 in

2223 2869 2448 2912 montem
2478 2858 2610 2912 sicut
2641 2873 2816 2926 passer
2844 2853 3017 2926 (Psal.
3054 2869 3112 2916 χ,
3140 2851 3236 2922 2)?
3264 2849 3444 2921 Ipsum
3472 2862 3697 2919 quoque
3731 2845 3821 2899 ho-

2225 2951 2424 3006 minem
2440 2950 2665 3020 legimus
2685 2947 2989 3019 comparari
3010 2946 3248 3017 passeri;
3278 2943 3403 3015 quia
3418 2942 3686 3012 scriptum
3710 2947 3820 2995 est:

2230 3043 2340 3116 Ego
2360 3055 2530 3098 autem
2556 3044 2684 3099 sicut
2717 3057 2894 3109 passer
2921 3038 3199 3111 singularis
3229 3038 3281 3091 in
3306 3034 3531 3105 azdiﬁcio
3553 3032 3734 3104 (Psal.
3756 3046 3822 3096 CI,

2021 3185 2111 3224 nu,
2147 3166 2192 3231 ο
2225 3135 2316 3209 8);
2347 3137 2555 3192 scilicet
2581 3152 2647 3191 ex
2669 3136 2882 3191 duobus
2913 3133 3222 3205 passeribus
3251 3132 3304 3188 in
3332 3145 3498 3184 unum
3528 3142 3822 3199 passerem,

2229 3231 2331 3286 hoc
2343 3227 3043 3300 est,5piritalissuhstanti:e
3061 3224 3416 3282 subtilitatem
3429 3218 3829 3288 ,coucordantis

2229 3323 2510 3394 utriusque
2537 3323 2635 3377 alae
2664 3336 2925 3392 compage
2949 3319 3230 3375 formatus.
3270 3316 3415 3387 Ergo
3444 3329 3639 3385 passer
3666 3315 3830 3369 bonus

2230 3425 2335 3484 est,
2373 3416 2460 3472 cui
2509 3415 2724 3472 volandi
2757 3424 2942 3470 natura
2981 3412 3310 3485 suppeditat.
3345 3410 3442 3465 Est
3462 3411 3636 3466 etiam
3669 3408 3831 3464 malus

2234 3527 2442 3583 passer,
2483 3510 2578 3582 qtti
2613 3509 2826 3565 volandi
2857 3523 3011 3564 usum
3054 3519 3280 3563 terrena:
3313 3507 3444 3560 vitio
3480 3503 3626 3560 labis
3661 3501 3833 3559 abole-

2235 3608 2409 3662 verit:
2433 3606 2621 3677 quales
2645 3613 2770 3660 sunt
2788 3604 2875 3658 isti
2900 3601 3274 3676 passeres,qui
3292 3598 3550 3670 dipondio
3577 3604 3832 3653 veneunt.
3856 3595 3862 3604 '

2311 3723 2436 3778 117.
2477 3721 2618 3777 Alibi
2671 3735 2794 3774 asse
2843 3726 3114 3784 veneunt,
3162 3717 3289 3771 alibi
3329 3712 3599 3784 dipondio
3625 3709 3832 3788 (Matth.

2239 3834 2295 3881 Χ,
2317 3817 2433 3887 29).
2464 3817 2673 3883 Quanta
2695 3812 2876 3867 vilitas
2905 3809 3261 3867 delictorum!
3308 3807 3454 3863 Mors
3497 3807 3654 3861 enim
3703 3804 3834 3864 vilis,

2240 3911 2337 3970 sed
2371 3912 2604 3982 pretiosa
2641 3909 2840 3963 virtus.
2889 3906 3106 3961 Etenim
3165 3902 3511 3958 adversarius
3567 3911 3837 3970 tamquam

2243 4009 2454 4080 captiva
2479 4005 2746 4076 mancipia
2773 4002 2981 4057 vilioris
3007 4001 3180 4070 pretio
3197 3997 3582 4055 aestimationis
3603 3995 3803 4052 addicit
3825 4010 3838 4055 ;

2245 4111 2298 4156 at
2326 4117 2454 4156 vero
2488 4099 2750 4155 Dominus
2781 4107 3054 4165 tamquam
3085 4093 3326 4164 speciosa
3357 4089 3616 4154 servitia,
3643 4103 3761 4159 qua:
3779 4083 3839 4140 ad

2246 4195 2536 4265 imaginem
2593 4200 2648 4247 et
2691 4189 3102 4246 similitudinem
3154 4186 3237 4240 sui
3293 4184 3442 4248 fecit,
3497 4183 3736 4239 idoneus
3767 4180 3839 4235 sui

2247 4288 2431 4357 operis
2459 4286 2757 4340 aestimator
2799 4295 2994 4349 magno
3023 4280 3195 4350 pretio
3237 4293 3338 4333 nos
3384 4276 3667 4344 redemit,
3713 4273 3842 4330 sicut

2250 4388 2471 4436 sanctus
2495 4377 2790 4449 Apostolus
2815 4374 2953 4430 dixit
2976 4391 2990 4427 :
3020 4371 3197 4439 Empti
3221 4373 3354 4425 enim
3385 4371 3508 4424 estis
3553 4369 3718 4442 pretio
3745 4381 3844 4419 ma-

2253 4492 2352 4547 gno
2379 4472 2424 4548 (I
2453 4471 2675 4536 Cor.v1,
2705 4468 2822 4541 20).
2873 4468 2940 4523 Et
2973 4467 3109 4522 bene
3134 4480 3347 4536 magno,
3388 4463 3536 4534 quod
3572 4480 3680 4517 non
3711 4457 3846 4516 aesti-

547 4589 821 4652 tatemque
849 4589 1078 4646 naturte,
1109 4585 1342 4633 terrente
1367 4576 1608 4630 materiae
1635 4588 1829 4630 sensus
1861 4572 2146 4629 hebetave-
2175 4564 2228 4624 D
2257 4579 2432 4624 matur
2460 4580 2590 4631 aere,
2620 4563 2716 4620 sed
2759 4561 3060 4632 sanguine;
3099 4559 3224 4629 quia
3274 4571 3371 4627 pro
3408 4555 3571 4611 nobis
3606 4565 3844 4610 mortuus

547 4676 654 4742 rit,
695 4675 921 4730 luxuria:
962 4675 1138 4744 pretio
1162 4671 1444 4728 smcularis
1480 4668 1754 4725 addictum
1784 4667 1887 4724 sub
1915 4665 2146 4739 quadam

549 4768 804 4825 vitiorum
833 4773 1090 4824 auctione
1118 4765 1432 4822 constituat.

624 4859 749 4916 114.
793 4861 930 4917 Sunt
959 4861 1122 4916 etiam
1154 4859 1401 4930 quidam
1431 4867 1740 4914 nostrorum
1769 4855 2029 4912 nundinas
2059 4854 2154 4911 de-

548 4955 827 5010 lictorum.
877 4954 1063 5024 ltaque
1102 4954 1375 5008 variarum
1418 4954 1561 5022 capti
1594 4951 1865 5006 illecebris
1906 4951 2153 5020 volupta—

552 5047 667 5105 tum
689 5090 705 5114 ,
736 5057 830 5104 aut
869 5047 1267 5104 venuiudamur
1295 5047 1397 5103 sub
1425 5055 1682 5118 peccato,
1715 5053 1808 5100 aut
1835 5043 2156 5099 redimimur

548 5157 578 5197 a
611 5153 851 5212 peccato.
882 5140 1134 5198 Christus
1162 5157 1262 5196 nos
1292 5141 1531 5206 redimit,
1562 5139 1911 5194 adversarius
1937 5137 2151 5202 vendit;

551 5236 644 5292 ille
670 5238 1018 5293 auctionatur
1044 5237 1369 5292 adimortem
1388 5277 1402 5300 ,
1436 5235 1526 5289 hic
1554 5233 1771 5289 redimit
1803 5232 1869 5287 ad
1901 5232 2154 5287 salutem.

550 5327 707 5386 Unde
753 5329 890 5386 bene
932 5329 1214 5387 Matthtcus
1255 5319 1402 5385 duos
1425 5341 1679 5400 passeres
1723 5327 1905 5396 posuit
1935 5324 2150 5398 (Matth.

624 5481 650 5511 ει
689 5471 943 5527 Nonnulli
975 5486 1132 5536 mss.,
1156 5471 1243 5540 qui
1265 5481 1561 5525 nostrorum
1586 5468 1816 5540 remigiis
1837 5467 2150 5540 animorum.

623 5542 654 5582 ι’
693 5543 924 5610 Quidam
949 5558 1105 5606 mss.,
1129 5538 1369 5598 uoluntas
1392 5543 1622 5597 abstulit.
1645 5538 1755 5595 Sed
1781 5538 2046 5592 familiare
2071 5545 2156 5590 est

550 5612 790 5670 librariis
856 5614 1236 5685 scriptoribus,
1296 5627 1352 5668 ut
1395 5615 1702 5685 premiscue
1751 5611 1990 5665 voluntas
2053 5623 2155 5680 pro

551 5685 788 5756 uoluptas
812 5685 1056 5756 scribant
1081 5693 1135 5739 et
1163 5695 1374 5740 contra.
1560 5750 1564 5755 ι
1666 5741 1685 5756 ,,

567 5764 588 5778 '
637 5747 900 5824 "'Omnes
928 5754 1059 5810 edit.
1100 5757 1222 5809 cum
1266 5763 1420 5824 parte
1461 5750 1618 5812 mss.,
1661 5747 1895 5824 broluntixs
1931 5748 2032 5824 Dei
2063 5767 2150 5804 co-

550 5825 714 5890 Mitio
745 5823 878 5889 Dei;
909 5839 1040 5879 mss.
1081 5822 1394 5895 tatuettprn
1420 5825 1645 5893 cognitio
1674 5823 1809 5888 Dei,
1840 5822 2042 5878 habent
2069 5826 2155 5874 co'i-

2254 4672 2340 4720 est
2365 4660 2634 4726 Christus,
2657 4657 2745 4729 qui
2763 4657 3000 4726 pretioso
3018 4667 3118 4709 nos
3147 4652 3411 4724 sanguine
3438 4649 3718 4712 liberavit,
3746 4645 3845 4701 sic-

2254 4767 2311 4811 ut
2347 4757 2510 4811 etiam
2549 4760 2771 4808 sanctus
2829 4750 3026 4806 Petrus
3072 4748 3126 4803 in
3170 4744 3412 4815 Epistola
3460 4745 3846 4798 commemorat

2254 4865 2376 4917 sua,
2408 4847 2656 4904 scribens
2682 4843 2749 4898 ad
2782 4857 2882 4898 nos
2915 4860 2929 4897 :
2971 4841 3106 4908 Quin
3143 4855 3245 4893 non
3295 4837 3725 4908 corruptibitibus
3769 4848 3844 4884 ar-

2257 4954 2407 5019 gento
2431 4943 2509 4997 vel
2537 4956 2690 5005 auro,
2724 4937 2918 5008 inquit,
2947 4935 3202 5005 redempti
3253 4932 3370 4986 estis
3399 4933 3464 4985 de
3507 4946 3646 4984 vana
3691 4934 3847 4981 uestra

2259 5038 2646 5096 conversatione
2661 5044 2886 5108 paterna:
2907 5030 3198 5085 traditionis
3217 5044 3236 5082 :
3257 5026 3349 5081 sed
3364 5025 3592 5096 pretioso
3613 5021 3849 5093 sanguine

2258 5136 2406 5208 quasi
2445 5133 2568 5207 agni
2604 5127 2999 5185 incontaminati
3040 5134 3087 5179 et
3131 5121 3454 5176 inmaculati
3489 5117 3688 5174 Christi
3730 5112 3844 5166 Iesu

2260 5230 2304 5302 (Ι
2336 5229 2478 5283 Petr.
2512 5243 2552 5291 ι,
2579 5224 2645 5280 18
2671 5233 2718 5279 et
2751 5223 2860 5293 19).
2892 5220 2956 5275 Et
2984 5219 3122 5273 bene
3151 5217 3402 5281 pretioso,
3435 5213 3566 5283 quia
3603 5211 3843 5265 immeo"-

2260 5296 2354 5380 lati
2381 5318 2629 5390 corporis
2659 5312 3012 5384 sanguisost,
3043 5309 3169 5380 quia
3205 5306 3428 5376 sanguis
3454 5315 3540 5360 est
3563 5302 3690 5358 Filii
3720 5296 3802 5352 Dei
3830 5309 3842 5354 ;

2295 5465 2426 5518 uitio
2452 5472 2546 5516 est.
2581 5458 2683 5513 Alii
2715 5469 2846 5510 vero
2871 5453 3043 5524 quiet
3066 5447 3308 5524 melioris
3330 5453 3495 5524 noue,
3525 5443 3663 5499 utin
3689 5451 3840 5520 textu.

2305 5511 2674 5591 Briseidem
2712 5511 2903 5582 autem.
2937 5523 3024 5579 ubi
3067 5519 3362 5589 praeferunt
3392 5517 3559 5591 edit”
3589 5531 3692 5591 non
3727 5511 3844 5564 enim

2257 5587 2834 5679 quicquamtAmerbzi
2863 5587 3079 5679 ίζηίδθυέ
3111 5592 3286 5679 v0.1"?!
3290 5597 3380 5679 cf?
3393 5587 3497 5679 PP;
3510 5605 3546 5679 Ῡ
3547 5590 3840 5679 “fel-“Trsti

2260 5652 3020 5748 3?.iii’e2'}i}$bi§¢tim(sciunt;
3049 5671 3283 5748 excepto
3311 5661 3456 5730 quod
3485 5660 3536 5715 in
3588 5652 3843 5714 nonnullis

2259 5743 2493 5823 primum
2521 5742 2690 5811 cadit,
2722 5737 3175 5823 praetermittitur;
