3960 6332
206 345 324 412 17³29

1173 346 1538 406 EXPOSITIO
1578 341 1836 402 EVANG.
1881 342 2030 402 SEC.
2073 342 2226 401 LUC.
2270 342 2401 400 LIB.
2445 343 2556 401 Vll.

3334 348 3356 402 1
3369 344 3474 402 730

196 469 276 539 qui
299 485 398 522 non
429 465 600 522 snltnu
630 465 698 522 de
730 465 1018 522 maledicto
1048 463 1205 533 legis,
1241 463 1336 520 sed
1383 462 1545 519 etiam
1580 461 1646 516 de
1671 459 1774 515 im-
1801 458 1848 520 Α
1879 469 2022 513 stum
2049 459 2192 515 dicat
2225 460 2280 514 in
2310 457 2612 516 Beelzebub
2641 457 2840 530 ejicere
2869 459 3136 516 daemonia
3165 501 3180 527 ,
3221 476 3327 518 non
3378 478 3477 534 po-

195 565 397 633 pictatis
425 568 596 615 morte
620 569 883 630 perpetua
910 574 1009 615 nos
1032 555 1283 613 redemit.

262 656 377 711 118.
417 655 475 710 In
504 669 709 710 summa
742 653 904 725 igitur
935 652 1020 708 hic
1045 666 1235 707 sensus
1261 657 1345 706 est
1371 666 1392 716 ;
1423 649 1466 704 si
1510 645 1771 704 Dominus

200 750 380 805 vilibus
393 748 677 815 avibus,et
699 746 1009 803 inﬁdelibus
1032 745 1344 800 hominibus
1365 742 1449 798 vel
1475 743 1526 796 in
1541 739 1772 796 oriundo

194 843 316 908 sole,
345 841 426 897 vel
452 842 506 896 in
535 852 744 897 terrena
777 840 1108 896 fecunditate
1129 839 1417 911 prospexit
1442 853 1457 902 ;
1487 837 1533 892 si
1558 833 1773 890 miseri-

195 938 379 994 cordia;
405 951 519 992 sua:
549 935 798 991 omnibus
830 948 1027 989 munus
1050 932 1313 1004 impertit,
1355 929 1498 984 haud
1524 943 1644 984 esse
1672 926 1774 982 du-

196 1028 460 1086 bitandum
489 1027 1004 1098 contemplationem
1033 1025 1178 1097 apud
1217 1025 1368 1080 illum
1405 1023 1646 1079 ﬁdelium
1676 1037 1772 1077 va-

194 1124 392 1178 lituram
430 1138 554 1178 esse
590 1121 928 1177 meritorum.
975 1112 1242 1176 Praeclare
1278 1129 1457 1173 autem
1505 1127 1558 1173 et
1609 1115 1772 1172 ﬁdem

194 1215 422 1272 acuendo
451 1215 706 1281 intexuit,
738 1222 794 1270 et
816 1212 941 1269 ﬁdei
979 1213 1081 1283 ipsi
1121 1216 1381 1267 virtutum
1423 1208 1774 1266 fundamenta

195 1311 447 1380 subjecit;
481 1326 605 1365 nam
635 1317 698 1364 ut
734 1309 1067 1364 fortitudinis
1112 1307 1443 1364 incentivum
1481 1314 1560 1362 est
1615 1304 1773 1373 ﬁdes,

196 1406 258 1461 ita
286 1402 405 1459 ﬁdei
429 1403 832 1458 ﬁrmamentum
863 1410 946 1457 est
971 1399 1249 1456 fortitudo.

257 1516 430 1587 (\iers.
461 1515 519 1582 9,
557 1514 670 1585 10.)
700 1514 798 1580 Qui
840 1524 1007 1568 autent
1037 1513 1295 1584 negaverit
1337 1528 1416 1566 me
1459 1527 1634 1566 coram
1678 1511 1776 1566 Ito-

197 1609 418 1675 minibus,
445 1608 714 1681 negabitur
757 1623 931 1661 coram
972 1607 1170 1679 angelis
1211 1605 1327 1660 Dei.
1376 1603 1443 1658 Et
1481 1605 1644 1660 omnis
1690 1603 1779 1676 qui

196 1703 304 1756 dicit
334 1703 542 1756 verbum
573 1702 628 1755 in
653 1699 847 1754 Filium
875 1701 1118 1766 hominis,
1149 1701 1436 1755 remittetur
1465 1699 1510 1753 ei
1539 1699 1631 1754 :in
1654 1698 1779 1771 Spi-

196 1797 334 1850 ritum
369 1806 542 1851 autem
574 1807 809 1850 sanctum
838 1795 924 1866 qui
954 1795 1162 1857 dixerit,
1197 1811 1298 1849 non
1326 1795 1612 1848 remittetur
1635 1793 1701 1848 ei.

257 1890 371 1945 119.
415 1889 624 1961 Utique
647 1888 846 1943 Filium
865 1888 1089 1944 hominis
1101 1887 1379 1943 Christum
1401 1887 1776 1958 intelligimus,

201 1981 394 2057 ιω
423 1983 512 2053 qui
553 1983 623 2038 de
647 1981 848 2052 Spiritu
898 1991 1087 2036 sancto
1125 1990 1416 2051 generatus
1473 1980 1525 2034 in
1569 1980 1779 2049 virgine

197 2086 285 2140 est,
316 2075 455 2148 quod
485 2090 689 2147 parens
716 2076 832 2146 ejus
862 2075 915 2130 in
949 2074 1108 2131 terris
1137 2075 1253 2128 sola
1285 2074 1356 2128 sit
1392 2073 1582 2144 Virgo.
1609 2072 1780 2128 Num—

197 2170 308 2238 quid
331 2187 457 2242 ergo
495 2170 675 2241 major
701 2177 788 2224 est
815 2167 1035 2225 Christo
1067 2167 1304 2239 Spiritus
1341 2178 1598 2234 sanctus;
1631 2176 1686 2221 ut
1722 2166 1776 2221 in

196 2262 449 2319 Christum
489 2270 788 2336 peccantes
835 2262 1049 2316 veniam
1102 2270 1542 2330 consequantur,
1576 2260 1628 2314 in
1657 2259 1782 2330 Spi-

199 2355 342 2412 ritum
385 2365 640 2411 sanctuut
680 2354 1059 2425 delinquentes
1097 2353 1475 2409 remissionem
1519 2369 1625 2407 non
1667 2367 1780 2407 me-

200 2445 400 2506 reantur
428 2449 703 2520 adipisci?
734 2447 843 2506 Sed
867 2448 955 2504 ubi
988 2448 1172 2503 unitas
1203 2448 1489 2518 potestatis
1506 2455 1610 2511 est,
1632 2447 1779 2501 nulla

199 2543 605 2616 comparationis
635 2551 716 2598 est
747 2541 999 2612 qnazstio,
1042 2555 1216 2610 neque
1260 2539 1636 2596 controversia
1669 2553 1783 2593 ma-

198 2638 494 2708 gnitudinis,
527 2653 658 2694 cnm
700 2651 926 2707 magnus
968 2636 1040 2692 sit
1077 2634 1372 2702 Dominus,
1412 2645 1466 2691 et
1513 2634 1784 2704 magnitu-

199 2733 322 2788 dinis
346 2733 462 2805 ejus
492 2731 623 2788 ﬁnis
649 2747 770 2788 esse
801 2746 909 2787 non
943 2730 1135 2804 possit.
1173 2731 1229 2787 Si
1262 2731 1447 2802 igitur,
1489 2728 1631 2800 quod
1664 2743 1784 2783 cre-

201 2825 377 2894 dimus,
405 2825 592 2882 unitas
614 2824 896 2880 Trinitatis
921 2835 1025 2887 est,
1049 2824 1341 2880 indiscreta
1361 2823 1548 2892 utique
1574 2821 1782 2892 magni-

202 2921 336 2987 tudo,
364 2922 504 2978 sicut
533 2919 833 2977 indiscreta
860 2919 1110 2991 operatio
1135 2937 1149 2984 ;
1179 2918 1322 2988 quod
1356 2919 1408 2973 in
1432 2917 1783 2988 sequentibus

200 3013 623 3080 demonstratur;
665 3029 786 3068 nam
835 3028 958 3069 cum
1010 3012 1140 3068 alibi
1188 3011 1389 3066 dictum
1451 3013 1570 3066 sit:
1623 3009 1784 3064 Pater

202 3108 334 3162 rubis
357 3108 445 3164 dat
471 3107 610 3181 quid
630 3107 946 3179 loquamini,
973 3106 1060 3163 hic
1085 3106 1318 3177 subjecit
1340 3122 1355 3160 :
1390 3104 1622 3176 Spiritus
1649 3105 1784 3159 enim

202 3210 386 3256 sanctus
424 3201 631 3257 docebit
679 3216 767 3255 vos
819 3201 874 3254 in
921 3200 1014 3255 illa
1054 3201 1183 3254 hora
1203 3215 1316 3270 qua:
1366 3208 1562 3271 Oportet
1616 3199 1785 3254 dicere

205 3293 393 3366 (Matth.
430 3312 488 3362 ιι,
521 3294 643 3365 19).
678 3294 822 3366 Ergo
874 3293 920 3349 si
969 3293 1216 3364 operatio
1247 3309 1350 3348 una
1383 3300 1490 3361 est,
1541 3308 1645 3348 una
1699 3301 1786 3349 est

204 3388 538 3443 contumelia.

268 3504 383 3560 120.
419 3503 527 3561 Sed
588 3502 654 3558 ad
701 3502 981 3574 proposita
1031 3510 1386 3557 revertamur.
1438 3499 1535 3556 Hic
1573 3499 1788 3556 videtur

207 3596 499 3665 quibusdam
529 3607 592 3652 ut
615 3595 864 3651 eumdem
885 3603 938 3650 et
963 3594 1155 3650 Filium
1185 3593 1418 3648 hominis
1438 3603 1492 3648 et
1522 3593 1784 3663 Spiritum

206 3701 426 3748 sanctum
443 3693 726 3750 Christum
745 3689 1280 3760 intelligamus,salva
1299 3688 1644 3746 diStinctione
1663 3703 1788 3756 per-

207 3796 464 3855 sonarum,
495 3795 555 3842 et
581 3785 787 3840 unitate
832 3783 1336 3850 substantiat;qui:t
1362 3799 1500 3838 unus
1545 3792 1600 3837 et
1645 3783 1786 3838 Deus

208 3886 254 3932 ct
295 3879 448 3936 homo
493 3880 776 3947 Christus,
832 3879 976 3935 idem
1033 3879 1287 3948 Spiritus,
1336 3879 1476 3934 sicut
1522 3880 1784 3948 scriptum

209 3980 281 4026 est
309 3990 321 4026 :
355 3973 588 4045 Spiritus
609 3983 726 4030 ante
755 3975 937 4046 faciem
983 3983 1216 4030 nostram
1256 3971 1488 4027 Christus
1535 3972 1788 4028 Dominus

210 4061 401 4134 (Thren.
422 4085 496 4132 tv,
520 4067 620 4135 20)
648 4083 662 4132 ;
685 4066 826 4122 idem
849 4077 1106 4133 sanctus;
1131 4066 1257 4136 quia
1281 4067 1421 4120 sicut
1441 4065 1580 4120 Deus
1604 4065 1782 4132 Pater,

210 4165 255 4209 ct
281 4157 439 4214 Filius
469 4160 637 4224 Deus,
675 4159 934 4214 Dominus
963 4158 1126 4214 Pater
1171 4168 1227 4214 ct
1272 4157 1442 4214 Filius
1477 4157 1736 4214 Dominus
1770 4175 1784 4225 ;

212 4244 273 4302 ita
302 4251 455 4306 etiam
487 4261 545 4307 et
573 4251 737 4307 Pater
765 4259 1010 4320 sanctus,
1042 4261 1099 4308 et
1120 4251 1286 4308 Filius
1315 4261 1556 4319 sanctus,
1589 4253 1643 4307 et
1666 4253 1790 4324 Spi-

213 4341 331 4397 ritus
375 4355 618 4401 sauctus.
650 4345 894 4414 Denique
929 4344 1224 4400 Cherubim
1267 4354 1320 4400 et
1366 4345 1653 4417 Seraphim
1704 4346 1790 4402 in-

212 4431 421 4493 defessis
445 4437 673 4494 vocibus
697 4437 971 4504 clamant;
1005 4439 1256 4504 Sanctus,
1290 4446 1543 4504 sanctus,
1569 4447 1789 4494 sanctus

213 4526 366 4600 (Esai.
395 4547 465 4598 vt,
495 4531 556 4604 '5)
582 4548 596 4596 ;
629 4539 688 4586 ut
707 4529 945 4587 Trinitas
973 4530 1202 4601 repetita
1237 4531 1397 4588 tertia
1425 4531 1790 4603 appellatione

213 4620 452 4693 signetur.
481 4625 536 4681 Si
566 4640 697 4697 ergo
729 4634 1020 4695 utrumque
1048 4622 1297 4679 Christus
1318 4633 1421 4689 est,
1447 4641 1568 4695 quae
1590 4635 1672 4680 est
1700 4625 1786 4680 di-
1813 4648 1868 4708 Β

214 4717 442 4786 versitas,
473 4719 577 4776 nisi
633 4729 692 4774 ut
745 4720 982 4776 sciamus
1029 4719 1151 4787 quia
1198 4718 1536 4774 divinitatem
1584 4718 1788 4776 Christi

216 4808 355 4866 nobis
382 4827 580 4884 negare
611 4827 718 4868 non
763 4812 969 4868 liceat?
1018 4811 1262 4880 Denique
1307 4811 1360 4866 in
1408 4811 1790 4882 persecutione

215 4902 328 4970 quid
357 4907 641 4975 qutrritur,
671 4905 777 4962 nisi
827 4913 886 4960 ιιι
933 4905 1075 4960 Deus
1111 4903 1362 4960 Christus
1391 4903 1657 4975 negetur?
1687 4902 1792 4958 Ita-

216 5004 308 5061 que
331 5003 354 5031 ει
380 4996 700 5068 quicumque
734 4996 964 5067 spiritus
994 5011 1099 5050 non
1137 4995 1431 5052 conﬁtetur
1477 4994 1530 5049 in
1574 4993 1790 5052 Christo

216 5080 390 5153 Deum,
412 5097 468 5144 et
496 5105 560 5147 ex
586 5091 731 5155 Deo,
765 5101 928 5161 atque
975 5091 1030 5144 in
1077 5089 1189 5146 Deo
1227 5088 1527 5156 Christum,
1573 5090 1788 5146 veniam

217 5191 313 5234 non
342 5192 594 5240 meretur.
640 5183 748 5241 Sed
778 5186 944 5240 etiam
971 5185 1298 5255 quicumque
1343 5198 1450 5238 non
1499 5182 1792 5240 conﬁtetur

217 5268 468 5328 Christum
496 5276 546 5331 in
575 5291 743 5334 carne
770 5277 1010 5345 venisse,
1063 5292 1132 5333 es
1185 5276 1300 5331 Deo
1347 5281 1454 5332 non
1508 5284 1639 5342 est;
1700 5277 1791 5347 τι·ιὶ

217 5363 345 5417 enim
368 5365 632 5424 hominem
665 5368 901 5439 negavit,
933 5369 1100 5424 Deum
1135 5368 1348 5440 negavit
1375 5385 1388 5434 ;
1419 5369 1542 5440 quia
1575 5367 1714 5424 Deus
1737 5368 1790 5423 in

218 5447 441 5524 homine,
468 5470 522 5515 et
550 5459 715 5516 homo
745 5462 796 5515 in
831 5461 939 5515 Deo
968 5459 1238 5515 Christus.

285 5570 401 5628 121.
442 5573 691 5648 Plerique
719 5583 895 5629 tamen
926 5574 1056 5631 illud
1088 5580 1316 5643 tenent,
1363 5585 1424 5632 ut
1475 5592 1596 5633 eam
1642 5576 1790 5632 blas-

223 5657 474 5731 phemiam
498 5668 683 5725 dicant
711 5683 820 5724 non
845 5683 967 5725 esse
987 5667 1314 5725 veniabilem
1335 5710 1351 5737 ,
1397 5669 1442 5726 si
1480 5670 1603 5742 quis
1631 5668 1790 5726 Chri-

1880 561 2075 609 tcstate
2099 551 2302 607 divina.

1950 669 2128 743 (Vers.
2159 670 2245 734 15,
2278 669 2394 740 14.)
2422 668 2490 724 Ει
2517 669 2589 724 ait
2613 668 2827 741 quidam
2853 670 2916 726 de
2955 669 3145 726 turba:
3201 669 3472 745 Magister,

1877 761 1961 816 die
1991 763 2143 833 fratri
2170 778 2280 816 meo
2311 770 2366 816 ut
2389 761 2583 816 dividat
2607 778 2819 820 mecum
2846 762 3220 819 Itwreditatem.
3270 766 3335 817 At
3386 763 3476 819 ille

1877 857 2008 912 dixit
2031 859 2077 912 ei
2101 873 2120 912 :
2150 855 2343 925 Homo,
2375 857 2490 928 quis
2519 873 2599 912 me
2629 856 2894 912 constituit
2909 857 3138 928 judicent
3164 865 3253 912 aut
3285 856 3476 912 diviso-

1875 967 1982 1021 rem
2009 967 2170 1022 supra
2196 951 2330 1005 vos?
2558 961 2564 965 ‘

1951 1066 2077 1121 122.
2120 1065 2289 1122 Totus
2320 1065 2412 1122 hic
2449 1067 2603 1122 locus
2635 1067 2699 1122 ad
2729 1066 3064 1123 subeundam
3118 1082 3214 1138 pro
3265 1066 3480 1123 confes-

1877 1161 2033 1216 sione
2061 1159 2273 1216 Domini
2299 1160 2632 1230 passionem,
2659 1171 2752 1215 aut
2781 1169 3096 1232 contemptu
3142 1160 3357 1228 mortis,
3387 1170 3482 1217 aut

1879 1271 1974 1326 Spc
2003 1255 2236 1327 priemii,
2269 1265 2361 1311 aut
2392 1257 2633 1311 mansuri
2655 1255 3072 1313 denuntiatione
3093 1256 3367 1327 supplicii,
3391 1256 3482 1312 cui
3509 1263 3512 1266 ’

1879 1365 2171 1420 numquam
2191 1350 2341 1406 venia
2363 1351 2597 1411 laxetur.
2618 1349 2919 1406 instruitur.
2949 1348 3285 1420 thuoniam
3307 1347 3482 1405 avari-

1883 1440 1951 1496 tia
1974 1442 2288 1513 plerumqne
2301 1443 2668 1498 solettentare
2689 1443 2966 1510 virtutem,
2985 1442 3149 1496 etiam
3172 1440 3330 1512 hujus
3349 1441 3482 1497 abo-

1882 1533 2054 1588 lendae
2077 1533 2151 1590 rei
2177 1545 2506 1604 prmceptum
2531 1532 2818 1603 subjicitur
2838 1542 2895 1589 et
2912 1533 3239 1603 exemplum,
3265 1532 3486 1590 dicente

1884 1629 2140 1684 Domino:
2163 1629 2291 1694 Quis
2307 1645 2383 1685 me
2404 1629 2667 1684 constituit
2669 1629 2902 1704 judicem
2925 1637 3013 1682 aut
3034 1628 3308 1682 divisorem
3320 1643 3484 1697 supra

1881 1738 1970 1777 vos
1985 1721 2010 1775 .9
2022 1721 2164 1776 Bene
2180 1731 2392 1776 terrena
2409 1721 2667 1787 declinat,
2690 1721 2781 1791 qui
2805 1731 3027 1792 propter
3049 1719 3229 1776 divina
3250 1720 3482 1776 descen-

1809 1855 1857 1915 Β
1883 1815 2035 1870 derat
2059 1835 2074 1880 ;
2104 1829 2205 1869 nec
2230 1813 2399 1884 judex
2425 1829 2550 1870 esse
2578 1815 2830 1884 dignatur
2860 1814 3057 1881 litium,
3089 1821 3146 1869 et
3169 1813 3372 1870 arbiter
3399 1811 3487 1868 fa.

1882 1909 2165 1972 cultatum,
2197 1907 2442 1962 vivorum
2475 1905 2684 1963 habens
2711 1914 3164 1977 mortuorumque
3190 1904 3478 1972 judicium,

1880 2002 2281 2070 arbitriumque
2315 2000 2657 2056 meritorum.
2683 1998 2800 2055 Non
2829 2015 2959 2070 ergo
2990 1999 3117 2070 quid
3146 2008 3300 2070 petas
3320 2040 3334 2063 ,
3381 1995 3481 2055 sed

1881 2108 1912 2149 a
1939 2110 2044 2164 quo
2067 2093 2309 2162 postules
2339 2092 2653 2148 intuendum
2682 2101 2764 2147 est
2790 2108 2806 2159 ;
2840 2105 2942 2148 nec
2970 2106 3154 2147 coram
3182 2089 3481 2162 majoribus

1883 2188 2093 2241 intento
2121 2185 2306 2240 animo
2336 2195 2494 2257 putes
2517 2185 2824 2242 minoribus
2852 2184 3302 2256 obstrependutn.
3327 2183 3488 2241 Unde

1884 2296 1991 2337 non
2019 2281 2293 2336 imnterito
2319 2281 2590 2338 refutatur
2612 2279 2701 2338 hic
2723 2265 2912 2349 frater,
2935 2282 3025 2354 qui
3052 2281 3485 2350 dispensatorem

1883 2374 2186 2430 cmlestium
2243 2373 2457 2448 1539
2502 2375 2772 2447 gestiebat
2829 2374 3280 2446 corruptibilibus
3324 2386 3488 2429 occu-

1883 2482 2052 2538 pare;
2077 2481 2200 2523 cum
2234 2468 2376 2524 inter
2405 2470 2601 2524 fratres
2628 2466 3019 2540 patrimonium
3047 2481 3156 2521 non
3175 2465 3342 2537 judex
3373 2477 3491 2520 me-

1883 2559 2027 2626 dius,
2059 2561 2152 2615 sed
2181 2561 2356 2630 pietas
2388 2559 2581 2616 debeat
2620 2567 2902 2630 sequestra
2956 2557 3202 2613 dividere
3231 2573 3246 2624 ;
3296 2570 3491 2628 quam-

1883 2666 2046 2721 quam
2079 2652 2508 2706 immortalitatis
2532 2651 2943 2722 patrimonium,
2980 2665 3088 2705 non
3121 2650 3388 2720 pecuniae,
3415 2649 3489 2704 sit

1886 2745 2197 2800 hominibus
2251 2745 2658 2816 expetendum;
2716 2741 2929 2801 frustra
2981 2744 3126 2799 enim
3192 2749 3490 2814 congregat

1884 2852 2038 2909 opes.
2062 2838 2153 2908 qui
2180 2853 2240 2893 se
2273 2837 2356 2892 his
2380 2837 2554 2892 nescit
2584 2850 2808 2893 usurum
2843 2854 2857 2890 :
2908 2835 3050 2892 sicut
3090 2834 3188 2891 ille
3228 2834 3319 2906 qui
3361 2849 3488 2891 cum

1883 2932 2096 3001 repleta
2125 2932 2321 2988 horrea
2354 2933 2512 2988 novis
2535 2933 2809 2988 messibus
2840 2941 3247 3002 rumpereutur,
3279 2928 3490 2986 exube-

1885 3025 2118 3081 rantium
2152 3025 2254 3082 sibi
2278 3025 2550 3082 fructuum
2593 3025 2936 3096 receptacula
2975 3025 3356 3097 prmparabat,
3400 3024 3491 3081 cui

1887 3129 2239 3189 congregaret
2267 3117 2490 3190 ignarus
2510 3117 2692 3192 (Vers.
2709 3117 2780 3172 27
2794 3129 2841 3174 et
2853 3117 3008 3190 seq.).
3029 3117 3490 3174 Remanentenim

1809 3249 1856 3313 Ο
1889 3212 1941 3268 in
1971 3211 2169 3269 saeculo
2202 3220 2394 3267 cuncta
2427 3225 2552 3288 quat
2574 3211 2763 3267 saeculi
2793 3219 2940 3278 sunt,
2965 3218 3019 3267 et
3042 3216 3376 3281 prmtereuut
3393 3224 3492 3265 no-

1891 3306 1973 3361 bis
2030 3320 2388 3376 quazcutnque
2443 3315 2844 3376 congregantur
2892 3302 3244 3370 htercdibus;
3309 3317 3489 3376 neque

1887 3400 2033 3454 enim
2063 3407 2244 3454 nostra
2275 3406 2422 3462 sunt,
2465 3413 2588 3468 qua:
2633 3413 2740 3453 non
2788 3412 3081 3469 possumus
3126 3391 3495 3452 auferre'no-

1887 3490 2122 3547 hiscum.
2169 3489 2294 3546 Sola
2351 3489 2523 3546 virtus
2560 3504 2746 3545 comes
2788 3499 2875 3545 est
2917 3488 3322 3554 defunctorum,
3375 3487 3496 3544 sola

1891 3599 1990 3639 nos
2003 3582 2248 3654 sequitur
2262 3581 2661 3646 misericordia,
2683 3597 2805 3652 (ιιιειι
2827 3582 3131 3638 caelestium
3155 3580 3264 3637 dux
3290 3579 3491 3652 praevia

1891 3677 2260 3744 mansionum,
2323 3678 2568 3747 pecunia:
2620 3677 2743 3732 vilis
2792 3692 2955 3732 usura
3000 3676 3351 3732 tabernacula
3395 3674 3492 3732 de-

1892 3771 2088 3827 functis
2103 3771 2333 3841 acquirit
2347 3781 2572 3834 tctcrna,
2591 3769 2732 3825 sicut
2757 3769 2969 3825 Domini
2994 3780 3264 3840 pratcepta
3289 3776 3494 3824 testan-

1891 3873 2003 3931 tur,
2030 3866 2265 3922 dicentis
2296 3865 2361 3920 ad
2387 3879 2488 3919 nos
2517 3882 2530 3919 :
2563 3862 2746 3918 Facite
2788 3863 2930 3917 vobis
2969 3862 3162 3916 amicos
3211 3863 3276 3915 de
3316 3861 3493 3930 iniquo

1891 3977 2208 4025 mammona,
2238 3961 2326 4030 qui
2350 3974 2434 4013 vos
2460 3957 2714 4028 recipiant
2742 3957 2796 4012 in
2820 3966 3012 4013 aaterna
3038 3954 3373 4011 tabernacula
3399 3968 3496 4010 sua

1891 4052 2177 4126 (Luam,
2210 4052 2287 4120 9).
2319 4052 2525 4107 Bonum
2559 4051 2742 4122 itaque
2765 4065 2829 4107 ac
2858 4050 3096 4107 salutare
3129 4059 3491 4121 praeceptum,

1891 4157 1944 4202 ct
1974 4145 2226 4201 idoneum
2257 4144 2402 4217 quod
2433 4144 2515 4200 vel
2537 4159 2733 4200 avarus
2759 4145 2933 4214 possit
2957 4144 3222 4206 animare.
3252 4159 3361 4217 qtto
3382 4153 3499 4200 stu-
3575 4191 3580 4194 .

1891 4239 2056 4295 deant
2080 4238 2457 4307 corruptibilia
2485 4237 2838 4310 perennibus,
2876 4247 3090 4294 terrena
3122 4248 3333 4293 mutare
3359 4235 3500 4292 divi-
3536 4290 3541 4295 .

1892 4333 1996 4388 uis.
2026 4331 2131 4388 Sed
2163 4332 2418 4403 quoniam
2446 4332 2766 4404 plerumque
2789 4332 3007 4388 devotio
3031 4330 3152 4388 ﬁdei
3183 4331 3500 4389 inﬁrmitate

1893 4436 2203 4495 revocatur,
2234 4436 2290 4483 et
2315 4427 2382 4483 ad
2405 4427 2798 4484 conferendum
2823 4426 3203 4499 patrimonium
3234 4427 3493 4497 prompti,

1892 4520 2066 4576 victus
2092 4520 2173 4574 sui
2198 4520 2640 4578 consideratione
2663 4520 3040 4584 retrahuntur;
3073 4533 3139 4574 co
3163 4517 3372 4575 addidit
3390 4518 3498 4576 Do-

1893 4613 2073 4668 minus
2100 4611 2289 4668 dicens
2324 4629 2338 4667 :

1969 4728 2151 4802 (Vers.
2191 4727 2295 4794 22,
2333 4725 2453 4795 25.)
2504 4725 2684 4782 Nolite
2725 4725 2938 4780 solliciti
2983 4739 3094 4780 esse
3139 4724 3328 4781 anima:
3372 4726 3500 4796 quid

1895 4820 2215 4876 manducetis
2242 4835 2261 4874 :
2285 4835 2448 4886 neque
2468 4817 2674 4889 corpori
2695 4816 2820 4888 quid
2843 4816 3152 4875 vestiamini.
3174 4816 3360 4871 Anima
3382 4816 3502 4888 plus

1894 4924 1968 4970 est
1999 4929 2155 4984 quam
2183 4927 2300 4966 esca
2329 4927 2348 4966 :
2377 4921 2423 4966 et
2444 4927 2633 4980 corpus
2661 4910 2780 4979 plus
2805 4925 2962 4981 quam
2988 4909 3362 4965 vestimentum.

1968 5007 2090 5063 125.
2148 5004 2294 5062 Nihil
2349 5004 2494 5060 enim
2545 5003 2806 5060 moralius
2855 5002 2925 5060 ad
2983 5002 3282 5058 faciendam
3337 5001 3501 5060 ﬁdem

1895 5100 2076 5157 omnia
2103 5099 2450 5154 credentibus
2475 5113 2504 5153 a
2532 5098 2645 5154 Deo
2672 5111 2832 5168 posse
2858 5096 3132 5164 conferri,
3164 5113 3326 5169 quam
3353 5095 3502 5169 quod

1895 5193 2076 5250 aerius
2108 5193 2202 5248 ille
2227 5193 2453 5264 spiritus
2475 5193 2644 5248 vitale
2670 5190 2957 5262 collegium
2979 5193 3200 5258 animae,
3227 5191 3503 5262 corporis-

1895 5306 2001 5362 que
2027 5287 2389 5345 contubernio
2421 5285 2767 5354 foederatum,
2796 5286 2916 5342 sine
2946 5294 3134 5342 nostro
3160 5285 3348 5342 labore
3375 5300 3503 5355 per-

1897 5392 2102 5456 petuat,
2133 5398 2235 5438 nec
2262 5381 2520 5438 salutaris
2546 5379 2731 5436 deﬁcit
2758 5395 2891 5434 usus
2919 5378 3160 5433 alimenti
3186 5419 3200 5443 ,
3243 5379 3346 5434 nisi
3376 5393 3501 5434 cum

1895 5477 2110 5534 venerit
2133 5476 2250 5531 dies
2273 5489 2522 5544 suprema
2549 5471 2841 5528 moriendi.
2867 5469 3001 5526 Cum
3029 5471 3191 5541 igitur
3214 5469 3395 5525 anima
3419 5470 3504 5525 itt-

1895 5573 2154 5628 dumento
2180 5565 2428 5636 corporis
2456 5564 2737 5633 vestiatur,
2770 5570 2828 5618 et
2853 5563 3038 5634 vigore
3063 5561 3262 5618 animat
3301 5575 3504 5632 corpus

1895 5666 2189 5729 animetur,
2219 5659 2517 5718 absurdum
2537 5666 2624 5716 est
2647 5667 2706 5715 ut
2726 5657 2902 5715 victus
2931 5657 3090 5714 nobis
3113 5655 3328 5728 copiam
3349 5655 3505 5714 defu-

291 5847 313 5874 ⁶¹
351 5841 484 5901 Edit.
509 5855 564 5903 et
598 5846 755 5920 pauci
794 5861 953 5916 mss.,
982 5849 1292 5920 quicumque
1321 5864 1422 5903 non
1456 5849 1760 5917 conﬁtetur;
1789 5846 1883 5908 alii
1911 5845 2094 5921 plures
2130 5860 2193 5902 ac
2221 5842 2586 5918 probatiores,
2617 5843 2924 5918 quicumque
2947 5842 3186 5915 spiritus,
3212 5848 3319 5901 etc.
