3960 6296
529 275 661 338 1751

1899 262 2150 336 sanari
2184 275 2509 338 suanosu

3687 278 3818 346 1733

523 412 698 480 turam
730 408 1001 472 putemus,
1035 397 1126 471 qui
1150 395 1364 454 vivendi
1385 396 1572 469 jugem
1600 396 1958 453 substantiam
1985 412 2118 453 con-
2149 396 2200 456 A
2226 405 2451 453 naturae.
2485 396 2640 454 Unde
2677 399 2815 455 bene
2843 408 2899 456 et
2931 399 3018 454 hic
3059 399 3287 455 vestitus
3313 401 3487 473 gloria
3532 415 3629 458 sua
3675 404 3818 460 Salo-

528 510 839 566 sequamur.

604 589 726 645 1ὶ4.
770 589 1128 652 Considerate,
1157 587 1360 659 inquit,
1390 587 1624 642 volatilia
1649 589 1760 642 mli
1790 586 2004 661 (Matth.
2038 601 2121 650 vt,

524 681 644 751 26).
694 683 944 751 Magnum
989 696 1122 737 sane
1165 688 1222 735 et
1268 691 1451 751 aptum
1497 680 1641 751 quod
1685 680 1791 735 lide
1835 693 2127 750 sequamur

524 774 858 842 exemplum.
909 772 1042 828 Nam
1093 773 1142 829 si
1173 773 1483 830 volatilibus
1513 773 1638 829 eceli
1676 773 1878 844 quibus
1917 772 2124 827 nullum

524 868 844 924 exercitium
883 866 1166 932 cultionis,
1198 867 1379 921 nullus
1409 867 1477 922 de
1509 866 1766 922 messium
1799 864 2127 921 fecunditate

523 971 816 1034 proventus
845 970 958 1025 est,
1000 961 1405 1017 indelicientem
1449 971 1628 1017 tamen
1660 960 2004 1030 providentia
2041 959 2126 1013 di-

524 1055 648 1108 vina
693 1053 918 1125 largitur
946 1053 1259 1107 alimoniam
1281 1094 1297 1120 ,
1327 1069 1516 1108 verum
1545 1061 1630 1108 est
1668 1067 1887 1106 causam
1930 1050 2126 1120 inopia:

524 1159 727 1205 nostrre
754 1148 1035 1202 avaritiam
1074 1145 1266 1202 videri.
1315 1147 1527 1202 Etenim
1580 1145 1688 1200 illis
1718 1145 1921 1202 idcirco
1952 1143 2123 1199 inela-

525 1233 699 1297 borati
732 1240 914 1311 pabuli
943 1254 1074 1295 usus
1114 1240 1395 1300 exuberat,
1426 1237 1567 1310 quod
1598 1238 1803 1294 fructus
1834 1235 1934 1292 sibi
1977 1251 2127 1291 com-

528 1353 744 1392 munem
795 1335 860 1390 ad
905 1350 1084 1390 escam
1133 1333 1290 1389 datos
1340 1333 1558 1404 speciali
1601 1332 1834 1401 quodam
1877 1330 2125 1385 nesciunt

526 1429 804 1486 vindicare
834 1431 1148 1496 dominatu;
1183 1445 1282 1485 nos
1309 1428 1617 1484 communia
1646 1427 1928 1480 amisimus
1948 1466 1963 1491 ,
1997 1423 2123 1478 dum

525 1523 744 1594 propria
780 1523 1154 1589 vindicamus;
1203 1537 1325 1578 nam
1367 1513 1466 1578 nec
1506 1520 1788 1592 proprium
1828 1517 2121 1588 quidquam

522 1627 600 1671 cst
627 1658 640 1682 ,
677 1615 764 1670 ubi
799 1627 1120 1688 perpetuum
1154 1615 1285 1671 nihil
1333 1624 1449 1681 est;
1484 1629 1583 1670 nec
1627 1621 1775 1668 certa
1807 1611 1962 1682 copia
1985 1653 2000 1677 ,
2032 1609 2123 1666 ubi

522 1708 765 1764 incertus
791 1709 1038 1764 eventus.
1082 1707 1190 1764 Cur
1228 1699 1371 1763 enim
1420 1706 1637 1761 divitias
1680 1715 1798 1760 tuas
1843 1703 2119 1768 mstimes,

2230 505 2388 556 mon,
2421 500 2475 546 et
2517 492 2645 546 alibi
2678 502 2969 564 coopertus
3005 493 3311 549 ostenditur
3339 494 3558 567 (Matth.
3597 512 3678 563 γι,
3706 497 3818 570 29),

2226 583 2370 650 quod
2415 584 2789 642 infirmitatem
2831 601 3112 659 corporea:
3163 599 3368 642 natura:
3411 590 3582 644 veluti
3632 592 3818 648 virtute

2228 677 2457 748 quadam
2493 681 2692 735 mentis
2718 679 3034 751 adopertam
3077 696 3301 753 operum
3337 683 3508 754 gloria
3541 683 3819 741 vestiebat.

2225 771 2421 839 'Angeli
2454 785 2584 828 vero
2630 787 2862 843 quorum
2908 783 3094 828 natura
3127 773 3361 830 divinior
3403 791 3604 847 expers
3648 790 3822 834 manet

2227 865 2447 934 injuriae
2478 867 2777 938 corporalis
2802 876 2954 923 recte
2975 909 2988 933 ,
3034 867 3157 923 licet
3191 869 3430 924 maximo
3467 869 3610 936 viro,
3641 871 3822 925 consi-

2227 958 2516 1016 deratione
2557 969 2739 1015 tamen
2772 970 2975 1017 nostrae
3016 962 3230 1034 injurire
3269 963 3652 1033 praeferuntur.
3681 965 3824 1038 Ergo

2228 1054 2484 1124 quoniam
2510 1067 2607 1124 per
2626 1057 3082 1112 resurrectionem
3103 1067 3260 1113 erunt
3291 1058 3540 1114 homines
3565 1060 3702 1116 sicut
3729 1077 3825 1117 an-

2227 1146 2334 1215 geli
2364 1147 2419 1202 in
2446 1147 2620 1210 cretis.
2653 1163 2754 1205 nos
2779 1165 2992 1218 quoque
3015 1151 3265 1221 exemplo
3293 1153 3622 1224 Angelornm
3639 1156 3824 1226 gloriae

2228 1239 2467 1293 cmlestis
2509 1250 2856 1310 augmentum
2890 1243 3181 1310 Dominus,
3216 1245 3305 1313 qui
3348 1254 3400 1299 et
3438 1245 3550 1300 illis
3581 1263 3696 1301 eam
3726 1249 3825 1301 tri-

2228 1331 2364 1396 l.uit,
2397 1347 2620 1400 sperare
2655 1335 2935 1405 prmcepit,
2960 1336 3137 1404 quoad
3161 1336 3526 1392 absorbeatur
3554 1338 3653 1393 hoc
3681 1354 3826 1394 ιινπ-

2231 1425 2338 1479 tale
2364 1441 2392 1479 a
2425 1426 2532 1480 vita
2565 1445 2576 1480 :
2613 1425 2830 1495 Oportet
2861 1429 2996 1482 enim
3028 1431 3360 1499 corruptibile
3389 1429 3489 1484 hoc
3513 1432 3821 1486 indncrein-

2229 1521 2599 1596 corruptelam,
2635 1532 2681 1574 et
2729 1524 2946 1577 mortale
2992 1521 3091 1577 hoc
3127 1524 3344 1578 induere
3387 1524 3822 1580 immortalitatem

2227 1611 2272 1683 (l
2304 1611 2425 1666 Cor.
2456 1629 2545 1678 xv,
2572 1615 2686 1684 55).

2301 1701 2425 1758 127.
2473 1704 2723 1776 Plerique
2763 1707 2926 1762 etiam
2967 1708 3428 1778 comparationem
3461 1709 3605 1764 hanc
3633 1725 3825 1766 secun-

520 1816 643 1857 Cnm
671 1801 764 1858 tibi
794 1802 938 1857 Deus
964 1803 1125 1857 etiam
1151 1803 1349 1856 victmn
1372 1815 1493 1854 cmn
1519 1799 1730 1855 catteris
1756 1783 2121 1851 animantibus
2150 1787 2199 1848 B
2227 1795 2357 1853 dum
2387 1807 2636 1853 naturam
2667 1799 2818 1855 ﬂoris
2847 1808 2903 1854 et
2931 1817 3086 1856 usum
3115 1811 3308 1874 putant.
3339 1805 3600 1872 propositi
3629 1807 3825 1875 germi-

519 1882 749 1950 volnerit
794 1910 916 1951 esse
957 1896 1339 1950 communem?
1389 1896 1535 1949 Aves
1577 1893 1700 1947 coeli
1747 1891 1985 1962 speciale
2021 1889 2126 1946 sibi

522 1974 657 2044 nihil
695 1987 1004 2056 vindicant,
1048 1999 1102 2044 et
1144 1988 1266 2043 ideo
1314 1989 1524 2058 pabulis
1566 1986 1811 2058 indigere
1839 1987 2121 2052 nesciunt;

520 2082 645 2161 quia
672 2098 778 2137 non
813 2092 1012 2137 norunt
1039 2082 1162 2138 aliis
1189 2081 1450 2138 invidere.

523 2245 526 2248 ἢ
597 2174 781 2247 (Vers.
809 2176 902 2240 27,
926 2175 1045 2244 28.)
1085 2173 1418 2230 Considerate
1444 2176 1556 2229 lilia
1581 2177 1837 2245 quomodo
1864 2185 2116 2230 crescunt.

522 2269 589 2325 Et.
626 2269 802 2326 infra:
838 2270 899 2326 Si
930 2280 1101 2325 autem
1131 2273 1308 2342 fenum
1347 2271 1485 2340 quod
1524 2271 1677 2349 hodie
1715 2280 1822 2336 est,
1850 2279 1896 2324 et
1925 2286 2036 2324 cras
2069 2269 2123 2324 in

521 2365 782 2420 clibanum
816 2366 1060 2434 mittitur,
1095 2362 1238 2418 Deus
1275 2365 1349 2419 sic
1381 2363 1528 2418 vestit
1553 2380 1570 2418 :
1600 2365 1795 2432 quanto
1835 2362 1999 2435 magis
2037 2377 2124 2417 vos

521 2460 750 2513 minima:
781 2455 901 2526 ﬁdei
922 2458 944 2511 .'

594 2543 718 2605 125.
762 2549 946 2604 Bonus
968 2548 1188 2621 quidem
1216 2564 1398 2604 sermo
1427 2561 1592 2620 atque
1619 2547 1859 2615 moralis,
1883 2546 2028 2618 quod
2055 2545 2121 2600 ad

520 2643 680 2700 tidem
714 2643 911 2699 divinae
943 2657 1043 2698 nos
1070 2642 1464 2698 misericordiae
1493 2641 1870 2708 conferenda},
1909 2637 2124 2712 1m

471 2775 476 2778 -
521 2738 605 2791 vel
638 2736 788 2804 juxta
819 2735 1084 2802 litteram,
1127 2735 1249 2805 quia
1281 2735 1348 2790 ad
1390 2745 1651 2791 staturam
1681 2733 1926 2804 corporis
1953 2733 2121 2787 nostri

521 2829 704 2898 (Vers.
729 2826 847 2900 25).
873 2829 961 2884 vel
988 2829 1326 2899 spiritaliter,
1353 2829 1476 2899 quia
1499 2844 1658 2899 supra
1685 2841 1996 2884 mensuram
2015 2835 2123 2880 sta-

519 2931 654 2977 turm
684 2929 882 2976 nostra:
906 2923 1022 2976 sine
1046 2922 1140 2976 Dei
1171 2921 1350 2977 favore
1375 2922 1505 2976 nihil
1533 2921 1778 2976 valemus
1801 2920 2117 2990 adjungere,

519 3012 927 3084 comparatione
957 3010 1108 3068 ﬂoris
1138 3021 1192 3068 et
1219 3011 1326 3068 leni
1356 3029 1536 3068 sermo
1566 3013 1884 3067 Dominicus
1921 3025 2117 3082 prove-

521 3109 682 3164 cavit.
712 3105 851 3176 Quid
879 3107 1021 3162 enim
1054 3116 1160 3162 tam
1185 3108 1390 3162 morale
1412 3107 1475 3162 ad
1504 3108 1932 3177 persuasionem,
1959 3120 2116 3175 quam

519 3220 640 3280 cum
669 3203 856 3258 videas
885 3201 1029 3272 quod
1071 3202 1234 3257 etiam
1267 3217 1386 3272 qua:
1418 3210 1545 3256 sunt
1585 3199 2007 3264 irrationabilia,
2039 3202 2116 3253 sic
2144 3180 2190 3244 Ο

518 3300 613 3355 Dei
645 3297 1032 3370 prospicientia
1061 3298 1391 3362 vestiuntur;
1425 3305 1483 3349 ut
1506 3295 1653 3348 nullo
1676 3309 1778 3349 usu
1802 3295 1887 3350 vel
1911 3293 1979 3349 ad
1999 3309 2121 3364 gra~

512 3393 642 3446 tiam
683 3399 908 3460 egeant,
940 3390 1026 3446 vel
1056 3399 1341 3454 ornatum;
1378 3388 1549 3443 multo
1589 3387 1764 3458 magis
1805 3385 2000 3441 credas
2030 3402 2118 3440 ra-

518 3481 831 3538 tionabilem
888 3481 1194 3548 hominem,
1238 3482 1283 3536 si
1333 3495 1550 3536 omnem
1593 3479 1677 3535 sui
1712 3494 1869 3534 usum
1912 3480 1965 3532 in
2009 3479 2120 3534 Deo

512 3575 767 3640 collocet,
802 3589 902 3629 nec
928 3572 1110 3628 studio
1139 3573 1383 3627 mutandi
1407 3573 1575 3628 violet
1602 3571 1786 3636 (idem,
1816 3587 2116 3640 numquam

515 3685 678 3741 cgere
711 3683 901 3738 posse;
933 3683 1000 3724 eo
1043 3667 1186 3740 quod
1217 3667 1342 3739 jure
1387 3668 1797 3738 prtesumpserit
1825 3668 1892 3722 de
1937 3667 2119 3722 lavore

520 3761 740 3818 divino?

593 3855 714 3912 126.
759 3853 866 3911 Sed
901 3864 1078 3909 tamen
1125 3863 1183 3908 ut
1222 3854 1386 3910 etiam
1428 3854 1590 3909 altius
1638 3855 1738 3909 ista
1784 3853 2114 3924 pendamus;

516 3951 638 4022 quia
670 3965 776 4006 non
803 3952 1039 4006 Otiosum
1067 3949 1280 4006 videtur
1323 3945 1468 4020 and
1501 3949 1601 4004 ﬂos
1631 3949 1713 4003 vel
1746 3948 1950 4004 homini
1982 3963 2115 4003 con-

516 4047 712 4106 fertur,
747 4043 832 4098 vel
865 4052 1012 4098 certe
1050 4043 1170 4112 plus
1200 4057 1357 4112 quam
1391 4041 1705 4098 hominibus
1732 4041 1786 4095 in
1821 4041 2118 4098 Salomone

515 4133 826 4204 praefertur,
874 4133 964 4202 qui
995 4142 1200 4186 tantum
1231 4132 1429 4187 meruit
1468 4143 1525 4186 ut
1558 4133 1640 4186 vel
1674 4134 1724 4186 in
1768 4134 1949 4202 specie
1981 4141 2117 4187 tem-

516 4227 664 4297 plum
701 4225 810 4280 Deo
837 4224 1125 4290 conderet,
1156 4224 1240 4278 vel
1286 4224 1337 4278 in
1377 4225 1637 4295 mysterio
1679 4224 1878 4279 Christi
1926 4226 2116 4280 Eccle-

514 4323 650 4376 siam
695 4319 983 4390 tignraret;
1017 4333 1124 4372 non
1161 4317 1395 4372 alienum
1429 4316 1641 4373 videtur
1673 4325 1731 4371 ut
1759 4332 1856 4387 per
1894 4320 2114 4373 clarita-

521 4426 628 4473 tem
654 4413 876 4482 coioris,
907 4413 1224 4486 angelorum
1255 4411 1561 4468 caelestium
1593 4411 1822 4481 gloriam
1865 4420 2116 4481 putemus

518 4525 851 4580 expressam,
881 4507 972 4578 qui
999 4521 1128 4562 vere
1155 4492 1338 4560 mundi
1359 4488 1511 4559 isiius
1535 4503 1698 4560 ﬂores
1719 4513 1874 4570 sunt;
1899 4504 2114 4573 quando

2229 1891 2314 1943 nis
2361 1889 2662 1958 aptiorem;
2698 1905 2766 1945 eo
2795 1889 2940 1962 quod
2972 1891 3080 1945 lilia
3115 1891 3314 1946 nullius
3341 1894 3506 1946 annui
3540 1907 3668 1948 usus
3705 1894 3826 1948 cul-

2231 1991 2341 2036 tum
2372 1982 2686 2053 requirant,
2720 1997 2820 2037 nec
2848 1981 2988 2038 sicut
3029 1998 3155 2053 erga
3198 1995 3522 2054 proventum
3557 1985 3821 2040 fructuum

2226 2084 2579 2141 cancrorum,
2611 2077 2684 2130 ita
2714 2076 2876 2131 etiam
2898 2091 3022 2147 erga
3051 2077 3464 2148 generationem
3491 2079 3650 2134 istius
3678 2078 3823 2134 ﬂoris

2224 2170 2472 2224 sollicitis
2504 2171 2553 2223 in
2589 2168 2776 2224 orbem
2809 2169 2999 2226 redeat
3028 2169 3180 2225 labor
3209 2181 3361 2226 actus
3388 2172 3664 2241 agricolis.
3697 2172 3822 2241 Qui-

2224 2259 2466 2314 bttslibet
2493 2261 2639 2315 enim
2663 2260 3001 2316 siccitatibus
3019 2263 3132 2333 agri
3155 2278 3316 2318 omne
3343 2249 3472 2318 illud
3496 2265 3642 2335 quod
3664 2267 3823 2321 alitur

2226 2352 2279 2407 in
2307 2351 2497 2408 ﬂorem
2518 2393 2533 2417 ,
2581 2353 2813 2423 quadam
2841 2355 3042 2410 virtute
3069 2356 3290 2425 genitali
3321 2371 3386 2410 cx
3415 2372 3539 2412 sese
3575 2366 3738 2426 atque
3769 2359 3818 2412 in

2224 2459 2284 2500 se
2323 2446 2471 2500 succi
2500 2461 2717 2517 semper
2759 2449 3028 2502 manentis
3058 2450 3362 2514 animatur;
3411 2451 3478 2504 ita
3509 2464 3628 2504 cum
3661 2449 3824 2504 tolio-

2225 2553 2345 2593 rum
2393 2538 2656 2609 puberum
2689 2541 2902 2596 caulem
2949 2541 3137 2596 videas
3174 2543 3419 2607 aruisse,
3462 2541 3609 2598 ﬂoris
3640 2555 3820 2598 tamen

2223 2643 2416 2687 natura
2467 2634 2716 2698 virescit;
2773 2634 3126 2691 absconditur
3178 2635 3321 2691 enim
3375 2636 3658 2702 viriditas,
3716 2652 3820 2693 non

2225 2725 2511 2781 amittitur.
2555 2727 2626 2782 At
2655 2726 2746 2781 ubi
2776 2729 2958 2783 vernis
2990 2728 3151 2784 luerit
3179 2739 3475 2799 provocato
3509 2729 3782 2785 blanditiis
3804 2772 3817 2796 ,

2225 2817 2602 2874 indumentum
2635 2820 2919 2889 germinis,
2951 2835 3163 2875 comam
3195 2820 3368 2888 ﬂoris,
3400 2822 3574 2878 liliive
3603 2823 3822 2878 resumit

2225 2923 2469 2966 ornatus.
2512 2912 2682 2980 Quem
2714 2914 2891 2969 locum
2921 2930 3095 2980 nunc,
3129 2917 3385 2984 quoniam
3427 2917 3559 2972 alibi
3610 2916 3821 2972 uberius

2224 3012 2510 3059 tractatum
2539 3020 2662 3062 esse
2691 3007 3115 3076 reminiscimur,
3145 3011 3536 3080 perstrinxisse
3557 3011 3693 3068 satis
3713 3021 3818 3077 est;

2225 3115 2294 3155 ne
2323 3101 2374 3155 in
2398 3101 2586 3156 eadem
2615 3102 2686 3156 sit
2715 3117 2988 3158 recursus.

2299 3196 2423 3250 128.
2467 3195 2602 3251 illud
2633 3212 2850 3268 quoque
2885 3197 3274 3254 advertendum
3321 3207 3440 3264 est,
3473 3201 3602 3271 quia
3633 3216 3739 3256 non
3769 3201 3817 3255 in

2220 3289 2604 3360 aSperitatibus
2645 3293 2950 3358 montium,
2999 3283 3327 3364 incultisque
3357 3295 3640 3366 sylvarum
3681 3296 3816 3361 lilia,

2221 3382 2316 3436 sed
2359 3383 2412 3436 in
2451 3382 2730 3438 hortorum
2762 3385 3079 3440 ammnitate
3121 3395 3472 3456 generantur.
3512 3388 3652 3444 Sunt
3679 3390 3817 3444 enim

2224 3475 2365 3531 horti
2410 3475 2627 3546 quidam
2661 3475 3000 3532 diversarum
3045 3468 3292 3549 pomiferi
3331 3480 3627 3544 virtutum,
3673 3482 3818 3550 juxta

2221 3569 2365 3639 quod
2391 3569 2649 3636 scriptum
2676 3580 2756 3623 est
2783 3588 2795 3623 :
2827 3569 3028 3626 Hortus
3050 3571 3278 3636 clausus,
3307 3588 3456 3626 soror
3477 3590 3590 3626 mea
3612 3590 3820 3642 sponsa,

2221 3661 2399 3716 hortus
2431 3661 2660 3724 clausus,
2695 3663 2812 3731 fons
2852 3664 3084 3735 signatus
3116 3662 3286 3734 (Cant.
3313 3680 3388 3730 tv,
3421 3643 3544 3734 12);
3581 3682 3646 3719 eo
3681 3664 3820 3737 quod

2221 3754 2310 3808 ubi
2357 3753 2670 3824 integritas,
2703 3752 2790 3808 ubi
2820 3756 3046 3810 castitas
3068 3797 3083 3821 ,
3115 3755 3204 3810 ubi
3235 3755 3457 3826 religio,
3495 3757 3710 3831 lu]
3739 3757 3819 3812 ubi

2221 3846 2324 3901 lida
2360 3847 2574 3902 silentia
2603 3857 2964 3917 secretorum,
2992 3847 3084 3904 ubi
3115 3848 3331 3904 claritas
3354 3849 3690 3921 Angelorum
3723 3859 3822 3916 est,

2222 3938 2331 3994 illic
2363 3948 2388 3976 α
2418 3939 2796 3994 confessorum
2825 3939 3011 4007 violas,
3039 3940 3150 3994 lilia
3179 3941 3445 4012 virginum
3467 3985 3481 4007 ,
3514 3957 3653 3997 rosae
3685 3959 3823 3997 mar-

2223 4044 2403 4106 tyrum
2436 4042 2582 4088 sunt.
2615 4032 2727 4089 Nec
2759 4034 3119 4105 incongruum
3165 4035 3447 4105 quisquam
3494 4043 3648 4105 putet
3679 4033 3819 4106 quod

2221 4128 2429 4198 angelis
2474 4129 2586 4183 lilia
2631 4139 3034 4199 comparentur,
3081 4143 3204 4184 cum
3256 4129 3422 4184 lilium
3472 4145 3532 4184 se
3573 4129 3821 4186 Christus

2221 4223 2336 4294 ipse
2365 4223 2751 4278 memoraverit
2789 4223 2973 4278 dicens
3009 4241 3021 4275 :
3063 4221 3176 4294 Ego
3203 4224 3299 4293 ﬂos
3330 4225 3500 4295 campi
3522 4266 3536 4290 ,
3581 4236 3628 4278 et
3656 4225 3820 4278 lilium

2220 4321 2531 4375 convallium
2572 4319 2746 4390 (Cant.
2781 4336 2848 4385 tt,
2886 4309 2962 4392 1).
3005 4313 3075 4375 Et
3122 4321 3262 4378 bene
3308 4322 3479 4377 lilium
3527 4320 3813 4389 Christus;

2218 4413 2342 4484 quia
2375 4413 2463 4467 ubi
2511 4421 2806 4485 martyrum
2842 4413 3092 4483 sanguis,
3144 4411 3217 4468 ibi
3263 4413 3553 4481 Christus,
3608 4416 3704 4487 qui
3744 4423 3819 4470 est

2221 4503 2321 4560 ﬂos
2349 4505 2627 4571 sublimis,
2678 4505 3086 4571 immaculatus,
3133 4505 3416 4572 innoxius;
3464 4508 3518 4562 in
3563 4523 3675 4578 quo
3718 4523 3815 4563 non

515 4619 703 4658 eorum
731 4600 1067 4657 claritatibus
1110 4598 1344 4654 mundus
1378 4606 1626 4664 ornatur,
1665 4605 1720 4653 et
1748 4598 1949 4654 bonum
1980 4595 2114 4653 odo—
2140 4571 2195 4633 Ῐ)
2219 4598 2496 4668 spinarum
2542 4595 2776 4653 oﬂ‘endat
2822 4598 3087 4669 asperitas
3109 4640 3124 4665 ,
3168 4599 3262 4653 sed
3291 4599 3462 4670 gratia
3491 4599 3815 4656 circumfusa

513 4687 629 4753 rem
660 4693 1107 4751 ‘sanctiticationis
1139 4685 1401 4763 aSpirant.
1425 4669 1670 4760 Quorum
1709 4689 1964 4762 praesidio
1993 4689 2110 4745 fulti

516 4792 805 4860 possumus
830 4781 1014 4841 dicere
1043 4803 1056 4839 :
1095 4772 1271 4837 Bonus
1313 4774 1440 4838 odor
1478 4771 1670 4839 Christi
1700 4797 1876 4836 sumus
1911 4778 2018 4836 Deo
2059 4782 2111 4835 in

514 4883 580 4937 iis
607 4883 693 4951 qui
720 4881 848 4936 salvi
876 4879 1007 4950 ﬁunt
1049 4877 1115 4950 (11
1141 4877 1259 4933 Cor.
1288 4893 1356 4945 ιι,
1390 4877 1507 4947 15);
1539 4877 1629 4947 qui
1659 4876 1804 4931 nttlla
1847 4876 2114 4932 sollicitu-

516 4976 645 5032 dine
673 4973 976 5046 przepcditi,
1021 4971 1169 5028 nullo
1195 4987 1292 5028 usu
1321 4971 1528 5026 laboris
1553 4970 1874 5037 exercitati,
1910 4969 2112 5026 divina:

513 5070 567 5125 in
591 5083 655 5124 se
684 5062 1028 5124 liberalitatis
1059 5063 1284 5137 gratiam
1307 5107 1322 5133 ,
1367 5072 1423 5121 et
1449 5063 1687 5121 caelestis
1719 5073 1939 5120 servant
1965 5063 2114 5120 dona

585 5273 610 5312 "l
636 5271 1026 5336 Confessores,
1057 5270 1146 5342 qui
1195 5284 1599 5342 nonnumquam
1629 5267 2103 5342 ab‘antiquisisu-

513 5356 734 5402 muntur
773 5357 870 5416 pro
917 5343 1049 5415 ipsis
1076 5339 1428 5416 'ma‘rtyribns
1452 5339 1473 5407 ,’
1496 5341 1564 5396 ab
1601 5339 1802 5396 eisdem
1844 5341 1946 5416 hoc
1979 5341 2104 5416 loco

511 5412 796 5473 manifeste
823 5412 1257 5486 distinguuntur;
1280 5413 1470 5469 Utrum
1502 5422 1680 5486 antem
1717 5415 1826 5466 tam
1867 5412 1904 5466 ii
1934 5415 2102 5482 signi-

507 5490 739 5546 ﬁcentur
768 5489 872 5545 hoc
901 5483 1122 5544 nomine
1149 5487 1237 5556 qui
1269 5501 1392 5541 cum
1437 5499 1535 5554 pro
1565 5483 1668 5538 ﬁde
1705 5499 1981 5538 carcerem
2010 5495 2103 5538 aut

509 5571 779 5616 tormenta
809 5560 948 5630 passi
979 5567 1192 5624 essent,
1224 5565 1618 5630 posteatamen
1653 5556 1941 5630 incruenta
1959 5572 2103 5608 mor-

440 5688 444 5689 ,
510 5641 564 5689 te
596 5633 758 5686 vitam
806 5625 1119 5688 clauserunt
1148 5647 1158 5682 :
1190 5625 1349 5698 quam
1394 5627 1472 5682 illi
1505 5627 1594 5697 qui
1629 5636 1853 5696 propter
1894 5625 2103 5680 diutur-

510 5705 632 5757 nius
662 5701 991 5769 pcenitenvia:
1020 5701 1336 5770 martyrium
1379 5699 1480 5753 hoc
1506 5699 1784 5770 vocabulo,
1812 5698 1924 5765 jam
1954 5713 2102 5752 com-

513 5768 757 5842 muniver
791 5773 934 5842 apud
964 5787 1084 5842 nos
1111 5768 1464 5842 designantur
1486 5809 1505 5842 ,
1542 5783 1652 5842 non
1687 5768 1821 5842 satis
1863 5777 2098 5842 constat.

510 5840 724 5899 Etenim
749 5837 852 5896 hoc
878 5841 1068 5896 ultimo
1089 5837 1255 5895 sensu
1278 5839 1328 5895 id
1353 5839 1587 5894 nominis
1608 5837 1749 5908 apud
1775 5846 1986 5894 veteres
2014 5839 2098 5893 vix

2215 4690 2501 4746 clarescat.
2533 4691 2670 4746 Sunt
2691 4691 2834 4746 enim
2866 4691 3036 4760 spina:
3066 4705 3311 4746 rosarum
3335 4734 3350 4758 ,
3390 4691 3514 4763 quia
3548 4702 3813 4748 tormenta

2215 4795 2342 4840 sunt
2370 4794 2690 4856 martyrum.
2714 4781 2832 4838 Non
2858 4781 3021 4841 habet
3041 4785 3225 4856 spinas
3249 4785 3513 4842 inoﬂ‘ensa
3542 4787 3810 4852 divinitas,

2215 4895 2335 4951 qum
2363 4887 2635 4933 tormenta
2664 4893 2771 4932 non
2802 4877 2994 4933 sensit.

2292 4971 2414 5028 129.
2461 4971 2600 5042 Ergo
2627 4969 2670 5024 si
2702 4969 2812 5025 lilia
2842 4963 2927 5025 vel
2954 4970 3131 5041 angeli
3179 4985 3341 5041 supra
3370 4964 3654 5028 hominum
3699 4973 3809 5044 glo-

2219 5065 2354 5123 riam
2405 5065 2753 5130 vestiuntur,
2803 5079 2903 5118 nec
2951 5065 3002 5118 in
3057 5063 3212 5120 nobis
3260 5057 3697 5146 miscricordiam
3721 5063 3806 5121 Dei

2210 5280 2526 5342 usurpatum
2559 5272 2824 5344 reperias.
2856 5272 3002 5344 Alias
3029 5287 3163 5344 vero
3188 5271 3432 5344 ejusdem
3461 5274 3616 5344 vocis
3645 5274 3802 5344 inter-

2212 5289 2526 5342 usurpatum
2559 5289 2824 5343 repertas.
2856 5289 2918 5327 Al
2939 5289 3002 5328 as
3032 5289 3163 5327 vero
3188 5289 3432 5341 ejusuem
3461 5289 3616 5328 vocis
3645 5289 3795 5328 inter-

2212 5347 2547 5412 prolationes
2577 5341 2780 5398 videsis
2812 5289 2953 5413 apud
2998 5337 3311 5399 Menardnm
3349 5341 3598 5398 nostrum
3631 5345 3683 5398 in
3715 5342 3795 5397 tib.

2212 5416 2454 5471 Sacram.
2485 5413 2544 5469 S.
2565 5413 2730 5484 Greg.
2759 5413 3002 5482 pluribus
3027 5416 3181 5480 locis,
3211 5424 3265 5470 et
3283 5413 3550 5485 Cangium
3579 5416 3633 5470 in
3657 5413 3799 5471 Glos-

2206 5502 2316 5543 sar.
2347 5487 2411 5540 ad
2451 5487 2696 5540 eamdem
2734 5501 2944 5542 vocem.
2975 5486 3130 5554 Quod
3169 5495 3348 5542 autem
3398 5485 3798 5542 confessoribus

2207 5559 2365 5612 viol:e
2393 5558 2772 5626 assignantur,
2801 5573 2863 5613 ea
2908 5573 3070 5613 causa
3103 5566 3222 5628 est,
3253 5558 3396 5627 quod
3436 5574 3668 5628 corpora
3721 5569 3797 5609 se-

2206 5629 2404 5684 veriori
2438 5629 2790 5699 castigatione
2815 5628 3036 5684 liventia
3061 5671 3074 5693 ,
3103 5627 3554 5697 mortuomm‘que
3582 5629 3796 5683 cadave-

2206 5701 2356 5754 ribus
2386 5699 2524 5753 hand
2539 5701 2764 5753 multum
2780 5699 3062 5754 dissimilia
3091 5701 3491 5770 quodammodo
3509 5701 3793 5755 violaceum

2205 5771 2448 5894 colorari;
2477 5772 2736 5826 referunt.
2767 5770 2898 5826 Vide
2936 5770 3144 5826 Silvam
3187 5772 3586 5841 Allegoriarum
3629 5773 3681 5825 in
3709 5786 3791 5821 vo.

2207 5856 2268 5894 ce
2291 5882 2304 5894 .
2337 5857 2418 5894 vro
2445 5861 2494 5894 (ι.

2207 5856 2268 5896 ce
2291 5882 2304 5909 ,
2337 5856 2494 5896 moto.
