3960 6300
130 271 154 330 Ι
167 273 265 329 733

1075 271 1444 331 erosmo
1482 271 1735 330 manu.
1775 269 1926 332 suc.
1968 271 2126 331 LUC.
2167 273 2298 330 LIB.
2345 259 2457 331 vti.

3297 273 3438 344 tm.

125 393 406 459 desperare
444 387 718 445 debemus
739 430 752 454 ,
782 385 978 459 quibus
1006 402 1103 459 per
1137 390 1557 447 resurrectionis
1604 405 1726 461 gra-
1763 394 1804 454 Α
1837 391 2003 451 ratio,
2038 391 2126 460 qui
2151 401 2362 448 secreta
2388 391 2570 448 cordis
2593 391 2883 449 illuminat.
2920 393 3045 452 Ideo
3074 394 3309 456 fortasse
3335 402 3440 456 Do-

128 483 244 536 tiam
279 481 548 535 Dominus
573 479 804 535 similem
834 481 1152 551 angelorum
1183 483 1419 551 speciem
1449 482 1733 550 pollicetur

127 573 335 642 (Matth.
363 587 478 628 xxtt
503 616 520 641 ,
557 570 670 645 ὅθ).
701 573 819 640 Quo
847 572 968 628 loco
996 576 1160 630 etiam
1187 575 1336 630 illam
1367 574 1581 630 videtur
1605 590 1729 647 per-

126 668 383 735 stringere
433 669 800 735 quamlidnem
826 715 840 737 ,
875 667 1034 742 quam
1083 670 1244 725 etiam
1285 670 1576 739 Apostolus
1623 686 1730 726 non

128 757 296 813 omisit
322 774 336 821 ;
373 759 505 826 quia
531 773 726 829 gentes
755 762 912 833 hujus
932 761 1118 817 mundi
1145 771 1428 832 quaerunt,
1457 762 1732 833 quomodo

128 860 406 921 resurgant
445 855 687 918 mortui,
725 864 780 911 et
807 856 952 927 quali
995 871 1226 925 corpore
1271 855 1490 912 veniant
1521 856 1574 927 (Ι
1607 855 1727 910 Cor.

128 960 221 1008 xv,
250 943 368 1013 55).

195 1036 314 1092 130.
359 1036 549 1105 (Vers.
579 1037 696 1108 3|.)
728 1039 856 1094 Nam
888 1054 1013 1096 cum
1043 1040 1187 1095 dicat
1218 1059 1230 1095 :
1266 1041 1492 1108 Quaerite
1516 1058 1730 1111 regnum

127 1128 256 1183 Dei:
284 1140 330 1182 et
361 1130 475 1184 hac
500 1133 673 1185 omnia
693 1132 1007 1206 adjicientur
1032 1133 1206 1197 vobis;
1240 1149 1336 1187 nec
1361 1133 1426 1186 ad
1458 1147 1729 1203 praesens,

127 1237 218 1278 nec
253 1224 306 1278 in
357 1225 634 1294 reliquum
685 1224 932 1282 ﬁdelibus
980 1226 1218 1280 ostendit
1259 1225 1485 1296 gratiam
1519 1224 1730 1279 defutu—

127 1332 273 1372 ram:
321 1317 365 1370 si
419 1318 586 1372 modo
627 1319 716 1387 qui
755 1318 936 1374 divina
985 1319 1295 1375 desiderant
1320 1361 1335 1384 ,
1369 1330 1580 1376 terrena
1623 1335 1729 1374 non

127 1419 385 1481 quaarant.
425 1410 749 1466 lndccormn
781 1413 982 1482 quippe
1013 1421 1096 1469 cst
1146 1412 1394 1469 homines
1425 1428 1617 1467 curare
1663 1414 1731 1466 de

125 1502 253 1566 cibo,
271 1503 360 1570 qui
385 1501 628 1556 militant
651 1502 720 1558 de
746 1519 933 1574 regno.
962 1503 1121 1558 Novit
1149 1520 1239 1558 rex
1269 1503 1728 1575 quemadmodum

125 1595 368 1649 lamiliam
408 1611 572 1651 suam
614 1606 835 1664 pascat,
868 1596 1012 1664 alat,
1043 1600 1276 1663 vestiat;
1307 1608 1360 1652 et
1391 1597 1516 1653 ideo
1542 1596 1679 1651 dixit
1707 1615 1720 1652 :

123 1685 265 1741 laeta
311 1688 364 1741 in
399 1687 575 1742 Deum
625 1690 905 1761 cogitatum
951 1700 1130 1756 tuum,
1171 1701 1218 1746 et
1259 1692 1373 1761 ipse
1417 1700 1465 1744 te
1511 1692 1728 1746 enutriet

126 1778 279 1847 (Psal.
311 1797 421 1847 LI",
452 1782 578 1851 9.5).
1097 1836 1100 1839 .

188 1874 360 1940 (Vers.
407 1873 517 1940 49,
555 1876 680 1944 50.)
710 1873 888 1946 Ignem
928 1875 1042 1929 veni
1085 1877 1283 1930 mittere
1327 1878 1378 1930 in
1413 1886 1640 1940 terram,
1678 1885 1728 1931 et

125 1966 236 2034 quid
261 1966 373 2020 volo
402 1968 510 2020 nisi
547 1968 666 2038 jam
692 1968 1031 2023 accendatur?
1061 1967 1328 2041 Baptismu
1359 1970 1520 2023 habeo
1561 1969 1730 2038 bapti-

122 2061 221 2112 zari
243 2102 256 2123 ,
286 2069 336 2114 et
363 2062 635 2128 quomodo
667 2077 858 2133 angor,
886 2079 1043 2133 usque
1068 2062 1192 2116 dum
1219 2063 1558 2134 perficiatur?

189 2152 303 2206 l5].
343 2151 400 2207 In
433 2154 818 2223 superioribus
848 2154 1071 2224 vigilare
1100 2169 1199 2208 nos
1244 2154 1449 2219 voluit,
1485 2169 1579 2224 per
1609 2168 1728 2207 om-

125 2243 202 2298 nia
229 2256 621 2314 exstiectautes
649 2258 919 2302 momenta
955 2247 1164 2302 Domini
1195 2249 1495 2303 Salvatoris
1525 2247 1729 2302 adven-

129 2345 260 2402 tum;
289 2354 354 2394 ne
382 2339 516 2394 dum
555 2339 748 2410 aliquis
795 2339 1021 2394 remittit
1052 2349 1107 2410 et
1145 2341 1397 2410 negligit,
1430 2339 1500 2395 de
1543 2325 1631 2394 die
1673 2340 1725 2394 in

127 2426 252 2481 diem
305 2443 472 2499 opera
529 2445 630 2484 sua
680 2429 974 2495 ditl'ereus,
1024 2430 1210 2499 judicii
1257 2431 1419 2486 futuri
1469 2432 1594 2496 die,
1643 2432 1725 2485 vel

131 2523 322 2591 propria
354 2534 540 2579 morte
575 2535 883 2594 praeventus
905 2566 920 2589 ,
955 2525 1207 2578 meritum
1237 2539 1348 2580 sua:
1376 2524 1726 2580 commenda-

130 2615 273 2671 tinnis
329 2622 576 2672 amittat.
629 2617 694 2671 Et
738 2619 827 2672 illa
877 2617 1095 2688 quidem
1146 2618 1199 2672 in
1233 2634 1422 2674 omnes
1466 2618 1725 2688 prazcepti

131 2706 276 2761 forma
296 2708 580 2779 generalis
600 2727 611 2762 :
631 2724 817 2764 verum
849 2710 1022 2764 series
1049 2709 1328 2780 sequentis
1356 2710 1590 2778 exempli
1615 2708 1728 2763 dis-

129 2802 531 2868 pensatoribus,
579 2798 683 2856 hoc
729 2803 852 2866 est,
897 2800 1274 2856 sacerdotibus
1343 2797 1558 2855 videtur
1607 2815 1728 2856 esse

131 2897 417 2962 proposita;
451 2909 572 2966 quo
597 2895 770 2949 Sciant
800 2894 899 2950 sibi
925 2911 1144 2966 gravem
1169 2894 1220 2948 in
1248 2893 1484 2949 futurum
1512 2909 1726 2963 poenam

132 2998 236 3040 esse
267 2987 648 3052 subeundam,
678 2987 722 3042 si
753 2985 1107 3042 saecularibus
1139 2987 1331 3041 intenti
1365 2987 1574 3042 deliciis
1601 3029 1615 3052 ,
1651 2986 1729 3040 fa-

133 3075 311 3132 miliam
333 3077 560 3133 Domini
584 3078 905 3150 plebemque
927 3079 1274 3135 commissam
1296 3079 1396 3134 sibi
1423 3071 1726 3148 gubernare

136 3169 470 3237 neglexerint.

197 3264 307 3318 1'52.
349 3263 454 3321 Sed
484 3266 614 3337 quia
643 3267 869 3336 exiguus
893 3275 976 3322 est
1006 3273 1307 3336 protectus,
1342 3277 1394 3322 et
1429 3282 1586 3336 parva
1619 3283 1728 3322 me-

139 3355 341 3413 ritorum
382 3362 564 3430 gratia
587 3401 601 3426 ,
633 3359 882 3430 supplicii
934 3371 1080 3416 metu
1107 3363 1175 3416 ab
1203 3359 1392 3417 errore
1443 3362 1686 3418 revecari
1708 3404 1724 3430 ,

137 3447 388 3520 majorque
419 3454 786 3522 prterOgativa
816 3453 1097 3508 charitatis
1132 3453 1185 3507 et
1221 3455 1428 3510 amoris
1455 3464 1538 3510 est
1563 3497 1578 3522 ,
1615 3455 1718 3509 Do«

140 3543 291 3598 minus
334 3541 398 3600 ad
447 3546 874 3617 promerendam
907 3547 990 3602 sui
1036 3547 1263 3618 gratiam
1314 3548 1489 3604 studia
1542 3558 1724 3604 nostra

139 3635 296 3704 acuit,
327 3649 378 3694 et
422 3641 776 3711 acquirendae
816 3641 1115 3710 cupiditate
1155 3641 1461 3698 divinitatis
1512 3643 1725 3698 inﬂam-

141 3737 234 3782 mat
256 3731 432 3789 dicens
461 3752 476 3789 :
511 3731 697 3806 Ignem
723 3736 836 3789 veni
858 3737 1055 3790 mittere
1081 3737 1135 3790 in
1158 3744 1366 3791 terram.
1391 3737 1507 3794 Non
1537 3739 1723 3810 utique

141 3820 269 3877 illum
293 3825 466 3896 ignem
502 3831 947 3897 consuniptorem
980 3825 1247 3884 bonorum
1271 3871 1286 3897 ,
1319 3829 1414 3884 sed
1446 3829 1600 3884 bonze
1631 3846 1724 3884 vo-

142 3913 338 3973 luntatis
363 3930 644 3975 auctorem
675 3963 689 3984 ,
723 3921 813 3991 qui
843 3937 1005 3976 aurea
1038 3921 1334 3977 Dominicze
1366 3921 1560 3977 domus
1595 3939 1721 3979 vasa

144 4012 398 4081 meliorat,
430 4017 618 4073 fenum
649 4023 781 4072 vero
809 4019 1084 4074 consumit
1111 4029 1164 4073 et
1202 4019 1456 4088 stipulam
1482 4060 1496 4085 ,
1528 4034 1590 4073 ac
1619 4034 1721 4073 sa:-

145 4105 318 4162 cularia
347 4111 531 4164 omnia
574 4108 757 4164 mundi
787 4111 1062 4178 voluptate
1091 4121 1346 4165 concreta
1376 4152 1390 4175 ,
1429 4111 1719 4177 periturzc-

145 4214 232 4267 que
257 4217 384 4271 onus
421 4205 604 4259 carnis
640 4204 815 4259 exurit
861 4203 998 4276 ignis
1039 4199 1133 4259 ille
1160 4201 1410 4270 divinus,
1445 4205 1533 4273 qui
1569 4202 1722 4257 ﬂam-

148 4293 414 4368 migerabat
433 4301 488 4353 in
512 4297 726 4353 ossibus
749 4292 1132 4368 prophetarum
1152 4339 1166 4361 ,
1191 4299 1330 4354 sicut
1351 4301 1568 4353 Sanctus
1598 4297 1720 4354 Hie—

147 4389 316 4444 remias
600 4363 768 4446 dicit':
803 4363 940 4459 Quia
971 4395 1136 4462 factus
1168 4401 1240 4445 est
1282 4391 1410 4445 sicut
1451 4392 1585 4462 ignis
1629 4408 1718 4443 aro

149 4478 278 4547 dens,
302 4485 682 4556 ﬂammigerans
703 4485 755 4538 in
785 4483 986 4538 ossibus
1014 4485 1138 4538 meis
1166 4483 1379 4551 (Jerem.
1415 4497 1482 4547 tt,
1513 4473 1595 4552 9).
1625 4481 1721 4536 Est

1837 483 2015 536 minus
2039 484 2089 538 in
2117 483 2237 554 igne
2258 495 2519 540 venturus
2541 497 2651 550 OSI;
2680 493 2737 540 ut
2759 485 3172 544 resurrectionis
3194 499 3444 562 tempore.

1837 574 1962 628 vitia
1996 577 2245 631 universa
2279 588 2560 632 consumat
2583 620 2596 643 ,
2631 579 2822 646 suique
2849 591 3145 650 conspectu
3171 582 3444 639 desideria

1833 654 2104 738 compleat
2132 670 2498 741 singulorum,
2525 672 2953 744 meritorumque
2973 677 3028 729 et
3056 677 3439 747 ‘mysteritirum

1834 757 2018 813 lumen
2043 760 2327 816 accendat.

1912 854 2033 908 155.
2078 853 2248 908 Tanta
2298 854 2478 925 itaque
2510 855 2720 912 Domini
2755 857 2996 929 dignatio
3028 868 3146 925 est,
3173 861 3233 916 ut
3263 861 3440 917 infun-

1834 947 2026 1001 denda:
2049 949 2205 1004 nobis
2233 948 2536 1004 devotionis
2558 991 2571 1015 ,
2604 958 2660 1004 et
2685 933 3121 1009 consummandae
3151 956 3442 1024 perfectio-

1835 1039 1919 1091 nis
1947 1039 1997 1092 in
2027 1040 2217 1105 nobis,
2241 1049 2297 1094 et
2335 1041 2672 1096 maturanda:
2715 1059 2812 1112 pro
2853 1045 3011 1101 nobis
3050 1047 3284 1102 Studium
3318 1053 3441 1119 pas-

1831 1131 2005 1186 sionis
2035 1133 2138 1187 sibi
2171 1133 2352 1188 inesse
2383 1142 2610 1190 testetur
2636 1151 2648 1189 :
2679 1137 2769 1206 qui
2811 1153 2932 1192 cum
2979 1140 3028 1192 in
3067 1153 3126 1195 se
3172 1142 3305 1197 nihil
3340 1141 3440 1198 ha-

1832 1222 2009 1278 buerit
2036 1227 2179 1295 quod
2204 1225 2453 1291 doleret,
2484 1229 2685 1282 nostris
2717 1237 2894 1285 tamen
2923 1233 3221 1308 angebatur
3243 1235 3443 1291 aerum-

1835 1317 1948 1382 nis,
1981 1326 2032 1370 et
2060 1318 2160 1372 sub
2182 1325 2430 1388 tempore
2469 1320 2659 1374 mortis
2689 1323 3004 1378 mmstitiam
3035 1328 3440 1395 prmtendebat,

1831 1421 1992 1477 quam
2025 1424 2130 1464 non
2164 1425 2228 1464 ex
2264 1421 2411 1465 metu
2442 1413 2637 1467 monis
2661 1428 2773 1466 sua:
2795 1455 2810 1477 ,
2839 1413 2936 1469 sed
2961 1430 3024 1470 ex
3057 1432 3208 1472 mora
3241 1428 3443 1474 nostra:

1833 1499 2228 1570 redemptionis
2250 1513 2621 1572 assumpserat
2644 1545 2658 1569 ,
2681 1504 2836 1574 ju‘xta
2865 1507 3006 1576 quod
3035 1510 3295 1579 scriptum
3325 1521 3442 1568 est:

1833 1589 1902 1645 Et
1929 1595 2185 1662 quomodo
2216 1603 2377 1667 angor
2401 1611 2562 1668 usque
2590 1598 2714 1650 dum
2747 1600 3098 1668 perﬁciatur?
3124 1602 3324 1675 Utique
3354 1607 3443 1675 qui

1831 1695 2004 1753 usque
2029 1685 2094 1738 ad
2125 1685 2513 1755 perfectionem
2547 1690 2799 1759 angitur,
2835 1691 2902 1745 de
2928 1692 3261 1757 perfectiOne
3285 1712 3442 1753 secu-

1761 1777 1806 1838 B
1834 1789 1927 1828 rus
1972 1768 2076 1831 eSt.
2107 1777 2172 1831 Et
2201 1779 2278 1831 ait
2317 1779 2484 1833 alibi:
2516 1778 2703 1835 Tristis
2737 1793 2810 1836 est
2833 1823 2848 1848 ,
2879 1784 3085 1853 inquit,
3115 1788 3289 1841 anima
3333 1805 3447 1843 mea

1832 1881 1991 1936 usque
2015 1868 2082 1921 ad
2104 1879 2319 1922 mortem
2345 1869 2563 1944 (Matth.
2590 1887 2744 1939 xxvi,
2769 1874 2885 1945 58).
2913 1875 3027 1930 Non
3055 1889 3280 1948 propter
3300 1897 3446 1936 mor-

1833 1969 1972 2026 tem,
2005 1964 2099 2018 sed
2129 1979 2300 2034 usque
2329 1965 2395 2020 ad
2419 1979 2653 2021 mortem
2687 1967 2855 2022 tristis
2879 1976 2964 2022 est
2988 1969 3285 2038 Dominus;
3317 1975 3442 2043 quia

1830 2069 1953 2109 cum
1988 2057 2231 2111 conditio
2261 2061 2567 2128 corporalis
2598 2061 2824 2118 allectus
2847 2105 2862 2128 ,
2891 2065 3265 2122 nonlormido
3297 2082 3447 2123 mor-

1833 2149 1902 2203 tis
1938 2149 2184 2206 oli'endit.
2211 2151 2342 2206 Nam
2381 2153 2472 2222 qui
2505 2169 2704 2224 corpus
2733 2158 3012 2226 suscepit,
3039 2160 3220 2213 omnia
3251 2159 3448 2216 debuit

1830 2242 2018 2298 subire
2041 2259 2162 2313 quae
2182 2245 2429 2316 corporis
2458 2254 2616 2312 sunt;
2645 2259 2700 2302 ut
2725 2250 2964 2304 esuriret
2984 2292 2998 2317 ,
3029 2250 3246 2317 sitiret,
3273 2267 3442 2324 ange-

1831 2346 2009 2400 retur,
2035 2338 2449 2392 contristaretur
2473 2357 2486 2392 ;
2511 2339 2767 2394 divinitas
2787 2351 2967 2397 autem
2993 2345 3315 2399 commutari
3341 2361 3440 2416 per

1831 2424 1930 2479 hos
1953 2427 2127 2482 nescit
2153 2427 2399 2485 allectus.
2425 2428 2601 2486 Simul
2630 2433 2870 2487 ostendit
2891 2433 3034 2503 quod
3065 2435 3116 2488 in
3139 2437 3438 2492 certamine

1830 2521 2102 2588 passionis
2131 2537 2279 2577 mors
2318 2525 2566 2592 corporis
2592 2565 2608 2589 ,
2640 2525 2914 2582 absolutio
2955 2525 3247 2584 auxietatis
3268 2570 3283 2595 ,
3325 2543 3436 2585 non

1829 2612 2174 2668 coacervatio
2203 2615 2275 2668 sit
2299 2615 2525 2670 doloris.

1903 2689 2088 2773 (Vc-rs.
2110 2705 2336 2778 51-55.)
2369 2707 2578 2763 Putatis
2604 2709 2744 2780 quod
2771 2727 2948 2780 pacem
2974 2715 3087 2768 veni
3109 2714 3235 2768 dare
3258 2717 3310 2769 in
3331 2724 3434 2770 ter-

1830 2796 1983 2849 ram?
2009 2794 2134 2850 Non
2162 2799 2276 2852 dico
2304 2799 2472 2864 vobis,
2491 2801 2596 2856 -sed
2623 2804 3019 2872 separationem.
3053 2805 3221 2860 Erunt
3265 2819 3439 2862 autem

1830 2905 1895 2942 ea:
1921 2888 2020 2943 hoc
2051 2891 2269 2962 quinque
2295 2893 2352 2946 in
2390 2893 2544 2947 domo
2587 2911 2692 2948 una
2723 2897 2873 2952 divisi
2897 2939 2913 2965 ,
2948 2908 3050 2952 tres
3088 2901 3143 2954 in
3190 2899 3321 2955 duos
3349 2941 3362 2966 ,
3394 2910 3441 2955 et

1830 2982 1934 3034 dno
1959 2981 2014 3035 in
2041 2993 2143 3037 tres
2173 2984 2491 3040 dividentur.
2517 2986 2674 3042 Pater
2697 2990 2751 3042 in
2781 2990 2981 3059 ﬁlium,
3012 3003 3062 3047 et
3083 2993 3230 3063 ﬁlius
3257 2995 3313 3048 in
3339 3012 3434 3062 pa-

1830 3081 1959 3126 trem
2003 3074 2297 3129 dividentur
2322 3093 2340 3131 :
2371 3088 2532 3133 mater
2563 3079 2618 3132 in
2644 3080 2827 3148 ﬁliam,
2860 3092 2910 3135 et
2936 3083 3052 3152 ﬁlia
3084 3086 3139 3139 in
3168 3095 3381 3140 matrem
3415 3102 3433 3141 :

1751 3170 1796 3232 C
1831 3182 2007 3222 socrus
2030 3168 2083 3222 in
2111 3183 2297 3224 nurum
2323 3187 2472 3226 suam
2495 3211 2510 3237 ,
2539 3184 2586 3226 et
2609 3190 2766 3228 nurus
2793 3175 2849 3228 in
2874 3192 3078 3230 socrum
3101 3193 3270 3232 suam.

1908 3261 2029 3316 154.
2072 3263 2206 3318 Cum
2237 3264 2290 3320 in
2327 3266 2578 3322 omnibus
2605 3267 2720 3323 fere
2766 3269 3104 3341 Evangelicis
3150 3272 3286 3327 locis
3315 3274 3429 3344 spi-

1832 3355 2042 3410 ritualis
2075 3357 2386 3416 intellectus
2413 3371 2707 3431 operetur;
2739 3372 2917 3419 tamen
2948 3367 2999 3419 in
3027 3368 3286 3436 presenti
3318 3384 3432 3422 ma-

1831 3449 1974 3506 xime
2020 3467 2087 3506 ne
2117 3467 2281 3523 quem
2313 3453 2512 3510 duritia
2551 3456 2707 3512 nuda:
2745 3460 3104 3528 expositionis
3147 3459 3428 3528 offendat,

1830 3545 2058 3614 spiritali
2109 3548 2394 3604 altitudine
2441 3566 2637 3606 sensus
2685 3554 2858 3608 series
2912 3556 3263 3624 temperanda
3303 3565 3426 3610 est:

1829 3640 2130 3706 praesertim
2173 3656 2295 3696 cmn
2331 3653 2676 3699 sacrosancta
2718 3646 2910 3714 religio
2939 3648 3239 3704 moralibus
3269 3649 3432 3704 disci-

1831 3729 2027 3799 plinis,
2055 3744 2110 3788 et
2154 3734 2377 3790 mitibus
2414 3737 2630 3805 pietatis
2665 3739 2933 3808 exemplis
2962 3739 3127 3796 etiam
3178 3742 3302 3796 ﬁdei
3334 3757 3429 3797 es-

1828 3824 1973 3878 sules
1996 3824 2061 3878 ad
2109 3829 2470 3882 reverentiam
2502 3838 2680 3883 tamen
2718 3829 2801 3883 sui
2845 3830 3146 3887 clementer
3191 3832 3425 3898 invitet;

1828 3925 1886 3968 ut
1911 3916 2108 3985 praevia
2139 3915 2264 3971 ﬁdei
2294 3918 2577 3987 disciplina
2607 3921 3023 3976 mansuetudine
3051 3922 3134 3977 sui
3164 3923 3427 3992 supersti-

1829 4011 2034 4064 tionum
2068 4009 2200 4064 dura
2240 4011 2542 4080 dissolvat,
2577 4019 2632 4068 et
2657 4011 2922 4069 obnoxias
2965 4015 3244 4071 erroribus
3273 4031 3426 4072 men-

1826 4110 1908 4157 tes
1954 4110 2114 4172 cogat
2161 4105 2320 4158 etiam
2366 4102 2473 4159 ﬁde
2524 4104 2784 4172 credere,
2817 4122 2951 4176 quas
2995 4111 3171 4178 potuit
3223 4108 3423 4178 pietate

1825 4194 2087 4250 mulcere.
2130 4194 2346 4252 Etenim
2374 4211 2498 4252 cum
2529 4197 2656 4253 ﬁdei
2697 4198 2806 4253 alta
2839 4201 3149 4270 pectoribus
3179 4217 3292 4256 non
3335 4217 3426 4258 ca-

1826 4289 2048 4358 piuntur
2071 4287 2336 4355 inlirmis,
2370 4306 2466 4360 per
2491 4305 2555 4346 ea
2584 4306 2703 4362 quae
2726 4301 3001 4363 praecepta
3027 4303 3188 4360 sunt,
3213 4310 3276 4350 ea
3304 4311 3426 4366 qua:

1823 4382 2135 4436 veneranda
2167 4391 2330 4450 sunt,
2353 4384 2725 4449 aestimantur;
2746 4394 2806 4439 ut
2823 4387 2965 4454 iusta
2985 4386 3247 4456 dejusto,
3269 4401 3430 4444 sanc-

1778 4503 1784 4508 ·
1827 4486 1876 4528 ta
1909 4474 2118 4548 1m
2147 4476 2215 4532 de
2244 4489 2435 4532 sancto
2459 4478 2720 4534 bonorum
2749 4494 2970 4534 suorum
2995 4481 3194 4535 bonutu
3225 4491 3428 4538 testen-

148 4571 271 4626 cniin
313 4575 448 4646 ignis
491 4576 739 4640 Domini,
768 4575 836 4630 de
871 4589 977 4645 quo
1022 4573 1224 4629 dictum
1269 4584 1389 4630 est:
1420 4571 1565 4644 Ignis
1605 4583 1722 4627 ante
1747 4557 1802 4617 D
1829 4575 1914 4622 lttr
1938 4579 2181 4623 auctore.

149 4677 247 4717 eum
271 4667 458 4722 ardebit
503 4667 688 4740 (Psal.
732 4665 1012 4738 xcvt,3).
1041 4667 1138 4721 Est
1185 4675 1239 4721 et
1283 4665 1424 4720 idem
1464 4665 1720 4722 Dominus

150 4753 298 4824 ignis,
328 4763 464 4816 sicut
492 4763 607 4832 ipse
631 4759 768 4816 dixit
798 4778 810 4814 :
844 4759 956 4830 Ego
984 4773 1096 4812 sum
1125 4759 1260 4828 ignis
1287 4758 1474 4812 ardens
1501 4800 1513 4820 ,
1544 4766 1590 4811 et
1618 4774 1718 4812 non

151 4861 424 4911 consumens
441 4833 644 4927 ΪΕίτοά.
670 4856 775 4926 ιιι).
793 4839 941 4928 lIgnis
968 4855 1110 4910 enim
1136 4845 1347 4909 Domini
1369 4853 1550 4909 lumen
1573 4861 1722 4908 teter.

153 4955 261 5000 num
286 4955 380 5003 est.
397 4945 519 5018 Quo
549 4949 656 5022 igni
689 4950 794 5006 illac
823 4947 1192 5004 accenduntur
1214 4941 1481 5012 lucerna},
1513 4943 1582 5001 de
1603 4946 1724 5018 qui-

151 5030 240 5091 bus
264 5041 410 5110 supra
443 5031 576 5098 dixit
604 5061 616 5096 :
651 5035 768 5098 Sint
794 5051 965 5096 autem
991 5039 1152 5094 lumbi
1176 5042 1327 5094 vestri
1350 5039 1645 5111 praecincti,
1674 5048 1722 5094 et

155 5124 349 5188 lucernte
378 5135 629 5192 ardentes.
661 5137 722 5192 Et
756 5136 882 5192 ideo
912 5137 1040 5207 quia
1075 5144 1100 5172 δ
1134 5149 1239 5190 nox
1283 5131 1366 5190 ‘eSt
1398 5135 1514 5190 dies
1561 5125 1720 5204 huius

156 5220 288 5287 vitae,
316 5225 520 5284 lucerna
545 5239 627 5285 est
651 5229 982 5285 necessaria.
1007 5229 1161 5283 llunc
1185 5227 1366 5296 ignem
1391 5227 1442 5282 in
1472 5242 1531 5282 se
1555 5228 1719 5282 etiam

152 5311 334 5371 Amaon
362 5331 412 5374 et
438 5322 706 5393 CleOphas
757 5338 785 5376 a
826 5323 1057 5378 Domino
1091 5323 1312 5376 missum
1344 5333 1465 5377 esse
1509 5319 1716 5376 testan-

151 5411 225 5460 tur
251 5409 516 5474 dicentes:
554 5415 746 5471 Nonne
774 5417 860 5471 cor
893 5421 1126 5471 nostrum
1164 5415 1353 5472 ardens
1377 5424 1486 5472 erat
1511 5416 1570 5470 'in
1599 5416 1681 5470 via
1702 5457 1717 5482 ,

153 5515 250 5557 cum
285 5512 494 5580 aperiret
543 5511 692 5568 nobis
723 5501 1021 5584 Scripturas
1051 5511 1206 5584 (Luc.
1234 5511 1390 5576 xnv,
1421 5495 1564 5582 δέη
1596 5509 1722 5566 Evi-

153 5593 319 5655 denter
345 5604 523 5680 itaque
554 5607 863 5662 docuerunt
889 5606 1070 5678 qualis
1106 5604 1266 5660 istius
1312 5605 1451 5676 ignis
1493 5604 1559 5659 sit
1592 5617 1724 5674 ope-

219 5766 242 5837 _“
266 5759 382 5818 Mss.
409 5768 617 5837 aliQuot
638 5807 654 5832 ,
688 5782 786 5818 non
821 5774 891 5819 est
918 5766 1075 5830 huius
1103 5765 1202 5819 diei
1238 5765 1358 5821 vita.

219 5835 243 5874 δ
271 5841 452 5904 Omnes
477 5835 609 5903 edit.
639 5859 706 5898 ac
743 5860 865 5898 mss.
903 5844 1184 5911 nonnulli,
1215 5862 1310 5899 sua
1346 5843 1453 5916 lege
1495 5843 1721 5914 comple-

1905 4660 2025 4716 l35.
2068 4661 2210 4730 Ergo
2254 4660 2540 4716 Dominum
2588 4662 2738 4716 illum
2785 4663 2876 4732 qui
2916 4661 3077 4718 simul
3125 4663 3424 4722 divinitatis

1830 4753 2228 4821 reverentiam,
2261 4764 2318 4808 et
2355 4755 2572 4824 pietatis
2598 4753 2827 4824 gratiam
2859 4753 2886 4792 δ
2920 4755 3154 4811 suadere
3183 4758 3426 4827 comple-

1827 4862 1928 4903 xus
1956 4857 2039 4902 est
2080 4847 2266 4904 dicens
2297 4865 2311 4902 :
2341 4845 2540 4922 Diliges
2570 4849 2848 4904 Dominum
2901 4848 3068 4904 Deum
3109 4863 3344 4906 tuum....
3376 4863 3424 4908 et

1826 4939 2014 5013 diliges
2042 4942 2332 5012 proximum
2363 4952 2506 4996 tuum
2530 4941 2684 5016 (Luc.
2709 4959 2773 5009 χ,
2801 4941 2928 5014 27);
2959 4943 3031 4998 ita
3063 4959 3206 4999 nunc
3249 4954 3427 4999 muta-

1825 5043 1935 5090 tum
1958 5052 2083 5093 esse
2111 5037 2457 5105 Opinabimur
2473 5078 2490 5104 ,
2521 5023 2578 5092 ut
2598 5037 2820 5094 abolere
2841 5039 3300 5094 necessitudinum
3325 5053 3423 5094 no-

1823 5131 1968 5186 mina
1996 5172 2011 5196 ,
2041 5129 2299 5206 collidere
2330 5130 2544 5200 pietatis
2572 5129 2830 5196 aliectus,
2860 5131 3310 5187 cbarissimorum
3342 5133 3424 5203 pi-

1823 5238 2049 5294 gnorum
2079 5221 2304 5277 dissidia
2345 5222 2629 5278 mandasse
2672 5222 3004 5278 credamus?
3049 5224 3114 5278 Et
3151 5225 3424 5294 quomodo

1819 5316 1932 5386 ipse
1957 5311 2032 5370 est
2061 5331 2166 5385 pax
2193 5324 2392 5380 nostra,
2415 5317 2501 5386 qui
2530 5316 2647 5385 fecit
2669 5325 2895 5387 utraque
2923 5323 3082 5370 unum
3105 5315 3322 5388 (milies.
3350 5334 3416 5386 ll,

1827 5409 1975 5481 M)?
2015 5406 2300 5479 Quomodo
2327 5408 2445 5479 ipse
2485 5396 2662 5464 dicit:
2701 5407 2891 5464 Pacem
2923 5412 3090 5464 meum
3133 5410 3202 5464 'do
3248 5411 3418 5476 vdbis,

1826 5522 2002 5577 pacem
2033 5521 2196 5559 meam
2244 5504 2477 5572 relinquo
2511 5504 2652 5558 vobis
2679 5501 2880 5587 (Jxoan.
2913 5503 3034 5569 xiv,
3065 5491 3160 5572 97)
3189 5545 3204 5570 ,
3233 5503 3282 5558 si
3330 5519 3422 5572 ιδεμ

1823 5570 2009 5656 reiites
2037 5615 2066 5653 a
2095 5598 2220 5652 ﬁliis
2241 5637 2257 5662 ,
2291 5570 2432 5652 tilios
2457 5611 2487 5651 a
2519 5570 2830 5668 parentibus
2860 5579 3088 5654 dissidio
3119 5570 3422 5654 necessitu-

1828 5770 1948 5819 ἔστη.
1974 5762 2192 5834 Reliqui
2222 5761 2394 5818 multo
2419 5761 2610 5834 majori
2644 5767 2872 5818 multum
2889 5772 2943 5818 et
2976 5757 3329 5833 auctoritate;
3356 5773 3424 5823 ut

1831 5843 1882 5896 in
1918 5851 2085 5897 textu.
