3920 6322
535 255 674 317 I735

1871 251 2119 312 SANCTI
2155 252 2484 314 AMBROSII

3696 255 3824 315 1756

532 375 677 431 dinis
705 378 1056 446 separaturus
1093 369 1348 429 advenit?
1377 368 1660 438 Quomodo
1693 368 2007 426 Maledictus
2040 371 2129 442 qui
2156 376 2204 433 Α
2235 373 2427 428 nabilis
2452 368 2786 426 rationabilis
2815 368 2986 426 factus
3026 375 3131 425 est.
3182 366 3320 424 Ante
3361 379 3582 424 eramus
3612 366 3826 426 'similes

536 484 639 522 non
670 468 887 522 honorat
913 475 1110 538 patrem
1133 463 1313 538 (Deut.
1344 479 1498 518 xxvu
1523 505 1540 532 ,
1575 461 1697 534 16),
1729 462 2015 534 religiosus
2043 462 2132 532 qui

536 560 777 617 deserit?

611 656 732 712 156.
777 653 885 712 Sed
915 654 961 710 si
993 653 1340 710 advertamus
1367 651 1493 723 quia
1521 651 1696 721 prima
1725 665 1887 705 causa
1914 649 2135 721 religio-

532 747 649 815 nis,
682 747 916 804 secunda
950 746 1163 818 pietatis
1193 756 1277 802 est
1303 787 1317 813 ,
1347 754 1373 783 α
1407 745 1637 801 enodem
1668 745 1834 801 etiam
1865 743 2004 800 hanc
2034 759 2138 800 aes-

537 838 852 896 timabimus
879 841 1236 910 quaestionem
1261 854 1275 903 ;
1305 845 1522 908 oportet
1552 835 1697 892 enim
1728 844 1788 891 ut
1811 835 2007 890 divinis
2039 836 2140 892 hu-
2181 897 2186 900 _

536 949 694 990 mana
727 933 1073 1006 posthabeas.
1102 932 1237 988 Nam
1271 933 1314 987 si
1344 931 1585 988 oflicium
1629 930 1945 1002 parentibus
1987 928 2142 986 exhi-

535 1026 772 1084 bendum
812 1035 935 1093 est,
968 1033 1170 1098 quanto
1212 1024 1383 1096 magis
1429 1024 1637 1080 auctori
1685 1031 2008 1092 parentum,
2052 1021 2140 1078 cui

538 1122 767 1193 gratiam
799 1123 963 1176 etiam
1006 1134 1104 1189 pro
1133 1118 1448 1188 parentibus
1481 1117 1588 1171 tuis
1625 1115 1824 1172 debes!
1853 1118 1961 1170 Aut
1987 1114 2033 1169 si
2061 1115 2140 1170 illi

537 1213 764 1270 omnino
789 1227 898 1268 non
922 1218 1321 1283 recognoscunt
1341 1219 1618 1282 parentem
1640 1251 1654 1275 ,
1683 1209 2140 1280 quemadmodum

539 1316 598 1363 tu
628 1305 1033 1377 recognoscas?
1070 1304 1185 1361 Non
1222 1305 1382 1376 igitur
1405 1303 1538 1359 dicit
1567 1301 1988 1360 renuntiandum
2019 1317 2142 1358 esse

541 1399 857 1471 pignoribus
881 1439 897 1465 ,
929 1398 1024 1454 sed
1066 1398 1235 1453 Deum
1273 1396 1528 1453 omnibus
1571 1395 1988 1466 praeferendum.
2035 1395 2140 1451 De-

541 1493 706 1563 nique
732 1491 904 1548 habes
931 1490 985 1546 in
1016 1491 1125 1546 alio
1153 1490 1329 1546 libro:
1366 1490 1465 1557 Qui
1490 1489 1662 1563 diligit
1688 1499 1888 1559 patrem
1915 1497 2002 1542 aut
2031 1503 2143 1542 ma-

541 1595 670 1641 trem
699 1586 817 1655 plus
844 1601 998 1656 quam
1025 1600 1104 1639 me
1121 1625 1136 1651 ,
1169 1601 1270 1638 non
1291 1592 1366 1638 est
1386 1599 1466 1636 me
1485 1582 1671 1654 dignus
1693 1581 1914 1655 (Matth.
1939 1598 1971 1636 κ
1989 1623 2002 1646 ,
2025 1580 2139 1652 57).

540 1679 658 1736 Non
690 1677 919 1750 diligere
945 1687 1203 1750 parentes
1223 1719 1236 1744 ,
1269 1676 1365 1732 sed
1396 1691 1492 1732 eos
1527 1676 1638 1731 Deo
1667 1675 1924 1744 praeferre
1956 1673 2141 1744 prohi-

2236 465 2529 521 bestiaruin
2561 479 2682 534 qua:
2711 463 2979 518 rationem
3003 459 3288 525 nesciunt,
3316 475 3535 516 eramus
3557 462 3822 529 carnales,

2237 574 2454 614 eramus
2487 557 2687 614 terreni
2713 556 2864 626 juxta
2897 555 3046 610 illam
3075 543 3398 610 sententiam
3425 573 3441 610 :
3475 553 3636 608 Terra
3665 570 3745 620 es,
3785 564 3826 610 et

2237 654 2292 707 in
2320 663 2508 707 terram
2536 652 2633 705 ibis
2673 648 2824 722 (Gen.
2856 665 2953 716 ιιι,
2983 645 3098 719 19).
3129 645 3292 703 Venit
3318 646 3414 702 Dei
3455 646 3664 713 Filius,
3690 647 3827 703 misit

2241 743 2498 815 Spiritum
2529 756 2685 798 suum
2717 741 2768 795 in
2798 739 2961 796 corda
2995 747 3213 806 nostra;
3240 737 3365 794 facti
3390 751 3580 795 sumus
3609 737 3702 793 lilii
3728 737 3826 809 spi-

2240 836 2486 892 rituales.

2317 951 2443 1008 140.
2484 951 2779 1006 Possumus
2824 947 3006 1005 dicere
3033 945 3154 1018 quia
3187 945 3240 1002 in
3273 945 3374 1000 hac
3401 945 3566 1002 domo
3594 952 3716 1000 sunt
3745 944 3827 1001 alii

2242 1045 2510 1118 quinque,
2541 1043 2595 1100 id
2625 1052 2746 1109 est,
2774 1041 2941 1108 odor,
2971 1048 3144 1096 tactus
3168 1081 3183 1107 ,
3213 1047 3435 1110 gustus,
3465 1037 3616 1094 visus
3639 1078 3653 1105 ,
3681 1036 3826 1093 audi-

2244 1149 2348 1196 tus.
2379 1139 2524 1210 Ergo
2549 1139 2594 1194 si
2625 1136 2920 1194 secundum
2949 1150 3012 1189 ea
3038 1151 3156 1207 qua:
3177 1131 3430 1188 audimus
3460 1122 3552 1188 aut
3579 1131 3826 1203 legimus,

2243 1243 2492 1304 separato
2545 1247 2708 1289 sensu
2755 1232 2902 1288 visus
2961 1241 3122 1304 atque
3182 1231 3435 1298 auditus,
3493 1225 3830 1284 excludamus

2243 1324 2546 1396 superﬂuas
2581 1323 2824 1392 corporis
2871 1325 3174 1392 voluptates
3200 1363 3217 1390 ,
3260 1339 3382 1394 qua:
3425 1329 3588 1392 gustu
3615 1360 3629 1384 ,
3671 1329 3834 1375 tactu-

2242 1434 2348 1488 que
2374 1460 2388 1485 ,
2420 1427 2476 1473 et
2504 1417 2672 1473 odore
2703 1417 3004 1488 pariuntur,
3036 1415 3175 1470 duos
3199 1415 3250 1470 in
3286 1423 3397 1471 tres
3423 1413 3743 1477 dividimus,
3772 1425 3832 1468 eo

2244 1513 2389 1583 quod
2433 1511 2629 1569 mentis
2675 1511 2890 1566 habitus
2931 1511 3182 1566 vitiorum
3225 1524 3331 1565 non
3373 1508 3620 1578 capiatur
3663 1507 3833 1563 illece-

2247 1606 2387 1674 bris,
2417 1604 2513 1661 sed
2540 1605 2888 1660 aemulatione
2911 1604 3127 1660 virtutis
3155 1619 3182 1656 a
3207 1601 3491 1659 lenociniis
3520 1616 3580 1656 se
3605 1600 3833 1670 volupta-

2246 1699 2316 1754 tis
2358 1698 2624 1753 abducat:
2654 1706 2708 1754 et
2737 1712 2806 1752 ne
2837 1697 2929 1751 fiat
2957 1696 3195 1751 omnium
3225 1711 3328 1750 una
3356 1693 3646 1751 consensio
3667 1731 3683 1760 ,
3722 1707 3832 1763 qua:

543 1773 721 1839 beris;
744 1771 944 1828 etenim
969 1781 1179 1827 naturae
1205 1769 1428 1841 pignora
1455 1768 1667 1824 Domini
1697 1765 1954 1824 beneficia
1981 1773 2138 1821 sunt:

2259 1791 2547 1862 praecipitet
2592 1790 2645 1845 in
2695 1805 2936 1853 errorem
2968 1831 2983 1856 ,
3025 1788 3119 1845 sed
3163 1786 3454 1844 dividendo
3491 1802 3553 1843 se
3595 1794 3831 1858 separent

547 1881 650 1921 nec
678 1865 962 1937 quisquam
990 1864 1155 1920 debet
1178 1862 1300 1934 plus
1325 1876 1508 1916 amare
1541 1858 1861 1917 beneficium
1887 1856 2033 1930 quod
2054 1872 2138 1913 ac-

546 1956 725 2028 cepit,
754 1972 914 2028 quam
961 1955 1131 2012 Deum
1163 1971 1192 2010 a
1239 1969 1346 2027 quo
1392 1953 1715 2010 beneficium
1757 1963 2010 2009 servatur
2055 1966 2147 2007 ac-

547 2060 786 2121 ceptum.
833 2049 976 2121 Ergo
1012 2051 1182 2105 etiam
1207 2047 1504 2105 secundum
1555 2047 1789 2103 litteram
1820 2046 1907 2114 pie
1938 2045 2144 2101 intelli-

547 2143 798 2215 gentibus
822 2142 1096 2212 expositio
1121 2141 1371 2212 religiosa
1397 2157 1504 2196 non
1529 2139 1719 2207 deest;
1751 2141 1938 2196 subest
1966 2149 2145 2194 tamen

547 2249 657 2306 quo
699 2234 865 2290 altius
891 2233 1234 2290 referendum
1267 2241 1514 2304 putemus
1539 2230 1688 2288 hunc
1718 2245 1939 2288 sensum
1966 2270 1982 2297 ,
2022 2230 2146 2299 quia

549 2326 763 2383 addidit
788 2343 802 2381 :

651 2416 846 2492 (ιδιά.)
891 2415 1062 2472 Erunt
1090 2433 1156 2473 ea:
1183 2416 1280 2472 hoc
1304 2417 1528 2489 quinque
1557 2415 1610 2471 in
1638 2415 1919 2471 domouna
1957 2413 2106 2470 divisi
2130 2454 2145 2481 ,

551 2523 653 2569 tres
678 2512 734 2566 in
763 2523 894 2568 auos
915 2553 930 2579 ,
960 2521 1005 2568 et
1029 2511 1134 2567 duo
1154 2511 1210 2566 in
1242 2521 1344 2568 tres
1369 2509 1685 2566 dividentur.

624 2611 748 2667 157.
791 2609 894 2678 Qui
937 2617 1064 2666 sunt
1103 2609 1247 2665 enim
1294 2609 1571 2681 quinque,
1600 2622 1723 2663 cum
1753 2621 1849 2662 sex
1887 2619 2151 2677 persona-

550 2720 670 2762 rum
718 2705 859 2760 facta
890 2704 1140 2760 videatur
1165 2703 1432 2774 subiectio
1454 2743 1471 2771 ,
1500 2702 1670 2774 patris
1705 2711 1762 2758 et
1799 2700 1892 2756 lilii
1915 2741 1930 2767 ,
1963 2698 2151 2756 matris

549 2806 607 2856 et
633 2797 758 2853 illita
781 2837 798 2864 ,
829 2812 1018 2854 socrus
1046 2806 1102 2853 et
1146 2797 1357 2852 nurus?
1389 2795 1726 2866 Quamquam
1754 2793 1944 2849 eadem
1979 2802 2152 2849 mater

547 2905 668 2960 qua:
694 2904 885 2944 socrus
910 2889 1081 2959 accipi
1109 2891 1320 2960 possit,
1353 2903 1475 2961 quae
1499 2890 1644 2946 enim
1689 2896 1862 2943 mater
1892 2895 1979 2944 est
2010 2886 2108 2941 filii
2133 2927 2147 2952 ,

550 2996 742 3038 socrus
771 2981 889 3051 ejus
918 2982 1104 3038 uxoris
1131 2993 1245 3048 est;
1280 2991 1336 3037 ut
1356 2982 1510 3053 juxta
1542 2983 1775 3038 litteram
1803 2997 2018 3053 quoque
2047 2997 2148 3036 nu-

552 3074 689 3130 meri
717 3089 823 3129 non
850 3072 1082 3129 absurda
1113 3073 1183 3128 sit
1213 3074 1350 3129 ratio
1372 3115 1385 3139 ,
1419 3072 1730 3145 liquidoque
1755 3073 1960 3128 elareat
1986 3071 2149 3128 fidem

552 3165 786 3222 vinculis
832 3179 1026 3221 nexam
1060 3180 1166 3220 non
1199 3179 1322 3222 esse
1369 3174 1577 3220 natura
1602 3206 1616 3230 ,
1652 3179 1760 3235 quo
1798 3164 1926 3220 licet
1971 3163 2151 3219 officio
2177 3167 2222 3230 C

553 3261 772 3332 pietatis
803 3261 1064 3330 obnoxii,
1096 3260 1202 3318 fide
1233 3272 1411 3317 tamen
1439 3259 1595 3316 liberi
1624 3268 1772 3316 sunt.

624 3355 750 3411 158.
790 3353 908 3410 Νοιι
955 3356 1310 3426 incongruum
1342 3369 1558 3426 quoque
1594 3352 1808 3408 videtur
1832 3353 1876 3410 si
1923 3353 2150 3426 mystica

551 3450 1009 3520 interpretatione
1030 3451 1332 3507 euodemus
1355 3450 1499 3506 hunc
1520 3465 1760 3505 sensum.
1788 3448 1990 3503 Domus
2012 3463 2115 3503 una
2132 3487 2150 3514 ,

555 3546 719 3602 homo
758 3562 898 3602 unus
943 3555 1049 3603 est.
1090 3546 1475 3618 Unusquisque
1505 3548 1648 3603 enim
1679 3547 1876 3603 domus
1921 3556 2013 3602 aut
2059 3548 2149 3604 Dei

554 3647 641 3696 est
660 3681 675 3704 ,
705 3647 800 3694 aut
823 3637 1046 3694 diaboli.
1077 3638 1263 3710 itaque
1291 3638 1485 3695 domus
1518 3638 1842 3710 spiritualis,
1880 3639 2043 3695 homo
2069 3649 2155 3697 est

551 3731 850 3804 spiritualis
871 3773 887 3797 ,
915 3731 1056 3788 sicut
1088 3733 1350 3789 habemus
1384 3732 1438 3788 in
1473 3733 1702 3803 epistola
1742 3733 1887 3788 Petri
1918 3751 1931 3788 :
1961 3732 2030 3788 Et
2066 3751 2152 3790 vos

550 3835 816 3899 tamquam
843 3825 1046 3896 lapides
1078 3827 1177 3882 vivi
1203 3826 1544 3896 ludiﬁcamini
1569 3827 1755 3880 domus
1780 3825 2068 3894 spiritualis
2098 3828 2152 3881 in

549 3921 896 3977 sacerdotium
924 3930 1157 3977 sanctum
1186 3920 1228 3993 (Ι
1252 3920 1370 3977 Pet.
1395 3937 1433 3976 ιι
1455 3962 1471 3989 ,
1497 3921 1580 3994 5).
1615 3921 1672 3978 1η
1706 3921 1807 3979 hac
1831 3938 1964 3994 ergo
1991 3923 2154 3979 domo

550 4017 661 4073 duo
699 4017 751 4072 in
781 4027 928 4084 tres,
960 4027 1070 4073 tres
1115 4016 1169 4072 in
1208 4015 1347 4072 duos
1384 4015 1720 4072 dividuntur.
1755 4016 1900 4072 Duos
1926 4017 2155 4086 legimus

551 4107 867 4177 frequenter
886 4108 1122 4162 animam
1147 4116 1200 4161 et
1220 4104 1420 4177 corpus
1442 4106 1656 4178 (Matth.
1682 4121 1806 4162 xvnt
1826 4149 1840 4174 ,
1861 4087 1976 4177 19).
1999 4106 2152 4175 Quod

550 4197 597 4253 si
628 4197 844 4254 duobus
874 4197 927 4252 in
952 4208 1094 4253 terra
1125 4198 1470 4265 convenerit,
1496 4198 1678 4253 ell‘ecit
1706 4205 1933 4270 utraque
1960 4215 2149 4254 unum.

553 4288 623 4345 Et
650 4287 778 4342 alibi
813 4305 828 4343 :
868 4285 1081 4359 Castigo
1123 4274 1311 4355 corpus
1357 4304 1525 4342 meum
1550 4329 1564 4353 ,
1607 4298 1655 4342 et
1701 4291 1932 4343 servituti
1975 4291 2154 4362 redigo

551 4379 596 4452 (Ι
625 4378 744 4436 Cor.
770 4395 861 4446 ιι,
898 4379 1018 4452 27).
1043 4379 1208 4436 Aliud
1229 4389 1312 4436 est
1338 4379 1479 4452 quod
1505 4381 1712 4448 servit,
1741 4381 1888 4437 aliud
1911 4383 1998 4439 cui
2027 4385 2155 4440 sub-

551 4472 764 4545 jicitur.

629 4570 755 4626 159.
792 4569 849 4626 Si
875 4568 1012 4626 duos
1042 4569 1359 4641 agnovimus
1381 4610 1396 4636 ,
1426 4571 1589 4627 etiam
1614 4580 1724 4628 tres
1750 4585 2110 4641 agnoscamus
2135 4587 2150 4626 :
2177 4567 2231 4628 D

563 4659 778 4735 ιω
799 4662 941 4732 quod
972 4655 1213 4732 proclive
1238 4679 1304 4720 ex
1337 4663 1444 4719 illis
1470 4663 1683 4720 duobus
1713 4675 1796 4720 est
1824 4665 2150 4737 intelligere.

551 4752 690 4810 Tres
711 4754 856 4810 enim
883 4754 1079 4811 anima:
1100 4755 1154 4811 in
1172 4771 1406 4826 corpore
1429 4755 1744 4814 affectiones
1766 4769 1920 4814 sunt:
1946 4775 2047 4815 una
2073 4775 2157 4814 ra-

555 4845 856 4912 tionabilis,
871 4846 977 4902 alia
1000 4848 1464 4918 concupiscibilis,
1482 4847 1510 4888 ι)
1525 4851 1681 4906 tertia
1700 4851 2030 4922 impetibilis,
2053 4851 2157 4909 hoc

556 4947 664 5008 est,
688 4939 994 5014 λογιστικὸν,
1025 4940 1304 5015 ὀρεκτικὸν,
1334 4941 1779 5017 ὀργιστικὸν.Νοη
1808 4959 1939 5014 ergo
1966 4943 2074 5000 duo
2101 4946 2152 5000 in

555 5031 732 5089 duos:
761 5032 856 5089 sed
881 5033 996 5107 duo
1041 5033 1097 5089 in
1143 5044 1286 5100 tres,
1317 5045 1368 5091 et
1399 5046 1510 5091 tres
1541 5035 1592 5091 in
1633 5035 1770 5091 duos
1806 5035 2153 5105 dividentur;

555 5120 756 5184 etenim
787 5141 884 5198 per
909 5126 1200 5183 adventum
1231 5125 1436 5184 Christi
1465 5127 1630 5184 homo
1670 5129 1761 5201 qui
1789 5137 1911 5186 erat
1938 5130 2155 5186 irratio-

634 5299 660 5327 ιι
689 5287 812 5346 Vet.
852 5289 986 5346 edit.
1021 5305 1088 5346 ac
1126 5289 1288 5362 pauci
1334 5305 1503 5356 mss.,
1537 5291 1593 5344 in
1630 5291 1829 5346 eodem.
1876 5290 2155 5347 Mendose.

563 5368 726 5425 Rom.
747 5411 762 5435 ,
790 5372 1137 5426 enodandam.
1166 5371 1378 5428 Melius.
1405 5371 1623 5439 Optime
1668 5387 1799 5427 Vero
1837 5385 1967 5425 mss.
1999 5373 2163 5442 pleri-

563 5456 702 5514 que,
735 5443 950 5496 enodem
971 5483 984 5504 ,
1016 5443 1068 5497 id
1097 5455 1181 5498 εει
1204 5483 1219 5507 ,
1253 5444 1468 5498 facilem
1499 5452 1661 5513 atque
1691 5442 2022 5511 expeditam.

634 5519 662 5559 ι’
691 5521 906 5596 Amerb.
919 5564 931 5587 ,
947 5524 1094 5596 tertia
1106 5522 1538 5596 impenetrabilis.
1557 5523 1690 5596 Alia:
1703 5522 1832 5596 edit.
1847 5563 1860 5588 ,
1877 5522 2164 5596 irritabilis.

564 5590 664 5648 Iis.
697 5608 857 5655 unus,
879 5590 1232 5663 impossibilia,
1278 5593 1440 5658 alius,
1481 5594 1797 5664 impatibilis.
1823 5603 1880 5649 et
1917 5593 2002 5650 hic
2034 5595 2171 5650 forte

563 5664 897 5736 nonumale.
968 5664 1180 5734 Reliqui
1231 5672 1410 5720 tamen
1481 5680 1674 5736 magno
1723 5679 2024 5730 consensu,
2071 5665 2170 5718 im-

561 5732 812 5802 petibilis,
838 5734 942 5791 hoc
986 5743 1073 5792 est
1090 5732 1118 5802 ,'
1144 5750 1268 5806 qua:
1307 5735 1548 5806 impetit,
1576 5732 1708 5791 sive
1754 5737 1958 5808 impetu
2002 5736 2173 5792 fertur

2248 1882 2521 1941 desideria
2567 1881 2782 1949 cordis,
2809 1891 2863 1938 et
2891 1880 3066 1937 officia
3095 1880 3333 1936 virtutis.
3376 1878 3487 1935 Aut
3515 1881 3560 1934 si
3606 1879 3830 1950 quinque

2251 1991 2446 2033 sensus
2477 1976 2775 2047 accipimus
2813 1974 3124 2044 corporales
3147 2014 3162 2039 ,
3193 1973 3318 2027 vitia
3351 1972 3466 2042 jam
3505 1971 3745 2042 corpbris
3785 1977 3833 2025 et

2251 2061 2472 2142 peccata
2502 2085 2562 2125 se
2607 2079 2880 2140 separant.
2915 2067 2984 2124 Et
3026 2055 3520 2138 fortasse'quinqne
3551 2073 3678 2121 sunt
3709 2078 3830 2135 quos

2249 2163 2446 2219 fratres
2476 2177 2604 2219 suos
2629 2162 2722 2219 ille
2753 2162 2805 2216 in
2835 2160 3129 2233 Evangelio
3151 2161 3302 2216 dives
3327 2159 3638 2215 luxuriosus
3662 2159 3830 2229 appel-

2252 2257 2326 2312 lat
2361 2256 2514 2329 (Luc.
2541 2271 2634 2311 xvi
2656 2296 2672 2323 ,
2696 2255 2790 2328 28)
2811 2298 2825 2323 ,
2859 2259 2950 2327 qui
2990 2253 3219 2310 cruciari
3246 2253 3574 2310 describitur
3595 2251 3729 2323 apud
3757 2253 3832 2306 in-

2251 2350 2401 2409 feros
2424 2393 2440 2418 ,
2470 2351 2667 2422 quibus
2695 2349 2939 2405 mandari
2967 2356 3121 2420 rogat
3151 2358 3209 2403 ut
3236 2347 3490 2404 noverint
3519 2347 3571 2401 in
3605 2346 3703 2402 hoc
3740 2361 3832 2401 ste-

2252 2446 2376 2502 cnlo
2406 2444 2628 2501 delicias
2655 2443 2981 2500 abdicandas
3004 2485 3019 2509 ,
3051 2452 3107 2498 ut
3136 2445 3348 2514 possint
3377 2441 3611 2514 requiem
3639 2439 3831 2495 habere

2254 2548 2377 2611 post
2405 2539 2661 2596 saeculum
2679 2579 2692 2604 ,
2725 2537 2908 2594 studio
2937 2536 3176 2593 virtutis.

2352 2656 2474 2712 141.
2519 2653 2752 2710 Possunt
2791 2652 2955 2709 etiam
3000 2650 3108 2723 (Cf.
3155 2650 3290 2725 Aug.
3342 2650 3433 2706 lib.
3460 2665 3499 2704 ιι
3526 2657 3700 2703 contra
3724 2643 3827 2699 Jul.

2253 2748 2439 2822 Pelag.
2460 2789 2474 2814 ,
2505 2763 2619 2818 cap.
2648 2745 2704 2818 ὅ)
2737 2744 2908 2801 videri
2946 2759 3075 2801 caro
3118 2753 3280 2816 atque
3321 2743 3500 2797 anima
3544 2741 3612 2796 ab
3637 2739 3792 2796 odore
3812 2776 3826 2804 ,

2257 2851 2434 2907 tactu,
2465 2848 2734 2913 gustuque
2762 2837 2991 2894 luxuria:
3034 2847 3284 2909 separata
3305 2878 3321 2901 ,
3355 2837 3408 2892 in
3457 2851 3562 2891 una
3591 2835 3742 2891 domo
3777 2846 3830 2887 se

2254 2936 2517 2992 adversus
2544 2933 2880 2990 incursantia
2904 2933 3034 2987 vitia
3063 2930 3400 2997 dividentes,
3430 2945 3561 2986 caro
3588 2938 3641 2984 et
3668 2927 3829 2982 anima

2254 3030 2603 3102 subjicientes
2631 3045 2692 3087 se
2729 3029 2833 3101 legi
2865 3029 2998 3096 Dei,
3033 3037 3088 3084 et
3132 3038 3478 3083 removentes
3507 3042 3537 3081 a
3557 3040 3560 3044 '
3583 3026 3696 3096 lege
3724 3038 3832 3095 pec-

2254 3126 2358 3179 cati
2395 3143 2408 3177 :
2451 3139 2681 3194 quorum
2727 3122 2856 3179 licet
2898 3122 3167 3177 dissensio
3211 3136 3304 3191 per
3350 3119 3829 3192 praavaricationem

2257 3215 2415 3286 primi
2444 3214 2678 3270 hominis
2699 3214 2752 3270 in
2785 3223 3030 3270 naturam
3054 3228 3114 3270 se
3133 3213 3402 3281 verterit;
3432 3222 3494 3268 ut
3515 3225 3829 3283 nequaquam

2255 3311 2357 3366 sibi
2390 3310 2610 3380 paribus
2638 3311 2703 3365 ad
2735 3310 2992 3365 virtutem
3021 3309 3217 3365 studiis
3243 3309 3642 3374 convenirent;
3670 3316 3830 3362 tamen

2257 3419 2351 3475 per
2377 3419 2592 3460 crucem
2625 3403 2837 3459 Domini
2865 3403 3161 3459 Salvatoris
3190 3411 3296 3458 tam
3326 3402 3628 3458 inimicitiis
3648 3443 3663 3466 ,
3687 3413 3831 3470 quam

2255 3498 2417 3553 etiam
2450 3495 2826 3552 mandatorum
2857 3496 2977 3567 lege
3001 3496 3242 3552 vacuatis
3273 3507 3294 3535 ο
3329 3493 3381 3550 in
3415 3493 3690 3551 societatis
3713 3507 3832 3548 con-

2255 3590 2498 3646 cordiam
2539 3597 2939 3661 congruerunt,
2979 3599 3329 3660 posteaquam
3362 3586 3604 3642 Christus
3649 3603 3675 3640 c
3722 3584 3832 3639 ccelo

2255 3699 2358 3755 pax
2384 3692 2559 3737 nostra
2585 3683 2928 3752 descendens,
2955 3683 3076 3753 fecit
3103 3691 3317 3752 utraque
3338 3697 3497 3735 unum
3515 3724 3530 3749 ,
3561 3689 3607 3733 et
3632 3677 3833 3733 medium

2255 3776 2500 3845 parietem
2547 3777 2784 3831 maceria:
2809 3777 2959 3830 solvit
2980 3817 2994 3841 ,
3031 3775 3326 3830 inimicitias
3354 3773 3408 3828 in
3435 3789 3592 3827 carne
3616 3789 3706 3826 sua
3739 3770 3835 3840 lege

2256 3871 2620 3925 mandatorum
2668 3871 2721 3924 in
2764 3870 2981 3925 decretis
3033 3885 3320 3936 euacuans;
3348 3879 3404 3923 ut
3443 3869 3575 3924 duos
3616 3868 3832 3922 conderet

2253 3963 2309 4018 in
2356 3980 2461 4019 uno
2493 3980 2622 4019 novo
2663 3964 2870 4018 homine
2914 3964 3109 4033 faciens
3152 3979 3364 4035 pacem,
3406 3973 3454 4016 et
3504 3961 3832 4017 reconciliaret

2256 4072 2497 4132 utrosque
2517 4061 2571 4114 in
2599 4075 2701 4113 uno
2731 4074 2944 4130 corpore
2974 4056 3084 4112 Deo
3120 4057 3350 4128 (Ep/tes.
3375 4073 3444 4123 ιι,
3481 4055 3696 4124 1146).
3720 4052 3834 4121 Quis

2256 4163 2337 4208 est
2369 4141 2621 4223 uterque,
2658 4150 2760 4206 nisi
2787 4167 2924 4205 unus
2955 4150 3210 4216 interior,
3240 4150 3376 4205 alter
3403 4149 3674 4204 exterior?
3699 4147 3832 4204 Alter

2255 4245 2451 4300 animae
2492 4253 2700 4315 Spectat
2730 4246 3000 4316 vigorem,
3029 4243 3256 4298 alterum
3291 4242 3460 4298 refert
3504 4241 3574 4297 ad
3609 4239 3832 4312 corporis

2257 4354 2477 4396 sensum
2503 4358 2518 4408 ;
2547 4337 2572 4376 ἀ
2606 4356 2930 4412 quamquam
2957 4339 3008 4394 in
3040 4354 3099 4395 se
3125 4337 3446 4410 separabilis
3473 4336 3697 4394 aﬂ‘ectns
3723 4349 3832 4390 con-

2255 4433 2552 4504 spiratione
2581 4432 2953 4498 concordent,
2995 4446 3117 4487 cum
3147 4445 3276 4486 caro
3315 4428 3561 4497 subiecta
3607 4426 3830 4496 meliori,

2255 4525 2584 4581 salutaribus
2631 4526 2815 4582 obedit
2856 4526 3140 4596 imperiis:
3177 4538 3283 4580 non
3314 4523 3459 4594 quod
3509 4525 3563 4579 in
3613 4533 3832 4577 naturam

2257 4621 2452 4675 animus
2479 4619 2778 4675 subtilitate
2823 4617 3068 4675 materia:
3112 4615 3380 4672 transfusa
3423 4615 3724 4687 demigret,
3752 4609 3832 4667 sed

2256 4713 2382 4784 quia
2412 4712 2621 4768 deliciis
2650 4711 2915 4769 abdicatis
2937 4752 2953 4779 ,
2980 4711 3050 4766 ab
3076 4710 3224 4766 omni
3252 4710 3514 4766 defaecata
3543 4709 3662 4764 labe
3698 4706 3834 4762 vitio-

2258 4821 2376 4862 rum
2403 4847 2418 4872 ,
2458 4805 2697 4862 caele-stis
2742 4803 3172 4860 conversationis
3220 4802 3493 4859 tramitem
3532 4799 3832 4856 obedientize

2258 4898 2546 4954 affectione
2585 4896 2899 4969 gradiatur:
2927 4895 3038 4968 jam
3087 4911 3194 4951 non
3223 4905 3283 4950 ut
3307 4902 3468 4950 antea
3510 4893 3616 4965 legi
3660 4889 3828 4947 mentis

2263 5006 2572 5062 repugnans
2595 5033 2611 5059 ,
2645 4990 2738 5047 sed
2777 5006 2872 5060 per
2903 4991 3078 5061 legem
3119 4991 3318 5046 mentis
3356 4999 3411 5045 et
3457 4989 3700 5058 spiritum
3729 4985 3828 5039 vitae

2265 5087 2489 5143 liberata
2515 5101 2544 5141 a
2571 5086 2690 5158 lege
2716 5085 2953 5157 peccati;
2985 5095 3042 5142 ut
3059 5085 3254 5140 anima:
3278 5083 3529 5156 carogliat
3553 5079 3827 5154 appendix,

2269 5295 2320 5350 in
2351 5294 2640 5351 obstantia.

2347 5388 2368 5416 ε
2411 5376 2570 5432 Rom.
2604 5376 2737 5432 edit.
2757 5416 2772 5440 ,
2801 5375 2856 5430 in
2884 5375 3146 5432 societatis
3173 5374 3505 5430 concordiam
3545 5375 3829 5453 coaluerunt.

2343 5455 2371 5493 ἀ
2401 5459 2603 5512 Omnes
2633 5455 2764 5510 edit.
2788 5470 2912 5511 cum
2947 5467 3096 5527 parte
3126 5470 3257 5511 mss.
3281 5497 3296 5522 ,
3325 5473 3634 5526 quamquam
3662 5459 3832 5522 insepa-

2271 5529 2469 5600 rabilis.
2498 5528 2664 5597 Magis
2693 5529 2827 5600 scite
2849 5527 2974 5594 alii,
3002 5537 3061 5583 ut
3090 5529 3140 5600 in
3187 5537 3375 5600 textu;
3409 5529 3514 5584 nisi
3556 5529 3691 5600 quod
3721 5539 3830 5580 unus

2273 5599 2783 5741 gagelﬁuamquam
2804 5599 2858 5654 in
2878 5615 2932 5656 se
2947 5599 3152 5670 parilis;
3174 5599 3310 5655 alter
3323 5601 3379 5654 in
3395 5617 3451 5656 sc
3473 5598 3628 5672 parit.
3648 5598 3833 5656 Utrum-

2314 5689 2343 5725 u
2404 5686 2458 5728 ιιι
2517 5686 2570 5727 e.

2314 5686 2380 5728 ue
2404 5686 2570 5728 male.
