3920 6318
463 279 472 287 .
524 235 664 295 1759

1855 227 2107 292 SANCTI
2142 229 2472 304 AMBROSII
2541 273 2544 276 .

3687 241 3818 300 1710

597 349 778 422 (Vers.
808 347 900 415 58,
927 345 1044 420 59.)
1073 345 1209 401 Dum
1259 343 1402 399 vadis
1427 359 1545 398 cum
1586 343 1885 398 adversario
1937 356 2023 399 tuo
2054 346 2120 398 ad
2149 351 2202 416 Α
2228 365 2296 403 ne
2320 349 2447 404 dum
2480 348 2621 404 imus
2646 361 2767 404 eum
2790 348 3101 406 adversario
3129 349 3193 406 ad
3223 347 3631 422 magistratum,
3663 351 3716 407 in
3746 357 3821 410 via

529 446 910 517 magistratum,
962 445 1017 496 in
1071 444 1154 497 uia
1200 441 1267 494 da
1313 455 1521 512 operam
1563 439 1774 493 liberari
1802 438 1865 492 ab
1897 439 2026 504 illo;
2068 455 2130 492 ne

532 543 666 609 forte
695 535 998 591 condemnet
1039 543 1087 587 te
1141 534 1284 604 apud
1304 532 1560 602 judicent,
1605 540 1651 585 et
1691 529 1852 596 iudex
1876 529 2045 584 tradat
2083 539 2130 584 te

532 628 759 684 στασιονὲ
778 669 794 694 ,
841 636 887 680 et
931 635 1138 681 exactor
1159 626 1330 680 mittat
1357 633 1404 678 te
1431 625 1486 678 in
1517 637 1794 678 carcerem.
1840 621 1970 676 Dico
2001 621 2091 675 tibi
2114 662 2129 684 ,

533 740 636 777 non
667 723 806 776 exies
843 720 964 774 inde
1010 719 1172 775 donec
1217 720 1372 775 etiam
1414 719 1749 772 novissimum
1791 715 2132 788 quadrantem

531 814 748 870 reddas.

606 910 731 964 149.
758 907 889 964 Hoc
917 908 1080 963 etiam
1114 907 1401 962 Matthaeus
1428 905 1612 978 posuit
1642 903 1860 977 (Matth.
1887 905 1952 966 ν,
1981 899 2082 972 25)
2118 918 2131 953 :

533 1002 630 1059 sed
676 1003 768 1057 ille
794 1001 1130 1070 specialiter,
1172 1001 1275 1055 iste
1321 999 1693 1070 generaliter:
1742 997 1834 1052 ille
1880 995 2024 1052 enim
2067 994 2136 1050 de

532 1094 931 1151 reconcilianda
955 1092 1478 1165 pacedissidentium
1496 1091 1722 1152 fratrum
1745 1089 1947 1145 dictttm
1979 1095 2135 1158 puta-

529 1189 610 1244 vit
634 1208 645 1242 :
679 1188 767 1244 hie
782 1188 850 1243 de
877 1187 1216 1259 poenitentia,
1247 1196 1302 1241 et
1321 1187 1501 1241 omnis
1521 1185 1902 1241 emendatione
1928 1181 2132 1239 delicti.

535 1280 898 1334 Discutiamus
937 1279 1096 1350 igitur
1119 1279 1212 1349 qui
1241 1277 1312 1334 sit
1336 1277 1702 1344 adversorius,
1735 1276 1827 1347 qui
1855 1276 2140 1347 magistra-

535 1379 642 1438 tus,
675 1371 765 1441 qui
791 1370 977 1441 judex,
1011 1371 1171 1441 quive
1197 1378 1441 1434 exactor,
1475 1383 1709 1440 quemve
1740 1377 1993 1439 putemus
2017 1379 2140 1422 esse

535 1463 913 1534 quadrantem,
946 1478 1107 1534 quem
1150 1462 1254 1518 nisi
1306 1463 1428 1533 quis
1457 1461 1772 1530 exsolverit,
1807 1461 2055 1516 mittatur
2084 1459 2138 1514 in

535 1570 837 1613 carcerem.

607 1648 732 1704 150.
777 1647 1019 1718 Etjusta
1043 1648 1358 1703 Matthaaum
1381 1646 1599 1718 quidem
1642 1645 1991 1702 adversarius
2033 1651 2139 1710 est,

2232 453 2476 497 nostrum
2500 442 2826 499 condemnet
2853 459 3117 501 errorem.

2306 535 2429 589 155.
2472 533 2600 589 Ideo
2645 543 2700 589 et
2738 535 3024 606 Matthaaus
3053 537 3129 590 ait
3157 553 3168 588 :
3202 533 3330 590 Esto
3377 540 3701 596 consentiens
3731 538 3822 592 ad-

2232 629 2458 682 versario
2489 637 2580 682 tuo
2604 630 2727 683 dum
2778 647 2830 684 es
2875 647 2993 683 cum
3034 631 3128 684 illo
3169 630 3220 684 in
3247 632 3326 684 via
3352 613 3575 703 (Matth.
3605 647 3658 696 v,
3690 631 3782 702 25)
3810 651 3822 686 :

2233 725 2438 782 εὐνοέων
2467 734 2644 780 autem
2677 724 2900 787 Graecus
2931 726 3106 793 dixit,
3139 727 3241 782 hoc
3273 738 3357 782 est
3377 726 3745 796 benevolens;
3786 729 3826 783 si

2235 819 2380 872 enim
2407 817 2534 876 dum
2558 835 2745 874 sumus
2775 821 2828 876 in
2863 821 2964 882 hac
2992 824 3120 888 vita,
3152 823 3500 880 exsolvamus
3531 838 3632 880 nos
3669 839 3699 878 a
3719 824 3828 880 vin-

2236 909 2374 964 culis
2403 910 2638 979 diaholi,
2693 927 2817 969 nec.
2847 912 2938 968 ille
2985 926 3209 984 prOpter
3241 929 3340 972 nos
3381 914 3753 981 damnabitur,
3780 925 3828 972 et

2238 1014 2338 1055 nos
2359 1017 2385 1052 a
2420 1001 2648 1056 vinculis
2671 1001 2789 1073 ejus
2803 1004 3002 1059 erimus
3027 1005 3211 1062 alieni.
3235 1003 3395 1063 Unde
3416 1016 3472 1062 et
3501 1021 3599 1077 pro
3617 1009 3827 1078 Assyrio

2239 1093 2482 1162 psalmus
2531 1092 2844 1150 inscribitur
2894 1096 3328 1167 septuagesimus
3390 1098 3632 1169 quintus.
3665 1082 3830 1153 Bene

2239 1200 2369 1256 ergo
2393 1186 2630 1242 consulis
2655 1186 2987 1253 adversario,
3020 1198 3072 1243 et
3105 1205 3201 1260 pro
3233 1188 3320 1246 ills
3365 1191 3604 1261 Atsyrio,
3629 1187 3731 1244 hoc
3756 1197 3830 1244 est

2240 1289 2398 1341 vano,
2433 1279 2570 1334 bene
2601 1277 2753 1344 facis,
2781 1279 2827 1335 si
2855 1280 2974 1349 ejus
3005 1280 3210 1351 laqueis
3237 1291 3434 1337 exutus
3465 1280 3831 1352 praesteshanc

2241 1366 2705 1434 benevolentiam;
2736 1379 2864 1425 utet
2892 1385 3104 1442 poenam
3139 1370 3696 1440 tuilapsusetmortis
3716 1387 3830 1428 eva-

2242 1459 2354 1516 dat.
2388 1460 2543 1529 Quod
2575 1462 2622 1517 si
2648 1461 2879 1519 vinculis
2925 1463 3043 1534 ejus
3091 1464 3382 1530 inhzereas,
3417 1465 3596 1520 tradet
3627 1474 3676 1519 te
3711 1475 3832 1519 tam-

2243 1570 2402 1625 quam
2429 1571 2577 1612 reum
2604 1557 2961 1627 magistratui,
2990 1558 3130 1614 idem
3159 1568 3445 1616 accusator
3494 1568 3552 1616 et
3580 1559 3828 1628 proditor.

2319 1644 2443 1702 154.
2483 1647 2612 1715 Quis
2642 1657 2724 1703 est
2757 1649 3123 1720 magistratus,
3173 1651 3282 1707 nisi
3330 1667 3502 1723 penes
3533 1667 3691 1722 quem
3722 1668 3829 1707 om-

539 1761 663 1800 cum
691 1759 800 1814 quo
825 1743 1052 1800 minime
1079 1745 1174 1800 tibi
1201 1745 1253 1799 in
1282 1745 1383 1798 hac
1408 1745 1517 1798 vita
1533 1745 1857 1798 convenisse
1875 1742 2140 1808 videatur,
2174 1737 2222 1808 B
2252 1741 2336 1794 nis
2377 1749 2618 1811 potestas
2665 1752 2768 1806 est.
2819 1744 2983 1814 etqui
3020 1745 3165 1816 pleni
3220 1755 3275 1801 et
3328 1745 3555 1814 perfecti
3588 1747 3832 1817 temporis

533 1837 628 1908 qui
681 1838 822 1906 apud
872 1837 1109 1908 judicem
1161 1838 1402 1892 futurum
1436 1837 1682 1892 vivormn
1711 1835 1941 1910 1M7
1980 1845 2142 1907 atque

537 1939 874 1984 mortuorum
905 1931 1172 1986 manentis
1202 1931 1490 1986 simultatis
1513 1941 1566 1986 te
1592 1933 1821 1986 crimine
1848 1945 2147 2002 persequa-

537 2039 624 2083 tur
651 2046 664 2080 :
695 2030 846 2096 juxta
869 2027 1068 2080 Lucam
1097 2037 1277 2080 autem
1310 2035 1391 2081 est
1421 2025 1770 2081 adversarius
1817 2036 2004 2082 noster
2052 2027 2146 2082 ille

535 2119 829 2190 praecipue,
845 2119 935 2188 qui
963 2117 1098 2172 serit
1120 2117 1404 2172 illecebras
1421 2117 1744 2172 delictorum
1767 2132 1780 2181 ;
1809 2127 1865 2171 ut
1884 2116 2147 2172 habeatin

535 2209 805 2280 supplicio
829 2203 1136 2278 participes,
1163 2223 1298 2278 quos
1322 2207 1507 2262 habuit
1531 2208 1583 2262 in
1612 2224 1800 2263 errore
1831 2221 2148 2265 consortes:

538 2311 701 2374 atque
724 2302 844 2356 ideo
865 2301 1042 2356 socios
1064 2302 1262 2370 quaerit
1287 2299 1354 2354 ad
1381 2299 1594 2368 culpam
1614 2316 1627 2364 ;
1651 2307 1709 2354 ut
1736 2300 2005 2354 obnoxios
2028 2305 2153 2370 pro-

537 2395 630 2450 dat
651 2393 718 2448 ad
746 2407 982 2463 pmuam.
1011 2392 1182 2460 Quem
1213 2390 1368 2446 nobis
1387 2391 1688 2447 cavendum
1719 2392 1909 2446 Petrus
1935 2401 2154 2463 aposto-

542 2488 628 2543 lus
656 2495 844 2543 monet
885 2485 1108 2542 dicens:
1161 2485 1504 2540 Adversarius
1533 2495 1697 2540 vester
1738 2485 1976 2541 diabolus
2020 2495 2154 2540 tam-

540 2598 697 2654 quam
756 2570 858 2635 leo'
890 2581 1098 2650 rapiens
1151 2589 1200 2635 et
1244 2580 1455 2651 rugiens
1504 2579 1692 2648 quarit
1744 2594 1895 2648 quem
1951 2578 2154 2634 devoret

545 2674 592 2745 (l
628 2673 773 2727 Petr.
804 2689 832 2725 v
854 2713 867 2737 ,
887 2671 977 2742 8).

618 2767 743 2821 151.
796 2765 894 2820 Est
943 2773 998 2820 et
1043 2763 1390 2820 adversarius
1419 2772 1606 2819 noster
1626 2764 1777 2834 juxta
1838 2763 2152 2819 Matthmum

555 2860 736 2910 omnis
783 2855 998 2910 virtutis
1065 2870 1229 2919 usus,
1275 2863 1329 2908 et
1385 2857 1716 2923 apostolicus
1762 2862 1817 2910 et
1876 2855 2160 2925 pr0pheti-

543 2961 642 3004 cus
707 2962 931 3012 sermo,
990 2947 1082 3015 qui
1127 2960 1226 2999 nos
1289 2946 1356 3000 ad
1407 2947 1689 3016 asperiora
1739 2958 2006 3018 praecepta
2038 2989 2052 3013 ,
2102 2955 2156 3002 et

547 3039 786 3095 durioris
812 3039 936 3091 vita:
965 3037 1291 3092 documenta
1320 3038 1644 3107 constringit
1669 3056 1682 3090 :
1732 3039 1818 3092 cui
1848 3039 2156 3094 consentire

2248 1833 2536 1890 sublimem
2589 1835 2690 1890 sibi
2723 1835 2950 1890 vindicat
2984 1837 3336 1907 dignitatem?
3383 1837 3465 1894 Ad
3493 1854 3653 1907 quem
3683 1837 3833 1893 bono-

2248 1939 2368 1978 rum
2401 1940 2622 1995 Operum
2652 1925 2825 1982 fretus
2853 1927 3211 1992 conscientia,
3244 1944 3350 1982 non
3382 1927 3582 1984 timens
3600 1927 3834 1982 adversa-

2250 2020 2390 2071 rium
2419 2027 2636 2072 sanctus
2657 2017 2928 2088 Propheta
2959 2016 3179 2072 festinat
3212 2017 3402 2074 dicens
3429 2035 3443 2071 :
3481 2018 3653 2076 Sitivit
3679 2019 3832 2071 anima

2253 2125 2364 2162 mea
2392 2109 2460 2162 ad
2486 2109 2764 2163 Dominum
2787 2110 2955 2164 viuum
2982 2126 2999 2164 :
3026 2110 3232 2181 quando
3254 2111 3477 2177 veniam,
3507 2120 3553 2170 et
3594 2110 3830 2181 apparebo

2252 2209 2371 2255 ante
2398 2201 2581 2271 faciem
2609 2198 2706 2254 Dei
2734 2199 2906 2273 (Psal.
2939 2214 3026 2255 xu
3045 2241 3060 2264 ,
3083 2200 3193 2270 5)?
3225 2200 3325 2256 Hic
3341 2201 3484 2255 enim
3507 2203 3832 2272 magistratus

2256 2291 2430 2346 tradet
2457 2306 2608 2346 reum
2629 2291 2820 2360 judici,
2845 2292 2893 2345 ei
2917 2291 3125 2348 scilicet
3147 2293 3232 2347 cui
3257 2291 3509 2347 vivorum
3528 2302 3581 2347 et
3605 2303 3829 2348 mortuo-

2253 2397 2373 2437 rum
2402 2382 2591 2437 tribuit
2613 2391 2974 2453 potestatem:
3017 2392 3074 2439 et
3103 2384 3292 2439 tribuit
3315 2401 3412 2455 per
3443 2397 3703 2451 naturam,
3737 2401 3830 2440 nou

2252 2488 2352 2544 per
2381 2475 2647 2545 gratiam;
2685 2488 2789 2528 non
2837 2477 2982 2530 enim
3014 2473 3242 2548 1448
3278 2491 3438 2545 quant
3481 2490 3581 2530 non
3611 2475 3833 2529 habebat

2254 2568 2484 2638 accepit,
2535 2567 2629 2624 sed
2656 2581 2818 2640 quam
2846 2584 2910 2624 ex
2945 2570 3244 2624 substantia
3271 2567 3452 2624 Patris
3479 2585 3591 2625 cum
3619 2583 3832 2639 genera-

2255 2670 2428 2729 retur,
2458 2661 2774 2732 assumpsit.
2813 2661 2967 2717 Hunc
3012 2663 3386 2734 magistratum
3421 2663 3518 2719 tibi
3548 2673 3599 2717 et
3618 2661 3829 2734 judicent

2256 2765 2545 2816 monStrat,
2574 2757 2664 2822 qui
2712 2755 3033 2810 monstravit
3071 2764 3466 2823 accusatorem,
3521 2765 3576 2812 et
3623 2755 3832 2811 ostendit

2256 2847 2476 2916 quando
2504 2847 2574 2900 sit
2595 2847 2918 2902 revelandus
2943 2863 2956 2901 :
2981 2846 3050 2901 In
3075 2848 3179 2911 die,
3208 2848 3406 2920 inquit,
3452 2867 3556 2920 qua
3600 2848 3829 2923 judicabit

2261 2938 2402 2994 Deus
2429 2940 2634 2995 occulta
2679 2942 2946 2996 hominum
2986 2943 3269 2997 secundum
3323 2941 3662 3018 Evangelium
3685 2960 3830 2997 meum

2258 3052 2351 3105 per
2375 3035 2553 3090 Iesum
2573 3037 2836 3092 Christum
2861 3037 3144 3093 Dominum
3171 3051 3401 3094 nostrum
3429 3039 3608 3112 (Rom.
3640 3055 3695 3105 ll,
3726 3039 3826 3109 16).

545 3147 645 3188 nos
672 3130 953 3194 convenit,
979 3135 1038 3183 ut
1063 3144 1186 3183 eum
1216 3128 1473 3198 operibus
1500 3131 1848 3193 aemulemur;
1884 3145 1951 3185 ne
1972 3130 2152 3199 aliqua
2181 3128 2227 3192 C
2260 3129 2362 3185 Hic
2389 3130 2550 3200 igitur
2573 3142 2658 3186 est
2682 3131 2846 3201 judex
2863 3131 3023 3188 Jesus
3050 3131 3324 3198 Christus,
3348 3149 3444 3204 per
3469 3149 3626 3205 quem
3651 3132 3829 3188 occulta

548 3223 723 3280 nostri
747 3221 1090 3280 contumacia
1121 3221 1190 3276 ab
1215 3235 1282 3276 eo
1317 3220 1616 3277 descivisse
1646 3222 1956 3291 prodamur.
1993 3222 2155 3277 Juxta

550 3319 750 3375 Lucam
793 3326 980 3372 autem
1014 3331 1178 3372 nemo
1225 3315 1383 3370 nobis
1415 3317 1586 3386 magis
1617 3315 1964 3371 adversarius
1992 3332 2156 3385 quam

553 3418 739 3466 noster
775 3418 859 3464 est
897 3410 1103 3479 lapsus,
1128 3409 1216 3478 qui
1247 3422 1348 3463 nos
1378 3409 1502 3463 vitae
1536 3417 1739 3464 nostrae
1771 3418 1993 3465 accusat
2015 3410 2159 3465 indi-

551 3505 696 3559 eiis:
753 3518 862 3557 non
908 3503 1050 3572 quod
1097 3503 1459 3558 accusationis
1510 3504 1672 3559 ullius
1719 3503 1884 3574 judex
1947 3506 2158 3561 futurus

553 3606 761 3670 quaerat
781 3597 1042 3661 officium,
1075 3596 1170 3653 sed
1199 3597 1343 3667 quod
1385 3597 1525 3667 apud
1551 3600 1794 3654 omnium
1824 3601 2158 3669 cognitorem

555 3701 742 3747 noster
772 3704 871 3745 nos
899 3700 1054 3744 actus
1083 3698 1324 3754 accusat,
1349 3689 1478 3743 dum
1504 3691 1573 3744 ab
1603 3706 1702 3744 usu
1754 3691 1992 3760 virtutis,
2033 3708 2162 3763 apo-

554 3785 872 3855 stolicisque
904 3784 1189 3852 prmceptis
1216 3783 1489 3837 invenitur
1515 3782 1750 3838 alienus.

630 3878 754 3934 152.
799 3877 985 3948 Itaque
1000 3875 1344 3930 adversarius
1368 3875 1525 3930 nobis
1546 3876 1721 3931 omnis
1743 3878 1994 3934 vitiorum
2010 3892 2160 3944 usus,

555 3972 872 4028 adversaria
920 3969 1077 4025 nobis
1103 3969 1296 4035 libido,
1328 3969 1639 4024 adversaria
1692 3971 1939 4036 avaritia,
1973 3971 2166 4029 adver-

559 4065 704 4119 saria
759 4063 936 4117 omnis
991 4061 1335 4130 improbitas,
1399 4061 1712 4117 adversaria
1768 4063 1944 4118 omnis
1985 4065 2166 4135 iniqua

2259 3220 2684 3292 redarguuntur,
2722 3232 2747 3259 ⁸·
2775 3232 2828 3278 et
2860 3224 3089 3292 improbi
3114 3227 3296 3297 operis
3328 3241 3486 3296 paena
3518 3226 3795 3282 mandatur.

2331 3313 2454 3367 155.
2491 3313 2586 3369 Vis
2625 3315 2764 3370 scire
2813 3315 3088 3371 Christum
3132 3333 3254 3373 esse
3296 3317 3537 3388 jiidicem
3575 3319 3662 3389 qui
3689 3332 3828 3372 exac-

2260 3405 2365 3460 tori
2423 3404 2626 3471 tradit,
2669 3415 2725 3460 et
2781 3407 2834 3461 in
2876 3423 3151 3464 carcerem
3204 3408 3406 3462 mittit?
3462 3409 3636 3480 ipsum
3690 3408 3838 3464 inter-

2261 3512 2426 3566 roga,
2485 3499 2650 3552 immo
2697 3498 2872 3568 ipsum
2925 3499 3042 3570 lege
3094 3501 3146 3554 in
3206 3501 3500 3572 Evangelio
3547 3502 3834 3557 dicentem:

2266 3588 2452 3645 Tollite
2475 3600 2520 3644 et
2546 3593 2727 3646 mittite
2755 3595 2906 3647 illum
2946 3595 3000 3648 in
3024 3598 3256 3650 tenebras
3297 3597 3576 3652 exteriores
3617 3591 3832 3670 (Matth.

2262 3697 2409 3745 χιιι,
2446 3682 2564 3753 15).
2612 3683 2906 3740 Exactores
2956 3701 3172 3756 quoque
3203 3702 3332 3742 suos
3384 3687 3501 3760 ipse
3547 3687 3838 3744 monstravit

2264 3776 2370 3831 alio
2401 3778 2520 3831 loco
2548 3778 2634 3832 ubi
2663 3778 2792 3834 dicit
2822 3797 2836 3833 :
2875 3781 2965 3834 Sic
2993 3782 3089 3834 erit
3121 3783 3172 3834 in
3201 3785 3638 3839 consummatione
3663 3784 3837 3847 sa'culi,

2267 3871 2480 3924 exibunt
2501 3870 2706 3942 Angeli,
2732 3879 2780 3926 et
2801 3873 3293 3941 separabuntmalos
3318 3877 3380 3929 de
3401 3878 3571 3931 medio
3581 3881 3837 3950 justorum,

2268 3972 2314 4016 et
2344 3964 2541 4018 mittent
2572 3981 2661 4019 eos
2692 3966 2746 4018 in
2777 3966 3035 4020 caminum
3057 3967 3192 4038 ignis
3216 3983 3234 4021 :
3258 3967 3330 4021 ibi
3357 3970 3454 4023 erit
3485 3971 3634 4038 ﬂetus
3656 3980 3697 4025 et
3732 3967 3838 4022 stti-

2269 4055 2368 4108 dor
2393 4057 2622 4110 dentium
2648 4056 2866 4127 (Matth.
2899 4074 2989 4114 xm
3009 4101 3023 4126 ,
3051 4059 3121 4114 49
3155 4069 3200 4113 et
3227 4059 3346 4132 50).

563 4153 826 4223 cogitatio
852 4169 864 4204 :
895 4152 1130 4221 denique
1169 4151 1310 4206 mala
1337 4159 1422 4206 est
1451 4154 1809 4214 conscientia.
1843 4171 1966 4224 qua:
1996 4169 2097 4210 nos
2115 4163 2170 4210 et

566 4245 655 4300 hic
685 4243 873 4307 afﬁcit,
916 4253 973 4297 et
1018 4243 1072 4296 iu
1106 4241 1346 4296 futurum
1394 4243 1669 4296 accusabit
1697 4254 1752 4297 et
1782 4245 1997 4312 prodet,
2029 4246 2172 4300 sicut

565 4346 798 4394 testatur
825 4336 1119 4406 Apostolus
1147 4335 1768 4391 dicens:Testimonium
1795 4338 2040 4393 reddente
2066 4341 2174 4395 illis
2274 4334 2500 4388 nomine
2537 4333 2850 4390 intellectus
2895 4334 3193 4406 spirilttalis
3223 4353 3510 4394 arcanum.
3559 4339 3682 4394 Nam
3719 4337 3839 4393 sicut

562 4431 876 4488 conscientia
899 4428 1134 4493 illorum,
1169 4438 1218 4482 et
1247 4429 1464 4482 inuicem
1495 4428 1891 4498 cogitationibus
1911 4446 2173 4485 accustm-
2275 4426 2366 4498 qui
2414 4431 2673 4498 pecunias
2701 4430 2940 4496 solvunt,
2988 4429 3228 4485 debitum
3284 4432 3546 4501 reddunt,
3576 4449 3669 4490 nec
3713 4433 3838 4504 prius

565 4526 723 4590 tibus,
752 4534 842 4578 aut
862 4525 1017 4578 etiam
1047 4520 1438 4593 defendentibus
1464 4520 1654 4587 (Rom.
1688 4536 1757 4586 ιι,
1781 4519 1907 4592 15).
1950 4521 2104 4589 Quod
2129 4524 2172 4578 si
2197 4524 2252 4588 Ι)
2278 4531 2570 4576 evacuatur
2619 4522 2820 4578 fenoris
2855 4538 3051 4577 nomen
3080 4564 3094 4589 ,
3141 4539 3301 4594 quam
3347 4527 3515 4581 totius
3558 4528 3710 4583 sortis
3736 4525 3758 4563 ι’
3781 4522 3838 4578 ad

565 4619 901 4675 conscientia
953 4609 1410 4684 unumquemque
1460 4612 1672 4682 prodit,
1737 4623 1942 4683 quanto
2006 4616 2176 4684 magis
2279 4629 2560 4668 nummum
2590 4631 2758 4685 usque
2789 4631 3129 4686 quocumque
3157 4618 3445 4674 solutionis
3472 4635 3668 4692 genere
3692 4635 3835 4690 quatt-

568 4722 842 4785 gestorum
887 4722 1200 4765 nostrorum
1249 4722 1388 4777 opus
1439 4716 1566 4762 ante
1599 4707 1770 4761 Deum
1822 4718 2022 4777 praesto
2069 4717 2175 4777 est,
2282 4705 2406 4760 titas
2435 4708 2683 4761 universa
2712 4708 3096 4763 solvaturzsic
3122 4713 3572 4780 compensatione
3594 4710 3836 4768 charitatis

2346 4149 2466 4203 156.
2512 4149 2772 4219 Superest
2802 4165 2943 4204 nunc
2973 4160 3030 4203 ut
3053 4151 3420 4222 intelligamus
3447 4151 3575 4224 quid
3596 4152 3688 4208 sibi
3732 4150 3840 4206 velit

2281 4239 2448 4309 figura
2480 4241 2818 4310 quadrantis.
2868 4240 2936 4295 Et
2967 4240 3181 4296 videtur
3210 4244 3417 4300 usualis
3446 4245 3526 4301 rei
3553 4257 3838 4315 expressum

572 4805 716 4878 quod
769 4818 1088 4874 expressum
1122 4803 1173 4856 in
1207 4810 1396 4855 nostro
1448 4815 1679 4870 corpore
1711 4800 1898 4855 ultimo
1931 4811 2176 4871 tempore

573 4897 971 4964 recensebitur,
1002 4907 1058 4950 et
1083 4902 1358 4950 secretum
1411 4893 1760 4962 cogitationis
1801 4892 2064 4963 scriptum
2120 4896 2176 4951 in

573 4992 825 5048 cordibus
858 4990 1060 5045 nostris
1092 4988 1298 5054 legetur
1326 4985 1339 5038 !
1385 4986 1584 5041 Demus
1633 4986 1796 5056 igitur
1825 5000 2045 5056 operam
2070 5028 2084 5053 ,
2120 4995 2178 5042 ιιι

571 5085 699 5140 dum
725 5085 776 5138 in
797 5085 898 5137 hoc
914 5095 1100 5136 sumus
1128 5081 1250 5134 vita:
1278 5079 1551 5133 curriculo
1577 5079 1880 5144 constituti,
1902 5089 2173 5150 tamquam

573 5194 602 5233 a
627 5177 771 5232 malo
799 5175 1134 5239 adversario,
1166 5173 1239 5227 ita
1285 5171 1354 5228 ab
1405 5171 1656 5242 improbo
1686 5170 1982 5228 liberemur
2012 5181 2174 5237 actu;

645 5394 670 5422 ³
713 5384 840 5439 Mss.
894 5381 1172 5447 nonnulli,
1226 5391 1272 5436 et
1328 5381 1382 5433 in
1427 5378 1761 5451 opprobrium
1811 5381 1980 5452 cperis
2021 5397 2171 5450 paena

570 5458 869 5512 mandatur.

643 5528 668 5564 ι)
711 5527 869 5584 Rotn.
923 5524 1053 5582 edit.
1104 5524 1220 5578 sola
1255 5565 1269 5586 ,
1335 5522 1403 5576 ad
1453 5522 1722 5576 minimum
1771 5540 1948 5592 usque.
1995 5521 2168 5580 Porro

571 5599 713 5668 qttml
748 5601 884 5650 intra
914 5598 981 5650 de
1015 5595 1398 5668 quadrantaria
1427 5595 1824 5668 permutatione
1854 5594 2158 5668 subjicitur,

570 5665 671 5722 etsi
724 5667 967 5721 nonnihil
996 5667 1340 5722 obscuritatis
1389 5679 1499 5730 prae
1528 5680 1586 5718 se
1616 5665 1776 5729 ferat,
1822 5666 1954 5720 nihil
1985 5677 2162 5722 tamen

571 5738 714 5791 aliud
748 5737 1032 5805 significat,
1065 5737 1167 5791 nisi
1208 5734 1689 5792 commutationem
1744 5737 2034 5806 quamdam
2083 5739 2162 5792 vi-

2279 4809 2606 4867 actuumqne
2647 4799 3003 4870 reliquormu,
3054 4797 3138 4856 vel
3194 4802 3568 4860 satisfactione
3616 4818 3835 4877 quacum-

2277 4905 2405 4959 que,
2439 4892 2643 4958 peccati
2677 4906 2833 4962 paana
2864 4893 3198 4948 dissolvitur.

2354 4982 2476 5038 157.
2535 4983 2652 5038 Non
2701 4986 2934 5038 otiosum
2992 4985 3183 5053 etiam,
3239 4987 3362 5057 quia
3404 5003 3510 5042 non
3562 4987 3836 5058 aara(sicut

2279 5076 2439 5140 alibi,
2469 5075 2597 5130 Luc.
2633 5093 2754 5142 ut,
2779 5075 2856 5148 ‘2)
2886 5077 3012 5142 duo,
3042 5094 3146 5132 non
3169 5092 3344 5134 assem
3378 5079 3596 5152 (Matth.
3629 5098 3687 5144 ι,
3733 5078 3832 5141 ‘29).

2283 5186 2388 5225 nou
2436 5169 2718 5227 denarium
2767 5170 2988 5241 (Matth.
3011 5187 3112 5240 xx,
3138 5172 3232 5242 3),
3267 5172 3362 5228 sed
3390 5175 3727 5244 quadrantem
3752 5171 3834 5224 hoc

2275 5357 2420 5424 deri,
2449 5359 2572 5412 dum
2606 5360 2694 5430 qui
2728 5363 3008 5430 pecuniam
3049 5361 3230 5424 solvit,
3262 5362 3574 5422 libertatem
3605 5374 3832 5422 acarcere

2273 5439 2327 5484 et
2351 5431 2574 5486 vinculis
2591 5433 2782 5488 aliisve
2801 5433 2972 5502 poenis
2993 5434 3186 5502 quibus
3199 5435 3475 5490 obnoxius
3496 5447 3632 5500 erat.
3655 5435 3827 5502 accipit-

2269 5504 2338 5556 At
2387 5504 2779 5573 significatione
2837 5520 2942 5557 non
2999 5506 3129 5558 nihil
3183 5506 3403 5560 diversa
3435 5506 3553 5563 Cic.
3597 5510 3726 5564 Orat.
3753 5517 3828 5572 pro

2269 5573 2341 5628 Μ.
2397 5576 2591 5638 leio,
2645 5577 3067 5640 quadrantariam
3111 5578 3542 5646 permutationem
3568 5587 3827 5636 Vncatcatn

2267 5659 2368 5720 qua
2400 5645 2608 5720 Clodia,
2640 5659 2864 5720 accepto
2903 5645 3226 5718 quadrante,
3252 5651 3503 5720 corporis
3543 5653 3623 5708 sui
3661 5648 3826 5719 copiam

2263 5715 2559 5774 balneatori
2586 5715 2830 5776 faciebat.
