3920 6314
192 170 317 245 litt

1115 190 1126 249 .1
1145 177 1516 257 EXPOSI’I‘IO
1552 186 1811 253 EVANG.
1837 185 1989 249 SE6.
2031 190 2189 254 LUC.
2227 196 2358 256 LIB.
2403 189 2515 271 YII.

3324 207 3474 279 "42

190 302 358 370 posuit
404 303 563 374 loco;
619 307 1002 379 quadrantaria
1049 309 1194 366 enim
1244 310 1572 382 permutatio
1623 303 1992 365 VeiutAlliEc
2012 309 2128 366 sola
2154 312 2223 367 ab
2265 312 2421 369 initio
2468 315 2741 386 germinat
2782 331 2943 390 poma
2974 333 3073 392 pro
3118 322 3381 382 ﬂoribus:
3416 330 3468 384 in

182 396 423 466 qua'dam
464 407 550 455 est
588 404 986 473 compensatio,
1034 419 1157 461 cum
1202 407 1349 463 aliud
1392 409 1661 476 redditur,
1716 424 1772 468 et

180 489 321 545 aliud
350 491 687 562 significatur
715 496 986 552 solutum:
1007 498 1078 554 ita
1102 509 1156 555 et
1170 499 1257 555 hic
1280 511 1372 556 aut
1393 504 1568 573 pretio
1590 503 1771 560 chari-

187 581 304 637 tatis
330 582 616 641 redimitur
637 585 857 657 injuria,
882 597 975 644 aut
995 589 1209 661 injuria:
1230 592 1589 650 aestimatione
1607 610 1767 666 poena

179 672 400 731 laxatur.

243 766 367 824 158.
400 768 771 838 Quadrantem
792 756 972 829 autem
997 774 1050 830 in
1085 774 1295 833 balneis
1321 777 1438 834 dari
1466 778 1646 836 solere
1678 796 1768 837 re-

176 859 532 930 miniscimur,
590 863 746 934 cujus
804 866 1081 924 oblatione
1125 879 1185 923 ut
1232 870 1344 925 illic
1395 873 1768 944 unusquisque

173 951 380 1008 lavandi
402 954 601 1025 accipit
615 956 950 1025 facultatem,
981 961 1053 1015 ita
1079 960 1165 1018 hic
1176 961 1597 1032 accipiteluendi
1619 965 1763 1033 ;quia

173 1046 588 1118 uniuscujusque
627 1063 905 1127 peccatum
948 1070 1108 1126 supra
1139 1058 1354 1126 scriptae
1391 1057 1768 1128 genere'cou—

170 1138 383 1196 ditionis
411 1139 646 1208 eluitur;
668 1158 789 1200 cum
820 1145 1023 1205 tamdiu
1044 1158 1330 1204 exercetur
1348 1149 1543 1205 noxius
1565 1150 1759 1219 poenis,
1806 1138 1809 1141 ’

170 1242 223 1289 ιιι
249 1234 530 1292 commissi
559 1238 826 1308 supplicia
843 1241 1047 1297 erroris
1078 1242 1372 1320 expendat.

236 1328 355 1385 159.
384 1328 543 1402 (Cap.
573 1329 1052 1406 Xlll.—Vers.i.)
1067 1336 1142 1392 De
1163 1336 1404 1395 Galilaeis
1429 1347 1612 1396 autem
1632 1339 1759 1410 illis,

169 1436 402 1490 quorum
421 1423 743 1492 sanguinem
797 1423 1002 1482 Pilatus
1047 1427 1267 1484 miscuit
1314 1444 1435 1485 cum
1482 1429 1763 1486 sacriﬁciis

170 1530 377 1580 eorum,
438 1517 617 1589 ﬁgura
656 1518 905 1593 quaedam
951 1520 1173 1577 videtur
1214 1537 1310 1579 eos
1367 1532 1624 1594 tangens,
1669 1524 1761 1594 qui

169 1618 346 1668 coactu
368 1610 666 1679 diabolico,
694 1629 801 1669 non
823 1629 960 1689 pure
986 1614 1213 1672 oﬂ'erunt
1239 1617 1566 1673 sacriﬁcium
1593 1634 1762 1690 :quo—

1873 402 1997 457 aliis
2028 401 2128 458 ﬂos
2149 403 2446 475 decutitur,
2478 418 2535 465 et
2566 425 2722 480 poma
2747 422 3077 480 nascuntur;
3105 415 3158 471 in
3187 415 3287 473 hac
3313 436 3468 487 poma

1873 492 2156 562 decidunt,
2185 505 2243 553 ut
2299 514 2458 567 poma
2510 504 2829 559 succedant.
2884 506 3028 577 Ergo
3081 511 3263 578 priora
3305 511 3400 566 illa
3444 525 3465 551 ο

1871 601 2024 641 cassa
2053 588 2349 657 fructuum,
2393 584 2509 648 vice
2536 592 2689 650 ﬂoris
2720 604 3042 669 emergunt:
3077 600 3148 654 ita
3183 616 3468 674 przecoqua

1869 680 2106 749 quodam
2126 684 2382 739 nascendi
2407 701 2529 754 usu,
2546 703 2669 758 quae
2690 689 2937 746 ordinem
2959 703 3167 750 natura:
3193 697 3468 765 nesciunt,

1868 771 2191 831 beneﬁcium
2223 786 2427 834 natura:
2457 795 2678 836 servare
2704 797 2811 838 non
2841 794 3090 854 possunt.
3123 786 3339 843 Etenim
3361 805 3469 860 qua

1869 879 1929 920 se
1951 868 2129 924 medio
2153 866 2369 927 trudere
2397 871 2465 927 de
2491 875 2696 931 cortice
2715 890 2928 947 gemma
2951 881 3260 948 consuevit,
3283 898 3348 939 ea
3367 886 3470 961 Ini-

1871 959 2153 1014 nntissima
2181 978 2415 1033 qumque
2460 964 2622 1035 hujus
2648 968 2864 1037 generis
2895 985 3055 1039 poma
3084 959 3464 1045 prorumpunt.

1870 1052 1949 1109 De
1994 1055 2189 1124 quibus
2239 1056 2469 1127 legimus
2514 1060 2568 1114 in
2599 1059 2842 1119 Catuicis
2888 1067 3270 1123 canticorum:
3307 1070 3469 1127 Ficus

1868 1146 2110 1229 producit
2136 1166 2343 1220 grossos
2383 1168 2506 1209 suos
2551 1152 2729 1227 (Cant.
2770 1157 2979 1228 li,.i3).
3026 1158 3215 1232 Itaque
3254 1166 3470 1221 caneris

1865 1222 2176 1295 albentibus
2228 1242 2402 1311 primo
2427 1222 2571 1300 vere'
2592 1246 2865 1317 virgultis,
2910 1250 3024 1305 sola
3057 1222 3192 1308 ﬁcus
3245 1260 3468 1324 proprio

1866 1331 2043 1387 nescit
2076 1326 2216 1390 ﬂore
2243 1351 2568 1406 canescere;
2623 1341 2745 1397 ideo
2801 1341 3036 1401 fortasse
3078 1347 3224 1416 quod
3279 1349 3466 1406 nullus

1864 1422 1986 1481 istis
2013 1427 2278 1484 maturior
2293 1430 2363 1485 sit
2391 1446 2521 1487 usus
2550 1432 2604 1487 in
2639 1435 2837 1504 pomis.
2872 1435 3008 1493 Nam
3046 1440 3466 1499 succedentibus

1864 1518 2009 1587 aliis,
2040 1519 2158 1577 haec
2185 1525 2336 1593 quasi
2387 1525 2776 1597 degenerantia
2822 1544 3184 1601 respuuntur,
3214 1545 3270 1592 et
3295 1540 3471 1594 arenti

1864 1610 2077 1668 inﬁrma
2110 1615 2311 1685 radice,
2368 1621 2646 1676 renovatis
2675 1622 2875 1693 quibus
2912 1626 2983 1680 sit
3028 1641 3223 1684 succus
3264 1630 3469 1697 utilior,

168 1719 277 1759 rum
317 1706 499 1763 oratio
526 1705 585 1760 in
630 1717 932 1777 peccatum,
964 1708 1102 1764 sicut
1128 1708 1197 1765 de
1222 1709 1361 1767 Juda
1392 1712 1652 1782 scriptum
1678 1719 1765 1768 est
1792 1702 1841 1762 B
1866 1700 1894 1741 ἀ
1921 1717 2241 1763 θιυτιιηιιιτο
2274 1709 2492 1768 Manent
2523 1720 2703 1770 tamen
2747 1715 2925 1787 aIiQua
2956 1733 3178 1789 perrara
3200 1763 3214 1787 ,
3250 1736 3351 1778 nec
3372 1724 3470 1778 de-

169 1793 327 1868 (Psal.
359 1812 521 1863 cvm,
556 1797 615 1871 7)
646 1799 944 1869 proditore,
972 1801 1064 1871 qui
1091 1801 1451 1872 proditionem
1487 1802 1768 1874 sanguinis

166 1887 417 1945 Dominici
442 1890 592 1947 inter
622 1892 889 1949 sacriﬁcia
910 1893 1118 1963 positus
1143 1896 1437 1966 cogitabat.

233 1982 404 2045 (νει-ε.
430 1984 485 2039 6.
513 1985 531 2044 )
562 1984 814 2057 Arb_orem
842 1987 930 2055 ﬁci
950 1987 1163 2057 quidam
1189 1987 1371 2057 habuit
1394 1989 1681 2061 plantatam
1708 1990 1764 2045 in

168 2078 298 2131 uinea
320 2096 435 2133 sua.

232 2169 345 2225 l60.
386 2171 530 2243 Quid
558 2172 662 2228 sibi
689 2173 803 2228 vult
825 2175 966 2245 quod
996 2176 1050 2231 in
1073 2176 1370 2247 Evangelio
1387 2177 1762 2233 suoDominus

170 2260 243 2315 ﬁci
271 2263 584 2330 parabolam
619 2264 938 2335 frequenter
966 2268 1173 2323 inducit
1203 2267 1421 2341 (Matth.
1463 2270 1684 2336 xxt,I9,
1715 2278 1762 2325 et

170 2352 322 2409 Marc.
350 2372 401 2411 xl
418 2398 434 2426 ,
464 2354 573 2428 13)
599 2357 622 2411 ⁸1
645 2357 823 2415 Habes
846 2360 988 2416 enim
1012 2361 1161 2421 alibi.
1182 2362 1325 2431 quod
1343 2361 1498 2434 jussu
1522 2361 1756 2429 Domini,

168 2446 393 2516 viriditas
416 2451 605 2505 omnis
635 2451 795 2522 hujus
826 2453 955 2525 ligni
982 2452 1285 2512 frondentis
1312 2456 1518 2512 aruerit
1552 2474 1565 2512 :
1617 2457 1760 2531 unde

170 2539 407 2610 iutt’Jligis
431 2544 685 2600 omnium
736 2556 1065 2613 creatorem,
1117 2549 1206 2616 qui
1265 2557 1441 2618 potest
1488 2548 1760 2619 imperare

169 2636 378 2701 naturis,
410 2646 469 2692 ut
494 2636 588 2694 vel
619 2649 871 2695 arescant
897 2640 1100 2705 subito.
1144 2642 1229 2697 vel
1283 2643 1574 2698 virescant.
1614 2640 1760 2698 Alibi

170 2739 226 2779 ex
257 2728 620 2784 teneritudine
648 2730 864 2787 arboris
895 2731 1055 2804 hujus
1090 2741 1159 2791 et,
1191 2733 1336 2788 foliis
1366 2741 1761 2788 commemorat

169 2823 342 2892 conjici
366 2826 544 2882 solere
577 2828 789 2881 aestatis
816 2826 1108 2883 adventum
1158 2824 1179 2900 (
1204 2825 1398 2882 Matth.
1429 2843 1578 2895 xxiv,
1609 2827 1678 2881 52
1698 2826 1716 2898 )
1739 2868 1753 2893 ,

172 2925 376 2987 utroque
403 2919 724 2989 signiﬁcans
776 2928 832 2975 et
864 2919 1105 2976 Iudaicae
1149 2920 1321 2991 plebis
1347 2920 1565 2976 inanem
1594 2935 1755 2990 quam

170 3012 520 3079 praetendebat
580 3014 837 3085 gloriam,
896 3016 1040 3072 velut
1082 3014 1271 3072 ﬂorem
1302 3016 1355 3071 in
1384 3016 1618 3071 adventu
1645 3014 1753 3070 Do-

1847 1797 2080 1867 .cidunt,
2109 1802 2306 1871 quibus
2337 1802 2422 1858 hic
2448 1815 2749 1873 proventus
2784 1810 3063 1877 arriserit;
3099 1821 3158 1867 ut
3185 1812 3255 1870 de
3286 1816 3468 1872 medio

1866 1891 2097 1948 duarum
2139 1896 2416 1967 virgarum
2457 1898 2726 1956 claviculo
2768 1900 2918 1958 brevi
2967 1914 3292 1975 erumpente
3335 1922 3467 1977 pro-

1866 1995 2139 2056 mergant,
2169 2002 2278 2058 quo
2319 1989 2554 2059 geminis
2579 2000 2718 2049 tecta
2760 1995 3033 2063 prasidiis
3060 2009 3336 2067 tamquam
3368 2015 3467 2056 na-

1865 2086 2001 2136 tura:
2030 2083 2272 2152 parentis
2291 2084 2522 2154 gremio,
2544 2089 2692 2142 succi
2711 2087 2827 2143 fotu
2855 2089 3120 2159 plenioris
3140 2090 3465 2150 inolescant.

1864 2173 1940 2230 Ea
1973 2175 2344 2232 clementioris
2375 2193 2522 2233 aurae
2564 2191 2862 2250 provocata
2910 2186 3175 2255 temperie
3196 2228 3211 2252 ,
3258 2196 3314 2243 et
3344 2203 3472 2258 pro.

1861 2265 2147 2324 lixioribus
2175 2270 2449 2327 adultiora
2480 2273 2835 2344 temporibus,
2883 2276 2975 2333 ubi
3003 2277 3313 2335 silvestrem
3353 2281 3473 2337 ani-

1862 2368 2012 2415 mum
2037 2362 2184 2417 succi
2212 2362 2411 2433 prioris
2436 2366 2709 2432 exuerint,
2743 2368 2925 2438 specie
2964 2370 3181 2427 caeteris
3205 2380 3263 2428 et
3297 2384 3473 2431 matu-

1862 2452 2041 2509 ritatis
2064 2455 2234 2524 gratia
2260 2454 2645 2525 praeferuntur.

1937 2543 2060 2599 165.
2092 2544 2289 2614 Specta
2315 2562 2458 2602 nunc
2477 2548 2652 2604 cultus
2677 2558 2734 2606 et
2763 2551 2978 2606 animos
3003 2552 3340 2620 .Iudaeorum,
3370 2559 3464 2627 qui

1860 2640 2012 2710 quasi
2047 2641 2204 2710 primi
2253 2640 2461 2698 fructus
2507 2643 2651 2700 male
2691 2644 2887 2701 feracis
2932 2646 3257 2719 Synagogae,
3287 2651 3468 2721 grossi

1861 2730 2096 2788 labentis
2145 2732 2500 2789 similitudine
2541 2746 2901 2803 corruerunt;
2938 2747 2961 2775 ι’
2992 2747 3050 2792 ιιι
3078 2754 3347 2796 mansura
3369 2757 3468 2798 suo

1865 2840 1961 2895 pra
1990 2841 2163 2881 sevum
2195 2827 2370 2883 nostri
2392 2829 2611 2898 generis
2640 2843 2799 2899 poma
2826 2832 3210 2889 succederent.
3242 2835 3462 2893 Etenim

1862 2918 2071 2986 primus
2096 2918 2401 2990 Synagogao
2458 2921 2685 2990 populus
2719 2924 2873 2992 quasi
2906 2924 3091 2979 radice
3117 2930 3465 2995 operamin-

1863 3010 2051 3085 ﬁrmus
2079 3014 2370 3079 arentium,
2398 3014 2702 3070 ubertatem
2730 3017 3013 3086 sapientiai
3036 3020 3298 3075 naturalis
3332 3021 3466 3078 hau-

172 3105 287 3160 mini
315 3082 613 3173 decidisse;
645 3110 769 3177 quia
796 3109 1054 3178 operibus
1096 3108 1432 3165 infructuosa
1484 3107 1752 3163 durabat:
1783 3082 1828 3146 (ἶ
1861 3107 1973 3162 rire
1997 3082 2107 3163 non
2138 3108 2331 3178 potuit.
2367 3109 2434 3163 Et
2455 3107 2744 3164 ideovelut
2768 3110 2979 3166 inutilis
3007 3112 3209 3168 decidit
3230 3112 3462 3182 fructus;

175 3195 368 3273 1m
394 3209 447 3257 et
475 3200 678 3270 judicii
710 3201 852 3257 diem
887 3201 1036 3257 velut
1064 3202 1272 3258 aestatis
1297 3203 1613 3266 adventum,
1647 3215 1757 3271 quo

171 3291 316 3347 adulti
358 3294 566 3352 fructus
614 3302 886 3352 tarrarnm
937 3296 1180 3353 omnium
1243 3296 1635 3363 recmnduntur,
1688 3311 1754 3351 ex

172 3381 482 3451 plenitudine
500 3387 789 3454 Ecclesizu,
804 3389 858 3443 in
879 3404 1043 3459 quam
1064 3389 1241 3446 Judaei
1268 3406 1480 3461 quoque
1495 3389 1752 3446 credituri

171 3485 299 3544 sunt,
327 3488 351 3516 ει
376 3480 739 3538 metiendum.

239 3572 354 3629 161.
380 3572 478 3630 Hic
499 3590 638 3646 ergo
665 3575 876 3632 altioris
901 3591 1099 3634 sensus
1138 3575 1361 3647 aliquod
1393 3576 1559 3632 etiam
1601 3590 1753 3647 quaa-

98 3716 103 3719 _
172 3683 332 3726 ramus
357 3686 621 3728 arcanum
670 3668 844 3740 (Esai.
873 3685 923 3732 v.
955 3671 1035 3740 5).
1067 3668 1095 3709 ι)
1127 3669 1286 3726 Ficus
1333 3670 1386 3725 in
1428 3669 1587 3725 vinea
1620 3678 1748 3726 est:

172 3772 272 3819 erat
290 3774 461 3821 autem
487 3766 653 3823 vinea
679 3764 892 3819 Domini
918 3764 1181 3827 Sabaoth,
1201 3780 1364 3835 quam
1393 3763 1545 3820 dedit
1580 3764 1633 3818 in
1663 3780 1749 3819 ra-

173 3853 330 3922 pinam
352 3858 620 3929 gentium.
649 3855 839 3927 Itaque
866 3856 960 3927 qui
986 3856 1200 3912 vineam
1235 3872 1389 3913 suam
1405 3856 1564 3925 diripi
1595 3854 1745 3922 fecit,

174 3944 249 4002 hic
269 3950 423 4005 etiam
453 3951 615 4008 ﬁcum
638 3949 801 4021 jussit
830 3949 1031 4006 excidi.
1067 3951 1205 4014 Apta
1238 3948 1747 4019 antcm'synagogte

171 4042 360 4101 arboris
390 4047 545 4104 istius
573 4047 911 4116 comparatio
957 4053 1073 4112 est;
1116 4045 1242 4114 quia
1272 4044 1412 4099 sicut
1454 4044 1554 4098 ista
1584 4042 1747 4099 arbor

170 4134 299 4195 foliis
317 4141 625 4198 redundans
652 4140 943 4199 ﬂuentibus
978 4155 1133 4212 spem
1156 4139 1492 4209 possessoris
1518 4138 1599 4193 sui
1624 4152 1744 4193 cas.

172 4242 222 4285 sa
244 4244 571 4304 speratarum
621 4246 976 4305 proventuum
1021 4235 1430 4305 exSpcctatione
1460 4232 1740 4289 destituit:

175 4319 236 4379 ita
262 4326 415 4383 etiam
464 4330 519 4387 in
563 4328 850 4401 Synagoga
879 4328 1007 4397 dum
1036 4327 1292 4385 ductores
1334 4327 1454 4397 ejus
1482 4326 1742 4412 operibus

174 4413 472 4485 iniceundis,
502 4422 683 4478 verbis
712 4430 921 4477 tantum
943 4421 1095 4477 velut
1124 4421 1269 4477 foliis
1306 4417 1741 4477 redundantibus

1863 3209 1922 3256 ut
1947 3200 2102 3271 quasi
2131 3217 2197 3257 ex
2241 3201 2436 3257 iisdem
2476 3202 2761 3257 claviculis
2797 3204 3009 3259 arboris
3056 3205 3348 3263 fructuosae
3395 3208 3465 3264 de

1826 3342 1834 3353 .
1862 3294 2188 3365 pinguedine
2215 3296 2494 3366 religionis
2521 3298 2762 3367 antiqua:
2789 3312 2961 3353 novus
2988 3299 3251 3356 Ecclesiae
3276 3316 3461 3373 popa-

1858 3388 1941 3442 lus
1966 3396 2293 3459 emergeret.
2318 3388 2461 3459 Ergo
2489 3388 2582 3444 ille
2611 3390 2700 3460 qui
2729 3398 2867 3453 erat,
2894 3405 3018 3447 esse
3044 3391 3239 3459 desiit;
3260 3404 3461 3453 utesse

1856 3482 2128 3552 inciperet
2149 3482 2240 3552 qui
2271 3498 2377 3537 non
2407 3493 2548 3538 erat.
2581 3483 2746 3538 Primi
2788 3492 2970 3540 tamen
3017 3500 3084 3541 ex
3122 3486 3291 3543 Israel
3322 3505 3460 3559 quos

1857 3585 2066 3632 natura;
2087 3576 2369 3632 validioris
2396 3589 2581 3632 ramus
2608 3577 2904 3645 extulerat,
2941 3580 3045 3635 sub
3073 3581 3265 3637 umbra
3296 3581 3458 3654 Legis

1850 3678 1910 3725 et
1937 3670 2141 3737 crucis,
2193 3671 2247 3725 in
2294 3671 2578 3742 utriusque
2604 3670 2725 3725 sinu
2758 3684 2921 3727 succo
2946 3674 3165 3744 gemino
3190 3676 3452 3744 colorati,

1860 3760 2073 3834 15.50
2097 3761 2269 3831 grossi
2302 3762 2721 3816 maturescentis
2748 3763 3000 3831 exemplo
3022 3806 3036 3829 ,
3064 3765 3456 3835 pulcherrimo-

1852 3872 1972 3910 rum
2002 3856 2175 3927 gratia
2194 3854 2466 3910 fructuum
2484 3856 2698 3911 cteteris
2722 3858 3114 3925 prastiterunt,
3145 3858 3343 3928 quibus
3363 3862 3451 3917 di~

1851 3946 2031 4001 citur:
2063 3946 2324 4001 Sedebitis
2352 3962 2509 4016 super
2545 3947 2822 4000 duodecim
2873 3949 3104 4015 thronos,
3152 3950 3451 4023 judicantes

1851 4037 2125 4092 duodecim
2154 4037 2318 4091 tribus
2347 4034 2514 4093 Israel
2544 4037 2758 4108 (Matth.
2782 4054 2897 4107 xu,
2924 4039 3042 4112 28).

1920 4128 2046 4185 164.
2093 4128 2204 4185 Nec
2260 4129 2389 4184 illud
2441 4129 2681 4189 alienum
2711 4131 2856 4202 quod
2885 4129 3060 4187 Adam
3112 4141 3274 4205 atque
3302 4134 3445 4204 Eva,

1849 4223 2006 4292 primi
2039 4222 2117 4278 illi
2152 4223 2323 4278 nostri
2355 4234 2410 4278 ut
2438 4224 2656 4294 generis
2699 4224 2771 4280 ita
2800 4226 3002 4283 erroris
3032 4238 3287 4297 parentes
3307 4271 3322 4296 ,
3354 4231 3448 4300 qui

1848 4314 2011 4386 hujus
2039 4315 2251 4371 arboris
2296 4326 2483 4372 texere
2523 4331 2582 4371 se
2614 4314 2935 4389 foliis(Grn.
2966 4334 3048 4384 ιιι,
3096 4318 3174 4392 7),
3210 4320 3447 4390 paradisi

1847 4407 2067 4463 exsules
2093 4422 2214 4463 esse
2239 4417 2591 4463 meruerunt:
2645 4423 2768 4463 cum
2802 4409 3015 4465 Domini
3043 4409 3446 4471 deambulantis

172 4482 468 4581 gloriantur,
496 4514 671 4571 inanis
694 4514 885 4570 umbra
917 4512 1075 4584 Legis
1097 4512 1385 4580 exuberat,
1413 4525 1540 4583 spes
1557 4517 1738 4565 autem
1767 4482 1820 4545 Β
1847 4502 2187 4574 praesentiam
2221 4500 2676 4572 transgressionis
2701 4510 2814 4558 suae
2839 4501 3044 4558 conscii
3065 4502 3437 4575 declinarent;

172 4595 278 4655 falsi
303 4616 604 4676 exspectata
630 4614 947 4678 proventus,
992 4605 1177 4678 populi
1206 4614 1333 4662 vota
1365 4603 1642 4661 credentis
1674 4600 1741 4658 ii-

174 4690 310 4753 ludit.
1474 4714 1478 4719 '

237 4788 351 4847 I62.
397 4793 493 4852 Est
517 4798 680 4853 etiam
710 4797 767 4854 in
801 4806 993 4854 natura
1024 4795 1262 4861 arboris,
1293 4809 1403 4865 quo
1424 4793 1594 4864 magis
1614 4807 1738 4849 cre-

176 4882 259 4941 das
277 4887 561 4964 Synagogaa
589 4893 824 4964 speciem
853 4891 1262 4962 comparatione
1310 4890 1487 4959 hujus
1508 4902 1737 4958 expres-

175 4990 308 5047 sam;
335 4987 529 5042 etenim
550 4988 595 5043 si
618 4988 912 5059 diligenter
931 4986 1195 5057 inquiras,
1217 4984 1510 5041 discretam
1542 4982 1610 5037 ab
1639 4995 1741 5036 usu

176 5070 404 5132 arborum
433 5090 748 5136 caeterarum
770 5076 1222 5135 consuetudinem
1250 5084 1456 5131 natura:
1476 5074 1637 5143 huius
1659 5073 1743 5127 in-

177 5165 364 5224 venies.
390 5169 623 5243 Namque
652 5174 772 5228 alite
802 5172 993 5229 ﬂorem
1022 5170 1225 5236 ferunt,
1250 5177 1542 5239 antequam
1593 5166 1740 5221 fruc-

178 5262 295 5324 tum,
312 5278 566 5336 pomaque
585 5278 810 5324 ventura
833 5264 1138 5335 praenuntio
1162 5264 1243 5317 sui
1268 5260 1405 5317 ﬂore
1428 5259 1736 5330 designant;

243 5396 786 5521 'lScripticod.hene
833 5401 1013 5467 multi,
1068 5397 1414 5453 metuendum.
1469 5394 1619 5451 Haud
1662 5397 1732 5451 ita

243 5482 322 5521 le.

180 5479 322 5523 "Ille.

238 5536 369 5614 1fSic
393 5557 579 5602 omnes
601 5546 731 5603 edit.
778 5560 899 5601 cum
945 5549 1100 5614 parte
1128 5555 1269 5614 mss.
1306 5539 1561 5614 Attamen
1609 5546 1743 5594 octo

179 5607 411 5685 codxnon
438 5617 631 5674 inﬁma:
672 5626 813 5674 notae
842 5607 1172 5685 praeierunt:
1206 5609 1609 5685 Ficus‘inpenta
1636 5620 1731 5664 est.

244 5690 264 5717 ο
288 5682 499 5750 Quidam
520 5703 675 5755 mss.,
699 5678 910 5745 excussa
937 5689 1197 5758 fructuum
1224 5684 1331 5737 vice
1351 5678 1520 5752 ﬂoris,
1553 5688 1660 5738 etc.

1845 4607 1906 4653 ut
1949 4595 2315 4667 signiﬁcarent
2374 4594 2614 4649 futurum
2665 4594 2809 4664 quod
2864 4595 3068 4650 ultimis
3105 4597 3444 4666 temporibus

1844 4691 2079 4761 populus
2106 4688 2416 4744 Judteorum
2448 4688 2551 4743 sub
2578 4687 2788 4741 Domini
2819 4686 3121 4742 Salvatoris
3149 4688 3384 4745 adventu
3419 4732 3436 4759 ,

1842 4787 1932 4859 qui
1964 4801 2061 4842 eos
2097 4792 2384 4840 vacaturus
2424 4782 2667 4849 advenit,
2690 4792 2915 4836 exutum
2944 4796 3004 4836 se
3027 4781 3318 4840 virtutibus
3344 4799 3443 4855 per

1840 4879 2037 4936 diaboli
2064 4886 2391 4936 tentamenta
2424 4890 2780 4946 cegnoscens,
2837 4884 2892 4931 et
2932 4876 3131 4931 intecta
3155 4879 3439 4934 conscien-

1842 4972 1931 5027 tite
1956 4973 2153 5042 probra
2176 4968 2502 5034 formidans,
2526 4986 2554 5021 ει
2578 4968 2840 5038 religione
2866 4967 3078 5035 devius,
3106 4972 3435 5040 praevarica-

1839 5070 1990 5124 tione
2034 5065 2318 5128 confusus,
2354 5071 2499 5118 esset
2528 5078 2559 5116 a
2595 5061 2827 5116 Domino
2866 5076 3204 5128 recessurus,
3239 5064 3435 5122 verbo-

1840 5178 1958 5218 rum
1987 5160 2271 5216 ﬂuentimn
2303 5157 2450 5211 velut
2480 5155 2728 5211 foliorum
2754 5153 3111 5213 velaminihus
3139 5157 3436 5229 adopertus

1841 5255 2090 5328 pudenda
2129 5260 2432 5324 gestorum.
3250 5246 3255 5249 ’

1903 5394 1929 5435 ἀ
1962 5394 2087 5450 Mss.
2123 5389 2273 5446 multi
2301 5387 2563 5456 bonique,
2604 5397 2886 5438 exuuntur.
2912 5383 3131 5441 Minime
3157 5385 3317 5442 male.

1911 5479 1935 5506 ε’
1974 5467 2054 5521 Ita
2086 5470 2299 5518 cuncta:
2318 5458 2453 5513 edit.
2481 5471 2544 5512 ac
2570 5468 2701 5509 mss.
2746 5470 2855 5509 non
2903 5456 3085 5526 pauci.
3113 5457 3217 5512 Alii
3251 5466 3432 5516 tamen

1837 5541 2022 5613 plures
2046 5546 2099 5592 et
2128 5535 2401 5613 potiores,
2439 5536 2497 5581 ut
2540 5541 2787 5613 mansura
2816 5543 2977 5596 supra
3019 5544 3155 5610 eum.
3194 5527 3315 5613 μου
3347 5530 3432 5585 ina

1836 5595 2148 5672 commode;
2171 5604 2219 5661 si
2246 5601 2534 5658 relativum
2566 5595 2634 5651 ad
2662 5595 2886 5664 vocem,
2911 5599 3093 5669 grossi,
3131 5599 3355 5657 referas.
