3920 6328
442 244 580 304 1745

1783 219 2026 283 SANCTI
2063 223 2385 282 AMBROSII

3608 216 3756 275 ΠΗ

509 357 631 415 165.
654 355 799 420 Ergo
830 353 903 408 illi
923 353 1012 424 qui
1043 351 1170 406 t'olia
1197 350 1263 403 de
1289 319 1544 408 ﬁculnea,
1581 357 1687 398 non
1723 357 1879 411 poma
1922 355 2043 394 car-
2068 341 2119 401 Α
2147 348 2356 395 stercus
2379 338 2523 409 quod
2557 339 2805 396 mittitur.
2841 338 3085 410 Denique
3108 337 3356 394 Dominus
3380 339 3444 392 de
3468 346 3605 390 terra
3626 351 3760 389 διισο

442 459 688 521 pserunt,
718 447 978 501 climinati
1014 454 1138 498 sunt
1180 457 1211 496 a
1246 441 1340 494 ῡιιὶ
1373 452 1579 507 regno;
1612 445 1768 488 erant
1794 437 1940 487 enim
1989 431 2042 485 in

439 543 677 597 animum
735 541 1031 592 viventem.
1065 534 1225 588 Venit
1271 530 1545 587 sccitndtts
1589 528 1783 588 Adam,
1832 534 1886 578 et
1931 523 2042 593 jam

445 651 552 691 non
579 633 727 693 folia,
753 631 847 686 sed
871 645 1024 698 poma
1054 626 1366 698 quaerebat;
1396 633 1513 679 erat
1535 623 1678 676 enim
1712 621 1764 674 in
1795 619 2042 688 spiritum

440 726 829 782 viviﬁcantem.
883 721 940 777 lu
986 720 1176 787 Spiritu
1225 729 1406 773 autent
1459 715 1665 770 fruetus
1698 712 1914 766 virtutis
1958 725 2047 764 ac-

437 820 690 891 quiritur,
721 814 982 869 Dominus
1013 813 1271 866 aduratur
1304 810 1322 881 (
1348 810 1363 862 I
1386 809 1508 862 Cor.
1556 823 1645 869 xv,
1671 804 1788 876 45).
1822 803 2048 872 ρυιθιθ-

440 911 531 967 bat
560 920 741 963 autem
775 907 1031 962 Dominus
1057 905 1310 970 nonquia
1347 903 1578 956 fructum
1610 900 1855 954 [iouini-.1:
1886 896 2039 952 dees-

438 1020 499 1060 se
517 1003 778 1066 nesciret,
803 1000 896 1054 scd
929 1009 984 1052 ιιι
1015 997 1332 1053 ostenderet
1354 996 1406 1051 iu
1440 997 1631 1063 ﬁgura,
1661 993 1782 1060 quia
1809 991 2045 1045 fructum

437 1095 719 1165 Syuagoga
768 1097 878 1161 jam
909 1092 1110 1145 habere
1139 1089 1384 1143 deberet.
1421 1087 1668 1154 Denique
1699 1099 1766 1137 ex
1813 1095 2048 1150 sequen-

439 1187 586 1244 tibus
637 1186 798 1239 docet
843 1200 951 1238 non
983 1197 1044 1237 se
1089 1190 1213 1236 ante
1269 1191 1480 1248 tempus
1539 1177 1775 1240 venisse,
1827 1173 1917 1244 qui
1953 1187 2048 1242 per

441 1281 734 1336 triennium
767 1279 948 1339 venit;
977 1276 1055 1330 sic
1079 1275 1222 1328 enim
1253 1273 1459 1326 habes:

515 1370 696 1443 (Vers.
728 1369 808 1436 7.)
838 1367 974 1422 Ecce
1001 1366 1124 1420 anni
1154 1375 1256 1418 tres
1278 1373 1394 1418 sunt
1425 1379 1490 1417 ea:
1522 1377 1623 1432 quo
1671 1361 1786 1414 veni
1815 1374 2046 1430 qutcrcns

443 1469 666 1535 fructum
697 1464 749 1515 in
780 1463 1007 1532 ﬁculnea
1037 1461 1155 1522 hac,
1199 1469 1245 1513 et
1278 1475 1380 1512 non
1413 1457 1636 1510 invenio.
1675 1453 1900 1511 Succide
1925 1468 2047 1525 ergo

437 1557 623 1623 illam;
652 1567 703 1608 ut
727 1554 850 1624 quid
881 1555 1032 1629 etiam
1067 1563 1259 1607 terram
1286 1550 1540 1621 occupat?

511 1649 636 1704 166.
670 1648 833 1704 Venit
880 1645 944 1701 ad
991 1645 1290 1710 Abraham,
1323 1646 1472 1696 venit
1500 1641 1566 1695 ad
1602 1639 1846 1712 Moysen,
1897 1638 2048 1692 venit

2148 433 2269 486 citat
2315 434 2542 502 inopem,
2585 443 2633 488 et
2663 432 2729 487 de
2766 445 2985 488 stercore
3033 434 3182 504 erigit
3244 446 3523 503 pauperem
3566 427 3752 498 (I’sal.

2147 542 2277 591 cm,
2309 526 2386 598 7).
2701 510 2704 512 ⁷

2218 620 2346 675 169.
2398 619 2583 691 Itaque
2617 637 2712 690 per
2741 621 3051 677 intellectus
3075 619 3394 677 exercitium
3442 614 3756 686 Spiritualis

2147 720 2199 765 et
2228 711 2545 768 humilitatis
2571 713 2819 770 allectum
2851 717 3012 770 etiam
3050 714 3269 770 Judzt-os
3297 713 3349 767 in
3383 705 3758 780 Evangeliuni

2147 802 2346 858 Christi
2378 805 2555 860 cultor
2578 805 2668 860 ille
2695 807 2867 862 ιιοιιιιε
2891 806 3006 861 fore
3033 807 3265 860 .Tslltllal
3292 805 3621 859 fructuosos.
3641 801 3763 856 Me-

2149 899 2378 952 minerat
2418 898 2560 953 enim
2591 898 2712 969 quia
2765 915 2860 969 per
2913 901 3168 968 Aegaeum
3219 897 3480 952 Dominus
3534 895 3764 949 locutus

2148 1001 2248 1055 εει,
2281 990 2536 1061 quoniam
2568 1002 2765 1060 quarto.
2789 1000 2846 1047 et
2890 992 3148 1046 vicesimo
3181 989 3312 1045 noni
3349 987 3581 1053 mensis,
3606 1001 3640 1042 ιι
3670 985 3763 1041 die

2148 1099 2256 1154 quo
2314 1083 2597 1138 fundatum
2669 1095 2754 1140 est
2814 1085 3078 1154 templum
3136 1083 3346 1137 Domini
3404 1077 3765 1149 omnipoten-

2148 1177 2239 1242 tis,
2277 1176 2510 1242 vineatn,
2546 1177 2738 1248 inquit.
2768 1187 2823 1232 et
2865 1176 3020 1242 licus,
3072 1188 3124 1232 et
3154 1179 3550 1248 matogranata,
3599 1184 3657 1229 et
3690 1171 3764 1227 li-

2148 1284 2252 1340 gna
2279 1271 2456 1328 olivze.
2490 1285 2612 1342 Quae
2644 1287 2749 1324 non
2781 1269 3008 1325 aﬂ'erent
3037 1270 3292 1332 fructum,
3325 1285 3395 1324 ex
3421 1268 3524 1323 hac
3545 1267 3636 1323 die
3667 1267 3768 1323 be—

2152 1364 2397 1418 nedicam
2426 1364 2581 1435 (Agg.
2613 1381 2673 1430 ιι,
2702 1365 2794 1436 £0)
2823 1381 2836 1419 :
2867 1380 2973 1436 quo
3005 1366 3275 1420 revelatur
3293 1362 3395 1418 Sub
3423 1362 3604 1431 ipst
3630 1362 3764 1418 anni

2150 1459 2426 1528 vergentis
2449 1475 2729 1525 occasum,
2785 1467 2888 1514 hoc
2914 1468 3018 1524 est,
3062 1459 3250 1513 sa'culi
3272 1459 3383 1526 jam
3416 1455 3764 1513 senescentis

2151 1551 2399 1617 OCCidtlU,
2432 1563 2679 1606 sanctum
2714 1552 2806 1608 Dei
2856 1553 3138 1620 templum,
3171 1551 3312 1623 quod
3343 1563 3427 1606 est
3465 1550 3718 1606 Ecclesia
3745 1593 3760 1618 ,

2151 1660 2273 1699 esse
2303 1645 2666 1706 condendam.
2724 1647 2880 1717 cujus
2907 1647 3078 1717 gratia
3129 1662 3226 1717 per
3262 1644 3761 1701 sanctiﬁcatiOnem

439 1740 504 1795 ad
529 1740 777 1804 Mariam,
803 1739 905 1793 hoc
934 1748 1037 1801 est,
1062 1737 1210 1792 venit
1234 1737 1285 1789 in
1319 1733 1789 1805 signaculo,veuit
1809 1732 1861 1784 iu
1878 1730 2040 1800 Lege,

2156 1746 2348 1800 lavacri
2377 1746 2689 1800 Judwornm
2722 1748 3112 1816 nationumque
3139 1745 3324 1817 populi
3359 1744 3604 1805 fructum
3635 1757 3767 1799 suo-

440 1836 588 1892 venit
623 1837 952 1902 incorpore.
991 1833 1296 1886 Adventum
1323 1829 1442 1899 ejus
1467 1843 1536 1881 ex
1569 1827 1849 1881 beneficiis
1893 1839 2047 1880 reco-

440 1934 778 2000 gnoscimus.
809 1924 951 1979 Alibi
983 1923 1311 1992 puriﬁcatio,
1342 1920 1470 1973 alibi
1499 1919 1882 1981 sanctiﬁcatio,
1917 1915 2051 1971 alibi

434 2019 752 2092 justilicatiu
781 2025 866 2072 est
897 2034 911 2067 τ
939 2014 1284 2071 circumcisio
1317 2011 1646 2082 puriﬁcavit.
1687 2009 2050 2064 sanctiﬁcavit

440 2115 574 2174 Lex,
599 2112 918 2180 justilicavit
967 2109 1159 2178 gratia.
1196 2107 1348 2162 Unus
1381 2107 1434 2159 in
1462 2105 1736 2172 omnibus,
1771 2112 1827 2158 et
1859 2104 1912 2156 in
1939 2116 2047 2157 uno

439 2207 646 2262 omnia.
691 2203 860 2259 Nemo
889 2203 1034 2257 enim
1074 2199 1323 2254 tlltlttdurl
1351 2208 1550 2267 potest.
1597 2182 1824 2265 nisi'qui
1857 2196 2049 2248 metuit

441 2301 770 2358 Dominum:
806 2313 966 2352 nemo
997 2295 1196 2364 Legem
1243 2302 1484 2347 meretur
1510 2294 1780 2360 accipere,
1815 2289 1916 2343 nisi
1953 2304 2050 2358 pu-

442 2397 686 2452 rilicatus
710 2410 736 2444 a
770 2392 964 2462 culpa:
1002 2405 1161 2444 nemo
1187 2387 1394 2441 accedit
1435 2385 1499 2440 ad
1531 2385 1783 2456 gratiam,
1822 2383 1922 2438 nisi
1951 2399 2048 2436 un-

445 2487 585 2542 vcrit
613 2485 832 2554 Legem.
870 2483 1012 2553 Ergo
1045 2482 1275 2550 populus
1303 2478 1618 2534 Iuda-orum
1647 2492 1825 2545 neque
1865 2475 2049 2544 puriﬁ-

443 2578 555 2633 cari
589 2577 788 2644 potuit;
819 2575 944 2644 quia
996 2570 1473 2626 circumcisionetn
1525 2584 1630 2621 non
1684 2568 1891 2632 animi,
1951 2565 2047 2620 sed

439 2669 688 2740 carpuris
717 2669 902 2721 habuit
937 2709 951 2731 ,
986 2681 1163 2736 neque
1207 2663 1571 2726 sanctiticari;
1606 2662 1732 2732 quia
1789 2662 2047 2715 virtutem

443 2764 604 2835 Legis
638 2759 926 2832 ignoravit,
957 2760 1045 2826 qui
1079 2758 1321 2810 carnalia
1368 2755 1540 2824 magis
1575 2769 1734 2822 quam
1786 2753 2046 2820 spiritalia

448 2853 779 2922 sequebatur
800 2849 934 2924 (Lex
965 2859 1132 2903 autem
1161 2847 1342 2919 (Rom.
1375 2858 1468 2905 vu.
1522 2846 1606 2918 l4)
1639 2845 1894 2914 spiritalis
1923 2844 2045 2914 est),

445 2963 621 3016 neque
667 2943 985 3014 iustiﬁcari;
1015 2941 1137 3012 quia
1171 2942 1495 2994 delictorum
1525 2954 1745 2993 suorum
1778 2936 2046 3006 pmniten-

445 3042 572 3095 tiam
608 3054 712 3090 non
738 3035 983 3105 gerebat,
1013 3040 1068 3087 et
1100 3033 1222 3086 ideo
1250 3033 1478 3100 gratiam
1513 3030 1814 3085 nesciebat.

519 3130 642 3186 167.
696 3126 890 3181 Merito
920 3139 1050 3193 ergo
1091 3123 1271 3176 nullus
1303 3123 1353 3173 in
1395 3122 1680 3189 Syuagoga
1727 3119 1937 3172 fruetus
1966 3119 2049 3172 in-

447 3234 641 3281 ventus
663 3231 778 3276 est:
812 3229 866 3272 et
894 3216 1018 3272 ideo
1041 3216 1262 3286 jubetur
1283 3213 1482 3266 excidi.
1516 3211 1623 3266 Sed
1654 3213 1826 3264 bonus
1851 3211 2048 3274 cultor,

443 3325 502 3373 et
531 3315 762 3370 fortasse
805 3310 894 3365 ille
939 3309 993 3362 in
1045 3323 1153 3377 quo
1188 3305 1444 3360 Ecclesia:
1485 3301 1901 3357 fundamentum
1935 3311 2048 3367 est,

447 3405 743 3479 przescieas
789 3405 1020 3456 alterum
1046 3400 1112 3454 ad
1142 3408 1358 3469 gentes,
1411 3411 1471 3451 se
1501 3405 1680 3450 autem
1733 3394 1798 3448 ad
1831 3410 1928 3449 eos
1959 3394 2048 3461 qui

444 3517 511 3558 ex
542 3496 958 3555 Cll‘CtttllClSltttle
989 3506 1135 3552 sunt.
1165 3507 1291 3546 esse
1325 3490 1679 3553 mittendum;
1709 3489 1957 3559 religiose
1982 3502 2051 3543 ne

448 3594 736 3650 excidatur
768 3585 1075 3650 intervenit,
1116 3583 1287 3638 lrelus
1319 3581 1604 3637 vocatione
1633 3596 1727 3634 sua
1760 3582 1922 3636 etiam
1958 3593 2052 3650 po—

443 3686 630 3755 pulum
677 3679 992 3734 Judaeorum
1033 3680 1062 3710 α
1114 3691 1214 3748 per
1263 3673 1560 3730 Ecclesiam
1620 3687 1778 3744 posse
1825 3671 2046 3727 salvari.

444 3778 684 3842 Ideoque
715 3774 847 3828 dicit
873 3789 886 3826 :

519 3871 703 3944 (Vers.
737 3869 817 3936 8.)
842 3865 1058 3921 Remitte
1083 3865 1233 3918 illaut
1261 3873 1308 3917 et
1336 3862 1434 3917 hoc
1454 3879 1611 3925 anno,
1639 3878 1796 3931 usque
1826 3862 1945 3915 dum
1964 3863 2047 3932 [o-

442 3965 583 4019 dium
614 3962 753 4015 circa
784 3961 956 4021 illaut,
989 3968 1034 4013 et
1066 3959 1264 4011 mittunt
1293 3955 1577 4022 cophinum
1603 3955 1863 4009 stercoris.

519 4057 643 4114 168.
677 4058 847 4120 Quam
871 4054 983 4107 cito
1011 4051 1261 4104 duritiam
1287 4048 1598 4105 JtldtCOl‘ttm
1623 4048 2049 4119 superbiamque

449 4147 661 4222 1‘51
702 4161 894 4199 causis
925 4157 1047 4197 esse
1074 4142 1382 4196 sterilitatis
1407 4141 1622 4208 agnovit
1652 4141 1665 4194 !
1691 4140 1874 4210 Itaque
1901 4141 2050 4194 novit

447 4245 724 4299 excolere,
781 4236 870 4306 qui
905 4233 1055 4287 novit
1097 4233 1222 4286 vitia
1277 4233 1708 4300 deprehendere.
1755 4232 2049 4289 Pollicetur

445 4334 577 4391 dura
601 4329 782 4387 cordis
817 4343 1008 4384 eorum
1036 4327 1354 4396 apostolicis
1385 4327 1653 4394 ligonibus
1676 4343 1798 4382 esse
1840 4329 2044 4382 fodien-

445 4427 549 4492 da;
580 4434 638 4479 ut
671 4424 831 4492 longo
863 4420 1068 4475 incultu
1101 4419 1264 4474 situm
1317 4419 1515 4474 mentis
1543 4419 1835 4474 obductum
1865 4434 2046 4475 sermo

439 4519 521 4576 bis
545 4529 737 4573 acutus
763 4517 1018 4580 invertat,
1050 4523 1106 4568 ct
1144 4513 1311 4568 corde
1362 4514 1658 4581 proscisso,
1683 4516 1888 4568 excitet
1916 4530 2044 4570 sen-
2072 4495 2125 4556 D

441 4629 562 4669 sum
592 4611 741 4666 aerio
781 4609 1078 4680 spiramine
1107 4609 1211 4677 iant
1244 4609 1546 4677 vigentem;
1581 4625 1649 4663 ne
1691 4608 1926 4664 radicem
1957 4625 2044 4664 sa-

441 4706 656 4777 pientia:
682 4707 946 4758 terrarum
989 4717 1217 4756 acervus
1265 4701 1463 4754 obruat
1502 4710 1556 4754 et
1584 4701 1904 4756 abscondat.
1931 4701 2039 4757 C0-

440 4803 666 4873 phinum
693 4815 911 4871 unoque
941 4798 1201 4852 stercoris
1229 4797 1362 4852 dicit
1391 4813 1516 4852 esse
1547 4799 1893 4853 mittendum.
1928 4800 2042 4855 Ma-

440 4912 545 4969 gna
578 4894 818 4961 profectu
873 4892 954 4946 vis
1007 4892 1286 4954 stereoris,
1344 4909 1466 4958 qum
1517 4900 1663 4947 tanta
1717 4901 1824 4956 est,
1873 4907 1928 4948 ut
1975 4895 2044 4950 de

437 4988 744 5045 inlecundis
777 4985 1028 5054 fecunda,
1062 4987 1130 5039 de
1152 4986 1434 5040 arentibus
1467 4986 1720 5048 virentia.
1747 4988 1814 5042 de
1845 4990 2043 5044 sterili-

436 5083 538 5139 bus
558 5083 716 5137 iaciat
739 5082 1010 5136 fructuosa
1056 5079 1114 5133 ln
1137 5097 1243 5150 quo
1270 5079 1410 5135 sedit
1436 5080 1465 5136 ι
1491 5083 1539 5134 ιι)
1568 5098 1691 5137 cum
1717 5093 2037 5152 tentaretur,

434 5189 493 5234 et
536 5179 675 5231 vinci
726 5175 970 5245 nequivit
1010 5173 1158 5242 (Job.
1191 5191 1248 5228 tt.
1281 5176 1360 5242 8).
1395 5175 1459 5229 Et
1486 5175 1684 5230 Paulus
1717 5181 1950 5232 :estimat
1983 5187 2040 5232 ιιι

433 5283 700 5336 stercora,
721 5278 779 5324 ut
806 5267 1081 5324 Christum
1113 5267 1410 5322 lucrifaciat
1446 5267 1671 5341 (Philip.
1717 5286 1796 5334 tu,
1829 5254 1908 5342 8).
1937 5273 2038 5326 De-

433 5366 596 5435 nique
625 5379 746 5416 cum
799 5370 925 5414 ante
974 5359 1076 5414 Joh
1134 5361 1365 5429 plurima
1414 5362 1762 5429 perdidisset,
1821 5375 2036 5429 postca-

430 5473 589 5526 quam
618 5456 756 5510 sedit
785 5456 836 5507 in
861 5463 1123 5512 stercore.
1153 5469 1259 5508 non
1292 5453 1480 5508 habuit
1508 5457 1650 5522 quod
1699 5457 1746 5512 ei
1783 5458 2035 5512 diabolus

429 5561 619 5619 posset
646 5548 881 5604 auferre.
908 5547 1055 5601 Bona
1085 5563 1214 5618 ergo
1246 5556 1387 5601 terra
1419 5564 1542 5619 qua:
1575 5549 1799 5616 toditur,
1829 5550 2030 5607 bonum

499 5697 522 5722 ιι
553 5685 709 5741 Rom.
741 5683 899 5751 odit.,
927 5684 984 5739 in
1011 5681 1251 5740 Ecclesia
1275 5701 1426 5756 posse
1449 5687 1662 5743 salvari.

2151 1855 2268 1893 rum
2296 1840 2500 1907 possint
2533 1839 2732 1913 habere
2763 1841 3102 1893 meritorum.

2226 1933 2348 1988 170.
2377 1934 2521 2005 Ergo
2554 1949 2650 2002 per
2679 1946 2926 1988 naturam
2954 1933 3190 1998 arboris,
3215 1933 3525 2006 Synagogzn
3549 1931 3764 2004 species

2151 2023 2440 2089 indiczttur,
2474 2023 2730 2079 secundis
2762 2025 3112 2092 proventibus
3142 2023 3452 2089 fructuosa;
3488 2039 3592 2078 nos
3616 2024 3760 2080 enim

2149 2132 2215 2172 ex
2251 2128 2460 2186 patrum
2493 2119 2723 2173 semine.
2758 2118 3056 2189 Meritoque
3086 2119 3259 2173 Judaei
3287 2118 3499 2189 grossis
3533 2117 3765 2175 labenti-

2148 2211 2251 2268 bus
2281 2223 2686 2281 comparantur,
2747 2213 2888 2283 quod
2936 2195 3237 2266 iucrass-tlo
3283 2211 3474 2278 corde,
3528 2222 3586 2266 et
3625 2227 3763 2282 pra:-

2150 2303 2280 2357 dura
2309 2305 2520 2359 cervice
2549 2305 2614 2357 ad
2649 2304 3039 2372 perennitatem
3053 2304 3140 2358 sui
3173 2288 3463 2374 pervenire
3494 2319 3604 2358 non
3637 2318 3764 2375 pos-

2150 2406 2292 2450 sunt.
2327 2395 2429 2463 Qui
2452 2398 2496 2452 si
2528 2398 2848 2463 moriantur,
2898 2407 2952 2452 et
2978 2396 3132 2467 quasi
3156 2395 3416 2452 decidant
3445 2395 3572 2452 huic
3603 2402 3763 2451 mun-

2150 2487 2240 2546 do,
2274 2499 2330 2542 ut
2370 2487 2422 2542 in
2457 2487 2772 2544 interiorem
2827 2488 3101 2544 hominem
3152 2505 3247 2556 per
3273 2487 3471 2542 lavacri
3518 2488 3757 2558 gratiam

2149 2591 2532 2647 renascantur,
2567 2592 2720 2636 erunt
2752 2583 2939 2653 utique
2973 2567 3258 2636 l'ructuosi.
3292 2579 3525 2636 Perﬁdia
3571 2588 3760 2636 autem

2153 2671 2430 2726 hominum
2463 2673 2820 2743 pertinacium
2861 2673 3199 2745 Synagogam
3231 2672 3477 2728 inutilem
3510 2672 3676 2739 fecit;
3706 2679 3761 2726 et

2153 2764 2273 2819 ideo
2306 2767 2457 2834 quasi
2484 2766 2930 2836 Sterilisjubetur
2959 2768 3156 2822 excidi.

2226 2859 2350 2913 l7].
2382 2861 2534 2926 Quod
2565 2861 2634 2914 de
2661 2859 2865 2914 Juda-is
2894 2860 3097 2915 dictum
3117 2901 3133 2927 ,
3168 2860 3422 2915 omnibus
3451 2859 3756 2916 cavendum

2152 2951 2411 3019 arbitror,
2456 2963 2510 3008 et
2567 2954 2725 3008 nobis
2773 2956 3036 3018 maxime;
3070 2971 3136 3010 ne
3174 2955 3463 3010 fecundum
3499 2954 3759 3010 Ecclesia:

2153 3044 2330 3099 locum
2385 3045 2539 3099 vacui
2579 3045 2788 3100 meritis
2817 3062 3179 3116 occupemus:
3231 3046 3330 3117 qui
3379 3047 3536 3117 quasi
3590 3046 3760 3102 malo-

2152 3148 2378 3208 grauata
2413 3137 2708 3202 benediCIi,
2761 3139 2968 3195 fructus
2997 3142 3137 3194 l‘erre
3167 3139 3432 3193 debemus
3471 3138 3721 3194 internas
3743 3179 3756 3203 ,

2156 3228 2360 3285 fructus
2417 3229 2662 3299 pudoris,
2699 3230 2906 3287 fruetus
2935 3231 3358 3301 coniunctionis,
3392 3232 3604 3286 fructus
3637 3247 3759 3287 mu-

2153 3330 2260 3376 tua:
2297 3323 2580 3377 charitatis
2609 3333 2665 3378 et
2713 3326 2938 3392 amoris,
2988 3326 3089 3380 sub
3145 3341 3253 3380 uno
3291 3335 3448 3381 utero
3492 3325 3759 3381 Ecelcsiaa

2153 3417 2345 3469 matris
2369 3414 2591 3481 inclusi;
2628 3431 2694 3470 ne
2725 3432 2856 3471 aura
2888 3428 3102 3482 noceat,
3125 3432 3207 3473 .ne
3235 3418 3446 3488 grando
3473 3417 3756 3484 decutiat,

2153 3522 2222 3561 ne
2243 3516 2408 3562 testas
2432 3508 2744 3577 cupiditatis
2767 3518 2980 3578 exorat,
3006 3526 3072 3565 ne
3095 3510 3340 3565 humoris
3369 3511 3545 3567 imber
3565 3512 3757 3566 elidat.

2225 3599 2350 3652 17:2.
2404 3599 2657 3655 Nonnulli
2707 3611 2885 3657 tamen
2930 3603 3090 3658 [lcum
3119 3604 3275 3659 istam
3309 3618 3404 3673 per
3432 3603 3758 3676 allegoriam

2133 3707 2260 3760 non
2285 3692 2608 3764 Synagngm,
2639 3696 2736 3750 sed
2769 3697 2990 3751 malitite
3021 3698 3491 3772 itnprnbitafisqne
3523 3702 3755 3770 ligurem

2149 3794 2370 3856 putant;
2402 3786 2451 3839 hi
2487 3797 2668 3842 tamen
2700 3788 2753 3842 in
2777 3789 2928 3843 nullo
2948 3790 3175 3855 distant,
3205 3793 3308 3847 nisi
3341 3793 3484 3862 quod
3510 3809 3608 3861 pro
3633 3809 3760 3863 spe-

2150 3880 2234 3932 cie
2279 3894 2450 3943 genus
2503 3879 2729 3950 eligunt.
2765 3880 2820 3936 id
2849 3892 3028 3937 autem
3059 3898 3259 3939 cavere
3295 3898 3354 3938 se
3384 3883 3593 3947 dicunt,
3629 3885 3757 3957 quia

2152 3970 2415 4029 Dominus
2469 3973 2605 4029 dixit
2654 3975 2719 4029 ad
2777 3974 2975 4030 ticum:
3031 3975 3329 4047 Numquam
3359 3994 3424 4032 ea:
3471 3988 3520 4032 te
3552 3982 3757 4048 [ructus

2151 4080 2394 4120 nascatur
2424 4068 2476 4120 in
2498 4069 2860 4137 sempiternum
2889 4068 3106 4141 (Matth.
3133 4086 3244 4134 nt,
3268 4070 3387 4141 l9);
3415 4085 3536 4128 cum
3567 4072 3758 4143 utique

2152 4158 2416 4227 plurimos
2437 4175 2502 4215 ex
2527 4159 2732 4215 Judacis
2755 4161 3076 4226 credidisse,
3096 4172 3151 4216 et
3178 4162 3487 4218 credituros
3510 4180 3639 4220 esse
3667 4180 3758 4219 no-

2149 4252 2409 4306 verimus.
2443 4252 2550 4309 Sed
2577 4256 2666 4324 qui
2697 4251 2892 4324 credit,
2925 4272 3031 4312 non
3061 4257 3359 4330 Synagoga:
3385 4259 3494 4326 jam
3545 4259 3753 4315 fructus

2149 4355 2255 4412 est,
2285 4347 2379 4402 sed
2415 4348 2708 4404 Ecclesize:
2745 4365 2845 4407 nec
2879 4366 2945 4406 ex
2975 4350 3256 4422 Synagoga
3311 4337 3525 4427 1452
3576 4353 3754 4410 nasci-

2151 4449 2259 4503 tur,
2295 4427 2384 4508 Qui
2411 4444 2717 4498 renascitur
2757 4445 2810 4498 in
2856 4445 3098 4501 Ecclesia
3133 4463 3145 4498 :
3183 4446 3334 4502 Sicut
3354 4448 3491 4501 enim
3521 4447 3752 4517 suntqui

2150 4549 2213 4589 ea:
2247 4535 2391 4589 nobis
2421 4537 2674 4600 exierunt,
2697 4537 2789 4591 sed
2817 4554 2917 4591 non
2944 4547 3087 4592 erant
3116 4555 3178 4593 ex
3204 4539 3390 4605 nobis;
3434 4539 3481 4593 si
3527 4540 3666 4594 enim
3691 4554 3752 4594 ea:

2150 4626 2295 4680 nobis
2325 4639 2515 4693 essent,
2541 4629 2800 4683 nobiscum
2829 4631 3135 4684 mansissent
3166 4631 3209 4700 (Ι
3235 4630 3399 4686 Joan.
3434 4647 3495 4696 tr,
3527 4631 3648 4702 t9):
3675 4633 3748 4686 sic

2148 4715 2215 4771 dc
2249 4719 2312 4770 iis
2338 4720 2426 4788 qui
2457 4734 2522 4774 ex
2556 4719 2757 4775 .ludteis
2779 4723 3027 4787 credunt,
3045 4721 3276 4776 dicimus
3303 4724 3428 4791 quia
3451 4723 3496 4778 si
3518 4738 3583 4780 ex
3609 4723 3746 4796 Syn-

2151 4824 2318 4881 agoga
2376 4824 2580 4877 essent,
2613 4814 2665 4866 in
2696 4813 2979 4885 Synagoga
3011 4827 3330 4872 manerent:
3367 4817 3463 4873 Sed
3495 4828 3744 4888 propter-

2151 4919 2213 4958 ea
2243 4905 2495 4962 exierum
2523 4907 2591 4961 de
2613 4907 2920 4980 Synagoga,
2955 4917 3011 4965 ut
3033 4925 3096 4964 ex
3129 4909 3413 4982 Synagoga
3447 4928 3554 4966 non
3579 4910 3744 4967 fuisse

2149 4999 2458 5051 Credantnr.
2519 4999 2721 5055 Deinde
2759 5017 2854 5070 pro
2894 5001 3095 5055 malitia
3125 5003 3482 5058 interveniret
3529 5004 3739 5073 aliquis,

2148 5091 2421 5146 etdiccret
2449 5095 2804 5150 excolendam
2838 5107 2893 5150 ut
2925 5094 3157 5151 fructum
3186 5096 3438 5163 aﬂ'erret;
3472 5114 3593 5152 cum
3622 5098 3742 5152 ideo

2147 5186 2357 5238 venerit
2398 5185 2678 5253 Dominus,
2723 5196 2784 5242 ιιι
2830 5188 3039 5245 semina
3083 5188 3449 5261 improbitatis
3501 5190 3740 5247 aboleret

2144 5274 2186 5345 (Ι
2210 5273 2368 5332 Jonn.
2402 5294 2480 5340 ιιι.
2515 5279 2597 5349 5).

2214 5369 2502 5441 (\'ers.10.
2541 5373 2648 5442 Η.)
2681 5373 2808 5428 Erat
2845 5383 3015 5429 autem
3055 5376 3241 5431 docens
3267 5377 3318 5430 in
3347 5376 3628 5452 Synagoga
3649 5393 3732 5431 eo-

2141 5477 2255 5514 rum
2302 5463 2547 5519 subbatis.
2600 5465 2663 5521 Et
2712 5483 2825 5522 ecce
2856 5469 3038 5523 mulier
3078 5486 3192 5541 quae
3241 5471 3459 5527 habebat
3503 5473 3731 5542 spiritum

2138 5552 2455 5624 inﬁrmitatis
2499 5560 2650 5614 armis
2693 5560 2866 5617 decem
2920 5572 2968 5616 et
3012 5575 3124 5618 octo
3147 5604 3162 5632 ,
3204 5573 3254 5618 et
3301 5574 3413 5619 erat
3466 5565 3727 5623 inclinata.
