3920 6358
155 366 282 427 1745

1048 364 1421 424 EXPOSITIO
1460 363 1718 424 EVANG.
1759 364 1910 425 SEC.
1953 365 2116 427 LUC.
2156 368 2287 427 LIB.
2328 373 2444 434 γιι.

3278 382 3417 447 1746

215 487 329 543 175.
357 484 525 553 Quam
551 486 657 542 cito
686 486 829 555 quod
851 484 917 541 de
949 484 1232 558 Synagoga
1271 484 1483 541 diceret
1509 482 1716 539 iudica—
1740 484 1791 549 Α
1819 491 1948 556 typo
1979 484 2231 541 arborem
2264 488 2445 543 excidi
2469 488 2645 559 jubet,
2697 491 2749 548 in
2802 502 2934 566 typo
2979 495 3242 557 Ecclesiae
3270 504 3429 561 t‘emi-

149 578 446 652 vitwatth.
489 596 576 646 sv,
607 578 732 651 25)!
768 579 845 634 Ad
879 570 1050 647 ipsam
1095 581 1284 648 utique
1323 577 1577 633 arborem
1627 591 1716 631 ve-

149 673 282 729 nisse
301 686 359 726 se
383 681 666 735 monstrat,
696 672 786 741 qni
811 672 862 725 in
893 670 1082 727 eadem
1108 670 1455 739 pra-dicabat.
1480 669 1720 739 Denique

147 764 194 820 in
229 764 445 819 muliere
477 760 684 817 inﬁrma
713 764 866 834 quasi
901 762 1159 818 Ecclesiae
1207 764 1377 829 ﬁgura
1429 746 1718 828 succedit,

144 868 249 928 qua:
276 869 395 909 cum
424 865 731 908 mensuram
760 853 918 925 Legis
940 863 993 908 et
1014 854 1434 909 resurrectionis
1460 852 1723 923 impleve-

140 949 221 1017 rit,
252 950 299 1003 in
340 948 428 1004 illa
459 948 645 1019 quiete
690 960 951 1020 perpetua
1000 950 1053 1004 in
1099 949 1331 1004 sublime
1359 961 1537 1004 erecta
1571 936 1751 1003 Ιὶιειί-⁵

141 1044 288 1115 gium,
322 1043 724 1099 inclinationem
767 1055 968 1099 nostra:
998 1042 1331 1099 inﬁrmitatis
1368 1043 1573 1099 sentire
1614 1058 1719 1097 non

141 1138 336 1208 poterit.
367 1133 479 1191 Nec
500 1136 661 1192 aliter
690 1137 869 1191 curari
901 1137 1169 1205 potuisset
1217 1137 1336 1192 haec
1364 1136 1583 1203 mulier,
1617 1137 1721 1191 nisi

143 1231 250 1302 quia
280 1229 473 1302 Legem
508 1231 751 1302 implevit
773 1241 827 1286 et
853 1233 1083 1302 gratiam
1111 1249 1125 1286 :
1157 1232 1355 1302 Legem
1401 1232 1454 1286 in
1485 1247 1724 1301 princep-

145 1323 224 1388 tis,
253 1323 301 1376 in
332 1322 548 1379 lavacro
566 1326 822 1395 gratiam,
852 1341 944 1394 per
976 1341 1135 1395 quatn
1174 1325 1374 1380 mortui
1397 1326 1600 1381 sarculo
1628 1340 1721 1381 re-

145 1419 393 1487 surgimus
422 1415 674 1485 Christo;
707 1433 832 1473 nam
869 1419 922 1473 in
950 1418 1141 1475 decem
1175 1419 1377 1485 verbis,
1412 1419 1570 1490 chis
1592 1434 1722 1490 per-

144 1509 286 1565 fectio
332 1517 459 1565 est:
517 1512 569 1565 in
625 1519 819 1566 octavo
867 1527 1119 1578 numero,
1178 1510 1602 1568 resurrectionis
1640 1519 1727 1567 est

147 1604 426 1676 plenitudo.
460 1605 612 1673 Opus
635 1620 769 1676 ergo
784 1604 996 1662 sabbati
1025 1607 1238 1677 signum
1267 1604 1431 1661 futuri
1454 1616 1558 1668 est,
1583 1605 1725 1677 quod

146 1696 493 1766 unusquisque
547 1697 690 1769 Lege
724 1697 1041 1768 perfunctus
1070 1708 1125 1754 et
1155 1699 1351 1770 gratia,
1390 1716 1486 1769 per
1514 1685 1728 1755 miseri;

146 1789 362 1845 cordiam
390 1790 595 1846 Christi
620 1805 904 1861 corporea:
930 1791 1241 1862 fragilitatis
1272 1793 1535 1848 molesriis
1558 1808 1727 1848 exue-

1822 593 1947 632 nam
1978 579 2172 634 salvat.
2201 579 2371 648 Quam
2398 583 2574 637 dulcis
2602 586 2859 652 paraltola
2887 590 2901 644 !
2931 588 3105 647 facilis
3133 609 3313 651 autem
3337 612 3428 655 so-

1820 668 1976 724 lutio.
2001 669 2290 726 Vincnlnnt
2319 676 2535 731 vinculo
2556 692 2867 747 comparat;
2892 678 2921 718 ³³
2947 693 3000 746 ut
3018 687 3430 747 insimulatione

1820 763 2132 821 Iudaeorum
2173 779 2325 823 aetus
2403 771 2645 839 ipsorum
2697 773 3072 844 redarguetur.
3125 779 3263 837 Nam
3303 800 3427 841 cum

1823 858 1925 929 ipsi
1954 861 2279 917 animalibus
2319 863 2545 919 sabbato
2588 866 2804 921 solvant
2845 871 3084 933 vincula.
3129 878 3431 945 reprehen-

1822 951 1957 1008 dunt
1988 954 2302 1023 Dominum,
2325 958 2418 1028 qui
2466 959 2718 1016 homines
2743 979 2772 1015 a
2817 972 3168 1033 peceaturum
3202 967 3432 1026 vinculis

1827 1046 2099 1103 liberavit.
2650 1112 2651 1115 η

1897 1141 2079 1210 (Vers.
2112 1143 2200 1210 18,
2237 1143 2353 1211 19.)
2398 1143 2495 1200 Cui
2522 1146 2694 1202 simile
2721 1158 2797 1203 est
2841 1166 3060 1222 regnum
3106 1153 3228 1222 Dei,
3266 1167 3315 1213 et
3345 1160 3435 1214 cui

1824 1234 1997 1288 simile
2021 1235 2153 1289 illud
2176 1236 2479 1321 aestimabo?
2511 1237 2699 1294 Simile
2741 1252 2815 1295 est
2860 1259 3029 1313 grano
3049 1247 3437 1320 sinapis,.quod

1825 1336 2086 1400 acceptum
2111 1330 2260 1383 homo
2285 1331 2421 1385 misit
2435 1331 2486 1383 in
2509 1332 2904 1403 Itortutnsuum,
2929 1348 2978 1391 et
3001 1341 3157 1395 erevit
3181 1357 3200 1395 :
3221 1352 3267 1395 et
3299 1347 3438 1410 facta

1826 1428 1900 1473 est
1930 1422 2106 1488 arbor,
2149 1431 2196 1476 et
2221 1423 2453 1478 volucres
2483 1425 2598 1480 caeli
2637 1428 2997 1498 requiruerunt
3038 1433 3093 1488 in
3119 1435 3280 1491 ramis
3299 1438 3436 1508 ejus.

1903 1511 2026 1568 176.
2063 1513 2233 1568 Docet
2262 1529 2362 1569 nos
2393 1531 2642 1582 pr-zescns
2670 1519 2839 1574 lrctio
2874 1531 3125 1578 naturam
3157 1541 3447 1598 crunpata-

1829 1602 2038 1658 tionum
2068 1606 2419 1676 spectandam
2447 1623 2594 1676 0553,
2618 1626 2726 1666 non
2755 1616 3018 1682 speciem.
3049 1615 3235 1688 itaque
3257 1620 3442 1676 videa-

1829 1711 1954 1751 mus
2003 1711 2102 1750 cur
2150 1698 2387 1753 sublime
2432 1716 2656 1771 regnum
2713 1705 2975 1759 caelorum
3016 1722 3190 1777 grano
3237 1712 3441 1781 sinapis

1827 1800 2179 1858 comparetur
2213 1810 2227 1848 :
2264 1809 2387 1847 nam
2422 1796 2646 1850 memini
2704 1798 2869 1853 etiam
2927 1800 3035 1855 alio
3061 1802 3181 1858 loco
3212 1819 3439 1872 granum

147 1891 238 1937 tur.
270 1882 332 1937 Et
378 1883 499 1938 ideo
528 1885 581 1938 in
613 1883 770 1954 signo
795 1897 924 1940 ante
955 1901 1054 1947 per
1084 1886 1304 1958 Moysen
1338 1887 1615 1955 prmmissa
1643 1896 1727 1943 est
1757 1883 1806 1944 B
1831 1882 2035 1952 sinapis
2060 1885 2282 1947 lectum,
2316 1887 2404 1941 ubi
2433 1887 2558 1943 ﬁdei
2586 1889 2891 1952 confertur.
2922 1892 3142 1950 dicente
3173 1895 3443 1953 Domino:

147 1976 483 2033 sanctiﬁcatio
531 1976 729 2046 (Exod.
773 1979 1043 2049 ΧΙΧ.1());
1098 1991 1155 2034 ut
1208 1990 1355 2035 esset
1402 1979 1724 2036 exercitium

146 2069 320 2125 futurae
346 2070 821 2145 sanctiﬁcationis,
853 2082 907 2127 et
946 2072 1314 2130 observantia:
1343 2073 1665 2143 Spiritualis,
1697 2088 1725 2125 a

148 2164 473 2219 sucularihus
500 2165 764 2232 Operibns
812 2164 1156 2220 abstinendo.
1210 2165 1456 2233 Denique
1491 2175 1548 2221 et
1585 2165 1729 2221 Deus

149 2259 175 2289 ³
198 2259 258 2312 ab
282 2258 541 2330 operibus
574 2258 759 2315 mundi
787 2258 988 2329 quievit
1018 2258 1173 2331 (Gen.
1204 2275 1263 2323 tt,
1294 2257 1375 2333 2),
1407 2259 1501 2314 sed
1533 2275 1638 2314 non
1661 2258 1730 2313 ab

149 2352 399 2421 operibus,
450 2352 614 2419 cujus
654 2354 983 2423 sempiterna
1018 2362 1070 2408 ct
1116 2352 1263 2423 jugis
1317 2352 1562 2423 operatio
1608 2362 1727 2417 est;

150 2442 267 2498 sicut
287 2442 453 2499 Filius
474 2445 598 2500 ait:
630 2443 789 2498 Pater
821 2460 963 2498 meus
994 2460 1154 2516 usque
1197 2444 1348 2500 modo
1377 2453 1624 2509 oreretur
1643 2485 1658 2509 ,
1685 2448 1731 2499 et

148 2552 421 2608 egocperor
475 2536 667 2611 (Joan.
694 2553 750 2603 v,
783 2537 908 2607 i7);
960 2547 1019 2591 ut
1064 2537 1131 2592 ad
1172 2537 1583 2592 similitudinem
1634 2536 1732 2593 Dei

148 2630 401 2685 stccularia
425 2638 617 2686 nostra
646 2645 838 2701 opera,
870 2646 977 2685 non
1003 2629 1260 2700 religiosa
1288 2638 1592 2685 cessarent.

212 2719 323 2778 171.
353 2721 540 2796 (Vers.
573 2720 687 2793 14.)
724 2722 836 2776 Iloc
868 2732 1181 2784 autemnon
1222 2721 1533 2789 intelligens
1560 2720 1735 2776 archi-

149 2826 446 2885 synagogus,
480 2813 816 2885 prohibebat
866 2829 1193 2884 quemquam
1247 2813 1429 2867 curari
1473 2811 1732 2880 sabbato,

147 2916 254 2957 cutu
274 2904 562 2961 sabbatum
593 2902 896 2959 futurarum
931 2914 1089 2975 typus
1116 2902 1186 2957 sit
1214 2901 1498 2960 feriarum.
1522 2903 1588 2957 Et
1612 2903 1737 2958 ideo

148 3011 242 3051 non
268 3001 443 3069 cperis
468 2999 632 3061 boni,
675 2998 769 3054 sed
800 2997 930 3052 mali
958 2996 1111 3052 l'eriie
1160 3008 1315 3062 sunt;
1373 3011 1549 3066 eoque
1600 3011 1739 3066 pric-

149 3089 384 3159 scriptum
413 3072 485 3146 Sit
512 3100 577 3144 ut
600 3089 804 3144 nullam
827 3091 1066 3144 ferentes
1096 3089 1367 3143 sarcinam
1390 3088 1736 3155 delicmrum,

151 3196 238 3237 nec
259 3184 523 3238 bonorum
571 3182 743 3253 jejuni
775 3197 1003 3252 operum
1050 3181 1276 3237 sabbata
1335 3192 1458 3251 post
1507 3193 1738 3238 mortem

1829 1975 1893 2031 Si
1921 1976 2205 2033 habueritis
2235 1980 2392 2050 ﬁdem
2424 1983 2557 2035 sicut
2582 2001 2805 2054 granum
2845 1986 3071 2055 sinapis,
3102 1988 3289 2045 dicetis
3326 1990 3447 2046 huic

1828 2072 2039 2126 monti:
2082 2069 2309 2136 Tollere,
2358 2083 2406 2127 et
2438 2078 2648 2148 jactare
2694 2077 2746 2130 in
2778 2094 2919 2132 mare
2964 2079 3184 2153 (Matth.
3218 2096 3350 2150 xvtt,
3379 2082 3448 2140 19

1827 2172 1875 2215 et
1918 2159 2042 2233 2t).
2071 2162 2181 2219 Nec
2212 2165 2406 2235 exigua
2450 2167 2589 2230 lucc,
2640 2168 2734 2222 sed
2774 2184 2966 2240 magna
3015 2185 3098 2227 εει
3131 2172 3289 2241 ﬁdes,
3325 2190 3447 2246 qua:

1829 2254 2007 2311 monti
2035 2257 2204 2326 possit
2233 2265 2291 2312 ut
2312 2273 2372 2312 se
2402 2258 2717 2323 transferat,
2752 2261 3057 2331 imperare;
3091 2280 3269 2335 neque
3298 2266 3445 2320 cuitn

1832 2350 2165 2405 mediocrem
2200 2351 2361 2406 ﬁdem
2409 2350 2675 2408 Dominus
2710 2355 2876 2425 exigit
2908 2355 2976 2409 ab
3008 2356 3297 2426 apostolis,
3327 2358 3449 2425 qni-

1833 2441 1936 2497 bus
1981 2442 2247 2499 adversus
2293 2444 2642 2500 altitudinem
2681 2447 3043 2503 extollentem
3082 2464 3142 2504 se
3191 2447 3448 2519 nequitiae

1833 2532 2099 2604 spiritalis
2126 2537 2232 2589 scit
2261 2549 2387 2592 esse
2417 2537 2765 2592 certandum.
2803 2539 2894 2592 Vis
2921 2538 3065 2594 scire
3102 2555 3350 2611 magnam
3379 2539 3449 2595 ii-

1835 2624 1959 2679 dem
1990 2627 2230 2697 requiri?
2261 2626 2405 2697 Lege
2433 2628 2486 2682 in
2511 2627 2776 2694 Apostolo
2806 2647 2818 2683 :
2854 2629 2921 2685 Et
2943 2632 2987 2684 si
3010 2630 3223 2686 habeam
3245 2639 3447 2687 omnem

1836 2717 2013 2786 ﬁdem,
2046 2720 2118 2771 ita
2149 2726 2206 2773 ut
2235 2732 2434 2773 montes
2465 2723 2777 2791 transferam
2809 2720 2851 2793 (Ι
2874 2719 2996 2778 Cor.
3023 2738 3141 2795 stu,
3168 2722 3251 2795 2).

1911 2810 2035 2866 177.
2069 2811 2208 2880 Ergo
2234 2814 2278 2866 si
2313 2826 2536 2878 regnum
2569 2814 2834 2869 cmlorum
2866 2816 3007 2870 sicut
3036 2831 3267 2886 granum
3300 2814 3448 2871 sina-

1839 2905 1946 2975 pis,
1978 2911 2037 2959 et
2063 2903 2198 2958 ﬁdes
2227 2904 2362 2960 sicut
2407 2921 2639 2977 granum
2680 2906 2890 2977 sinapis
2925 2925 2936 2959 :
2975 2908 3113 2963 ﬁdes
3149 2912 3336 2979 utique
3369 2923 3455 2963 re-

1838 3014 2004 3069 gnum
2045 2998 2312 3054 caelorum
2350 3007 2456 3063 est,
2486 3008 2542 3053 ει
2578 3014 2807 3069 regnum
2852 3002 3120 3056 ctelorum
3163 3012 3248 3057 est
3294 3000 3452 3056 tides.

1844 3090 2029 3161 Itaque
2058 3091 2149 3161 qui
2185 3090 2345 3145 ﬁdem
2389 3090 2574 3154 habet,
2604 3091 2768 3146 habet
2798 3106 3025 3162 regnum
3064 3093 3352 3149 ctelorutn.
3387 3093 3455 3148 Et

1841 3199 2071 3254 regnum
2106 3185 2200 3239 Dei
2246 3183 2387 3238 intra
2422 3199 2543 3248 nos,
2587 3194 2642 3239 et
2685 3185 2824 3241 ﬁdes
2868 3186 3009 3241 intra
3039 3203 3138 3241 nos
3164 3198 3280 3250 est;
3321 3186 3457 3258 legi-

151 3271 308 3329 lutura
344 3277 721 3332 celebremus.
754 3273 910 3331 Unde
937 3273 1203 3332 Dominus
1243 3274 1562 3346 Spiritaliter
1586 3275 1736 3331 vide-
1762 3260 1808 3324 C
1842 3292 1964 3331 mus
1994 3278 2137 3329 enim
2173 3293 2186 3328 :
2219 3273 2459 3349 Rrgttum
2493 3273 2590 3332 Dei
2612 3277 2749 3331 intra
2774 3293 2861 3333 eos
2883 3288 2960 3334 est
2991 3278 3145 3351 (Luc.
3175 3294 3306 3343 χιιι,
3333 3280 3451 3353 21).

153 3376 229 3422 lttr
251 3370 612 3440 respondere,
644 3385 766 3423 cum
792 3367 927 3423 dicit
954 3386 968 3422 :

209 3459 380 3534 (Vers.
412 3460 538 3535 13.)
596 3459 918 3532 Hypocritte,
960 3462 1311 3532 unusquisque
1350 3470 1572 3516 uestrum
1620 3460 1736 3515 sub.

152 3552 250 3607 bato
273 3571 370 3609 non
393 3555 554 3631 solvit
592 3553 767 3609 bovem
795 3570 950 3609 suum
975 3562 1064 3607 aut
1097 3555 1327 3620 asinum,
1355 3564 1400 3608 et
1428 3553 1572 3608 ducit
1612 3553 1741 3608 ada-

152 3649 328 3715 quare?

213 3741 325 3797 l75.
353 3740 462 3798 Cur
484 3757 600 3796 non
632 3739 779 3795 aliud
804 3739 1004 3795 animal
1028 3739 1309 3806 indicavit,
1339 3741 1440 3795 nisi
1472 3748 1528 3795 ut
1550 3748 1738 3796 osten-

152 3829 304 3899 deret,
344 3834 770 3890 adversantibus
823 3832 954 3888 licct
1000 3836 1303 3904 Synagngrc
1359 3833 1694 3903 principibus
1723 3873 1739 3899 ,

153 3921 370 3982 futurum
405 3939 593 3983 tamen
622 3938 678 3980 ιιι
704 3924 964 3981 .ludaicus
1004 3933 1060 3980 et
1082 3925 1299 3995 gentilis
1331 3925 1561 3994 populus
1593 3925 1742 3979 sitim

152 4021 399 4087 corporis,
422 4031 706 4089 a-stttsrpte
732 4019 916 4074 mundi
943 4014 1099 4074 istius
1112 4019 1376 4074 Dominici
1405 4018 1567 4073 {catis
1585 4018 1745 4074 uber-

154 4116 248 4166 tate
270 4112 549 4185 deponat?
576 4112 799 4186 Agnonit
835 4115 969 4167 enim
998 4116 1086 4167 bos
1114 4129 1457 4183 possessorem
1475 4130 1648 4181 suum,
1696 4124 1745 4169 et

156 4206 311 4263 asinus
337 4226 571 4280 prtesepe
599 4207 812 4262 Domini
836 4208 918 4261 siti
940 4208 1110 4279 (Euri.
1142 4224 1179 4274 t,
1207 4209 1287 4277 5).
1318 4207 1501 4279 Itaque
1531 4208 1625 4263 ille
1654 4224 1747 4278 p0.-

157 4300 302 4368 pulus
331 4302 420 4371 qui
467 4312 630 4355 antea
683 4299 790 4354 leni
820 4301 941 4355 vilis
963 4301 1105 4371 quod
1133 4302 1447 4371 priusquam
1476 4300 1747 4356 cvellatur

158 4395 355 4455 arescit,
389 4395 648 4449 alimonia
674 4394 1018 4462 pascebatur,
1036 4408 1228 4463 panem
1258 4394 1407 4448 illum
1439 4393 1528 4464 qui
1552 4408 1582 4448 e
1606 4380 1749 4448 cteio

159 4483 424 4543 descendit
460 4488 695 4556 accepit.
732 4488 798 4543 Et
848 4488 972 4544 ideo
1000 4503 1094 4559 per
1125 4490 1465 4544 vocationem
1512 4489 1745 4544 duorum

160 4580 470 4648 populorum
525 4582 823 4637 Ecclesium
877 4582 1012 4638 dicit
1065 4583 1271 4638 salvam
1314 4583 1575 4651 futuram,
1625 4599 1749 4654 quae

1842 3370 1912 3425 Et
1928 3368 2056 3425 alibi
2083 3387 2101 3424 ε
2131 3367 2330 3439 Habete
2356 3370 2516 3438 ﬁdem
2546 3372 2597 3423 in
2622 3370 2764 3424 vobis
2787 3373 2917 3440 ipsis
2943 3372 3163 3442 (Matth.
3191 3387 3307 3436 XVI,
3333 3373 3451 3443 19).

1842 3461 2088 3533 Denique
2136 3473 2361 3516 sanctus
2389 3459 2588 3517 Petrus
2625 3462 2719 3532 qui
2750 3477 2968 3517 omnem
3023 3461 3216 3517 habuit
3265 3464 3452 3527 ﬁdem,

1839 3555 1994 3626 regni
2026 3556 2293 3610 ctelnrum
2321 3555 2505 3609 claves
2535 3565 2593 3609 ut
2622 3564 2677 3608 et
2701 3554 2827 3627 aliis
2851 3562 3147 3621 reserat-et,
3178 3555 3413 3626 accepit.

1915 3647 2041 3702 178.
2070 3647 2224 3702 Nunc
2249 3662 2316 3703 ex
2345 3655 2536 3701 natura
2571 3646 2802 3717 sinapis,
2830 3664 2951 3718 quae
2981 3649 3152 3703 virtus
3172 3663 3456 3719 contpara-

1846 3740 2011 3794 tionis
2035 3737 2106 3792 sit
2131 3740 2487 3793 :esdmemus.
2516 3737 2756 3793 Granum
2801 3738 2921 3807 ejus
2946 3750 3095 3793 certe
3117 3754 3207 3794 res
3229 3750 3313 3793 est
3334 3739 3456 3795 vilis

1845 3842 1901 3888 ct
1940 3834 2173 3903 simplex
2204 3849 2217 3885 :
2252 3832 2298 3885 si
2334 3832 2434 3886 teri
2467 3833 2719 3901 (aperit,
2745 3832 2853 3885 vim
2876 3846 3029 3884 suam
3054 3830 3253 3885 fundit.
3279 3831 3454 3888 Etiam

1846 3926 1982 3981 ﬁdes
2010 3929 2187 3994 primo
2216 3923 2442 3993 simplex
2475 3924 2691 3977 videtur
2722 3942 2733 3976 :
2759 3923 2856 3977 sed
2884 3922 2929 3977 si
2952 3933 3162 3978 teratur
3189 3924 3456 3993 adversis,

1845 4023 2077 4091 gratiam
2118 4034 2230 4073 sua:
2261 4018 2479 4073 virtutis
2524 4016 2787 4082 cil'nt.dit;
2821 4028 2877 4070 ut
2918 4017 3058 4072 alios
3105 4033 3323 4089 quoque
3364 4020 3459 4089 qui

1850 4114 1938 4169 vel
1952 4112 2198 4179 atuliunt,
2216 4111 2297 4167 vel
2314 4114 2517 4181 legunt,
2536 4110 2706 4167 odore
2719 4111 3110 4181 suiCnmpleat.
3126 4111 3366 4169 Granum
3380 4113 3458 4169 si-

1849 4209 2004 4281 napis
2026 4221 2296 4279 martyres
2333 4213 2502 4261 nastri
2528 4217 2653 4261 sunt
2674 4205 2849 4273 Felix,
2866 4206 3073 4275 Nahor,
3092 4218 3149 4263 et
3174 4206 3365 4263 Victor
3387 4217 3411 4247 ο
3438 4227 3452 4263 :

1849 4301 2129 4357 habebant
2158 4301 2379 4356 odorem
2400 4300 2658 4368 ﬁtlei,sed
2695 4302 2919 4356 latebat.
2943 4301 3103 4357 Venit
3121 4300 3457 4372 persecutio,

1850 4411 1999 4451 arma
2035 4404 2354 4465 posuerunt,
2388 4394 2525 4446 colla
2566 4392 2861 4458 ﬂexerunt,
2888 4396 3110 4448 contriti
3158 4394 3341 4463 gladio
3364 4407 3462 4462 per

1853 4491 2021 4545 totius
2049 4489 2311 4544 terminos
2335 4487 2520 4542 tnuudi
2542 4490 2773 4557 gratiam
2797 4489 2879 4541 sui
2909 4501 3161 4556 sparsere
3191 4486 3459 4557 martyrii,

1852 4592 1913 4637 ut
1936 4584 2061 4653 june
2099 4579 2357 4635 dicatur:
2390 4578 2458 4633 lu
2501 4594 2705 4632 onmem
2751 4590 2944 4633 terram
2978 4579 3135 4633 exivit
3179 4594 3339 4633 sonus
3373 4593 3462 4634 eo-

162 4679 391 4742 lcmpnre
414 4673 580 4745 Lt-gis
623 4676 871 4745 impleto,
914 4686 969 4730 et
1002 4674 1302 4731 Dominicte
1331 4676 1751 4732 resurrectionis
1777 4643 1829 4702 Β
1854 4691 1972 4729 rum
2002 4673 2176 4746 (Psal.
2209 4687 2360 4736 xvnt,
2390 4671 2468 4743 5).

163 4774 336 4832 actate,
391 4778 604 4839 tempus
656 4785 771 4824 sua:
824 4770 1186 4826 absolutionis
1238 4780 1545 4842 acceperat.
1579 4772 1752 4839 Quam

163 4855 393 4916 clemens
422 4878 554 4933 ergo
580 4860 792 4938 1553
818 4863 1098 4929 Dominus,
1132 4879 1292 4935 quam
1345 4868 1466 4935 pius
1518 4865 1572 4920 in
1603 4875 1756 4921 utro-

165 4961 281 5019 que,
313 4967 436 5008 cum
466 4965 557 5009 aut
580 4958 890 5023 miseretur,
929 4968 1020 5012 aut
1046 4955 1312 5015 vindieat!
1358 4954 1415 5012 ln
1457 4956 1759 5031 Synagogte

234 5108 260 5137 ⁸
306 5100 463 5176 Rom.
490 5103 624 5160 edit.
655 5104 795 5165 sola,
843 5102 1172 5176 abgoperibus
1201 5100 1380 5154 mundi
1406 5101 1618 5166 quieuit,
1666 5100 1758 5176 sed

169 5187 261 5244 non
287 5175 348 5227 ab
365 5177 608 5244 operibus
646 5178 856 5231 sanctis.
888 5173 1142 5230 Nonnulli
1171 5187 1325 5233 mss..
1356 5190 1461 5244 (non
1484 5187 1551 5229 ea:
1590 5173 1760 5244 operi:

170 5240 256 5297 bus
275 5240 453 5301 mundi
478 5250 668 5319 quievit
688 5264 708 5301 :
738 5248 829 5302 sed
854 5247 917 5299 ab
941 5246 1178 5319 operibus
1204 5242 1384 5319 mundi
1403 5240 1631 5319 quieuit.
1652 5242 1759 5298 Alii

170 5328 358 5384 magno
388 5315 620 5375 numero
647 5336 770 5375 cum
801 5330 915 5372 ant.
964 5315 1093 5372 edit.
1134 5326 1189 5370 ut
1222 5317 1275 5369 in
1319 5325 1491 5368 textu.
1525 5315 1588 5369 Et
1627 5330 1758 5369 sane

172 5396 231 5436 ea
256 5401 378 5442 vera
404 5389 566 5446 lectio
594 5406 675 5445 est
704 5408 717 5444 :
750 5390 881 5443 nihil
911 5390 1056 5442 enim
1078 5386 1222 5442 aliud
1254 5387 1370 5439 νυΙι
1397 5385 1720 5440 Ambrosius
1740 5426 1756 5449 ,

172 5468 325 5525 quam
357 5456 524 5515 Deum
556 5462 778 5531 quidem
803 5452 893 5516 ἰὼ
929 5460 1188 5531 operibus
1218 5458 1403 5512 mundi
1443 5457 1718 5529 quievisse
1740 5498 1756 5521 ,

174 5539 278 5580 non
306 5544 433 5584 vero
460 5530 783 5600 simpliciter
803 5532 872 5586 ab
898 5530 1155 5585 omnibus
1184 5531 1467 5600 operibus,
1490 5545 1613 5583 cum
1642 5532 1761 5598 ejus

176 5604 369 5675 alcrna
403 5604 467 5657 sit
497 5605 766 5675 operatio.

246 5667 271 5705 ¹³
299 5668 501 5729 Omnes
530 5667 659 5728 edit.
688 5690 751 5728 ac
793 5687 923 5727 mss.
958 5672 1181 5739 aliquot,
1225 5680 1280 5724 ut
1318 5671 1635 5725 insimula'io
1663 5670 1764 5724 λιι»

179 5738 403 5811 deorum
438 5756 575 5810 actu,
615 5754 720 5800 etc.
752 5744 860 5800 Sed
891 5744 985 5798 alii
1018 5738 1196 5811 plures
1223 5753 1277 5797 et
1307 5742 1642 5808 probatiores
1670 5756 1763 5795 n0-

180 5803 386 5885 biscttm
414 5803 637 5883 faciunt,
679 5824 906 5885 excepto
934 5803 1080 5885 quod
1122 5814 1174 5870 in
1214 5803 1536 5882 quibusdam
1571 5812 1767 5881 legitur

188 5892 284 5947 ρετ
308 5882 629 5967 divisionem
656 5925 668 5950 ,
700 5886 752 5938 in
778 5882 1123 5941 simulatione.

1932 4768 2056 4823 H9.
2089 4766 2197 4823 Sed
2238 4767 2376 4821 alias
2406 4757 2601 4820 teritur
2632 4764 2787 4852 ﬁdes,
2821 4764 2957 4820 alias
2989 4763 3280 4835 premitur,
3324 4764 3464 4823 alias

1861 4864 2183 4920 seminatur.
2214 4859 2340 4929 Ipse
2389 4860 2650 4915 Dominus
2676 4875 2906 4931 granum
2937 4870 3023 4916 est
3056 4860 3287 4929 sinapis.
3334 4859 3466 4915 Erat

1860 4956 2072 5028 integer
2110 4956 2181 5010 ab
2210 4952 2406 5025 injuria
2440 4966 2456 5007 :
2494 4951 2593 5008 sed
2622 4966 2747 5007 eum
2790 4952 2945 5008 velut
2989 4966 3220 5022 granum
3258 4950 3468 5022 sinapis

1942 5110 1965 5138 ο
1993 5097 2069 5152 lta
2101 5109 2234 5152 mss.
2265 5092 2381 5149 fere
2406 5093 2473 5148 ad
2506 5109 2696 5148 unum.
2728 5093 2929 5149 Omnes
2959 5099 3142 5147 tamen
3174 5092 3305 5150 edit.
3337 5092 3465 5148 sub-

1860 5171 2117 5242 jungunt,
2153 5167 2447 5242 Gervnsius,
2495 5175 2543 5219 et
2584 5163 2967 5242 Protusius,_et
2994 5163 3471 5242 gNozarius._Q_na-

1814 5278 1820 5285 -
1860 5233 1990 5298 ἶίιιιῖ
2012 5239 2144 5294 edit.
2175 5240 2219 5292 si
2246 5238 2498 5291 Standtttn
2528 5249 2674 5293 eSset
2696 5235 3028 5296 anctutilali,
3064 5250 3246 5291 nostra
3276 5238 3343 5290 de
3369 5233 3472 5289 htt-

1863 5314 1954 5385 jus
1980 5313 2162 5385 cineris
2189 5325 2305 5385 aevo
2331 5311 2599 5385 sententia
2637 5310 2841 5385 invicte
2870 5319 3059 5362 contra
3091 5307 3305 5361 llaronii
3342 5305 3471 5362 illud

1867 5380 2145 5439 anno‘5'76
2182 5382 2472 5434 tribuentis
2502 5380 2814 5447 opinionem
2858 5388 3225 5441 astrueretnr,
3257 5393 3380 5432 nam
3405 5395 3472 5433 ευ

1867 5471 2011 5511 anno
2040 5469 2109 5508 nc
2152 5452 2369 5506 nomina
2416 5450 2637 5517 quidem
2680 5454 2872 5503 horum
2916 5460 3227 5503 sanctorum
3256 5452 3472 5519 cognita

1868 5540 2045 5582 crant.
2085 5524 2280 5577 Vt-runt
2318 5524 2506 5589 ingens
2539 5523 2779 5589 suspicto
2818 5532 2897 5573 est
2945 5522 3132 5575 ltnruttt
3171 5520 3331 5575 trium
3375 5534 3474 5573 no—
3538 5543 3543 5548 ’

1869 5601 2015 5653 mina
2045 5597 2217 5650 tribus
2259 5595 2533 5662 prioribus
2570 5610 2596 5643 a
2634 5594 2887 5660 quopiam
2936 5606 3225 5661 caprupter
3276 5594 3328 5643 in
3362 5604 3465 5662 tus.

1870 5672 2053 5739 aliquo
2091 5661 2415 5739 recetttttiris
2453 5666 2551 5716 :rvi
2592 5663 2773 5739 addita
2813 5677 2957 5729 esse,
2995 5664 3137 5739 quod
3162 5661 3472 5739 Mediolani,

1871 5728 1978 5811 qua
2003 5740 2056 5793 itt
2088 5728 2221 5791 urbe
2261 5736 2334 5788 illi
2367 5751 2557 5789 utttttes
2606 5738 2745 5811 passi
2788 5728 3473 5811 suntipra'cipuoin‘bu-

1873 5804 2007 5867 tiore
2053 5811 2402 5871 haberentur,
2449 5817 2503 5861 et
2552 5806 2892 5875 reperiantur
2940 5805 2992 5861 in
3024 5806 3293 5862 Ambrosii
3333 5804 3472 5861 ticri»

1879 5883 1983 5953 [itis
2013 5880 2294 5936 celebrati.
