3920 6332
457 397 480 454 1
493 398 592 454 747

1799 379 2046 441 SANCTI
2084 377 2406 438 AMBROSII

3593 387 3701 444 H8

451 509 544 582 qui
571 524 682 566 non
708 507 992 563 attriverat
1041 505 1290 575 populus,
1324 497 1620 557 nesciebat.
1673 497 1714 552 T
1719 495 1795 552 eri
1844 494 2054 562 maluit,
2083 501 2133 561 Α
2161 495 2260 550 sub
2294 506 2538 565 tempore
2568 493 2837 566 passionis
2872 515 2884 550 :
2929 496 3146 567 Vigilate
3185 506 3235 551 et
3274 505 3427 565 orate,
3454 514 3510 552 ne
3543 499 3704 557 intretis

455 612 513 656 ut
550 602 862 657 diceremus
897 617 909 653 :
958 595 1153 652 Christi
1191 595 1324 649 enim
1373 592 1535 646 bonus
1563 591 1692 645 odor
1730 601 1905 642 sumus
1945 586 2054 640 Deo

458 693 527 767 (ll
554 695 672 748 Cor.
708 708 766 759 ιι,
809 691 921 761 15).
965 688 1266 760 Comprimi
1308 686 1528 750 maluit;
1580 684 1723 739 unde
1768 689 1820 735 et
1865 680 2055 735 Petrus

452 787 588 840 dixit
614 803 626 838 :
659 784 1016 855 Comprimunt
1047 791 1096 837 te
1122 783 1284 835 turba:
1307 779 1463 849 (Luc.
1486 794 1599 844 \lll,
1633 775 1748 846 45).
1780 771 2056 830 Seminari

456 878 651 932 maluit
682 879 829 930 velut
863 889 1090 946 granum
1119 871 1261 941 quod
1288 879 1572 940 acceptum
1623 870 1785 922 homo
1816 866 1963 920 misit
2003 864 2056 918 in

460 971 682 1024 hortum
714 984 909 1033 suum;
957 969 1010 1022 in
1041 953 1212 1021 horto
1241 965 1383 1019 enim
1411 963 1663 1018 Christus
1699 970 1752 1015 et
1786 967 1976 1029 captus
2006 969 2059 1012 et

457 1064 705 1134 sepultus
748 1081 761 1116 :
811 1063 864 1116 in
898 1063 1056 1116 horto
1088 1060 1276 1122 crevit,
1312 1057 1401 1112 ubi
1433 1058 1596 1111 etiam
1650 1053 1970 1117 resurrexit,
2004 1060 2059 1106 et

457 1155 630 1211 factus
659 1163 744 1210 est
788 1154 974 1217 arbor,
1024 1153 1165 1206 sicut
1207 1151 1471 1219 scriptum
1519 1155 1605 1203 est
1655 1164 1668 1201 :
1706 1145 1859 1202 Sicut
1907 1144 2060 1197 arbor

455 1250 580 1303 mali
631 1245 846 1321 14⁵4
878 1249 1013 1301 inter
1051 1246 1194 1318 ligna
1231 1244 1373 1299 silva:
1401 1259 1418 1296 :
1451 1243 1522 1296 ita
1557 1245 1717 1312 frater
1746 1255 1891 1293 meus
1925 1239 2059 1292 inter

455 1343 685 1396 medium
712 1341 942 1410 ﬁliorum
974 1338 1146 1410 (Cant.
1186 1352 1246 1404 ιι,
1289 1335 1366 1407 ὃ).
1839 1335 1842 1340 ’

531 1437 656 1491 180.
673 1436 814 1505 Ergo
826 1446 878 1490 et
896 1444 951 1489 tu
965 1434 1174 1489 semina
1191 1434 1241 1486 in
1262 1432 1420 1486 horto
1440 1438 1531 1484 tuo
1545 1427 1840 1482 Christum.
1859 1425 2062 1481 Hortus

459 1529 649 1600 utique
679 1529 831 1583 iocus
855 1528 1048 1598 plenus
1079 1535 1164 1582 est
1192 1525 1386 1580 ﬂorum
1417 1535 1472 1578 et
1513 1522 1783 1577 fructuum
1813 1519 2059 1574 diverso-

459 1639 603 1690 rum,
642 1623 694 1676 in
723 1637 832 1692 quo
869 1622 1044 1692 gratia
1075 1621 1153 1675 tui
1193 1619 1376 1689 operis
1405 1617 1671 1681 emoreat,
1701 1625 1754 1670 et
1784 1613 2059 1683 multiplex

457 1716 594 1770 odor
625 1716 790 1770 variae
821 1715 1035 1768 virtutis
1086 1714 1324 1768 exhalet.
1366 1711 1442 1766 lbi
1486 1725 1618 1780 ergo
1665 1710 1734 1762 sit
1791 1707 2059 1772 Christus,

462 1809 556 1863 ubi
581 1808 788 1862 fructus
815 1817 918 1862 est.
967 1806 1188 1861 Semina
1242 1803 1531 1860 Dominum
1574 1801 1779 1856 Jesum.
1822 1797 2062 1853 Granum

2159 590 2211 643 in
2237 591 2567 643 tentationem
2601 587 2815 660 (Matth.
2848 607 2994 657 xxvr,
3023 588 3148 660 41);
3173 590 3316 645 velut
3337 603 3488 645 succo
3513 594 3705 648 amario-

2160 681 2233 733 ris
2268 680 2536 736 scrmoois
2575 683 2848 753 increpiti,
2883 680 2911 710 ⁸
2939 681 3214 737 dulciores
3254 684 3395 751 justo
3423 684 3708 754 voluptatum

2161 773 2456 827 suavitates
2483 776 2848 844 corporalium
2879 784 3264 844 temperamus.
3297 774 3433 846 Ergo
3459 776 3539 847 qui
3574 780 3704 833 semi-

2162 876 2252 919 nat
2279 881 2503 935 granum
2531 865 2755 937 sinapis,
2791 870 3026 922 seminat
3057 883 3280 938 regnum
3310 869 3571 924 caelorum.

2237 960 2359 1016 185.
2389 959 2467 1015 Ne
2496 960 2765 1031 despicias
2797 961 2901 1018 hoc
2929 978 3158 1033 granum
3203 963 3403 1035 sinapis
3432 981 3444 1016 :
3478 961 3712 1021 Minimum

2160 1054 2367 1124 quidem
2379 1065 2453 1108 est
2469 1056 2703 1110 omnibus
2715 1057 3011 1120 seminibus,
3029 1057 3087 1126 ﬁt
3105 1066 3391 1110 autemcum
3405 1059 3613 1123 creverit,
3626 1074 3712 1112 ma-

2154 1148 2245 1218 jus
2260 1148 2491 1201 omnibus
2506 1147 2730 1203 oleribus
2757 1147 2974 1221 (Matth.
2991 1165 3106 1215 xm,
3125 1149 3234 1220 32).
3253 1149 3307 1206 Si
3322 1165 3532 1219 granum
3549 1152 3715 1221 sinapis

2164 1239 2437 1305 Christus,
2470 1242 2929 1312 quemadmodum
2961 1241 3212 1298 Christus
3251 1253 3338 1298 aut
3379 1243 3611 1298 minimus
3631 1253 3713 1310 est,

2163 1342 2257 1389 aut
2282 1335 2513 1391 crescit?
2547 1336 2744 1391 Verum
2779 1354 2885 1392 non
2910 1353 3005 1408 per
3036 1346 3308 1404 naturam,
3336 1331 3365 1373 δ
3395 1335 3483 1391 sed
3510 1352 3592 1405 per
3613 1331 3714 1406 spe-

2164 1430 2301 1485 ciem
2335 1444 2528 1485 rursus
2557 1431 2847 1486 excrescit.
2880 1431 2973 1484 Vis
3007 1431 3148 1487 scire
3180 1429 3490 1484 minimum?
3528 1425 3719 1483 Vidimus

2166 1540 2302 1589 eum,
2328 1532 2374 1577 et
2397 1539 2496 1577 non
2520 1523 2734 1578 habebat
2763 1525 2983 1589 speciem
3008 1541 3167 1593 neque
3193 1525 3419 1578 decorem
3443 1520 3597 1595 (Esai.
3625 1535 3716 1584 xm,

2167 1617 2248 1690 ‘2).
2285 1619 2441 1673 Disce
2492 1623 2788 1674 maximum
2838 1638 2851 1672 :
2886 1619 3166 1690 Speciosus
3217 1621 3380 1690 forma
3420 1633 3518 1688 pra:
3549 1613 3718 1688 1455

2169 1711 2292 1779 ﬁliis
2322 1709 2590 1765 hominum
2623 1707 2802 1781 (Psal.
2853 1728 3006 1778 thv,
3049 1713 3127 1784 5).
3165 1711 3375 1766 Etenim
3407 1711 3492 1766 ille
3518 1710 3600 1780 qui
3636 1725 3719 1762 non

2172 1803 2404 1858 habebat
2433 1801 2674 1873 Speciem
2705 1821 2881 1875 neque
2910 1799 3191 1870 de‘corem,
3220 1803 3560 1860 excellentior
3586 1801 3720 1856 laetus

461 1914 546 1958 est
575 1917 699 1958 cum
729 1900 1233 1971 comprehenditur,
1272 1898 1436 1951 arbor
1463 1906 1680 1950 estcum
1697 1891 1947 1961 resurgit,
1977 1903 2065 1943 ar-
2097 1901 2145 1962 Β
2172 1904 2253 1949 est
2281 1894 2510 1965 angelis,
2542 1897 2680 1950 ultra
2708 1913 2925 1950 omnem
2955 1897 3183 1966 gloriam
3209 1894 3595 1966 prophetarum,
3616 1907 3721 1962 quos

463 1998 563 2051 bor
589 1997 850 2049 tnundum
878 1993 1233 2048 obumbrans.
1278 1991 1517 2046 Granum
1541 1999 1625 2044 est
1651 2004 1774 2043 cum
1804 1986 2068 2056 sepelitur

464 2090 518 2142 in
559 2096 726 2154 terra,
759 2089 924 2140 arbor
953 2095 1039 2140 est
1062 2101 1184 2138 cum
1214 2085 1459 2139 elevatur
1484 2082 1552 2137 ad
1589 2081 1810 2137 ctelum.

539 2182 662 2235 181.
706 2179 899 2234 Preme
930 2179 1093 2232 etiam
1121 2192 1243 2231 cum
1269 2175 1511 2240 Christo,
1547 2181 1601 2230 et
1642 2175 1852 2250 semina
1881 2172 2063 2227 fidem.

467 2273 739 2327 Premitur
763 2271 914 2335 fides,
950 2286 1072 2326 cum
1100 2268 1426 2324 crucifixum
1453 2267 1728 2322 credimus
1764 2264 2066 2320 Christum.

468 2365 676 2420 Pressit
705 2365 864 2418 iidem
891 2363 1113 2429 Paulus,
1137 2377 1258 2416 cum
1283 2361 1490 2414 diceret
1517 2377 1528 2412 ε
1573 2359 1638 2413 Et
1665 2375 1754 2431 ego
1777 2361 1980 2412 veniens
2003 2356 2070 2410 ad

469 2472 578 2524 vos,
611 2459 824 2527 fratres,
848 2457 962 2510 reni
991 2472 1093 2509 non
1137 2469 1251 2508 cum
1285 2454 1562 2507 eminentia
1597 2451 1845 2506 sermonis
1871 2459 1958 2504 aut
1989 2465 2071 2502 sa-

467 2549 699 2618 pientiae,
734 2548 1023 2618 prcedicans
1058 2547 1198 2600 vobis
1227 2545 1527 2616 mysterium
1555 2543 1688 2610 Dei;
1730 2559 1892 2613 neque
1937 2542 2072 2596 enim

465 2645 700 2715 judicavi
723 2659 804 2697 me
829 2643 962 2696 scire
988 2637 1113 2712 quid
1142 2642 1277 2695 inter
1301 2655 1413 2705 vos,
1444 2639 1546 2692 nisi
1573 2637 1753 2692 Jesum
1783 2635 2070 2702 Christum,

469 2749 519 2793 et
556 2741 694 2793 hunc
734 2739 1042 2806 cruciﬁxum
1079 2735 1122 2808 (l
1144 2734 1262 2790 Cor.
1299 2751 1355 2800 ιι,
1402 2735 1424 2789 1
1455 2745 1499 2787 et
1527 2731 1609 2802 2).
1643 2733 1708 2788 Et
1737 2734 1860 2804 quia
1891 2734 2077 2788 docuit

473 2845 722 2899 premere
749 2830 928 2895 fidem,
959 2830 1146 2884 docuit
1173 2837 1227 2883 et
1254 2829 1458 2894 levare,
1492 2811 1680 2881 dicEns
1709 2845 1722 2878 :
1758 2825 1910 2880 Nunc
1939 2827 2078 2880 enim

475 2924 912 2994 cruciﬁxumjam
937 2938 1036 2974 non
1061 2922 1288 2974 novimus
1311 2917 1662 2986 Christum(ll
1695 2918 1818 2973 Cor.
1868 2935 1922 2983 v,
1961 2919 2074 2988 16).

475 3017 822 3070 Seminamus
838 3021 1014 3068 autem
1048 3011 1231 3076 fidem,
1249 3025 1369 3064 cum
1389 3027 1454 3064 ex
1471 3009 1761 3078 Evangelia
1791 3021 1842 3064 et
1860 3019 2078 3078 aposto-

480 3108 597 3162 licis
627 3121 689 3160 ac
732 3105 1062 3176 propheticis
1093 3103 1414 3158 lectionibus
1453 3102 1729 3156 credimus
1758 3103 1809 3155 in
1863 3101 2078 3156 Domini

475 3203 808 3272 passionem.
835 3198 1180 3254 Seminamus
1210 3212 1338 3266 ergo
1382 3193 1567 3260 fidem,
1626 3211 1748 3248 cum
1786 3209 1903 3249 eam
1933 3194 2081 3248 velut

2173 1986 2424 2041 infirmus
2469 1986 2632 2042 Israel
2681 1989 2826 2043 velut
2874 1989 3020 2042 olera
3078 1988 3519 2052 manducaverat;
3567 1999 3722 2056 panem

2172 2079 2315 2160 enim
2345 2095 2451 2148 quo
2481 2081 2644 2135 corda
2675 2081 3225 2147 firmantur,alterutn
3263 2081 3586 2146 refutaverat,
3619 2077 3723 2132 alte-

2172 2186 2293 2226 rum
2326 2187 2432 2226 non
2474 2181 2778 2243 acceperat.

2249 2263 2372 2319 184.
2401 2264 2601 2320 Semen
2625 2271 2808 2321 autem
2833 2265 3106 2331 Christus,
3138 2266 3270 2337 quia
3298 2280 3474 2320 semen
3498 2259 3722 2318 Abram}:

2176 2359 2399 2412 Abrahw
2421 2361 2558 2412 enim
2582 2357 2736 2414 dicta:
2765 2369 2883 2414 sunt
2920 2360 3310 2430 promissiones,
3343 2368 3388 2414 et
3417 2355 3578 2412 semini
3610 2358 3720 2427 ejus.

2179 2451 2232 2507 Ν
2237 2468 2302 2506 οη
2323 2452 2481 2506 dicit:
2506 2452 2884 2517 Etseminibus,
2905 2464 3167 2523 tamquam
3190 2452 3242 2506 in
3265 2452 3454 2517 multis,
3469 2449 3546 2504 sed
3556 2449 3670 2501 sicut
3683 2445 3729 2498 in

2178 2563 2281 2600 uno
2314 2563 2331 2600 :
2355 2543 2421 2599 Et
2436 2546 2616 2600 semini
2630 2544 3425 2616 tuo,quodest(}hristus(Calai.
3442 2558 3507 2609 ut,
3531 2535 3732 2609 16).Nec

2178 2642 2351 2695 solum
2382 2655 2568 2695 semen
2605 2649 2688 2695 est
2724 2641 2994 2706 Christus,
3021 2641 3114 2695 sed
3129 2641 3298 2694 etiam
3318 2638 3570 2693 minimum
3585 2631 3733 2688 omni-

2181 2735 2280 2789 bus
2311 2734 2639 2799 seminibus;
2680 2734 2804 2806 quia
2838 2751 2943 2789 non
2979 2736 3128 2790 venit
3171 2735 3222 2788 in
3263 2747 3444 2802 regno,
3477 2746 3570 2786 non
3605 2729 3650 2783 in
3673 2727 3735 2780 tli-

2181 2829 2349 2894 vitiis,
2393 2845 2496 2882 non
2550 2829 2602 2882 in
2635 2829 2792 2882 istius
2831 2828 3018 2883 mundi
3064 2827 3359 2899 sapientia.
3391 2826 3566 2882 Subito
3592 2832 3736 2875 autem

2182 2929 2329 2976 velut
2373 2922 2536 2978 arbor
2575 2922 2866 2976 sublimem
2911 2937 3020 2976 suae
3055 2921 3320 2976 verticem
3351 2918 3610 2991 potestatis
3635 2912 3740 2969 επη-

2181 3013 2281 3078 dit,
2327 3025 2382 3068 ut
2427 3016 2672 3075 dicamus
2708 3031 2721 3065 :
2754 3013 2860 3068 Sub
2893 3013 3072 3067 umbra
3113 3015 3227 3083 ejus
3263 3012 3535 3082 concupiui,
3574 3013 3615 3061 el
3650 3003 3739 3059 sedi

2185 3105 2361 3178 (Cant.
2389 3104 2552 3176 11,5).
2583 3106 2651 3160 Et
2692 3105 3004 3176 frequenter
3040 3105 3226 3169 simul,
3265 3113 3319 3162 ut
3359 3097 3593 3167 arbitror,
3621 3098 3737 3152 vide-

2189 3198 2345 3250 batur
2371 3205 2425 3250 et
2456 3197 2641 3261 arbor,
2670 3206 2721 3250 et
2745 3212 2997 3266 granum.
3023 3197 3265 3250 Grmtum
3299 3203 3380 3250 est
3408 3209 3522 3250 cum
3549 3191 3736 3244 dicitur:

479 3295 686 3348 mollito
709 3303 763 3348 et
790 3292 1015 3346 subacto
1041 3290 1160 3344 solo
1178 3289 1470 3342 Dominica:
1504 3287 1682 3341 carnis
1701 3286 1996 3356 cperimus;
2024 3297 2082 3341 ut
2106 3283 2152 3346 C
2189 3290 2378 3344 Nonne
2415 3291 2498 3344 hic
2535 3300 2609 3345 est
2648 3291 2788 3360 ﬁlius
2835 3289 3033 3359 Ioseph
3087 3289 3226 3359 fabri
3276 3285 3482 3362 (Matth.
3510 3303 3611 3350 xm,
3641 3280 3740 3351 55)?

477 3390 632 3456 quasi
661 3401 859 3456 tmpore
887 3393 1268 3452 'etcompressu
1295 3381 1437 3438 sacri
1463 3381 1706 3450 corporis
1722 3378 1853 3433 fides
1876 3394 1933 3434 se
1966 3381 2080 3448 ipsa

477 3480 814 3534 disseminet.
869 3480 969 3543 Qui
1024 3477 1166 3530 enim
1215 3473 1510 3530 crediderit
1561 3475 1759 3528 factum
1805 3473 2078 3526 hominem

481 3574 574 3627 Dei
606 3572 825 3634 Filium,
867 3570 1041 3624 credit
1067 3579 1339 3623 mortuum
1397 3582 1516 3622 esse
1560 3582 1654 3634 pro
1688 3565 1864 3630 nobis,
1909 3563 2084 3619 credit

480 3664 851 3720 resurrexissc
895 3679 990 3732 pro
1030 3661 1208 3727 nobis,
1238 3659 1407 3715 credit
1439 3659 1752 3713 ascendisse
1777 3673 1874 3728 pro
1904 3658 2076 3712 nobis.

483 3757 705 3813 Sentino
733 3771 862 3826 ergo
893 3753 1074 3818 fidem,
1105 3767 1227 3807 cum
1258 3754 1590 3820 sepulturam
1615 3751 1732 3819 ejus
1765 3751 2050 3805 intersere.

557 3849 680 3904 182.
726 3846 818 3902 Vis
862 3848 1004 3902 seire
1051 3859 1276 3916 granum
1321 3843 1621 3910 Christum,
1667 3853 1721 3898 et
1758 3842 2082 3898 semiustum

484 3943 794 4001 Christum?
825 3940 946 3996 Nisi
977 3957 1200 4013 granum
1239 3940 1396 3993 tritici
1435 3939 1625 3994 cadens
1667 3940 1719 3993 in
1751 3950 1940 3993 terram
1976 3953 2086 3990 mo-

483 4041 668 4102 riatur,
700 4037 871 4101 ipsum
913 4037 1079 4087 solum
1107 4042 1274 4086 manet
1307 4049 1324 4086 :
1351 4032 1396 4086 si
1419 4042 1588 4084 autem
1620 4041 1877 4084 mortuum
1903 4031 2082 4101 fuerit,

487 4132 706 4185 multum
728 4133 955 4200 fructum
981 4126 1162 4193 aﬂ'eret
1189 4129 1372 4194 (Joan.
1407 4140 1501 4190 xu,
1531 4125 1649 4196 24).
1683 4127 1822 4196 Ergo
1866 4142 1972 4180 non
2003 4142 2089 4180 er-

487 4223 746 4285 ravimus,
794 4219 913 4288 quia
951 4217 1186 4271 diximus
1225 4217 1395 4286 quod'
1420 4218 1536 4284 ipse
1562 4215 1675 4285 jam
1719 4217 1950 4273 dixerat.
1994 4219 2090 4274 Est

491 4321 669 4369 autem
693 4321 747 4367 et
772 4325 998 4382 granum
1024 4311 1207 4372 tritici;
1237 4308 1361 4378 quia
1384 4308 1673 4363 confirmat
1697 4323 1792 4362 cor
1816 4311 2086 4366 hominis:

486 4417 541 4464 et
567 4421 796 4478 granum
829 4405 1060 4473 sinapis;
1086 4401 1209 4472 quia
1237 4415 1332 4457 cor
1360 4401 1597 4456 hominis
1625 4400 1894 4456 accendit.
1928 4404 1991 4456 Et
2023 4403 2091 4457 li-

488 4510 575 4557 cet
612 4499 680 4554 ad
719 4499 902 4554 omnia
951 4505 1236 4564 utrumque
1275 4496 1598 4559 conveniat;
1645 4493 1857 4550 videtur
1901 4504 2088 4551 tamen

488 4605 717 4664 granum
759 4589 943 4652 tritici,
971 4602 1094 4642 cum
1127 4587 1195 4642 de
1218 4586 1336 4658 ejus
1362 4588 1758 4641 resurrectione
1784 4595 2043 4642 tractatur
2074 4603 2087 4641 :

2189 3384 2293 3440 Sed
2319 3387 2459 3438 inter
2479 3387 2592 3438 lucc
2617 3385 2778 3439 verba
2803 3385 2975 3440 crevit
2999 3385 3200 3450 subito,
3219 3379 3738 3440 testantibusiudzeis,

2187 3477 2308 3544 quia
2341 3477 2492 3544 quasi
2522 3475 2648 3530 lata:
2680 3478 2892 3532 arboris
2925 3494 3104 3532 ramos
3135 3495 3242 3532 non
3273 3481 3513 3547 poterant
3536 3487 3742 3541 Ctllnprc'

2189 3568 2445 3632 bendere,
2470 3568 2741 3624 dicentes;
2765 3569 3045 3624 Undehuic
3067 3574 3164 3624 ista
3186 3572 3440 3643 sapientia
3456 3565 3600 3642 (Ibid.
3615 3609 3627 3630 ,
3648 3562 3739 3632 56).

2261 3662 2384 3714 185.
2415 3661 2654 3716 Granum
2681 3663 2843 3730 igitur
2862 3672 2948 3718 est
2975 3663 3164 3733 figura,
3191 3665 3356 3718 arbor
3382 3673 3462 3718 est
3483 3658 3741 3729 sapientia:

2192 3756 2242 3808 in
2273 3754 2426 3823 cujus
2457 3752 2834 3810 frondentibus
2864 3755 3025 3810 ramis
3057 3755 3148 3810 ille
3192 3758 3498 3828 nycticorax
3535 3755 3578 3807 iu
3604 3751 3744 3804 domi-

2189 3849 2334 3914 cilio,
2377 3847 2466 3902 ille
2497 3863 2682 3916 passer
2705 3850 2999 3920 singularis
3038 3850 3089 3903 in
3119 3849 3349 3905 atdificiu
3380 3849 3544 3922 (Psal.
3569 3862 3633 3909 Cl,
3661 3839 3686 3897 Ἰ
3710 3847 3747 3894 et

2190 3939 2270 4011 8),
2300 3939 2390 3994 ille
2422 3951 2606 4010 raptus
2644 3941 2694 3994 in
2740 3941 3068 4012 paradisum,
3090 3943 3155 3995 ‘in
3187 3958 3372 3996 aerem
3404 3937 3669 4010 rapiendus
3705 3942 3748 3986 et

2193 4031 2385 4100 nubes,
2439 4039 2550 4086 tuta
2595 4032 2706 4100 jam
2748 4032 2880 4089 sede
2925 4034 3231 4104 requiescat
3280 4031 3350 4107 (ll
3386 4027 3680 4096 Cor.xn,4,
3712 4033 3750 4076 et

2191 4121 2211 4176 l
2240 4122 2417 4178 Thess.
2452 4139 2523 4191 tv,
2557 4124 2668 4196 16).
2699 4124 3066 4196 Requiescunt
3093 4125 3255 4180 etiam
3287 4134 3571 4198 potestates
3603 4133 3649 4176 et
3673 4133 3751 4172 an-

2192 4216 2295 4284 geli
2310 4216 2596 4284 crelorum,
2622 4220 3016 4288 etquicumelue
3034 4217 3409 4287 spiritualibus
3441 4202 3584 4271 factis
3599 4209 3752 4268 evola-

2196 4323 2255 4362 re
2275 4323 2526 4390 meruero
2536 4299 2916 4381 ni.Requievit
2929 4320 3148 4366 sanctus
3161 4311 3426 4377 Joannes,
3441 4309 3555 4365 cum
3571 4320 3748 4362 recum-

2195 4402 2347 4456 beret
2389 4418 2554 4471 super
2583 4412 2768 4474 pectus
2794 4404 2959 4471 Jesu;
3011 4406 3173 4459 immo
3205 4415 3260 4460 et
3291 4409 3405 4475 ipse
3433 4405 3547 4475 ejus
3574 4397 3752 4457 arboris

2194 4509 2356 4550 succo
2386 4498 2529 4552 velut
2557 4513 2738 4553 ramus
2763 4498 3091 4553 extenditur.
3127 4499 3329 4553 Romus
3359 4509 3442 4554 est
3462 4497 3658 4558 Petrus,
3687 4507 3754 4544 ra-

2198 4603 2318 4642 mus
2346 4597 2430 4643 est
2471 4587 2670 4644 Paulus
2723 4591 3029 4660 posteriora
3075 4591 3426 4657 oblitiscens,
3472 4600 3524 4645 et
3567 4603 3622 4642 ea
3655 4595 3754 4655 qui:

491 4686 643 4756 panis
685 4685 829 4739 enim
883 4681 977 4737 Dei
1024 4692 1128 4744 est,
1163 4683 1254 4750 qui
1298 4681 1366 4736 de
1408 4680 1548 4736 caelo
1583 4677 1866 4736 descendit
1897 4679 2078 4754 (Joan.
2109 4677 2164 4738 D
2189 4688 2314 4733 sunt
2344 4680 2528 4747 priora
2555 4691 2841 4752 appetens.

489 4791 564 4842 νι,
613 4776 733 4845 55);
793 4789 860 4829 eo
906 4773 1049 4845 quod
1101 4773 1335 4828 Verbum
1389 4773 1507 4839 Dei,
1559 4782 1614 4828 ct
1670 4775 2086 4832 resurrectionis

488 4870 797 4940 exetnplum
821 4873 1033 4922 mentes
1053 4867 1183 4931 alat,
1209 4881 1360 4936 spem
1387 4874 1566 4933 acuat,
1597 4865 1773 4922 firmet
1797 4866 2046 4922 affectum
2071 4885 2083 4921 :

489 4977 719 5034 granum
764 4970 945 5016 autem
974 4961 1208 5028 sinapis;
1255 4974 1322 5015 eo
1367 4959 1512 5030 quod
1548 4959 1785 5014 amarior
1809 4967 1865 5016 et
1911 4961 2091 5016 acrior

491 5073 672 5112 sermo
703 5056 771 5110 sit
801 5055 868 5109 de
895 5053 1105 5108 Domini
1139 5053 1389 5122 paSsione
1420 5070 1432 5105 :
1465 5054 1702 5107 amarior
1726 5053 1790 5107 ad
1823 5052 2084 5122 flendum,

493 5152 670 5206 acrior
698 5149 765 5204 ad
795 5147 1271 5204 commovendum.
1306 5146 1488 5216 Itaque
1508 5163 1630 5202 cum
1659 5147 1908 5204 audimus
1933 5158 1988 5204 et
2014 5149 2091 5205 le-

492 5242 666 5312 gimus
691 5240 966 5310 jejunasse
1000 5240 1282 5293 Dominum
1315 5237 1528 5310 (Matth.
1559 5253 1633 5305 tv,
1665 5239 1745 5308 2),
1772 5241 1955 5297 sitisse
1987 5242 2090 5298 Do—

495 5333 698 5389 minum
730 5332 913 5406 (Joan.
961 5349 1036 5400 tv,
1079 5331 1156 5403 7),
1202 5332 1530 5406 iacrymasse
1569 5327 1856 5390 Dominum
1906 5335 2088 5407 (Joan.

493 5442 571 5493 ιι,
601 5424 720 5498 35).
755 5425 1045 5496 vapulasse
1078 5425 1390 5495 Dominum,
1412 5426 1685 5483 dicentem
1723 5443 1939 5498 quoque
1965 5445 2090 5506 eum

567 5613 596 5645 ⁸
621 5615 752 5671 Mss.
801 5616 1023 5684 aliquot,
1049 5614 1280 5671 dulciore
1317 5623 1484 5670 musto
1527 5617 1840 5686 voluptatum
1887 5617 2107 5671 suavita-

496 5697 612 5751 tem,
643 5696 748 5740 etc.

567 5753 595 5794 ι’
630 5756 748 5808 Vet.
784 5754 912 5808 edit.
942 5753 1184 5820 vocibus,
1216 5756 1305 5809 sed
1383 5774 1435 5810 er
1470 5757 1706 5827 speciem,
1749 5755 1973 5822 addunt,
2008 5775 2101 5814 no-

567 5833 660 5877 mn
682 5824 868 5877 :liom.
894 5835 1227 5879 assumptum.
1254 5775 1626 5879 Sarni-utrum
1656 5836 2094 5879 aettoscuntmss.

499 5831 660 5882 stram
682 5824 868 5877 :ltom.
894 5835 1227 5895 assumptum.
1254 5824 1360 5881 Sed
1380 5824 1626 5882 neutrum
1656 5836 2094 5900 agnoscuntmss.

2271 4771 2393 4828 186.
2435 4770 2494 4827 ln
2526 4787 2753 4843 quorum
2785 4776 2959 4841 sinus,
2999 4784 3054 4830 et
3078 4777 3341 4846 quosdam
3373 4772 3755 4845 disputationum

2199 4878 2468 4930 receSsus,
2497 4869 2586 4937 qui
2614 4879 2833 4923 eramus
2861 4869 3040 4940 lange,
3083 4884 3181 4924 nos
3208 4871 3422 4927 scilicet
3457 4885 3518 4924 ex
3560 4860 3758 4920 nationi-

2199 4959 2298 5014 bus
2337 4963 2671 5031 congregati,
2705 4977 2842 5032 quos
2885 4963 2974 5017 diu
3009 4961 3032 4991 °
3084 4978 3182 5032 per
3223 4963 3389 5018 inane
3439 4959 3610 5016 mundi
3655 4969 3758 5023 pro-

2199 5051 2331 5106 cella
2363 5062 2420 5109 et
2452 5055 2609 5109 turbo
2637 5054 2890 5125 nequitiae
2927 5054 3190 5125 spiritalis
3217 5055 3478 5125 agitabat,
3503 5045 3757 5116 assumptis

2204 5147 2460 5202 virtutum
2513 5149 2757 5218 remigiis
2801 5149 3144 5216 advolamus;
3183 5157 3243 5203 ut
3293 5163 3392 5204 nos
3444 5146 3622 5202 umbra
3657 5153 3759 5194 san-

2145 5265 2150 5270 -
2197 5249 2408 5295 ctorum
2435 5241 2504 5296 ab
2546 5241 2700 5296 istius
2731 5242 2915 5296 tnundi
2966 5241 3163 5296 ardore
3191 5240 3470 5307 defendat,
3500 5247 3648 5292 cerne
3669 5241 3754 5285 sta-

2202 5333 2364 5389 tionis
2401 5333 2512 5404 jam
2567 5336 2862 5390 securitate
2929 5344 3261 5390 vernantes:
3311 5349 3377 5388 eo
3425 5331 3564 5402 quod
3607 5324 3757 5380 anima

2201 5436 2385 5484 nostra
2413 5427 2669 5498 gravibus
2693 5441 2842 5493 ante,
2870 5427 3013 5483 sicut
3034 5426 3123 5482 illa
3150 5426 3370 5494 mulier,
3399 5426 3638 5480 inclinata
3657 5428 3761 5488 pec-

2287 5628 2308 5655 ο
2343 5618 2484 5676 Edit.
2517 5635 2708 5678 omnes
2727 5631 2780 5676 et
2814 5635 2946 5676 mss.
2986 5616 3254 5684 nonnulli,
3285 5634 3377 5688 per
3419 5625 3557 5688 mare
3583 5603 3756 5688 mundi.

2209 5687 2312 5763 _Alii
2338 5689 2752 5763 frequentiores,
2782 5708 2871 5762 per
2886 5691 3043 5744 inane
3064 5681 3247 5763 mundi
3275 5681 3295 5740 ἑ
3324 5686 3469 5763 quod
3501 5681 3663 5753 aptius
3685 5689 3759 5763 θοή

2209 5758 2376 5839 lueret
2406 5758 2942 5839 cum'sequenttbus.
2983 5762 3208 5830 Quidam
3249 5773 3428 5818 tamen
3457 5759 3647 5832 legunt,
3686 5762 3759 5820 Pt't‘

2207 5837 2408 5887 inanem
2437 5837 2614 5892 mundi
2645 5839 2923 5912 procellam
2951 5839 3116 5906 turbo,
3145 5847 3251 5896 etc.
