3920 6310
156 291 287 354 1749

1076 257 1447 362 EXPOSITIO
1485 295 1742 366 EVANG.
1785 311 1936 370 SEC.
1977 307 2130 372 LUC.
2169 317 2302 374 LIB.
2346 319 2458 376 VII.

3302 330 3441 388 17ἑο

147 411 315 514 catis:
326 421 385 467 ut
425 425 622 514 passer
661 419 846 485 erepta
877 415 946 472 de
990 415 1184 488 laqueo
1221 421 1534 478 venantium
1563 424 1615 478 in
1647 441 1732 480 ra-
1758 429 1806 490 Α
1837 428 2189 487 Ᾱίἰάῑίίεθηιιιε
2241 435 2455 504 turrim,
2494 448 2869 508 computemus
2900 453 3149 514 sumptus
3194 443 3442 514 Scriptu-

147 522 255 562 tnos
285 507 498 561 Domini
529 517 844 580 montesque
871 512 1142 582 migravit.
1174 512 1360 583 Itaque
1388 527 1512 572 ante
1541 533 1732 588 super-

145 601 260 656 fluis
297 599 770 656 observationibus
800 606 944 671 vani,
987 611 1042 659 et
1075 605 1220 659 inani
1253 606 1470 663 levitate
1499 610 1762 664 volitan-~

149 702 241 758 tes,
274 706 420 746 nunc
463 691 572 762 jam
625 709 721 762 per
770 693 928 749 fidem
960 695 1165 751 Christi
1206 698 1371 753 soluti
1412 715 1627 772 manus,
1679 710 1736 758 et

146 783 294 840 liberi
322 801 349 837 a
381 785 612 839 vinculis
630 783 1002 852 sabbatorum,
1036 789 1194 844 bonis
1216 791 1472 862 operibus
1495 793 1734 849 intendi-

147 891 258 930 mus
303 892 316 928 :
351 885 407 930 et.
439 877 493 930 in
525 877 654 946 ipsis
686 876 861 946 epulis
885 878 1191 935 libertatem
1224 881 1506 952 habemus,
1538 885 1737 940 intem-

148 968 440 1039 perantiam
464 969 823 1037 excludimus;
848 989 915 1026 ne
937 973 1094 1028 liberi
1114 991 1141 1027 a
1163 975 1326 1045 Lege,
1348 977 1737 1046 cupiditatibus

143 1064 435 1118 serviamus
468 1079 482 1116 :
517 1063 628 1119 Lex
659 1069 801 1120 enim
835 1065 1017 1138 ligavit
1057 1069 1182 1137 sibi,
1220 1075 1279 1123 ut
1305 1072 1618 1126 absolveret
1644 1088 1737 1127 cu-

147 1154 472 1226 piditatibus.
499 1156 682 1212 Gratia
712 1175 832 1228 qua:
864 1162 1127 1215 minorem
1148 1161 1368 1217 abstulit
1394 1164 1734 1233 servitutem,

145 1249 304 1304 multo
332 1249 588 1320 graviora
622 1255 897 1323 pra-cepit.
932 1253 1123 1308 Omnia
1145 1257 1288 1310 nobis
1315 1255 1488 1319 licent,
1519 1258 1608 1311 sed
1635 1274 1738 1313 non

147 1345 304 1398 omnia
339 1345 624 1416 expediunt
661 1345 704 1417 (Ι
728 1346 848 1401 Cor.
876 1364 929 1414 ι,
959 1343 1084 1419 29.);
1133 1366 1296 1426 grave
1325 1357 1410 1404 est
1447 1350 1592 1405 enim
1643 1368 1739 1423 p0-

145 1447 325 1493 testate
358 1440 459 1504 uti,
512 1447 570 1493 ut
617 1440 718 1494 sub
750 1451 1073 1511 potestatem
1113 1426 1343 1499 recidas.
1381 1443 1592 1501 Desiste
1619 1462 1740 1502 esse

143 1532 232 1588 sub
259 1530 423 1602 Lege,
458 1537 518 1587 ut
549 1535 747 1589 virtute
777 1549 941 1606 supra
972 1535 1171 1608 Legem
1204 1537 1300 1592 sis.

209 1626 386 1699 (Vers.
411 1625 535 1697 21.)
567 1626 661 1681 Cui
683 1629 853 1683 simile
871 1630 1138 1684 aestimabo
1158 1649 1370 1704 regnum
1396 1630 1531 1687 Dei?
1557 1633 1741 1689 Simile

145 1727 208 1772 est
233 1722 479 1789 fermento
503 1720 643 1788 quod
669 1731 938 1791 acceptum
965 1721 1149 1777 mulier
1171 1723 1435 1778 abrcondit
1461 1726 1514 1779 in
1541 1725 1738 1796 farina,

145 1811 289 1864 donec
315 1813 681 1881 fermentatum
707 1823 779 1867 est
808 1823 990 1867 totum.

210 1903 324 1960 l87.
360 1891 490 1959 llaec
515 1911 542 1941 ⁸
565 1905 636 1960 de
661 1908 1004 1977 requirendis
1032 1907 1424 1978 quaestionibus
1451 1925 1735 1980 compara-

149 1997 212 2051 tio
239 2007 438 2052 tantum
478 1997 854 2069 ambiguitatis
891 1999 1142 2066 offundit,
1173 2009 1229 2056 ut
1254 2001 1494 2058 diversas
1525 2003 1738 2076 1456

147 2089 324 2146 habeat
347 2091 655 2145 Sententias
677 2092 1055 2161 plurimorum.
1073 2093 1388 2164 Opportune
1408 2092 1588 2166 itaque
1610 2113 1734 2166 gra-

147 2199 258 2236 num
299 2183 464 2238 tritici
521 2197 691 2253 supra
723 2183 957 2239 diximus
1001 2183 1301 2252 Christum,
1352 2183 1472 2257 quia
1517 2187 1739 2242 suberat

149 2275 285 2330 nobis
305 2275 552 2347 Spiritale
576 2275 929 2342 fermentum,
951 2292 1124 2346 eoque
1138 2277 1384 2349 plerique
1406 2277 1735 2333 fermentum

149 2369 396 2424 Christum
415 2379 634 2440 putant,
652 2369 798 2440 quod
825 2369 1077 2426 virtutem
1107 2372 1318 2426 attollat
1344 2380 1646 2442 acceptam.
1675 2372 1741 2427 Et

150 2464 257 2532 quia
287 2463 617 2519 fermentum
648 2478 716 2519 ex
742 2461 938 2530 farina,
975 2472 1032 2518 ut
1075 2481 1180 2519 non
1211 2466 1396 2536 specie
1422 2465 1606 2536 generi
1641 2480 1740 2519 suo

154 2565 353 2624 praestat
384 2575 398 2613 :
430 2558 690 2612 Christus
732 2569 949 2627 quoque
978 2572 1044 2612 ex
1079 2558 1341 2626 patribus,
1371 2557 1596 2628 :equalis
1620 2573 1741 2611 cor-

156 2664 288 2718 pore,
307 2650 398 2706 sed
423 2651 716 2707 divinitate
745 2650 1183 2721 incomparabilis
1211 2649 1615 2723 praeetninebat.
1645 2649 1741 2721 lgi-

156 2751 228 2796 tur
240 2753 411 2799 sancta
427 2744 674 2800 Ecclesia
695 2757 813 2814 qua:
837 2753 963 2814 typo
980 2743 1220 2799 mulieris
1236 2743 1387 2799 istius
1404 2743 1742 2813 Evangelica:

157 2835 410 2906 figuratur,
438 2841 605 2910 cujus
619 2829 790 2893 farina
817 2855 916 2893 uos
945 2852 1151 2904 sumus,
1184 2835 1663 2892 DominumJesum
1688 2835 1742 2891 in

161 2929 480 2987 interioribus
495 2941 702 2989 nostra:
716 2931 912 2986 mentis
923 2930 1241 2998 abscondat,
1258 2930 1429 2984 donec
1443 2929 1607 2984 animi
1621 2943 1746 2984 nos-

163 3025 222 3080 tri
240 3035 434 3083 secreta
460 3027 764 3098 penetralia
779 3027 924 3080 calor
943 3041 1001 3080 sa
1011 3027 1226 3096 pientite
1239 3025 1475 3079 cmlestis
1489 3021 1741 3078 obducat.

228 3121 337 3178 l88.
372 3123 435 3176 Et
468 3123 602 3193 quia
647 3124 698 3174 in
731 3117 986 3175 Matthaio
1018 3119 1242 3188 legimus
1269 3117 1443 3172 tribus
1471 3115 1745 3171 mensuris

1836 538 2043 588 rarum,
2077 523 2427 582 conferamus
2457 529 2761 599 impensas;
2799 549 2867 588 ne
2897 537 3020 604 quis
3048 535 3211 592 etiam
3241 537 3308 590 de
3339 546 3441 590 no-

1835 628 2006 670 strum
2039 619 2218 687 aliquo
2245 619 2390 675 dicat
2427 639 2438 674 :
2481 622 2584 677 Hic
2613 627 2774 680 voluit
2815 627 3094 697 a'diﬁcare,
3127 639 3174 683 et
3204 646 3307 684 non
3348 647 3445 700 po-

1836 710 1931 761 tuit
1954 727 2310 767 consummare
2343 714 2492 784 (Luc.
2522 733 2628 779 xw,
2651 718 2770 789 50).
2810 720 2913 788 Qui
2941 721 3170 777 aedificat
3197 723 3442 789 domum,

1838 800 2036 856 bonum
2082 803 2244 858 debet
2278 805 2462 876 jacere
2491 807 2948 876 fundamentum.
3001 815 3208 870 Bonum
3253 816 3448 870 funda-

1839 904 2076 970 mentum
2110 906 2192 950 est
2218 895 2374 958 ﬁdes,
2407 899 2606 956 bonum
2630 900 3042 962 fundamentum
3067 910 3440 983 apostolorum

1837 1000 1891 1042 et
1931 989 2318 1058 prOphetarum
2347 991 2564 1062 (Ephes.
2591 1012 2649 1061 ιι,
2678 995 2808 1068 ΞΟ);
2838 999 3049 1057 duobus
3077 1002 3218 1057 enim
3251 1002 3442 1058 Testa-

1839 1081 2040 1135 mentis
2067 1081 2200 1138 fides
2225 1095 2411 1140 nostra
2447 1090 2727 1160 consurgit
2757 1109 2770 1144 :
2797 1108 2898 1148 nec
2928 1095 3180 1163 injuriam
3205 1097 3329 1150 facit
3350 1097 3442 1167 qui

1839 1187 2026 1243 parem
2043 1172 2243 1229 dixerit
2260 1175 2313 1229 in
2332 1187 2559 1248 utroque
2575 1181 2982 1254 perfectamque
3000 1187 3128 1242 fidei
3148 1204 3270 1242 esse
3285 1204 3409 1243 men
3426 1219 3444 1228 -

1838 1281 2045 1333 suram,
2063 1285 2183 1323 cum
2206 1271 2320 1340 ipse
2359 1273 2505 1328 dicat
2529 1273 2790 1332 Dominus
2815 1297 2826 1330 :
2861 1279 2921 1332 Si
2948 1282 3220 1336 crederetis
3246 1281 3439 1352 Moysi,

1839 1361 2108 1415 crederetis
2126 1374 2170 1416 et
2190 1364 2314 1418 mihi
2337 1365 2518 1435 (Joan.
2543 1384 2592 1434 ν,
2613 1368 2736 1442 46);
2768 1371 2893 1441 quia
2913 1373 3031 1426 etin
3051 1373 3236 1446 Moyse
3251 1374 3438 1428 Domi-

1840 1469 1941 1508 nus
1964 1464 2046 1509 est
2064 1456 2290 1511 locutus.
2324 1457 2466 1514 Bene
2489 1476 2619 1531 ergo
2637 1462 2686 1514 in
2717 1471 2946 1533 utroque
2962 1465 3196 1533 perfecta
3219 1483 3442 1521 mensu—

1839 1564 1897 1602 ra
1911 1549 2033 1617 quia
2048 1549 2316 1618 perfectus
2330 1551 2381 1606 in
2401 1561 2649 1623 utroque:
2665 1566 2718 1610 et
2736 1554 2869 1611 fides
2884 1558 3164 1627 utriusque
3176 1575 3302 1622 una;
3319 1561 3446 1630 quia

1840 1640 1998 1694 unius
2019 1648 2103 1694 est
2116 1641 2330 1697 virtutis
2344 1652 2608 1700 etsensus
2622 1647 2898 1702 oraculum
2917 1659 3080 1718 atque
3099 1663 3440 1718 responsum.

1912 1733 2033 1788 190.
2081 1731 2162 1788 ille
2221 1745 2400 1792 tamen
2437 1738 2591 1809 sequi
2637 1739 2788 1810 juvat
2832 1741 2976 1811 quod
3026 1745 3142 1812 ipse
3183 1743 3446 1798 Dominus
3500 1788 3511 1797 .

1766 1819 1814 1879 B
1844 1828 2027 1883 docuit
2076 1829 2402 1886 fermentum
2435 1833 2693 1888 Ecclesiae
2737 1835 3038 1904 Spiritalem
3083 1851 3206 1892 esse
3245 1835 3448 1892 doctri-

1837 1935 1996 1987 nam;
2028 1939 2146 1975 nam
2188 1939 2310 1977 cum
2339 1915 2598 1994 Scriptum
2628 1925 2735 1980 sit:
2767 1923 2947 1980 Cavete
2971 1943 3004 1981 a
3025 1930 3278 1997 fermento
3302 1927 3446 1981 Pha-

1838 2013 2104 2069 risworum
2133 2011 2346 2089 (Matth.
2378 2033 2492 2084 xvt,
2525 2017 2580 2090 6)
2605 2035 2619 2084 ;
2655 2028 2710 2075 et
2739 2034 2863 2074 cum
2891 2020 3188 2088 Apostolus
3209 2020 3442 2077 dixerit:
3518 2039 3522 2041 ν

1843 2102 1965 2159 Non
1999 2107 2052 2159 in
2095 2109 2341 2178 fermento
2389 2109 2630 2180 nequitiae
2672 2117 2719 2162 et
2767 2109 2985 2164 malitia:
3027 2111 3071 2180 (l
3103 2110 3231 2168 Car.
3264 2127 3316 2175 v,
3359 2111 3444 2181 8),

1842 2196 2146 2252 ostenditur
2177 2198 2301 2268 quia
2350 2199 2594 2255 doctrina
2630 2199 2956 2257 fermentum
2989 2211 3092 2258 est.
3135 2201 3242 2260 Sed
3298 2204 3444 2260 aliud

1842 2302 1924 2348 est
1956 2291 2276 2348 fermentum
2309 2294 2552 2361 zizanize,
2582 2294 2728 2350 aliud
2758 2296 3082 2353 fermentum
3113 2298 3294 2352 tritici.
3328 2297 3442 2354 Un-

1843 2385 1912 2441 de
1962 2397 2012 2441 et
2067 2385 2223 2442 bonis
2271 2388 2585 2456 auctoribus
2631 2389 3056 2460 acquiescimus,
3101 2400 3158 2446 ut
3201 2391 3444 2446 dicamus

1843 2479 1967 2549 quia
2001 2478 2243 2533 Ecclesia
2275 2490 2523 2535 renatum
2568 2478 2842 2534 hominem
2870 2482 2958 2550 qui
3007 2489 3092 2536 est
3119 2480 3170 2534 in
3211 2494 3443 2546 corpore
3512 2529 3515 2531 .
3563 2532 3570 2534 νγ

1846 2577 1901 2624 et
1926 2565 2104 2623 anima
2135 2580 2188 2624 et
2232 2569 2444 2639 spiritu,
2491 2569 2760 2626 fermento
2805 2572 3106 2626 sanctificat
3147 2571 3443 2642 spirituali.

1844 2661 2221 2716 Sanctificatnr
2268 2663 2414 2716 enim
2464 2660 2491 2700 ι)
2537 2678 2737 2732 corpus
2775 2673 2938 2732 atque
2982 2664 3186 2733 anima,
3235 2671 3290 2718 et
3329 2664 3447 2734 ipsa

1852 2753 2060 2828 1457
2088 2756 2260 2825 gratia
2290 2755 2550 2826 Spiritalis
2600 2757 2798 2827 accipit
2841 2758 3287 2814 sanctificationis
3315 2774 3448 2828 ang-

1849 2855 2121 2912 mentum;
2155 2862 2278 2902 eum
2328 2863 2422 2918 per
2462 2847 2721 2903 Ecclesiae
2748 2849 2897 2905 velut
2917 2849 3185 2920 quoddam
3218 2850 3453 2907 fermen-

1851 2941 2013 2994 tantis
2058 2939 2319 3006 officium,
2370 2937 2880 3012 Scripturarumque
2950 2943 3275 3010 doctrinam,
3324 2958 3448 3013 qua:

1849 3035 2001 3089 velut
2041 3033 2351 3088 etelestium
2396 3033 2689 3089 collatione
2740 3050 3053 3092 sermonum
3103 3044 3160 3092 et
3197 3037 3449 3094 ubertate

1850 3127 2175 3191 concrescit,
2208 3126 2423 3181 infusus
2454 3127 2548 3180 toti
2580 3125 2787 3181 homini
2815 3135 2977 3198 atque
3002 3129 3302 3198 permixtus
3321 3144 3452 3185 usus

166 3212 510 3269 absconditum
543 3228 670 3268 esse
708 3211 1030 3266 fermentum
1062 3210 1274 3282 (Matth.
1316 3225 1422 3278 ενι,
1456 3205 1573 3279 55),
1607 3223 1737 3263 cou-

1870 3219 2158 3284 noleverit,
2192 3227 2252 3273 ut
2291 3219 2422 3274 fiant
2464 3236 2626 3274 unum
2667 3222 2831 3276 etiam
2863 3232 2884 3260 ε
2932 3223 3046 3291 ipsa
3094 3222 3447 3278 fermentum.

165 3321 337 3377 gruere
360 3310 532 3365 visum
569 3318 739 3364 estut
777 3305 869 3361 Dei
905 3303 1097 3360 Filium
1137 3304 1486 3360 crederemus
1514 3301 1742 3358 abscon-

168 3402 315 3457 ditum
343 3403 396 3457 in
427 3403 597 3475 Lege,
629 3400 950 3470 adopertam
982 3398 1033 3454 in
1063 3397 1368 3469 Pr0phetis,
1403 3396 1742 3467 Evangelicis

171 3500 625 3568 praedicationibus
676 3499 1062 3570 adimpletum;
1115 3508 1170 3552 ut
1224 3494 1516 3567 perfectam
1583 3493 1743 3548 fidem

175 3592 307 3650 nobis
335 3599 579 3668 acquirat
613 3611 676 3652 ex
703 3596 982 3658 omnibus,
1011 3603 1065 3648 et
1090 3585 1417 3662 scriptortun
1454 3583 1746 3644 collatidne

176 3688 412 3748 formatus
439 3694 490 3748 in
529 3689 714 3759 nobis,
746 3691 835 3761 qui
885 3701 1072 3743 sumus
1102 3703 1297 3756 corpus
1328 3681 1518 3756 ipsius,
1567 3683 1747 3739 omnia

176 3791 221 3836 et
262 3785 307 3838 in
357 3787 611 3840 omnibus
654 3783 975 3853 impleatur;
1025 3781 1141 3851 ipse
1188 3782 1330 3835 enim
1364 3785 1482 3835 erat
1510 3777 1748 3834 Verbum

181 3871 280 3944 Dei,
314 3879 468 3950 atq11e
495 3878 815 3951 mysterium
845 3873 988 3946 quod
1012 3872 1390 3928 absconditum
1418 3879 1503 3926 est
1529 3887 1558 3924 a
1581 3885 1752 3924 saecu-

181 3967 238 4020 lis
261 3971 310 4024 et
334 3985 362 4024 a
394 3968 840 4041 generationibus
873 3985 884 4020 :
914 3981 1024 4038 quo
1053 3963 1190 4020 nihil
1221 3971 1398 4036 potest
1427 3963 1493 4017 ad
1531 3977 1754 4032 expres-

184 4061 366 4118 sionem
401 4062 762 4133 pecennitatis
801 4062 920 4130 ejus
957 4057 1268 4114 attestatius
1308 4054 1412 4110 dici
1461 4051 1681 4128 (Coloss.
1713 4069 1754 4122 ι,

184 4152 287 4224 ‘26).
319 4155 446 4211 Erat
486 4157 634 4212 enim
674 4153 940 4226 profecto,
990 4162 1047 4208 ut
1077 4147 1428 4206 absconditus
1456 4149 1753 4219 sacrilegis,

190 4246 541 4303 manifestattts
576 4247 628 4302 in
672 4243 892 4313 sanctis,
927 4244 1340 4316 praedestinatus
1381 4253 1507 4297 ante
1533 4241 1784 4316 saecula,_

191 4349 476 4397 servaretur
517 4341 585 4395 ad
632 4341 881 4411 gloriam.
936 4337 1063 4393 Haec
1107 4346 1189 4392 est
1238 4344 1417 4390 autem
1467 4334 1656 4406 gloria,
1703 4339 1762 4386 ut

193 4434 456 4501 possimus,
485 4433 700 4498 fratres,
719 4431 1040 4504 investigare
1054 4429 1366 4502 mysterium
1387 4428 1761 4484 absconditum

195 4536 220 4576 a
247 4525 442 4580 saeculis
473 4527 524 4580 in
584 4526 718 4582 Deo.
753 4521 906 4594 Quod
961 4525 1012 4579 in
1053 4517 1401 4593 Deo,'utique
1438 4531 1492 4577 et
1521 4538 1588 4576 cx
1619 4520 1760 4588 Deo;

1844 3313 2000 3380 Quod
2033 3313 2216 3382 utique
2250 3321 2377 3368 tunc
2409 3313 2489 3380 fit,
2519 3330 2637 3368 cum
2669 3315 2772 3369 sibi
2806 3314 2904 3369 tria
2937 3313 3053 3370 huic
3081 3316 3195 3386 pari
3222 3316 3454 3385 quadam

1845 3407 2194 3478 cupiditatum
2231 3407 2386 3462 lance
2421 3407 2792 3473 consentiunt,
2840 3420 2894 3462 et
2922 3407 3147 3478 aequalis
3187 3408 3394 3479 aspirat
3421 3405 3448 3444 ἀ

1847 3501 2138 3556 concordia
2165 3502 2527 3572 voluptatum.

1927 3595 2050 3650 191.
2085 3589 2198 3649 lloc
2218 3593 2382 3665 igitur
2411 3589 2667 3649 Ecclesia:
2705 3609 2841 3664 opus
2873 3608 2982 3649 non
3015 3594 3451 3658 tumultuarium,

1852 3705 1952 3744 nec
1982 3689 2284 3757 fortuitum,
2327 3687 2421 3743 sed
2465 3687 2716 3743 diuturna
2755 3686 3109 3742 meditatione
3148 3687 3450 3750 collatum;

1853 3790 1912 3837 ut
1945 3783 2060 3836 hare
2092 3783 2191 3836 tria
2220 3797 2387 3835 unum
2415 3779 2544 3847 sint,
2579 3780 2786 3848 integra
2819 3794 2849 3832 a
2881 3781 2998 3848 lege
3027 3779 3256 3848 peccati.
3284 3776 3451 3847 Cujus

1855 3875 2138 3929 sententiae
2193 3881 2522 3927 assertorem
2571 3870 2831 3924 habemus
2889 3867 3207 3938 Apostolum
3265 3867 3451 3920 dicen-

1859 3978 1963 4024 tem
1991 3986 2004 4022 :
2037 3965 2162 4038 Ipse
2188 3977 2359 4019 autem
2393 3964 2642 4019 Dominus
2671 3963 2960 4030 sancti/icet
2999 3977 3087 4014 vos
3124 3977 3214 4031 per
3242 3961 3452 4024 omnia;

1858 4070 1915 4113 ut
1945 4060 2140 4130 integer
2165 4057 2399 4127 spiritus,
2424 4065 2472 4109 et
2501 4055 2698 4120 anima,
2725 4066 2771 4107 et
2804 4069 2989 4125 corpus
3019 4054 3132 4106 sine
3157 4051 3364 4122 querela
3397 4050 3452 4103 in

1861 4151 1942 4204 die
1983 4145 2191 4203 Domini
2233 4147 2395 4201 nostri
2439 4145 2566 4200 Jesu
2617 4143 2810 4200 Christi
2853 4153 3079 4198 servetur
3119 4142 3164 4211 (Ι
3192 4139 3371 4196 Thess.
3397 4157 3454 4206 ν,

1899 4239 1972 4313 5).
2000 4240 2154 4309 Quod
2179 4253 2274 4310 per
2297 4239 2580 4294 saecularia
2602 4237 2818 4308 quidem
2840 4244 3174 4292 tentamenta
3204 4250 3312 4290 non
3335 4247 3463 4304 pro-

1862 4335 2031 4400 venit,
2075 4335 2176 4389 nisi
2207 4330 2542 4388 fermentum‘
2563 4329 2696 4386 illud
2742 4331 2825 4386 cui
2855 4339 3205 4401 comparatur
3233 4343 3458 4398 regnum

1866 4429 2151 4492 caelorum,
2188 4426 2383 4482 mulier
2415 4425 2501 4480 illa
2541 4424 2868 4496 Evangelica
2909 4424 3207 4480 abscondat
3247 4422 3300 4476 in
3334 4420 3464 4474 fari-

1868 4540 1951 4577 nae
1973 4521 2242 4577 mensuris
2267 4520 2458 4583 tribns,
2483 4519 2657 4573 donec
2679 4515 3034 4572 fermentetur
3058 4523 3224 4569 totum
3241 4511 3459 4586 (Matth.

199 4629 354 4687 neque
381 4619 521 4674 enim
553 4618 696 4674 Dens
734 4591 926 4672 alienae
953 4623 1121 4687 capax
1155 4591 1332 4686 potesi
1367 4628 1488 4668 esse
1533 4624 1759 4667 naturae.
1794 4591 1841 4651 υ
1874 4631 1991 4683 χιιι,
2027 4611 2157 4686 53);
2189 4622 2299 4668 tres
2338 4612 2478 4668 enim
2513 4623 2784 4666 mensurae
2825 4619 2974 4674 sunt,
3012 4617 3068 4660 ut
3094 4606 3229 4672 dixi,
3259 4605 3462 4668 carnis,

262 4712 374 4767 189.
404 4713 511 4770 Nec
545 4727 661 4768 sum
694 4712 890 4769 dubius
934 4709 1120 4778 animi,
1152 4708 1296 4780 quod
1343 4707 1510 4777 aliqui
1557 4706 1624 4760 de
1666 4705 1768 4760 hoc

203 4807 383 4861 mundo
412 4803 606 4863 dictum
643 4814 852 4878 putent,
901 4804 1075 4860 donec
1106 4801 1461 4857 fermentetur
1507 4799 1559 4852 in
1600 4798 1765 4868 Lege,

205 4894 483 4968 Prophetis,
513 4892 840 4970 Evangelia;
874 4906 930 4952 nt
958 4897 1243 4950 Dominum
1274 4893 1449 4946 munis
1479 4889 1658 4961 lingua
1693 4889 1770 4944 fa-

206 4997 381 5047 teatur.
414 4991 594 5064 Itaque
621 4994 976 5050 discutiamus
996 4992 1197 5052 omnia,
1233 4996 1287 5044 et
1325 4986 1637 5058 diligentius
1681 4993 1770 5040 re-

208 5085 483 5152 quiramus.
536 5089 702 5148 Nemo
749 5091 960 5145 invenit
999 5089 1100 5143 nisi
1142 5085 1231 5158 qui
1291 5091 1416 5140 ante
1473 5081 1769 5153 quaesierit.

275 5249 300 5277 ⁸
330 5240 482 5298 Rom.
514 5244 642 5301 edit.
687 5243 823 5311 sola,
856 5242 920 5297 de
959 5239 1278 5311 requirendis
1300 5235 1780 5308 comparationibus

297 5318 372 5347 υιοὶ

212 5322 514 5455 ᾳέῗεὸειηεε
542 5387 694 5454 edit.,
727 5403 914 5454 corpus
945 5394 1094 5455 atque
1120 5385 1292 5436 anima
1325 5397 1415 5451 ρετ
1437 5379 1657 5451 9νί¹²ίί¹η¹
1681 5377 1784 5450 si”:

218 5452 414 5530 ritulem,
444 5467 490 5511 et
527 5452 732 5530 accipit,
765 5452 868 5512 etc.
917 5452 1485 5530 Econtrario__omnes
1513 5467 1781 5530 .n-tss.,.:..

220 5527 382 5599 etipsa
405 5531 564 5595 gratia
603 5521 853 5599 spiritalis
874 5528 1082 5597 accipit,
1109 5536 1215 5580 etc.
1261 5525 1483 5599 melius;
1513 5521 1600 5576 hic
1641 5523 1792 5599 enim

224 5590 349 5670 idem
385 5590 485 5662 e'st,
522 5590 685 5670 gratia
723 5590 1076 5669 spiritalis'ac
1104 5599 1212 5661 ipse
1245 5597 1460 5668 spiritus
1497 5592 1798 5670 :quemadt

227 5667 422 5721 modum
464 5663 661 5724 virtutis
700 5663 887 5740 gratia,
936 5671 1047 5730 \el,
1092 5663 1281 5732 decus,
1319 5683 1461 5740 saepe
1499 5681 1605 5740 non
1652 5663 1797 5716 aliud

236 5747 394 5804 sonat,
438 5759 590 5812 quam
647 5739 757 5810 ipsa
802 5744 988 5796 virtus.
1030 5741 1280 5806 Alioquin
1319 5739 1415 5812 hic
1461 5739 1803 5791 omitteretur

249 5811 576 5875 sanctificatio
599 5817 841 5892 spiritus,
869 5815 962 5890 qui
1002 5827 1168 5883 supra
1203 5825 1266 5868 ac
1297 5811 1556 5882 deinceps
1590 5823 1806 5880 semper

1869 4709 2084 4773 animas,
2115 4716 2169 4761 et
2195 4705 2439 4774 Spiritus,
2473 4713 2496 4741 θ
2527 4701 2622 4757 sed
2646 4701 2872 4773 Spiritus
2893 4715 3001 4771 quo
3025 4700 3252 4753 vivimus
3274 4710 3467 4752 omnes

1873 4801 1924 4855 in
1961 4797 2062 4854 hoc
2090 4813 2321 4868 corpore
2351 4797 2438 4850 siti
2469 4813 2481 4849 :
2519 4795 2622 4849 hoc
2646 4796 2827 4849 verius
2855 4791 3075 4863 quando
3101 4789 3281 4844 carnis
3312 4785 3468 4842 lasci-

1871 4894 1956 4947 via
1984 4908 2089 4946 non
2118 4887 2404 4954 redundat,
2437 4896 2491 4941 et
2532 4886 2712 4940 anima
2745 4882 3119 4954 corporalibus
3149 4897 3258 4935 non
3292 4881 3473 4933 incur-

1875 4995 2032 5042 vatur
2061 4982 2361 5046 erroribus,
2395 4995 2458 5035 ac
2488 4994 2740 5034 mensura
2774 4975 2992 5031 vivendi
3019 4974 3075 5029 in
3105 4973 3218 5028 toto
3254 4971 3475 5027 homine

1823 5082 1832 5094 ‘
1883 5079 2149 5134 inoffensa
2188 5084 2458 5130 servatur.
2504 5072 2609 5130 Sed
2634 5071 2758 5143 quia
2784 5083 3162 5125 mensurarum
3187 5064 3474 5136 aequalitas

1887 5247 2009 5288 cum
2037 5231 2212 5284 anima
2236 5237 2291 5283 et
2307 5243 2540 5297 corpore
2567 5236 2907 5282 numeratur.

1965 5315 1985 5374 ς
2012 5301 2266 5374 Nonnulli
2294 5314 2451 5374 tuss._,
2484 5302 2597 5374 ipsa
2628 5314 2716 5366 per
2746 5300 3076 5374 fermentum.
3163 5366 3175 5374 _
3384 5361 3414 5374 η

1961 5371 1986 5410 (ἲ
2010 5373 2180 5438 Etlit.,
2211 5363 2842 5443 concordiqooluntatum.
2889 5368 3040 5443 Haud
3072 5366 3250 5443 male;
3293 5363 3488 5443 melius

1897 5457 2076 5502 tamen
2111 5431 2243 5498 mss.
2270 5441 2386 5496 fere
2425 5441 2491 5494 ad
2523 5459 2711 5504 ttttttlll,
2755 5440 3031 5492 concordia
3061 5431 3491 5509 uoluptatum,_id

1894 5529 2001 5576 est.
2027 5529 2148 5569 cttm
2180 5528 2402 5583 corpus,
2432 5514 2634 5580 anima,
2663 5503 2717 5566 et
2740 5511 2964 5581 spiritus
2994 5503 3191 5564 iisdem'
3211 5507 3375 5585 rebus
3396 5503 3492 5559 tle-

1901 5591 2189 5645 lectantur.
3531 5639 3542 5650 κ

1981 5659 2129 5713 “Sed
2170 5656 2472 5727 spiritus....
2526 5655 2622 5727 hoc
2661 5657 2849 5727 verius.
2891 5651 2995 5706 Ista
3050 5652 3101 5707 in
3146 5652 3333 5727 decem
3359 5661 3500 5727 juss-

1908 5746 2014 5786 non
2047 5719 2394 5799 reperiuntur
2420 5743 2430 5778 :
2461 5726 2657 5796 quibus
2687 5724 2884 5782 ablatis
2910 5739 3102 5780 sensus
3127 5721 3259 5791 nihil
3289 5719 3502 5777 videtur

1913 5817 2176 5879 passurus
2201 5799 2536 5859 detrimenti.
