3920 6370
385 265 517 325 1¹151

1739 259 1989 320 SANCTI
2029 257 2356 316 AMBROSII

3555 245 3682 302 175%

380 381 506 439 sine
531 382 848 454 adiumento
871 382 1133 439 Ecclesia:
1155 390 1320 450 atque
1336 378 1595 435 doctrinae
1618 374 1841 431 difficile
1862 389 1988 446 per-
2015 376 2067 437 Α
2091 387 2209 428 cum
2228 371 2511 428 revelatum
2542 370 2719 436 fuerit,
2751 369 2942 424 similes
2965 368 3012 422 ei
3031 367 3223 422 erimus
3245 366 3288 436 (Ι
3311 363 3477 419 Jouu.
3507 377 3588 430 ιιι,
3605 361 3678 431 2).

383 487 634 544 several;
674 479 880 535 idcirco
928 477 1128 534 mulier
1171 476 1286 537 illa.
1318 490 1440 546 quae
1471 474 1699 544 figuram
1731 471 1992 526 Ecclesiae

385 574 546 646 gerit,
582 575 784 630 tamdiu
807 575 1063 629 virtutem
1088 572 1193 627 illis
1215 569 1478 626 docti-inte
1501 567 1764 639 spiritalis
1793 565 1995 620 admis-

386 676 496 731 cet,
528 667 705 723 donec
737 667 1095 723 fermentetnr
1120 675 1265 721 totus
1297 665 1387 720 ille
1428 663 1656 718 interior
1677 662 1842 716 homo
1870 675 1996 714 cor-

389 758 476 814 dis
503 760 878 821 abscouditus,
913 769 968 814 et
998 760 1052 813 in
1095 758 1325 828 gratiam
1359 757 1514 826 panis
1542 754 1783 810 caelestis
1813 765 1998 806 assur-

391 863 501 923 gat.
537 852 682 907 Bene
721 854 865 908 enim
891 853 1214 907 fermentum
1248 851 1498 906 doctrina
1541 849 1740 903 dicitur
1769 844 1996 910 Christi,

391 945 515 1016 quia
545 945 702 1015 panis
732 956 818 1002 est
843 946 1123 1012 Chrisuis,
1147 955 1202 1000 et
1231 945 1531 1016 Apostolus
1558 943 1632 997 ait
1656 961 1670 998 :
1707 941 1842 1010 Quia
1864 954 1998 994 unus

388 1039 542 1109 panis
562 1056 720 1093 unum
740 1056 927 1110 corpus
955 1041 1105 1094 multi
1130 1055 1308 1094 sumus
1331 1035 1375 1108 (l
1398 1034 1520 1091 Cor.
1552 1052 1607 1102 ιι,
1640 1034 1753 1106 17).

467 1130 595 1187 19ξ.
631 1130 719 1185 Fit
743 1147 877 1203 ergo
903 1147 1068 1186 unum
1094 1131 1448 1195 fermentum,
1478 1127 1697 1199 quando
1727 1140 1858 1181 caro
1889 1139 1999 1179 non

395 1227 734 1295 concupiscit
761 1227 1025 1281 adversus
1055 1225 1332 1295 Spiritum,
1363 1239 1464 1279 nec
1493 1222 1717 1293 spiritus
1739 1221 2001 1276 adversus

394 1332 617 1374 carnem
648 1335 664 1374 :
697 1321 794 1373 sed
822 1318 962 1373 facta
991 1320 1172 1374 carnis
1199 1317 1615 1381 mortiﬁcamus,
1647 1325 1701 1370 et
1730 1315 1908 1368 anima
1932 1328 1997 1366 ex

393 1409 528 1464 ﬁatn
559 1410 656 1465 Dei
690 1410 874 1466 ﬂatum
907 1413 1033 1467 vita:
1059 1413 1359 1483 sumpsisse
1401 1426 1461 1466 se
1499 1411 1740 1476 conscia,
1773 1407 2000 1463 saecula-

394 1501 474 1558 ris
502 1505 921 1560 necessitudinis
944 1505 1194 1577 contagia
1227 1515 1446 1561 terrena
1478 1503 1737 1559 declinat.
1772 1501 1925 1558 Unde
1948 1510 2005 1556 et

395 1595 698 1665 Apostolus
728 1612 834 1652 non
861 1598 913 1650 in
945 1612 1133 1659 carne.
1160 1597 1256 1653 sed
1290 1599 1341 1651 in
1371 1598 1564 1668 spiritu
1593 1594 1872 1650 ambulare
1902 1609 2002 1648 nos

398 1688 650 1758 praecipit
681 1708 694 1743 :
725 1699 781 1745 ut
828 1689 1146 1745 sanctificati
1175 1706 1270 1760 per
1313 1673 1588 1745 lavacrum
1633 1687 2002 1760 regeneratio-

2098 468 2285 538 ltaqne
2326 482 2450 520 cum
2482 465 2577 520 Dei
2625 473 2818 520 natura
2869 463 2941 517 sit
2987 461 3218 534 simplex
3257 459 3506 532 (spiritus
3551 458 3680 513 enim

2096 561 2243 616 Deus
2255 561 2384 632 est),
2410 576 2510 616 nos
2531 575 2745 631 quoque
2770 561 2822 613 in
2850 556 3098 614 eamdem
3130 555 3418 626 imaginem
3444 552 3684 624 ﬁgurabi-

2099 673 2220 711 mur
2251 656 2318 728 (ll
2337 654 2458 711 Cor.
2486 671 2565 717 ιιι.
2595 655 2686 725 18)
2714 670 2729 720 ;
2755 661 2814 708 ιιι
2841 652 3018 723 qualis
3043 651 3304 715 ctelesﬁs,
3340 647 3480 703 tales
3507 658 3559 700 et
3585 659 3685 700 coe-

2098 747 2282 802 lestes.
2329 745 2496 817 lgi:ur
2538 747 2679 801 sicut
2712 747 3052 816 portavimus
3080 743 3368 808 imaginem
3402 739 3551 794 illius
3590 746 3688 792 ter-

2098 840 2239 904 reni,
2276 850 2555 909 portemus
2600 846 2656 893 et
2695 838 2987 909 imaginem
3023 836 3182 906 hujus
3222 833 3473 890 caelestis
3503 829 3549 898 (l
3579 829 3687 886 Cor.

2102 947 2203 999 xv,
2236 931 2305 987 18
2333 941 2382 986 et
2409 932 2524 1003 49),
2557 946 2717 1001 quam
2745 932 2960 986 animus
2976 942 3165 984 noster
3192 919 3358 982 debet
3389 925 3635 981 induere.

2176 1026 2300 1082 195.
2346 1027 2504 1096 (Cap.
2550 1023 2693 1080 XIV.
2723 1023 2974 1080 -—Vers.
3009 1022 3192 1092 2-H.)
3249 1021 3317 1076 Et
3360 1019 3486 1075 ideo
3529 1019 3694 1088 primo

2101 1118 2302 1174 abhinc
2334 1117 2456 1173 loco
2485 1125 2708 1172 curatur
2746 1117 3102 1188 hydropicus,
3137 1116 3190 1169 in
3223 1129 3332 1184 quo
3375 1113 3560 1167 ﬂuxus
3585 1125 3696 1165 car-

2102 1213 2188 1268 nis
2230 1211 2558 1276 exuberans,
2601 1211 2798 1265 animm
2826 1208 3086 1279 gravabat
3117 1206 3318 1273 ofﬁcia,
3359 1206 3585 1275 spiritus
3605 1221 3696 1258 ex-

2102 1303 2412 1374 stinguebat
2441 1288 2718 1358 ardorem.
2752 1302 2955 1358 Deinde
2991 1301 3218 1356 docetur
3244 1299 3551 1364 humilitas,
3580 1299 3698 1353 dum

2102 1396 2156 1452 in
2187 1397 2280 1451 illo
2306 1395 2566 1452 convivio
2607 1395 2882 1466 nuptialitl
2907 1395 3219 1467 appetentia
3254 1395 3357 1451 loci
3409 1393 3702 1463 superioris

2102 1497 2348 1552 arcetur;
2376 1487 2675 1543 clementer
2705 1497 2906 1553 tamen,
2952 1494 3016 1542 ut
3054 1485 3430 1557 persuasionis
3458 1484 3701 1540 humani-

2106 1592 2189 1636 tas
2217 1583 2569 1652 asperitatem
2602 1581 2955 1638 coercitionis
2995 1580 3335 1646 excluderet,
3366 1578 3510 1633 ratio
3551 1577 3703 1648 proﬁ-

2105 1685 2257 1730 ceret
2300 1676 2368 1729 ad
2401 1675 2772 1745 persuasionis
2798 1673 3075 1742 eﬁ‘ectum,
3125 1681 3181 1728 et
3223 1671 3498 1727 correctio
3525 1684 3705 1724 emen—

353 1810 364 1818 .
396 1778 504 1844 πίε,
537 1790 777 1837 veterem
810 1782 1086 1838 hominem
1118 1798 1242 1837 cum
1265 1782 1378 1837 suis
1405 1781 1692 1838 desideriis
1714 1791 1997 1846 ementes,
2030 1763 2079 1822 B
2105 1767 2258 1823 daret
2289 1768 2560 1825 all'ectum.
2589 1768 2726 1824 Iluic
2754 1767 2908 1838 quasi
2937 1769 3180 1839 proximo
3206 1767 3377 1822 limite
3407 1764 3707 1820 humanitas

398 1871 571 1926 induti
607 1889 841 1938 novum.
862 1876 954 1944 qui
984 1875 1285 1930 secundum
1315 1876 1593 1931 Christum
1616 1886 1855 1938 creatur,
1893 1889 2000 1928 non

397 1965 453 2020 in
472 1975 740 2022 vetustate
760 1967 980 2031 litteras,
1001 1969 1096 2023 sed
1119 1969 1171 2023 in
1193 1969 1432 2023 novitate
1450 1967 1674 2038 spiritus
1694 1966 2004 2038 gradiamur

405 2057 630 2130 (Coloss.
649 2062 776 2124 tu,9
794 2072 840 2116 et
858 2063 982 2133 10);
1011 2079 1118 2132 quo
1147 2064 1320 2134 possit
1345 2064 1506 2119 nobis
1527 2063 1691 2119 etiam
1727 2077 2006 2118 resurrec-

402 2152 568 2208 tionis
594 2161 844 2224 tempore
875 2157 1183 2226 incorrupta
1217 2159 1466 2226 corporis
1508 2166 1565 2213 et
1590 2159 1787 2215 animze
1813 2167 1870 2214 et
1895 2158 2007 2229 spi-

404 2242 804 2301 ritns’manere
849 2249 1448 2304 communiozcttunc
1492 2251 1676 2304 omnia
1706 2266 1828 2320 quae
1873 2251 2008 2320 peti-

405 2349 548 2401 mus,
576 2337 930 2407 impetremus
957 2339 1137 2411 (lium.
1162 2357 1239 2410 vi,
1266 2340 1346 2414 4).
1377 2342 1530 2410 Quod
1562 2343 1832 2413 pleriSque
1861 2343 2010 2399 vide—

405 2438 498 2483 tur
523 2429 688 2484 etiam
732 2432 990 2487 Dominus
1019 2434 1379 2504 significasse,
1414 2436 1542 2490 dum
1573 2435 1703 2492 dicit
1735 2453 1748 2490 :
1782 2436 1846 2492 Si
1880 2437 2010 2491 duo-

407 2521 503 2576 bus
540 2537 605 2577 ea:
643 2522 786 2578 vobis
828 2527 1140 2593 convenerit,
1199 2543 1355 2597 super
1405 2537 1616 2594 terram,
1666 2528 1730 2582 de
1773 2529 1915 2581 oumi
1957 2545 2013 2584 re

407 2629 785 2685 quamcumque
813 2618 1086 2688 petieritis,
1109 2618 1198 2689 ﬁet
1227 2619 1366 2675 vobis
1407 2636 1438 2674 a
1464 2618 1627 2676 Patre
1667 2637 1801 2688 meo,
1832 2623 1921 2693 qui
1957 2623 2013 2676 in

410 2709 556 2763 caelis
581 2721 654 2764 est
687 2710 908 2780 (Matth.
933 2728 1084 2778 xvut,
1113 2713 1226 2785 19).

487 2801 609 2857 193.
643 2802 829 2874 Itaque
851 2805 945 2860 alii
967 2808 1124 2870 duos,
1151 2807 1388 2863 animam
1412 2817 1465 2863 et
1485 2822 1684 2880 corpus
1708 2810 2012 2882 accipiunt:

415 2893 514 2949 alii
542 2897 778 2950 animam
804 2908 858 2952 et
889 2900 1178 2968 spiritum;
1228 2909 1289 2954 ut
1325 2904 1370 2955 si
1405 2901 1459 2956 in
1494 2912 1659 2968 terra,
1693 2902 1796 2958 hoc
1826 2913 1930 2970 est,
1961 2902 2014 2958 iu

415 2999 649 3053 corpore
678 2988 782 3042 sibi
829 2991 1008 3044 anima
1049 2990 1382 3060 spiritusque
1413 2994 1782 3059 consentiant,
1818 3008 1916 3048 nec
1957 3007 2017 3049 se

415 3081 736 3153 impugncut
762 3083 994 3140 invicem
1036 3084 1267 3140 diversis
1298 3086 1712 3155 cupiditatibus,
1746 3087 1927 3141 omnia
1962 3089 2015 3142 in

2107 1863 2634 1935 c0pulatur,qua:ita
2656 1864 2946 1918 Dominica:
2961 1862 3246 1918 sententia:
3273 1861 3600 1917 deﬁnitione
3629 1859 3706 1914 di—

2109 1956 2427 2025 stinguitur,
2462 1955 2506 2009 si
2539 1956 2593 2010 in
2615 1969 2880 2024 pauperes
2907 1964 2958 2009 et
2980 1953 3188 2008 debiles
3206 1951 3526 2008 conferatur
3552 1969 3567 2017 ;
3596 1966 3708 2006 nam

2107 2047 2431 2118 hospitalem
2467 2047 2896 2102 remuneraturis
2925 2060 3050 2102 esse
3073 2044 3300 2101 aﬁ'ectus
3337 2044 3583 2099 avaritia:
3609 2051 3704 2098 est.

2187 2141 2309 2198 196.
2371 2140 2566 2212 (Vers.
2615 2139 2844 2211 1891.)
2893 2139 3235 2210 Postremum
3280 2139 3439 2210 quasi
3477 2140 3713 2194 emerita:

2113 2238 2323 2294 militia:
2362 2239 2482 2294 viro
2525 2235 3051 2293 contemnendarum
3096 2233 3430 2306 stipendium
3463 2230 3712 2302 pra-scri-

2112 2335 2260 2392 bitur
2286 2336 2600 2391 facultatum
2627 2353 2642 2402 ;
2667 2334 2812 2406 quod
2845 2351 3020 2406 neque
3047 2333 3140 2389 ille
3175 2333 3269 2405 qui
3297 2331 3497 2386 studiis
3541 2331 3716 2385 inten-

2116 2441 2202 2486 tus
2242 2429 2591 2486 inferioribus
2635 2431 3012 2501 possessiones
3057 2428 3159 2484 sibi
3208 2439 3456 2483 terrenas
3489 2424 3710 2505 coemit,

2114 2538 2341 2594 regnum
2389 2524 2512 2579 caeli
2550 2524 2722 2594 possit
2769 2522 3024 2594 adipisci,
3073 2536 3195 2577 cum
3240 2520 3498 2576 Dominus
3524 2517 3713 2573 dicat:

2123 2617 2303 2674 Vende
2346 2618 2518 2672 omnia
2567 2629 2676 2686 tua,
2727 2627 2774 2672 et
2798 2633 3006 2682 sequere
3040 2632 3119 2670 me
3161 2612 3381 2687 (Matth.
3424 2628 3550 2675 xu,
3590 2610 3714 2683 Si);

2117 2723 2219 2764 nec
2251 2709 2340 2766 ille
2385 2709 2479 2781 qui
2506 2711 2639 2766 emit
2670 2710 2858 2776 boves,
2903 2725 3027 2764 cum
3071 2709 3306 2764 Elisazus
3337 2706 3624 2773 occiderit,
3662 2713 3714 2760 et

2118 2805 2322 2875 populo
2352 2805 2602 2861 diviserit
2641 2819 2778 2876 quos
2809 2804 3038 2860 habebat
3067 2803 3161 2876 (Ill
3188 2803 3320 2876 Reg.
3355 2819 3476 2868 xix,
3503 2802 3599 2874 21)
3630 2819 3646 2856 :
3674 2809 3723 2857 et

2120 2897 2213 2953 ille
2242 2899 2330 2969 qui
2355 2898 2504 2954 ducit
2525 2915 2776 2964 uxorem,
2807 2901 3007 2968 cogitet
3047 2914 3170 2970 qua:
3190 2897 3384 2960 mundi
3433 2905 3588 2962 sunt,
3618 2911 3722 2951 non

2123 3007 2243 3060 quae
2286 2991 2403 3046 Dei.
2451 2991 2568 3047 Non
2617 3006 2727 3061 quo
2769 2990 3086 3062 coniugium
3136 2989 3592 3060 reprehendatur,
3637 2986 3728 3044 sed

2124 3084 2251 3154 quia
2275 3085 2339 3137 ad
2365 3083 2638 3154 majorem
2677 3083 2941 3138 honorem
2971 3091 3195 3137 vocetur
3242 3081 3569 3152 integritas;
3602 3093 3729 3150 quo-

413 3171 664 3229 eﬂ'ucmm
695 3175 988 3231 videantur
1027 3187 1177 3232 orata
1212 3192 1369 3246 posse
1398 3178 1619 3234 deduci.
1653 3177 1808 3245 Quod
1844 3181 1912 3233 ita
1939 3179 2016 3246 ﬁt,
2047 3155 2093 3219 Ο
2125 3178 2274 3255 uiam
2306 3173 2501 3229 Mulier
2537 3175 2754 3246 innupta
2801 3185 2848 3229 et
2888 3175 3043 3230 uidua
3094 3176 3284 3246 cogitat
3330 3190 3446 3241 qua:
3483 3183 3602 3228 sunt
3627 3172 3727 3227 Do-

419 3282 543 3322 cum
576 3267 773 3324 fuerint
802 3280 1035 3342 utraque
1073 3287 1264 3338 unum,
1295 3273 1340 3327 si
1369 3272 1670 3328 subtractis
1697 3274 2018 3340 inimicitiis,

420 3359 504 3414 vel
533 3361 748 3426 solutis,
780 3362 888 3416 duo
936 3364 1244 3417 condantur
1282 3365 1334 3418 in
1387 3380 1553 3418 unum
1601 3380 1800 3420 novum
1847 3366 2024 3420 homi-

421 3469 572 3519 nem,
607 3455 658 3534 id
690 3468 797 3522 eSI,
835 3458 1014 3511 anima
1053 3457 1269 3533 1458
1295 3467 1351 3516 et
1400 3461 1627 3529 spiritus
1662 3479 1676 3516 :
1710 3460 1776 3516 Ut
1821 3479 2023 3519 oremus

422 3547 632 3618 spiritu,
663 3565 869 3604 oremus
896 3560 944 3604 et
973 3563 1144 3605 mente
1164 3553 1209 3623 (Ι
1235 3553 1355 3608 Cor.
1392 3570 1500 3620 le,
1537 3552 1646 3626 15).
1682 3555 1834 3612 Licet
1859 3556 2025 3626 pleri-

421 3655 530 3708 que
570 3639 709 3694 duos
741 3641 970 3711 populos
999 3643 1289 3714 accipiant,
1322 3660 1389 3699 ex
1412 3644 1620 3700 lsraele
1663 3655 1718 3700 et
1756 3661 1822 3702 ex
1851 3649 2026 3717 genti-

422 3730 524 3786 bus
551 3731 604 3786 in
647 3749 811 3787 unmn
846 3736 1264 3790 resurrectionis
1305 3745 1554 3806 tempore
1585 3739 2023 3809 congregandos;

423 3831 486 3877 ut
513 3823 601 3878 ﬁat
630 3824 684 3879 in
715 3840 982 3883 :eternnm
1025 3843 1282 3884 mansura
1315 3829 1598 3900 perfectio,
1629 3841 1683 3886 ct
1713 3832 1763 3886 id
1794 3833 1937 3904 quod
1961 3849 2026 3889 ex

423 3925 579 3987 parte
608 3928 714 3985 est,
738 3919 1075 3978 destruatur.
1111 3923 1363 3995 Plerique
1393 3907 1574 3980 autem
1600 3927 1773 3982 virum
1806 3937 1861 3982 ct
1891 3943 2026 3982 uxo-

424 4023 540 4065 rem
570 4016 980 4071 consentientes
1007 4017 1104 4072 sibi
1138 4018 1320 4072 studio
1348 4019 1636 4075 charitatis
1660 4023 1952 4093 accipiunt.

503 4103 628 4160 194.
669 4105 852 4176 Itaque
881 4110 924 4162 si
959 4111 1010 4162 in
1047 4110 1146 4165 hac
1175 4113 1282 4166 vita
1314 4121 1422 4166 tres
1454 4130 1723 4171 mensura:
1753 4118 1805 4170 in
1835 4117 2028 4174 eodem

426 4197 695 4252 fermento
749 4202 1071 4268 manserint,
1118 4204 1292 4260 donec
1337 4205 1760 4274 fermententnr,
1806 4222 1862 4266 et
1901 4213 2033 4268 ﬁant

426 4303 624 4354 unum;
658 4300 715 4343 nt
758 4293 1126 4360 mqualitaluttt
1158 4296 1306 4350 nulla
1335 4297 1594 4353 diSIantia
1625 4302 1717 4366 sit,
1749 4317 1849 4357 nec
1876 4317 2029 4358 com-

428 4381 592 4449 positi
619 4398 684 4437 ex
717 4382 876 4439 trium
904 4385 1219 4444 diversitate
1244 4389 1549 4460 videamur,
1585 4394 1687 4448 erit
1716 4395 1768 4448 in
1793 4395 2029 4453 futurum

429 4472 776 4546 diligentibus
822 4477 1097 4534 Christum
1163 4480 1477 4553 incorrupta
1527 4486 1841 4542 communio
1881 4507 1895 4543 :
1931 4505 2032 4546 nec

2127 3268 2276 3332 mini,
2306 3278 2360 3321 ut
2393 3268 2458 3321 sit
2483 3279 2664 3322 sancta
2689 3284 2907 3337 corpore
2933 3277 2980 3322 et
3008 3268 3216 3339 spiritu.
3252 3264 3395 3320 Nam
3427 3282 3547 3337 qua:
3571 3275 3734 3337 nupta

2127 3373 2220 3428 est,
2269 3363 2462 3434 cogitat
2491 3378 2606 3433 qua:
2651 3373 2771 3418 sunt
2814 3363 3016 3430 mundi,
3072 3362 3331 3434 quomodo
3373 3360 3578 3431 placeat
3629 3361 3733 3414 uiro

2130 3455 2174 3526 (I
2205 3454 2326 3510 Cor.
2360 3471 2458 3521 vn,
2488 3456 2600 3526 54).

2204 3551 2327 3605 197.
2371 3549 2476 3606 Sed
2507 3558 2566 3604 ut
2596 3552 2647 3605 in
2678 3551 2932 3622 gratiam,
2967 3560 3024 3606 ut
3053 3566 3214 3621 supra
3260 3565 3384 3606 cum
3415 3549 3616 3617 viduis,
3661 3549 3735 3604 ita

2131 3657 2275 3698 nunc
2298 3642 2461 3697 etiam
2493 3658 2616 3697 cum
2647 3644 2966 3714 conjugibus
2995 3653 3357 3711 revertamur,
3387 3660 3498 3699 non
3531 3643 3737 3712 refugi-

2133 3752 2254 3793 mus
2281 3737 2619 3807 Opinionem,
2651 3752 2812 3808 quam
2838 3748 3142 3806 sequuntur
3164 3721 3408 3808 plerique
3436 3746 3496 3792 ut
3523 3737 3624 3791 tria
3645 3751 3738 3806 ge-

2133 3846 2266 3888 nera
2313 3830 2592 3886 hominum
2647 3846 2678 3886 a
2732 3831 3012 3886 consortio
3059 3845 3269 3901 magna:
3321 3831 3466 3886 illius
3523 3827 3739 3903 1‘59

2134 3938 2306 3980 coenae
2361 3924 2694 3980 aestimemus
2746 3923 2986 3992 excludi,
3039 3923 3344 3994 gentilium,
3395 3922 3735 3992 Judaeorum,

2135 4015 2545 4072 hzcreticorum.

2210 4111 2332 4167 198.
2367 4111 2434 4166 Et
2455 4110 2575 4166 ideo
2597 4109 2893 4181 Apostolus
2914 4109 3195 4165 avaritiam
3221 4107 3354 4164 dicit
3382 4123 3506 4164 esse
3530 4107 3740 4179 fugien-

2134 4204 2283 4270 dam,
2318 4221 2384 4260 ne
2415 4205 2659 4279 impediti
2710 4220 2863 4262 more
2904 4206 3117 4278 gentili,
3153 4204 3460 4275 iniquitate,
3507 4205 3737 4267 malitia,

2136 4299 2493 4368 impudicitia,
2533 4301 2780 4367 avaritia,
2817 4299 2882 4355 ad
2931 4315 3155 4370 regnum
3201 4297 3402 4354 Christi
3448 4297 3740 4370 pervenire

2138 4407 2471 4462 nequeamus
2499 4393 2679 4460 (Rom.
2702 4391 2873 4462 1,29).
2911 4391 3092 4446 Omnis
3127 4393 3264 4446 enim
3291 4392 3614 4458 immundus,
3650 4403 3742 4448 aut

2137 4500 2340 4550 auarus,
2361 4484 2499 4555 quod
2526 4493 2600 4539 est
2625 4483 2884 4539 idolorum
2912 4487 3148 4549 servitus,
3188 4501 3290 4539 non
3317 4484 3471 4540 habet
3512 4485 3736 4540 Incredi-

431 4569 718 4640 compOsiti
769 4572 1146 4640 manebimus;
1181 4591 1304 4630 nam
1350 4585 1407 4632 et
1444 4577 1534 4649 qui
1568 4573 2015 4651 compositinunt

2135 4586 2289 4631 tatem
2317 4554 2550 4647 iuregrto
2578 4575 2769 4632 Christi
2796 4587 2843 4632 et
2868 4577 2962 4632 Dei
3001 4577 3218 4650 (Ephes.
3239 4593 3292 4644 ν,
3321 4577 3401 4649 5).

432 4676 642 4728 sumus,
671 4659 836 4720 unum
865 4666 1090 4728 erimus.
1115 4669 1244 4724 etin
1275 4685 1435 4726 unam
1461 4673 1822 4734 substantiam
1857 4687 2031 4733 trans-

432 4753 804 4828 formabimur.
838 4757 1024 4828 Neque
1053 4759 1196 4815 enim
1226 4762 1279 4816 in
1312 4766 1715 4822 resurrectione
1750 4768 1897 4822 aliud
1930 4771 2035 4825 erit

433 4846 540 4901 alio
568 4849 814 4915 inferius,
844 4851 986 4906 sicut
1017 4869 1159 4908 nunc
1203 4853 1410 4924 fragilis
1447 4858 1499 4910 in
1539 4859 1698 4913 nobis
1733 4870 1819 4916 est
1852 4864 2031 4919 carnis

430 4937 743 5010 inﬁrmitas,
773 4952 826 4997 ct
857 4945 1156 5013 corporalis
1188 4945 1452 5002 habitudo
1485 4960 1692 5006 natura:
1728 4953 1812 5008 vel
1841 4954 2034 5008 vulne-

432 5034 583 5088 ribus
611 5045 780 5105 patet,
806 5038 886 5092 vel
915 5038 1129 5106 injuriis
1161 5041 1428 5109 subjacet,
1452 5044 1538 5098 vel
1569 5046 1652 5100 sui
1683 5047 1868 5103 oneris
1891 5050 2032 5108 mole

431 5123 689 5195 depressa
736 5143 897 5195 supra
930 5139 1102 5185 terras
1129 5135 1606 5203 nequitestollere
1659 5138 1821 5192 altius
1870 5148 2032 5210 atque

430 5214 651 5271 elevare
697 5217 986 5288 vestigium
1017 5237 1030 5274 :
1061 5223 1156 5276 sed
1204 5223 1257 5277 in
1289 5225 1556 5295 simplicis
1601 5239 1868 5284 creaturae
1909 5245 2034 5300 gra-

433 5311 562 5364 tiam
596 5312 970 5382 ﬁgurahimnr,
999 5329 1122 5370 eum
1159 5317 1489 5387 completum
1517 5319 1682 5376 fuerit
1727 5323 1870 5392 quod
1916 5323 2028 5379 dic-

432 5409 545 5456 tum
579 5413 661 5458 est
683 5423 710 5456 a
738 5404 946 5461 Joanne
966 5423 980 5462 :
998 5408 1328 5477 Charissimi,
1359 5429 1495 5467 nunc
1519 5414 1615 5483 filii
1638 5413 1737 5470 Dei
1759 5433 1959 5482 sumus,
1987 5425 2035 5472 et

432 5495 659 5550 nondum
690 5501 963 5554 revelatum
1007 5511 1079 5556 est
1123 5503 1250 5572 quid
1285 5505 1476 5561 erimus
1516 5522 1535 5561 :
1567 5508 1656 5562 sed
1695 5509 1886 5564 scimus
1914 5509 2035 5581 quia

506 5633 679 5722 l{diss
715 5643 982 5722 nonnulli,
1011 5644 1081 5722 de
1102 5648 1333 5722 potentia
1359 5649 1460 5704 loci
1488 5651 1771 5722 superioris
1797 5660 2025 5706 arcetur.

431 5699 642 5789 Εῆιιςὶςι
658 5724 786 5789 vero
819 5699 1139 5789 interiectis,
1165 5699 1474 5786 ubi
1648 5699 2029 5789 "perstitit;

432 5773 594 5827 uenis
621 5773 917 5836 ltuntauitas
937 5773 973 5849 ,⁷
989 5773 1147 5841 Βσηί.
1175 5773 1785 5862 ιιινενιειιιὶνὸίὲιέρνοέιίὶέξ
1813 5773 2027 5857 ieiuni-

2207 4669 2328 4726 199.
2361 4668 2536 4724 ,1ηάιεί
2567 4679 2750 4724 autem
2799 4671 3074 4738 corporali
3124 4670 3426 4724 ministerio
3451 4670 3584 4742 juga
3634 4671 3741 4726 sibi

2138 4763 2300 4830 chis
2332 4765 2632 4832 imponunt,
2663 4773 2719 4817 et
2758 4760 2881 4817 ideo
2913 4761 3210 4817 secundum
3240 4761 3572 4833 Prophetam
3604 4781 3618 4819 :
3644 4763 3742 4818 Di-

2137 4871 2437 4923 rumpamus
2465 4855 2671 4908 vincula
2712 4870 2913 4920 eorum,
2955 4865 3005 4908 et
3048 4855 3384 4928 projiciamus
3426 4871 3460 4908 α
3485 4857 3632 4913 nobis
3649 4859 3742 4929 ju-

2140 4966 2262 5022 gum
2281 4950 2514 5018 ipsorum
2537 4949 2712 5022 (Psal.
2738 4965 2795 5013 ιι,
2818 4949 2874 5020 ’5)
2902 4966 2918 5014 ;
2941 4946 3215 5004 Christum
3239 4949 3384 5004 enim
3409 4951 3740 5021 recepimus,

2141 5045 2229 5114 qui
2262 5043 2565 5099 cervicibus
2599 5044 2800 5098 nostris
2830 5043 3048 5112 pietatis
3089 5057 3202 5097 suae
3226 5042 3415 5114 jugum
3449 5045 3586 5099 mite
3625 5059 3741 5099 sus-

2139 5137 2349 5207 pendit.
2383 5136 2634 5206 Quinque
2663 5143 2842 5190 antem
2868 5135 2999 5206 juga
3047 5145 3174 5190 sunt
3203 5135 3498 5190 verborum
3529 5136 3738 5201 decem,

2138 5228 2224 5283 vel
2251 5226 2489 5298 quinque
2519 5227 2644 5284 libri
2668 5227 2869 5283 veteris
2901 5227 3057 5297 legis,
3090 5228 3158 5282 de
3188 5227 3386 5297 quibus
3419 5230 3472 5283 in
3501 5229 3738 5298 Evange-

2139 5322 2214 5376 lio
2255 5320 2477 5376 videtur
2513 5320 2872 5377 Samaritana:
2901 5321 3087 5376 dicere
3117 5336 3132 5376 :
3165 5319 3405 5390 Quinque
3446 5322 3585 5375 enim
3608 5321 3738 5374 uiros

2142 5414 2366 5470 habuisti
2396 5415 2578 5486 (Joau.
2606 5431 2681 5481 tv,
2716 5416 2830 5487 18).

2209 5507 2336 5564 200.
2365 5507 2434 5565 At
2456 5523 2584 5564 vero
2614 5508 2837 5565 haeresis
2857 5508 3005 5565 velut
3025 5509 3135 5565 Eva
3164 5508 3400 5564 femineo
3422 5510 3658 5580 rigorem
3683 5508 3738 5562 ﬁ-

2135 5652 2213 5706 sio
2248 5650 2607 5708 humanitatis.
2656 5653 2898 5725 Denique
2934 5655 3022 5710 ubi
3063 5669 3255 5710 omnes
3298 5654 3436 5709 edit.
3484 5670 3548 5708 ac
3589 5650 3736 5722 pauci

2137 5725 2545 5797 mss._pro:cimo
2595 5726 2772 5781 limine
2801 5744 2819 5780 .°
2854 5725 3047 5797 reliqui
3101 5727 3405 5797 elegantius
3457 5725 3733 5789 exhibent,

2135 5795 2582 5864 proximo-limite.
