3920 6312
501 328 644 387 1755

501 445 719 503 Esaiam
761 445 1057 502 declaravit
1099 445 1284 500 dicens
1315 461 1329 500 :
1359 443 1424 500 Et
1462 444 1701 500 videbunt
1744 443 2094 500 ntembra‘ho-

501 537 700 592 minam
745 533 1194 604 preuaricantiitm
1243 537 1297 591 in
1329 553 1408 592 me
1439 552 1458 592 :
1486 548 1535 592 et
1568 539 1756 616 vermis
1795 553 1972 593 eorum
1998 555 2100 594 non

501 632 773 697 morietur,
798 639 846 684 et
870 631 1008 702 ignis
1036 631 1506 710 nonezstinguetur
1527 629 1700 698 (Esai.
1733 647 1881 693 um,
1907 631 2024 702 21).

572 723 700 778 206.
753 722 970 778 Stridor
1001 738 1218 794 quoque
1260 723 1503 779 dentium
1547 723 1726 793 prodit
1769 722 2104 794 indignantis

501 798 785 881 allectum;
814 832 882 872 eo
904 817 1047 887 quod
1075 832 1199 872 sero
1220 829 1654 897 unumquemque
1672 817 1954 888 pteniteat,
1978 832 2105 873 sero

505 910 840 980 ingemiscat,
882 925 1008 965 sero
1055 911 1318 965 irascatur
1359 910 1486 977 sibi,
1516 911 1656 981 quod
1685 921 1790 965 tam
1835 910 2103 981 pervicaci

506 1003 851 1071 improbitate
879 1002 1187 1072 deliquerit.

581 1096 738 1168 (Cap.
771 1095 1128 1153 XV.—Vers.
1162 1095 1244 1164 4.)
1277 1096 1404 1161 Quis
1432 1111 1495 1151 ea:
1523 1095 1684 1160 vobis,
1725 1096 1923 1165 inquit,
1954 1097 2107 1151 homo

449 1205 453 1208 λ
505 1190 592 1260 qui
629 1188 784 1243 habet
823 1200 1028 1243 centum
1065 1203 1181 1243 oues
1203 1227 1218 1254 ,
1265 1197 1312 1243 et
1355 1190 1400 1244 si
1440 1191 1684 1243 errauerit
1719 1205 1827 1244 una
1860 1204 1924 1244 ea:
1961 1191 2106 1259 illis,

506 1297 677 1334 nonne
721 1281 933 1335 dimittit
977 1283 1259 1354 nonaginta
1298 1297 1477 1338 novem
1502 1283 1558 1336 in
1585 1282 1807 1350 deserto,
1845 1291 1892 1337 et
1920 1283 2014 1337 ibit
2039 1282 2110 1338 ad

511 1374 659 1428 illam
687 1391 802 1446 quas
831 1377 1017 1430 erravit
1038 1377 1074 1446 ?,

580 1467 707 1522 207.
754 1468 1032 1525 Didiceras
1080 1471 1134 1525 in
1191 1472 1568 1541 superioribus
1628 1472 1887 1543 ablegare
1942 1473 2114 1544 negli-

513 1561 774 1632 gentiam,
823 1562 995 1618 vitare
1038 1565 1433 1634 arrogantim,
1471 1565 1820 1622 devotionem
1871 1581 2109 1636 sumere,

515 1655 870 1712 saecularibus
940 1659 1390 1727 occupationibus
1457 1675 1562 1714 non
1628 1660 1848 1727 teneri,
1907 1661 2114 1716 caduca

519 1765 627 1804 non
671 1748 929 1821 praeferre
981 1754 1261 1822 perpetuis
1313 1769 1325 1805 :
1375 1753 1471 1808 sed
1529 1755 1653 1824 quia
1711 1753 1972 1826 fragilitas
2013 1755 2110 1810 liu-

1863 323 2112 387 SANCTI
2151 327 2470 390 AMBROSII

3661 341 3676 393 1
3688 340 3776 394 736

2125 447 2171 507 Α
2202 473 2284 522 cst
2315 486 2327 520 :
2362 467 2467 522 Vos
2505 478 2689 526 autem
2729 487 2916 541 corpus
2947 471 3072 526 estis
3113 468 3329 539 Christi,
3363 482 3414 527 et
3472 490 3688 528 memora
3726 492 3779 530 es;

2204 561 2442 615 membris
2472 565 2584 637 ejus
2625 563 2816 636 (lbid.,
2858 561 2970 638 15).
3009 555 3160 621 Venit
3182 568 3356 638 itaque
3387 563 3561 621 Filius
3586 567 3782 623 hominis

2205 655 2405 708 salvum
2453 660 2626 727 facere
2667 658 2805 728 quod
2855 658 3078 729 perierat
3101 658 3252 732 (Luc.
3293 676 3404 724 χιχ,
3449 656 3568 737 ‘10);
3613 677 3784 717 onmes

2206 747 2420 803 scilicet
2444 766 2462 808 :
2496 751 2631 815 Quia
2663 751 2797 806 sicut
2836 751 2889 806 in
2918 752 3086 806 Adam
3116 770 3289 808 omnes
3315 756 3629 818 moriuntur,
3657 757 3720 810 ita
3747 765 3786 812 el

2207 841 2261 894 in
2290 837 2493 897 Christo
2526 859 2701 898 omnes
2722 845 3116 916 vivificabuntur
3138 845 3180 919 (Ι
3215 844 3336 902 Cor.
3373 847 3599 920 “,22).

2280 933 2407 988 210.
2445 933 2603 990 Dives
2644 936 2808 1004 igitur
2855 947 3038 1008 pastor
3078 939 3237 1007 cujus
3277 956 3474 995 omnes
3502 957 3601 996 nos
3627 952 3789 997 cente-

2210 1023 2344 1079 sima
2382 1023 2591 1100 1462
2621 1029 2796 1097 portio
2819 1045 3026 1085 sumus.
3059 1029 3230 1087 Habet
3262 1023 3616 1104 Angelorum,
3647 1035 3788 1090 habet

2211 1117 2700 1190 Archangclorum,
2736 1121 3198 1189 Dominationum,
3239 1123 3606 1192 Potestatum,
3633 1124 3789 1179 Thro-

2213 1225 2429 1279 norum,
2461 1213 2804 1285 aliorumque
2859 1215 3288 1272 innumerabiles
3331 1233 3550 1290 greges,
3583 1233 3712 1288 quos
3749 1220 3792 1273 in

2211 1301 2488 1360 montibus
2519 1305 2829 1378 dereliquit.
2861 1308 2962 1376 Qui
2995 1311 3250 1379 quoniam
3282 1321 3411 1364 sunt
3439 1309 3790 1378 rationabiles,

2214 1414 2320 1452 non
2383 1399 2652 1454 immerito
2723 1400 3009 1456 hominum
3080 1403 3457 1472 redemptione
3538 1403 3791 1459 laetamur.

2215 1490 2548 1562 Quamquam
2574 1493 2678 1550 hoc
2707 1510 2921 1566 quoque
2951 1493 3192 1563 proiiciat
3219 1495 3284 1551 ad
3307 1497 3578 1552 incentiva
3624 1497 3790 1568 probi-

2220 1584 2363 1648 tatis,
2389 1584 2434 1639 si
2463 1585 2828 1656 unusquisque
2849 1587 3263 1642 conversionem
3291 1604 3443 1642 suam
3468 1598 3670 1656 gratam
3697 1589 3794 1645 fore

2219 1675 2407 1730 credat
2436 1677 2670 1732 coetibus
2699 1677 3044 1748 angelorum,
3075 1694 3303 1749 quorum
3331 1689 3425 1735 aut
3447 1679 3694 1736 affectare
3721 1699 3797 1752 pa-

2223 1765 2535 1828 trocinium,
2577 1777 2669 1820 aut
2709 1767 2891 1823 vereri
2921 1767 3097 1825 debet
3137 1769 3428 1825 olfensam.
3462 1771 3533 1826 Et
3571 1782 3622 1825 tu
3659 1773 3799 1844 igitur

513 1856 673 1896 mana
711 1841 925 1898 llrmum
963 1845 1154 1915 nequit
1185 1845 1239 1899 iu
1275 1853 1426 1900 tanto
1465 1847 1651 1903 saeculi
1680 1847 1888 1904 lubrico
1922 1859 2111 1904 tenere
2142 1841 2190 1908 Β
2219 1868 2339 1914 esto
2371 1860 2576 1931 angelis
2609 1859 2833 1928 laetitiae,
2863 1861 3135 1934 gaudeant
3160 1863 3226 1919 de
3258 1863 3437 1920 reditu
3467 1873 3579 1922 tuo.

516 1935 842 2005 vestigium,
899 1936 1065 1992 etiam
1117 1936 1379 1993 adversus
1431 1953 1674 1995 errorem
1723 1941 1959 1997 remedia
2017 1937 2112 1996 tibi

517 2027 706 2082 bonus
740 2029 981 2085 medicus
1038 2031 1464 2098 demonstravit,
1519 2048 1670 2104 spem
1725 2035 1909 2100 veniae
1945 2035 2114 2104 judex

517 2121 828 2176 misericors
875 2138 982 2178 non
1033 2125 1270 2193 negavit.
1305 2125 1491 2196 Itaque
1531 2142 1638 2182 non
1677 2126 1852 2184 otiose
1890 2138 2115 2183 sanctus

517 2211 687 2267 Lucas
735 2211 912 2285 (Vera.
958 2212 991 2270 8
1036 2225 1081 2270 et
1127 2218 1259 2288 seq.)
1308 2233 1375 2272 ex
1423 2217 1616 2274 ordine
1667 2228 1780 2275 tres
1824 2221 2116 2291 parabolas

519 2304 742 2374 posuit:
777 2307 893 2361 ovis
937 2323 1059 2378 qua:
1103 2310 1362 2378 perierat,
1403 2320 1459 2366 et
1500 2312 1717 2367 inventa
1756 2322 1878 2368 est:
1919 2313 2114 2368 drach-

521 2411 624 2451 mte
670 2412 790 2467 qua:
845 2400 1114 2468 perierat,
1161 2409 1217 2456 et
1257 2402 1474 2457 iuventa
1517 2412 1602 2458 est
1651 2422 1664 2458 :
1710 2403 1808 2458 lilii
1854 2405 1942 2473 qui
1999 2414 2118 2461 erat

517 2502 786 2559 mortuus,
837 2503 891 2547 et
938 2495 1166 2561 revixit;
1200 2506 1258 2550 ut
1291 2498 1488 2567 triplici
1534 2499 1775 2553 remedio
1807 2499 2113 2570 provocati,

519 2585 746 2642 vulnera
780 2597 966 2644 nostra
1001 2605 1295 2658 curemus;
1335 2601 1575 2663 spartum
1607 2594 1752 2649 enim
1785 2593 1975 2663 triplex
2009 2609 2118 2650 non

519 2695 920 2752 corrumpetur.
1091 2709 1100 2718 -
1321 2667 1324 2672 ’

591 2775 721 2831 208.
761 2776 864 2844 Qui
893 2787 1019 2834 sunt
1045 2779 1172 2849 isti,
1209 2780 1395 2851 pater,
1429 2792 1619 2853 pastor
1643 2823 1656 2848 ,
1687 2782 1928 2840 mulier?
1970 2782 2118 2839 Non-

498 2886 592 2940 ne
643 2872 782 2925 Deus
828 2873 1009 2940 Pater,
1055 2874 1308 2933 Christus
1345 2888 1549 2948 pastor,
1600 2881 1793 2936 rmiller
1837 2881 2123 2937 Ecclesia?

518 2961 767 3018 Christus
811 2973 863 3020 te
911 2982 1011 3021 suo
1053 2982 1285 3038 corpore
1311 2972 1484 3038 vehit,
1526 2973 1616 3043 qui
1661 2984 1746 3028 tua
1793 2975 1845 3029 in
1887 2989 1948 3030 se
1998 2989 2124 3044 pec-

519 3065 636 3110 cata
679 3059 944 3130 suscepit,
975 3061 1185 3130 quaerit
1215 3062 1483 3130 Ecclesia,
1514 3066 1709 3134 recipit
1744 3067 1926 3123 Pater.
1956 3068 2122 3136 Quasi

522 3154 709 3215 pastor
737 3147 968 3213 revehit,
994 3150 1145 3218 quasi
1175 3161 1347 3206 mater
1375 3152 1615 3221 inquirit,
1644 3154 1800 3224 quasi
1830 3163 1980 3224 pater
2002 3169 2126 3210 ves-

524 3239 606 3294 tit.
645 3241 822 3296 Prima
865 3242 1262 3310 misericordia,
1307 3245 1543 3300 secunda
1582 3246 1918 3317 sttii'ragatlo,
1963 3249 2120 3304 tertia

523 3329 915 3385 reconciliatio.
957 3331 1178 3402 Singula
1209 3333 1437 3402 singulis
1459 3333 1766 3404 quadrent:
1809 3337 2123 3407 redemptor

525 3420 795 3486 subvenit,
827 3422 1063 3478 Ecclesia
1091 3423 1442 3496 sull‘ragatur,
1486 3438 1678 3482 auctor
1718 3429 2118 3484 reconciliatur.

530 3508 732 3563 Eadem
775 3510 940 3582 divini
975 3515 1158 3583 operis
1203 3515 1574 3572 misericordia
1596 3554 1610 3583 ,
1645 3517 1738 3572 sed
1782 3517 1996 3572 diversa
2027 3533 2124 3588 pro

528 3600 736 3653 meritis
784 3604 984 3658 nostris
1025 3604 1226 3674 gratia.
1265 3605 1394 3660 Ovis
1419 3622 1446 3659 a
1480 3616 1695 3677 pastore
1723 3609 1862 3664 lassa
1905 3625 2126 3666 rcvoca~

529 3702 655 3746 tur:
685 3693 941 3750 drachma
983 3712 1103 3766 qua:
1135 3698 1389 3768 perierat,
1425 3700 1699 3756 invenitur
1731 3718 1744 3752 ς
1791 3701 1858 3756 ad
1904 3702 2121 3759 Patrem

529 3785 669 3840 ﬁlius
691 3788 808 3843 suis
836 3790 1080 3861 vestigiis
1109 3791 1268 3859 redit,
1291 3804 1344 3848 et
1367 3793 1526 3863 plena
1549 3794 1894 3851 condemnati
1920 3798 2126 3854 erroris

528 3881 833 3951 regreditur
855 3884 1196 3954 ptenitenti.
1217 3885 1370 3943 Unde
1403 3888 1540 3945 bene
1561 3890 1822 3952 scriptum
1853 3903 1939 3947 est
1971 3909 1982 3946 :
2011 3891 2125 3947 Ho-

529 3973 687 4027 mines
715 3983 760 4028 et
776 3976 1014 4047 jumenta
1035 3978 1201 4032 salvos
1223 3980 1406 4048 facies,
1424 3978 1643 4036 Domine
1664 3979 1839 4054 (Psal.
1873 3985 2123 4055 xxxv,8).

529 4067 658 4133 Qua:
689 4076 816 4122 sunt
839 4069 937 4122 ista
975 4069 1260 4138 jumenta?
1291 4073 1433 4128 Dixit
1473 4077 1780 4144 propheta:
1820 4077 2004 4132 Semen
2033 4078 2125 4133 Is-

529 4161 638 4212 rael
667 4161 721 4213 in
751 4177 923 4216 semen
960 4163 1245 4229 hominum,
1296 4174 1342 4219 et
1369 4165 1511 4220 Juda
1538 4169 1593 4221 in
1622 4185 1792 4224 semen
1821 4172 2126 4226 animalium

530 4248 748 4322 (Jerem.
784 4269 931 4319 xxxx,
949 4254 1062 4326 27).
1095 4255 1281 4326 itaque
1307 4257 1469 4313 lsrael
1497 4262 1648 4330 quasi
1675 4260 1839 4318 homo
1860 4264 2123 4331 salvator,

527 4347 680 4417 quasi
701 4347 821 4404 ovis
839 4347 974 4405 Juda
996 4350 1290 4421 colligitur.
1315 4352 1456 4407 Malo
1479 4369 1610 4425 ergo
1635 4355 1771 4410 ﬁlius
1795 4371 1936 4424 esse,
1962 4373 2124 4428 quam

525 4443 672 4507 ovis;
717 4443 834 4498 ovis
872 4445 1016 4500 enim
1052 4459 1082 4500 a
1111 4453 1331 4516 pastore
1370 4445 1656 4518 repetitur,
1688 4465 1715 4503 a
1751 4449 1914 4508 Patre
1947 4451 2122 4511 Filius

528 4535 846 4590 honoratur.

2149 3239 2192 3302 C

2287 1953 2414 2009 2H.
2458 1953 2573 2008 Non
2599 1955 2830 2009 otiosum
2853 1955 3016 2011 etiam
3049 1955 3192 2028 quod
3222 1956 3419 2013 mulier
3448 1958 3536 2012 illa
3561 1957 3795 2014 drachma

2218 2045 2437 2101 laetatur
2469 2047 2708 2102 inventa.
2736 2047 2850 2102 Non
2883 2044 3175 2104 mediocris
3213 2051 3326 2104 haec
3357 2050 3616 2106 drachma
3640 2061 3729 2117 est,
3755 2053 3799 2106 in

2217 2155 2320 2211 qua
2354 2140 2610 2210 principis
2633 2151 2716 2196 est
2747 2139 2932 2211 ligura.
2963 2141 3030 2197 Et
3061 2139 3184 2198 ideo
3209 2142 3389 2214 imago
3426 2145 3592 2214 regis,
3623 2161 3797 2200 census

2222 2233 2480 2288 Ecclesiae
2507 2241 2608 2289 est.
2643 2231 2786 2289 Oves
2819 2247 3029 2303 sumus,
3066 2249 3288 2290 oremus
3321 2245 3387 2290 .ut
3424 2249 3597 2306 super
3624 2251 3794 2308 aquam

2226 2321 2542 2381 refectionis
2596 2341 2696 2380 nos
2743 2327 3016 2382 collocare
3059 2328 3330 2398 dignetur.
3365 2328 3530 2396 Oves,
3579 2332 3796 2402 inquam,

2225 2431 2453 2483 smnus,
2511 2424 2756 2486 petamus
2810 2433 3058 2489 pascua:
3119 2420 3398 2476 drachma)
3452 2435 3659 2490 sumus,
3713 2423 3799 2477 ha-

2228 2513 2455 2569 beamus
2505 2511 2738 2583 prctium
2787 2532 2801 2569 :
2843 2514 2936 2572 lilii
2984 2531 3209 2581 sumus,
3243 2509 3560 2573 leStincmus
3598 2517 3662 2573 ad
3695 2514 3801 2571 "Pa-

2226 2618 2385 2664 trem.

2295 2719 2424 2776 2l2.
2465 2729 2490 2758 δ
2520 2719 2632 2777 Nec
2659 2737 2949 2777 vereamur
2974 2722 3098 2792 quia
3128 2732 3412 2792 acceptum
3442 2724 3696 2792 spiritalis
3723 2739 3799 2793 pa-

2230 2814 2544 2870 trimonium
2581 2815 2861 2886 dignitatis
2893 2817 3126 2872 terrenis
3159 2817 3509 2889 prodegimus
3539 2820 3803 2889 voluptati-

2229 2906 2348 2973 bus,
2382 2908 2523 2977 quod
2557 2907 2716 2961 Pater
2753 2908 2805 2962 in
2851 2907 2992 2961 ﬁlios
3029 2923 3188 2978 quem
3219 2908 3477 2978 habebat,
3517 2912 3801 2967 thesaurum

2227 3001 2475 3056 contulit.
2517 2997 2664 3056 Fidei
2713 3015 2913 3056 census
2955 3018 3246 3070 numquam
3294 3005 3647 3060 exinanitur:
3696 3006 3804 3062 licet

2232 3104 2399 3151 lotum
2431 3093 2662 3160 dederit,
2698 3103 2870 3150 totum
2899 3096 3053 3151 habet
3079 3112 3093 3161 ;
3118 3096 3242 3166 quia
3275 3091 3420 3164 quod
3453 3099 3686 3166 donavit,
3710 3114 3804 3153 non

2230 3189 2449 3244 amittit.
2481 3187 2592 3266 Nec
2618 3203 2846 3245 vereare
2871 3232 2886 3257 ,
2915 3206 2982 3244 ne
3012 3201 3062 3245 te
3090 3204 3196 3245 non
3229 3192 3456 3263 recipiat
3491 3212 3503 3246 :
3537 3191 3651 3248 Non
3675 3196 3804 3248 enim

2177 3277 2194 3305 ⁸
2229 3285 2510 3339 delectatur
2532 3283 2673 3338 Deus
2695 3285 2980 3356 perditione
3004 3287 3230 3340 vivorum
3255 3286 3410 3356 (Sap.
3444 3305 3483 3353 ι,
3509 3290 3594 3357 13)
3623 3308 3635 3343 :
3662 3290 3805 3349 etiam

2226 3392 2518 3432 occurrens
2549 3376 2784 3432 venienti
2817 3377 2912 3433 tibi
2938 3377 3096 3434 cadet
3116 3393 3282 3448 supra
3310 3381 3513 3437 collum
3543 3380 3808 3438 :Dominus

2226 3470 2368 3526 enim
2393 3471 2543 3540 erigit
2563 3471 2742 3526 allisas
2763 3470 2939 3542 (Psal.
2956 3487 3111 3537 cnv,
3133 3471 3209 3543 8).
3235 3471 3494 3529 Osculum
3516 3476 3660 3531 dabit
3679 3475 3808 3546 quod

2228 3571 2311 3619 est
2345 3565 2534 3634 pignus
2566 3557 2783 3632 pietatis
2809 3573 2863 3618 et
2890 3565 3113 3618 amoris.
3141 3564 3374 3632 Stolam,
3405 3569 3683 3632 annulum,
3711 3569 3810 3624 Cal-

2227 3661 2508 3722 ceamenla
2539 3654 2768 3726 proferri
2792 3653 3024 3724 jubebit.
3059 3655 3138 3711 Tu
3186 3655 3366 3713 adhuc
3416 3657 3666 3730 injuriam
3706 3678 3807 3718 me-

2231 3752 2356 3816 tuis,
2391 3748 2418 3788 ι)
2453 3749 2541 3805 ille
2581 3749 2820 3805 restituit
2849 3747 3167 3819 dignitatem
3202 3769 3214 3804 :
3259 3760 3316 3806 tu
3364 3755 3684 3824 supplicium
3723 3772 3808 3812 ve-

2229 3845 2407 3910 reris,
2465 3843 2553 3900 ille
2609 3843 2853 3898 osculum
2902 3843 3121 3899 defert:
3166 3854 3221 3898 tu
3277 3847 3582 3902 convicium
3632 3851 3808 3913 times,

2228 3938 2458 3994 adornat
2515 3937 2608 3994 ille
2636 3938 2975 3994 convivium.
3024 3937 3130 3996 Sed
3163 3939 3273 4011 jam
3309 3942 3480 4012 ipsam
3517 3945 3811 4014 parabolam

2226 4033 2599 4106 discutiamus,

2300 4149 2477 4212 (Vers.
2507 4147 2594 4215 11,
2630 4145 2744 4212 12.)
2773 4145 2942 4201 Homo
2971 4147 3183 4217 quidam
3206 4149 3384 4204 habuit
3415 4151 3548 4207 duos
3582 4153 3730 4215 ﬁlias,
3769 4160 3811 4207 et

2229 4243 2360 4298 dixit
2427 4239 2507 4297 illi
2552 4241 2925 4300 adolescentior
2965 4259 2978 4296 :
3023 4241 3105 4296 Da
3172 4243 3298 4299 mihi
3369 4247 3651 4318 portionem
3702 4247 3812 4300 sub-

2227 4337 2458 4395 stantia.
3437 4357 3440 4360 '

2298 4453 2428 4513 213.
2498 4452 2666 4509 Vides
2709 4451 2851 4525 quod
2897 4450 3143 4510 divinum
3196 4455 3586 4526 patrimonium
3642 4469 3813 4529 peten-

2228 4552 2370 4608 tibus
2402 4551 2580 4606 datur.
2618 4549 2730 4605 Nec
2769 4557 2923 4620 putes
2952 4549 3166 4619 culpam
3210 4551 3405 4620 patris.
3445 4555 3589 4624 quod
3618 4555 3811 4610 adules.

596 4625 724 4682 209.
764 4625 1107 4686 Gaudeamus
1136 4630 1324 4701 igitur,
1354 4634 1608 4702 quoniam
1633 4637 1751 4691 ovis
1777 4635 1864 4691 illa
1889 4652 2014 4707 quae
2035 4653 2128 4709 ρει
2154 4641 2204 4701 D
2231 4644 2459 4702 centiori
2508 4642 2658 4698 dedit
2687 4661 2699 4696 :
2735 4642 2881 4697 nulla
2925 4642 3021 4698 Dei
3071 4655 3239 4711 regno
3287 4643 3502 4700 inllrma
3546 4659 3694 4712 tetas,
3726 4661 3814 4702 nec

526 4718 692 4773 rierat
717 4721 770 4776 in
811 4721 1006 4788 Adam,
1044 4723 1254 4779 levatur
1293 4726 1344 4780 in
1383 4724 1619 4783 Christo.
1653 4728 2122 4800 ilumeriCbristi,

511 4813 707 4869 crucis
748 4815 1154 4896 brachia.sunt.
1199 4819 1317 4876 Illic
1361 4827 1579 4892 peccata
1621 4839 1741 4879 mea
1774 4825 2022 4896 deposui,
2070 4823 2123 4883 in

527 4907 615 4961 illa.
647 4908 873 4976 patibuli
897 4911 1096 4969 nobilis
1119 4919 1333 4970 cervice
1362 4916 1630 4987 requievi.
1653 4917 1782 4974 Ovis
1805 4919 1895 4974 illa
1922 4936 2124 4991 genere

526 5007 612 5055 est
633 5015 756 5068 una,
782 5017 889 5057 non
908 5005 1094 5073 specie
1121 5023 1133 5060 :
1165 5005 1356 5061 Omnes
1377 5011 1513 5064 enim
1540 5021 1699 5064 unum
1719 5023 1909 5081 corpus
1924 5019 2125 5080 sumus,

522 5092 615 5146 sed
660 5095 824 5148 multa
872 5096 1098 5151 membra
1138 5096 1184 5170 (Ι
1211 5098 1329 5153 Cor.
1369 5115 1423 5168 x,
1469 5100 1593 5168 i7);
1629 5111 1684 5158 et
1711 5102 1833 5160 ideo
1861 5107 2124 5176 scriptum

532 5253 630 5292 ma:
651 5247 881 5311 peccata.
899 5235 1108 5311 Melius
1134 5237 1298 5294 Corh.
1326 5248 1382 5296 et
1412 5241 1502 5295 alii
1535 5241 1763 5311 aliquot,
1797 5243 2133 5299 irrationabi-

531 5310 833 5384 lisanimw,
862 5309 911 5363 id
937 5320 1038 5384 est.
1089 5311 1256 5380 partis
1285 5313 1586 5376 inferioris,
1630 5309 1789 5384 quam
1823 5331 1930 5370 non
1964 5315 2133 5373 sem‘e‘l

529 5382 763 5459 attimam
795 5383 1129 5459 simpliciter
1157 5393 1315 5438 vocat
1353 5382 1693 5459 Ambrosius,
1735 5401 1859 5442 cum
1888 5403 2053 5459 supra
2079 5389 2132 5442 in

535 5452 752 5529 humble
789 5451 886 5529 tria
913 5453 1176 5529 agnoscit,
1207 5451 1690 5529 corpus,‘animam,
1720 5467 1767 5510 et
1795 5451 2052 5529 spiritum.
2078 5461 2134 5514 ln

531 5539 637 5597 quo
663 5523 971 5597 Platonicos
999 5525 1212 5579 videtur
1244 5523 1518 5593 imitatus;
1554 5543 1674 5582 nam
1704 5523 1962 5584 Phoiinus
1992 5529 2135 5597 apud

534 5593 854 5680 Numenium
907 5595 1125 5680 dictitat
1191 5597 1463 5680 hominem
1519 5607 1822 5662 συνιστάναι
1862 5601 1914 5657 ἐκ
1948 5593 2136 5680 quia»,

540 5669 802 5745 σὼμσετος,
834 5671 920 5723 καὶ
941 5673 1148 5745 ψυχῆς,
1171 5674 1258 5729 καὶ
1287 5682 1394 5729 νοῦ-

614 5750 639 5779 α
679 5743 755 5822 lia
789 5743 1616 5822 mss.acedit.omnes,excepta
1635 5753 1791 5808 Rom.
1817 5751 1967 5819 ;h:rc
1997 5753 2140 5810 enim

540 5821 711 5894 totum
743 5814 921 5890 locum
955 5819 1174 5898 invertit
1202 5823 1254 5876 in
1279 5814 1423 5892 hunc
1451 5814 1669 5882 modum
1699 5843 1710 5878 :
1740 5814 1851 5888 Nec
1879 5842 2142 5890 vereamur

2181 4779 2186 4786 .
2235 4735 2366 4793 ﬁdes
2392 4747 2647 4808 gravatur
2673 4737 2851 4791 annis.
2879 4734 3000 4806 ipse
3030 4745 3177 4792 certe
3207 4737 3552 4807 sejudicavit
3574 4740 3811 4796 idoneum

2228 4829 2320 4897 qui
2347 4831 2615 4902 p0poscit.
2644 4831 2820 4902 Atque
2856 4833 3066 4887 utinam
3097 4847 3202 4889 non
3233 4833 3556 4890 recessisset
3583 4850 3611 4886 a
3650 4843 3809 4904 patre,

2233 4921 2680 4992 impedimentum
2704 4925 2970 4979 nescisset
2990 4926 3167 4979 artatis
3201 4943 3214 4977 :
3243 4923 3335 4978 sed
3361 4935 3707 4996 posteaquam
3733 4925 3815 4976 tle-

2235 5031 2381 5069 mum
2425 5017 2652 5087 patriam
2684 5017 3072 5088 derelinquens
3113 5024 3339 5088 peregre
3390 5017 3668 5088 prolectus
3717 5023 3806 5080 est,

2239 5120 2260 5147 ο
2291 5109 2455 5181 cmpit
2497 5125 2677 5182 egere.
2727 5108 2914 5167 Merito
2946 5126 3078 5183 ergo
3119 5109 3367 5183 prodegit
3418 5111 3809 5183 patrimonium,

2273 5246 2558 5322 uorlPater
2583 5249 2634 5322 in
2664 5247 2713 5301 F
2716 5249 2863 5304 ilium
2890 5267 3042 5322 quem
3065 5241 3300 5317 habebat,
3319 5247 3625 5305 thesaurum
3653 5257 3812 5304 contu-

2273 5264 2374 5314 uoa
2400 5264 2558 5302 rater
2583 5267 2634 5304 in
2664 5264 2863 5304 riuum
2890 5267 3042 5322 quem
3065 5264 3300 5317 Itaaeaat,
3319 5264 3625 5305 thesaurum
3653 5264 3812 5304 cantu-

2236 5264 2318 5374 Ἅι.
2346 5317 2497 5393 Fidei
2519 5321 2875 5393 enimsensus.
2921 5361 2934 5377 .
2981 5363 2994 5393 .
3042 5363 3055 5376 .
3098 5339 3186 5376 nec
3209 5339 3414 5378 vereare
3435 5324 3560 5393 quia
3580 5331 3813 5393 accepturu

2226 5392 2512 5464 spiritalis
2540 5392 2906 5462 patrimonium
2957 5391 3222 5464 dignitatis
3275 5389 3493 5450 terrenis
3549 5389 3811 5464 prodegerit

2240 5461 2607 5536 voluptatibus,
2644 5481 2707 5518 ne
2738 5471 2783 5517 te
2809 5481 2909 5519 non
2933 5461 3163 5536 recipiat.

2314 5533 2340 5572 b
2383 5533 2509 5613 θέεις.
2545 5533 3056 5613 ειΙίίμιοιηειονιιηξεηὶ
3083 5537 3416 5613 illerestituet
3449 5535 3700 5613 dignitati.
3767 5601 3778 5613 ο

2319 5617 2339 5644 ε
2380 5606 2542 5682 prtt
2574 5625 2739 5682 egere,
2769 5607 2923 5663 deest
2962 5610 3012 5663 in
3043 5607 3293 5682 omnibus
3321 5623 3450 5662 mss.
3499 5610 3606 5664 Sed
3637 5622 3741 5663 cum
3767 5606 3809 5682 in

2244 5680 2495 5733 omnibus
2523 5677 2653 5734 edit.
2689 5679 2972 5746 habeatur,
3005 5694 3178 5747 eoque
3222 5677 3444 5747 dempto
3469 5695 3658 5735 sensus
3681 5677 3810 5748 quasi

2244 5770 2541 5823 suslicnsus
2588 5751 2892 5817 remaneat,
2911 5753 3034 5809 ideo
3065 5752 3191 5808 illud
3231 5770 3335 5809 non
3380 5754 3684 5823 putavimus
3713 5757 3813 5804 loco

2248 5827 2603 5903 movendum.
2636 5826 2840 5898 Quibus
2890 5837 3071 5886 tamen
3102 5827 3342 5900 potiores
3385 5826 3476 5886 hic
3517 5827 3817 5901 videbuntur
