3920 6314
116 381 236 442 1757

1031 376 1394 434 EXPOSITIO
1431 373 1689 434 EVANG.
1731 375 1884 435 SEC.
1931 375 2088 436 LUC.
2132 378 2262 435 LIB.
2308 380 2420 436 νη.

3238 382 3377 439 17ὃὸ

113 499 186 571 qtti
213 495 422 553 recessit
449 495 516 552 ab
538 493 800 550 Ecclesia.
828 494 1184 565 Posteaquam
1208 497 1451 561 domum,
1484 495 1674 566 inquit,
1706 499 1760 560 Α
1787 504 1844 551 ut
1898 505 2139 552 ventrem
2169 511 2325 552 suum
2358 497 2647 568 impleant,
2671 513 2899 570 quorum
2936 499 3072 556 Deus
3095 512 3282 557 venter
3299 511 3386 560 est

113 594 320 664 patriam
349 589 752 656 derelinquens,

171 686 336 760 (Vers.
369 682 479 755 l5.)
518 683 744 755 Peregre
789 685 1050 756 profectus
1079 693 1151 738 est
1183 683 1236 737 in
1266 682 1526 757 regionem
1559 681 1674 736 lon-

112 781 355 853 ginquam.

169 872 284 929 2M.
323 869 456 939 Quid
489 871 630 927 enim
669 870 1017 942 longinquius
1047 885 1206 939 quam
1240 885 1266 922 a
1296 884 1353 924 se
1385 868 1671 935 recedere;

112 984 196 1024 nec
224 963 544 1036 regionibus,
581 964 678 1019 sed
721 964 965 1020 moribus
997 965 1239 1034 separari
1269 981 1282 1018 :
1332 961 1529 1017 studiis
1559 961 1676 1016 dis-

111 1069 292 1114 cretum
317 1074 458 1122 esse,
505 1072 609 1111 non
641 1057 804 1112 terris
841 1074 857 1115 ξ
893 1067 946 1111 et
971 1055 1124 1128 quasi
1156 1055 1421 1112 interfuso
1451 1054 1679 1109 luxuriae

113 1153 359 1210 szecularis
384 1162 543 1219 :rstu,
568 1161 592 1188 ιι
623 1152 857 1207 divortia
883 1145 1092 1207 habere
1134 1153 1393 1206 factorum
1415 1150 1436 1203 ?
1462 1150 1674 1205 Etenim

114 1245 260 1316 quise
302 1261 328 1298 a
357 1243 577 1297 Christo
605 1254 842 1314 separat,
875 1243 1028 1298 exsul
1070 1254 1154 1298 est
1184 1242 1392 1311 patri-.e,
1427 1243 1567 1296 civis
1593 1250 1678 1296 est

117 1358 140 1393 ιι
162 1335 293 1392 undi.
325 1337 430 1390 Sed
457 1337 554 1390 rios
584 1354 686 1391 non
715 1354 895 1392 sumus
937 1337 1147 1392 advena:
1186 1349 1340 1407 atque
1395 1336 1675 1406 peregrini,

113 1431 187 1484 sed
211 1431 334 1484 cives
375 1446 553 1484 sumus
583 1440 903 1496 sanctorum,
938 1440 986 1484 et
1023 1430 1292 1483 domestici
1319 1426 1416 1484 Dei
1455 1427 1677 1498 (Ep/tes.

115 1523 303 1595 n,'l9);
336 1524 424 1594 qui
469 1524 616 1578 enirn
651 1539 870 1578 eramus
914 1523 1095 1593 longe,
1127 1521 1254 1578 facti
1283 1539 1474 1578 sumus
1512 1538 1679 1593 prope

114 1622 152 1672 iu
192 1622 441 1690 sanguine
471 1619 682 1696 Christi
721 1620 909 1691 (lbid.,
945 1620 1056 1692 l3).
1091 1619 1208 1675 Non
1241 1619 1579 1675 invideamus
1608 1619 1677 1676 de

115 1713 368 1782 longinqua
401 1713 629 1782 regione
652 1714 1055 1778 remeantibus;
1090 1715 1213 1784 quia
1247 1722 1303 1770 et
1330 1729 1428 1768 nos
1467 1713 1670 1768 fuimus

115 1806 153 1858 in
198 1807 404 1872 regione
462 1799 781 1876 longinqua,
829 1807 969 1861 sicut
1015 1807 1202 1860 Esaias
1242 1808 1399 1860 docet
1437 1805 1672 1860 dicens:

1785 590 2014 662 (Philip.
2044 607 2122 655 tu,
2166 591 2280 661 l9).
2307 591 2437 659 Quis
2461 605 2642 646 autem
2674 593 2852 663 aptior
2880 589 3254 663 hujuscemodi
3285 595 3383 652 ho-

1783 685 2021 738 minibus
2051 684 2227 749 cibus,
2259 699 2421 753 quant
2450 684 2495 738 is
2529 685 2618 754 qm
2648 685 3052 756 siliquaa'modo
3084 687 3227 741 intus
3253 687 3368 744 ina-

1781 779 1886 840 nis.
1921 778 2050 833 foris
2086 778 2268 832 mollis
2294 791 2378 833 est
2409 797 2422 833 :
2466 794 2574 849 quo
2599 793 2796 849 corpus
2830 796 2935 835 non
2971 777 3240 849 reﬁcitur,
3282 782 3379 839 sed

1780 872 2055 942 impletur;
2083 882 2137 926 ut
2168 871 2226 926 fit
2249 873 2418 942 magis
2445 873 2622 943 oneri,
2655 889 2811 942 quam
2843 874 3007 929 usui?

1849 965 1977 1021 2l8.
2011 965 2040 1006 ι)
2084 965 2225 1021 Sunt
2266 965 2357 1035 qui
2407 979 2602 1036 porcos
2649 967 2918 1037 accipiant
2972 981 3074 1037 pro
3127 969 3381 1040 gregibus

1779 1057 2111 1124 dmmonum,
2149 1056 2372 1127 siliquas
2402 1073 2500 1128 pro
2529 1059 2656 1112 exili
2692 1059 2892 1114 virtute
2931 1060 3167 1114 inanimn
3203 1061 3380 1117 homi-

1781 1167 1942 1216 num,
2002 1164 2422 1230 sermonumque
2469 1149 2756 1219 iactantia,
2806 1151 2896 1221 qui
2937 1150 3072 1206 nihil
3122 1153 3383 1222 prodesse

1781 1255 2030 1315 possunt,
2064 1244 2210 1324 inani
2251 1243 2481 1315 quadam
2525 1241 2883 1315 philosophia:
2927 1245 3268 1313 scductione,
3327 1258 3382 1303 et

1781 1338 2013 1407 quodam
2073 1352 2276 1392 sonoro
2337 1336 2604 1391 facundiae
2655 1337 2842 1406 plausu
2901 1354 3152 1408 pompam
3208 1339 3382 1410 magis

1779 1446 1939 1500 quam
1991 1430 2276 1484 utilitatem
2320 1429 2558 1499 aliquam
2619 1429 3079 1486 demonstrantes.
3123 1431 3234 1487 Sed
3263 1433 3383 1489 hmo

1780 1521 2034 1577 diuturna
2066 1521 2460 1576 oblectamenta
2492 1536 2614 1576 esse
2643 1536 2749 1575 non
2776 1532 3025 1592 possunt;
3056 1535 3112 1578 et
3139 1523 3286 1587 ideo,

1851 1615 1978 1670 219.
2007 1613 2174 1669 Nemo
2204 1615 2282 1668 illi
2313 1613 2499 1678 dabat;
2531 1623 2647 1668 erat
2670 1597 2913 1668 cuim“in
2946 1614 3168 1685 regione
3215 1613 3383 1681 illius,

1781 1706 1873 1778 qui
1905 1706 2176 1762 neminem
2208 1706 2410 1769 habet;
2443 1707 2565 1775 quia
2597 1719 2694 1759 eos
2731 1705 2821 1774 qui
2859 1714 3009 1769 sunt,
3051 1721 3157 1760 non
3195 1704 3379 1761 habet.

1781 1804 1982 1855 Omnes
2033 1801 2230 1870 quippe
2269 1809 2461 1868 gentes
2517 1799 2568 1852 in
2607 1796 2776 1852 nihilo
2821 1798 3160 1852 aestimantur
3205 1795 3379 1869 (Esai.

118 1894 295 1968 1563
340 1893 444 1964 Qui
495 1897 742 1952 sedebant
791 1898 844 1952 in
872 1899 1081 1969 regione
1113 1897 1304 1952 umbra:
1344 1898 1543 1962 mortis,
1587 1899 1678 1951 tua;
1706 1893 1753 1956 B
1784 1909 1874 1959 XL,
1908 1889 1996 1962 15)
2032 1909 2044 1945 :
2080 1892 2228 1945 solus
2250 1901 2429 1946 autem
2463 1890 2608 1945 Deus
2631 1899 2714 1945 est
2738 1890 2830 1960 qui
2855 1888 3381 1955 viviticatmortuos,

114 2000 203 2043 Orta
226 2001 290 2043 est
319 1989 418 2044 illis
444 1989 626 2060 (Esai.
658 2006 730 2056 ιχ,
757 1990 835 2061 2).
864 1991 1034 2062 [legio
1055 2006 1185 2062 ergo
1217 1991 1528 2062 longinqua,
1560 2005 1679 2045 um-

117 2082 190 2136 bra
215 2092 288 2138 est
317 2084 506 2138 mortis
536 2103 550 2138 :
589 2100 687 2139 nos
714 2095 920 2151 autem,
955 2084 1152 2156 quibus
1183 2085 1406 2155 spiritus
1433 2092 1559 2139 ante
1597 2084 1676 2137 fa-

113 2175 224 2229 ciem
267 2173 514 2231 Christus
574 2189 658 2232 est
718 2177 1019 2243 Dominus,
1073 2179 1124 2232 in
1179 2178 1369 2232 umbra
1443 2177 1679 2233 vivimus

114 2264 300 2322 Christi.
337 2269 396 2323 Et
424 2269 550 2324 ideo
595 2270 728 2325 dicit
759 2269 1004 2326 Ecclesia
1037 2289 1049 2324 :
1093 2269 1159 2325 In
1188 2271 1369 2325 umbra
1411 2275 1524 2344 ejus
1553 2274 1678 2325 con-

116 2361 272 2425 cupiui,
299 2371 342 2416 et
372 2357 479 2415 sedi
508 2360 688 2432 (Cant.
724 2378 785 2426 II,
829 2360 910 2433 '5).
949 2362 1046 2417 Ille
1074 2364 1235 2434 igitur
1260 2363 1489 2418 vivendo
1522 2363 1680 2418 luxu-

118 2452 234 2506 riose
257 2455 593 2526 consumpsit
624 2454 806 2508 omnia
826 2467 1150 2509 ornamenta
1178 2467 1404 2510 naturae.
1440 2454 1594 2511 Unde
1625 2464 1682 2510 tu

117 2548 185 2610 qui
205 2547 442 2617 accepisti
490 2549 792 2619 imaginem
858 2549 978 2614 Dei,
1032 2551 1122 2618 qui
1164 2549 1332 2604 habes
1369 2549 1682 2604 similitudi-

117 2652 212 2690 nent
237 2639 363 2708 ejus,
387 2639 497 2695 noli
519 2656 648 2696 eam
681 2641 1040 2696 irrationabili
1073 2641 1316 2697 fceditate
1335 2657 1680 2697 consumere.

116 2726 234 2796 Opus
273 2723 356 2786 Dei
392 2748 472 2798 es,
519 2729 643 2787 noli
690 2731 836 2802 ligno
877 2732 1106 2788 dicere:
1141 2733 1300 2788 Pater
1347 2751 1488 2788 meus
1534 2752 1588 2790 es
1628 2747 1684 2790 tu

118 2817 298 2889 (larem.
330 2839 384 2886 tt,
418 2823 544 2893 27);
590 2841 657 2878 ne
679 2823 913 2894 accipias
947 2824 1357 2880 similitudinem
1391 2824 1684 2896 ligni;quia

117 2914 336 2984 scriptum
367 2927 446 2971 est
477 2934 489 2970 :
523 2913 746 2974 Similes
772 2916 898 2986 ﬁant
927 2917 1052 2982 illis,
1083 2919 1169 2989 qui
1196 2917 1390 2988 faciunt
1422 2935 1481 2973 ea
1507 2917 1680 2990 (I’sal.

117 3021 234 3073 cxut,
263 3008 334 3080 8).

174 3095 332 3170 (Vers.
366 3101 478 3175 1-1.)
511 3101 690 3157 Facta
719 3113 794 3158 est
824 3108 983 3174 [antes
1015 3122 1106 3175 per
1135 3107 1397 3177 regionem
1423 3105 1587 3159 illaut.

171 3192 279 3246 2l5.
312 3195 498 3252 Fames
533 3213 652 3252 non
685 3199 994 3267 epularum,
1030 3197 1124 3254 sed
1157 3195 1423 3254 bonorum
1458 3214 1686 3269 operum

1783 1985 1851 2040 Et
1906 1996 2048 2040 vocat
2085 2001 2200 2056 qua:
2239 2001 2340 2038 non
2379 1995 2525 2051 sunt,
2565 1995 2825 2055 tamquam
2868 1998 2980 2054 qua:
3028 1992 3148 2038 sunt
3187 1983 3378 2054 (llam.

1784 2097 1857 2148 tv,
1895 2078 2012 2150 17

1855 2176 2034 2245 (Vers.
2065 2174 2180 2246 17.)
2213 2172 2279 2228 1η
2305 2191 2358 2228 se
2388 2183 2558 2228 autem
2588 2188 2818 2227 reversus
2841 2172 2970 2226 dixit
3002 2187 3020 2226 :
3049 2170 3267 2239 Quantis
3292 2186 3387 2242 pas

1786 2271 1933 2346 nibus
1964 2270 2262 2324 mercenarii
2295 2269 2456 2339 patris
2478 2268 2574 2321 mei
2599 2267 2894 2321 abundant!

1856 2365 1980 2420 220.
2027 2366 2172 2420 Bene
2203 2365 2254 2418 in
2277 2378 2336 2418 sc
2355 2363 2667 2428 revertitur,
2698 2363 2842 2431 quia
2866 2376 2926 2416 se
2957 2363 3210 2417 recessit.
3247 2361 3376 2415 Ete-

1788 2459 1896 2513 nim
1957 2460 2047 2528 qni
2098 2458 2163 2510 ad
2204 2457 2490 2517 Dominum
2531 2455 2854 2524 regreditur,
2902 2469 2962 2509 se
3005 2455 3106 2509 sibi
3159 2453 3381 2508 reddit:

1793 2549 2004 2623 1464
2030 2558 2085 2605 et
2107 2550 2196 2620 qui
2222 2548 2428 2605 recedit
2452 2563 2482 2602 a
2510 2547 2752 2614 Christo,
2775 2561 2832 2602 se
2857 2547 2958 2602 sibi
2987 2546 3223 2601 abdicat.
3248 2545 3389 2601 Mer-

1789 2645 1991 2699 ceuarii
2032 2654 2211 2697 autem
2255 2642 2346 2718 qui
2383 2651 2530 2707 sunt,
2565 2641 2666 2696 nisi
2702 2642 2790 2710 qui
2823 2639 2889 2694 ad
2932 2639 3235 2695 mercedem
3270 2654 3389 2694 ser-

1787 2737 1962 2800 viunt,
2010 2736 2099 2805 qui
2139 2745 2264 2790 sunt
2307 2749 2376 2789 ex
2419 2733 2607 2799 Israel,
2651 2749 2774 2802 non_
2809 2733 2860 2786 id
2892 2731 3035 2801 quod
3063 2732 3263 2787 bonum
3303 2739 3390 2787 est

1790 2829 2074 2902 probitatis
2124 2828 2303 2883 studio
2353 2837 2764 2897 persequentes,
2812 2841 2914 2881 nec
2940 2825 3154 2880 virtutis
3185 2830 3383 2894 gratia,

1789 2923 1885 2978 sed
1920 2923 2168 2978 utilitatis
2216 2921 2394 2977 studio
2443 2917 2766 2991 provocati?
2807 2919 2877 2974 At
2926 2933 3057 2974 vero
3106 2918 3249 2972 filius
3294 2917 3388 2988 qui

1793 3018 1955 3072 habet
1985 3015 2219 3086 Spiritus
2242 3015 2414 3069 sancti
2441 3013 2632 3084 pignus
2662 3014 2712 3067 in
2741 3012 2928 3078 corde,
2957 3011 3234 3066 saecularis
3251 3025 3394 3064 mero

1791 3111 1941 3165 cedis
1966 3119 1988 3147 °
2021 3109 2212 3163 lucella
2243 3121 2346 3162 non
2376 3107 2590 3176 quterit,
2625 3104 2818 3174 quibus
2847 3103 3070 3158 serviat.
3123 3100 3382 3157 [heredes

1793 3213 1918 3256 sunt
1968 3198 2128 3256 ctiam
2177 3199 2496 3254 mercenarii
2527 3198 2615 3268 qui
2651 3196 3029 3252 conducuntur
3055 3193 3121 3248 ad
3149 3194 3383 3248 vineam.

119 3291 250 3354 atque
279 3288 552 3356 virtutum,
589 3305 711 3359 qua:
735 3298 864 3345 sunt
895 3289 1291 3346 miserabiliora
1311 3291 1538 3362 jejunia.
1562 3289 1689 3346 Ete—
1716 3285 1762 3348 C
1795 3295 1978 3348 Bonus
2021 3292 2388 3346 mercenarius
2431 3291 2644 3355 l‘etrus,
2677 3288 2939 3354 Joannes,
2979 3287 3234 3352 Jacobus,
3265 3287 3390 3357 qui-

121 3375 206 3429 niin
233 3379 314 3448 qui
340 3382 539 3436 recedit
570 3397 604 3434 a
631 3379 797 3436 verbo
825 3382 942 3447 Dei,
975 3385 1182 3438 esurit:
1219 3383 1351 3451 Quia
1382 3402 1480 3438 non
1509 3387 1561 3439 in
1579 3387 1688 3441 solo

121 3486 226 3534 pane
245 3473 352 3528 vivit
375 3477 546 3537 homo,
588 3471 680 3528 sed
708 3477 760 3528 in
793 3477 929 3530 omni
954 3477 1105 3531 verbo
1137 3475 1237 3532 Dei
1266 3477 1478 3548 (Matth.
1505 3489 1577 3545 tv,
1608 3477 1685 3542 ll).

121 3562 200 3628 Qui
250 3568 441 3621 recedit
477 3585 506 3622 a
532 3563 712 3633 fonte,
750 3562 858 3623 sitit
891 3588 902 3622 :
941 3567 1034 3640 qui
1074 3570 1279 3624 recedit
1319 3587 1347 3624 a
1397 3571 1686 3640 thesauro,

121 3665 217 3723 eget
247 3673 259 3710 :
289 3658 372 3728 qui
405 3653 616 3715 recedit
645 3675 673 3713 a
703 3659 990 3730 sapientia,
1039 3649 1322 3717 hebetatur
1362 3682 1375 3717 :
1407 3664 1498 3731 qui
1541 3679 1691 3718 rece-

122 3743 215 3798 dita
232 3747 436 3814 virtute,
451 3747 800 3804 dissolvitur.
821 3747 1014 3806 Merito
1033 3767 1164 3822 ergo
1185 3754 1286 3808 iste
1311 3767 1474 3824 egere
1499 3756 1689 3822 C(Bpil,

91 3838 222 3904 .quia
279 3840 554 3897 thesauros
610 3843 892 3912 sapientia:
957 3853 1012 3898 et
1067 3843 1308 3899 scientia:
1367 3845 1486 3912 Dei,
1547 3846 1688 3900 divi-

126 3932 390 4014 tiarumque
434 3938 752 3993 cmlestium
784 3937 1127 3993 altitudinem
1176 3940 1486 4012 dereliquit.
1515 3939 1691 4010 Egere

129 4038 234 4090 ergo
258 4029 371 4085 ideo
406 4032 598 4101 cmpit,
624 4044 672 4085 et
709 4031 908 4087 famem
943 4034 1076 4103 pati,
1121 4034 1248 4104 quia
1283 4035 1419 4090 nihil
1451 4036 1690 4106 prodigas

125 4121 231 4174 satis
257 4133 333 4178 est
367 4127 658 4196 Voluptati.
693 4127 922 4196 Semper
970 4123 1171 4184 famem
1213 4130 1414 4200 patitur
1444 4133 1551 4196 sui,
1597 4130 1690 4202 qui

127 4209 362 4270 alimentis
391 4221 673 4287 perpetuis
696 4218 874 4272 nescit
902 4218 1136 4290 impleri.

184 4301 344 4373 (Vers.
373 4307 488 4380 15.)
515 4307 653 4363 Abiit
677 4310 868 4380 itaque,
893 4321 939 4364 et
962 4309 1183 4365 adhwsit
1212 4291 1302 4366 uni
1333 4311 1540 4366 civium.

181 4395 294 4454 216.
341 4393 438 4470 Qui
480 4404 630 4458 enim
669 4404 859 4469 lueret,
887 4405 939 4458 in
972 4397 1169 4475 laqueo
1199 4415 1300 4461 est.
1357 4407 1425 4460 Et
1478 4406 1690 4463 videtur

127 4487 236 4544 civis
276 4481 370 4549 iste
417 4498 671 4568 princeps
717 4514 838 4554 esse
877 4499 1033 4554 istius
1074 4501 1282 4557 mundi.
1325 4501 1569 4573 Denique
1620 4504 1687 4558 ad

129 4573 278 4638 villam
333 4587 442 4657 ejus
495 4591 730 4646 mittitur
789 4607 949 4662 quam
1003 4591 1170 4661 emit,
1226 4594 1317 4664 qui
1373 4605 1606 4651 excusat
1655 4613 1684 4652 a

1795 3389 1894 3443 bus
1922 3387 2119 3442 dicitur
2145 3405 2157 3440 :
2203 3385 2460 3449 Venite,et
2491 3386 2681 3455 faciant
2713 3400 2796 3437 vos
2821 3385 3101 3452 piscatores
3128 3381 3392 3434 hominum

1795 3481 2012 3554 (Matth.
2043 3496 2114 3546 tv,
2142 3478 2254 3548 19).
2287 3479 2378 3534 Isti
2423 3494 2528 3532 non
2569 3476 2804 3546 siliquis,
2828 3475 2924 3529 sed
2961 3474 3188 3543 panibus
3214 3472 3389 3526 abun-

1793 3575 1944 3629 dant.
1984 3575 2224 3643 Denique
2265 3573 2603 3643 collegerunt
2655 3571 3082 3639 fragmentorum
3125 3566 3392 3636 cophinos

1793 3668 2075 3724 duodecim
2103 3665 2318 3740 (Matth.
2361 3682 2472 3731 xlv,
2499 3663 2612 3734 20).
2640 3664 2684 3718 0
2711 3663 2940 3717 Domine
2969 3660 3121 3734 Jesu,
3160 3660 3204 3714 si
3236 3659 3392 3714 nobis

1794 3763 2007 3817 auferas
2043 3762 2290 3830 siliquas,
2323 3768 2380 3814 et
2405 3774 2570 3829 panes
2600 3758 2838 3812 tribuas!
2883 3756 2962 3811 Tu
2996 3755 3140 3809 enim
3171 3753 3393 3822 dispen-

1793 3865 1940 3908 sator
1968 3855 2017 3906 in
2047 3853 2208 3905 domo
2237 3867 2297 3906 es
2326 3851 2521 3904 Patris.
2555 3849 2598 3903 0
2625 3850 2667 3902 si
2704 3863 2803 3902 nos
2843 3862 3061 3918 quoque
3108 3859 3394 3900 mercena-

1795 3949 1910 4009 rios,
1955 3944 2195 4014 digneris
2234 3944 2564 4007 cooducere,
2596 3941 2719 3996 licet
2753 3956 2879 4003 sero
2907 3940 3223 3994 venientes!
3258 3937 3392 3992 Nam

1793 4051 1846 4097 et
1871 4039 2156 4094 undecima
2184 4037 2443 4093 conducis
2481 4036 2611 4090 hora
2646 4034 2861 4107 (Matth.
2891 4050 2984 4101 xx,
3012 4033 3092 4099 9),
3123 4041 3179 4087 et
3205 4047 3392 4102 requa-

1795 4134 1898 4187 lem
1928 4132 2166 4202 dignaris
2195 4131 2504 4187 mercedem
2533 4129 2769 4190 solvere,
2795 4128 3058 4198 mqualem
3085 4125 3392 4180 tnercedem

1793 4227 1939 4294 vitae,
1973 4241 2082 4280 non
2110 4225 2331 4296 gloriae;
2377 4239 2552 4294 neque
2581 4224 2728 4278 enim
2769 4222 3022 4278 omnibus
3048 4222 3290 4292 reposita
3315 4229 3399 4276 est

1794 4335 1996 4375 corona
2018 4320 2263 4390 justitiae,
2307 4319 2402 4374 sed
2434 4319 2483 4374 ei
2507 4318 2596 4389 qui
2623 4325 2802 4388 potest
2841 4317 3029 4372 dicere
3062 4333 3074 4370 :
3125 4314 3399 4370 Certamen

1792 4414 1980 4469 bonum
2008 4412 2196 4467 certavi
2220 4412 2308 4483 (II.
2334 4411 2471 4466 Tim.
2505 4427 2579 4476 tv,
2616 4409 2696 4480 7.)

1863 4505 1991 4559 221.
2024 4505 2176 4572 Quod
2228 4503 2350 4558 ideo
2395 4518 2500 4558 non
2535 4489 3065 4573 prietermittendum
3096 4497 3399 4553 arbitratus

1793 4612 1932 4662 sum,
1961 4600 2083 4667 quia
2117 4596 2230 4651 scio
2257 4595 2519 4664 quosdam
2577 4593 2763 4647 dicere
2813 4591 2957 4662 quod
2989 4587 3017 4625 ἀ
3049 4588 3118 4644 ad
3167 4597 3400 4644 mortem

129 4685 288 4744 regno.
337 4673 398 4733 lit
444 4684 620 4751 pascit
650 4699 893 4754 porcos:
940 4683 1062 4738 illos
1108 4686 1294 4756 utique
1345 4687 1396 4741 in
1428 4703 1562 4758 quos
1603 4669 1899 4760 pe-Dsihi
1958 4689 2157 4745 lavacri
2210 4689 2439 4760 gratiam
2467 4730 2480 4754 ,
2540 4687 2624 4742 vel
2677 4684 3053 4757 paenitentiam
3087 4691 3396 4738 reservent.

132 4765 181 4817 tit
203 4768 434 4827 diabolus
464 4776 712 4843 introire,
747 4793 884 4848 quos
917 4779 1222 4850 praecipitat
1261 4781 1312 4836 in
1347 4797 1499 4838 mare
1534 4784 1692 4840 istius

132 4861 312 4927 mundi,
334 4866 386 4919 in
417 4867 666 4925 sordibus
696 4885 758 4924 ac
783 4867 956 4927 fetore
977 4875 1245 4928 viventes.

188 4952 350 5025 (Vers.
378 4957 488 5029 16.)
515 4957 583 5014 Ει
613 4963 866 5034 cupiebat,
897 4959 1092 5036 inquit,
1118 4965 1324 5036 siliquis
1347 4967 1560 5038 implere
1576 4986 1693 5026 ven-

137 5053 240 5100 trem
265 5067 426 5106 suum.

190 5138 301 5195 2l7.
345 5141 529 5216 Neque
572 5147 713 5203 enim
753 5149 856 5205 alia
909 5165 1039 5207 cura
1087 5161 1170 5207 est
1224 5153 1545 5226 luxuriosis,
1587 5161 1690 5217 nisi

136 5294 248 5365 mss.
285 5286 690 5365 subintelligere
715 5300 1013 5365 poterunt,
1067 5295 1492 5365 impedimentum
1535 5302 1690 5356 sensit

134 5355 299 5437 atatis,
329 5359 406 5412 vel
447 5355 817 5437 quidsimile;
848 5364 948 5437 nisi
999 5355 1099 5434 pro
1125 5355 1482 5437 derelinquens
1533 5355 1690 5428 malis

133 5432 673 5561 figurarecentioribus
714 5432 1035 5504 quihusdam
1083 5451 1216 5492 mss.
1265 5432 1486 5509 legere,
1543 5443 1689 5498 dere-

154 5509 286 5550 101111.

197 5572 222 5639 θ
257 5567 403 5639 item.
431 5572 562 5628 edit.
596 5576 728 5639 sola,
763 5575 986 5629 divortia
1014 5576 1199 5631 habere
1219 5591 1531 5638 sanctorum.

166 5629 223 5713 _"
243 5635 369 5718 ἔδει.
405 5629 664 5712 plerique,
697 5629 834 5700 Sunt
859 5648 944 5714 qui
981 5629 1196 5718 siliquas
1220 5629 1692 5713 i2~3iiiiiii"verba

137 5708 417 5796 significent,
443 5708 806 5796 porcos,etc.,
862 5708 966 5772 Alii
997 5731 1047 5773 et
1071 5708 1259 5777 omnes
1283 5725 1411 5780 edit.
1441 5708 1691 5796 Sunt

137 5791 318 5869 ﬂff‘”.
345 5798 443 5869 ett}.
479 5791 697 5869 Melius;
764 5809 927 5869 voces
954 5799 1096 5851 enim
1146 5805 1266 5869 qua:
1299 5800 1349 5854 in
1401 5799 1495 5856 his
1531 5791 1692 5858 omit-

141 5858 326 5924 tuntur,
367 5863 520 5938 plane
545 5858 790 5930 redolent
811 5858 1326 5946 interpolationemg
1358 5873 1595 5950 ipsaeque
1631 5871 1688 5935 in

1801 4786 2036 4841 Primum
2067 4783 2158 4854 qui
2188 4782 2296 4837 scis
2326 4797 2390 4836 an
2425 4790 2582 4838 nocte
2607 4780 2874 4850 proxima,
2909 4789 2996 4832 tua
3051 4791 3081 4830 a
3133 4785 3186 4830 te
3213 4774 3397 4830 anima
3477 4849 3484 4855 _

1798 4887 2123 4949 reposcatur
2144 4876 2166 4930 ?
2186 4869 2392 4930 Deinde
2419 4888 2518 4929 cur
2551 4872 2895 4942 putasotioso
2927 4867 3216 4924 tibiomnia
3241 4882 3400 4938 posse

1795 4971 1996 5027 deferri
2019 4976 2042 5024 Υ
2066 4971 2212 5044 Pone
2238 4985 2400 5024 unam
2429 4969 2679 5038 gratiam,
2715 4981 2875 5021 unam
2899 4979 3022 5022 esse
3055 4963 3396 5028 mercedem;

1797 5066 2072 5120 diversum
2129 5075 2314 5118 tamen
2360 5061 2607 5116 bravlum
2638 5059 2882 5114 victoriae
2917 5065 3032 5121 est,
3065 5055 3132 5112 ad
3163 5054 3306 5126 quod
3338 5069 3399 5110 so

1797 5177 1904 5216 non
1936 5159 2133 5215 frustra
2162 5157 2362 5215 Paulus
2383 5155 2649 5220 extendit,
2678 5153 2768 5225 qui
2796 5162 2918 5224 post
2945 5150 3253 5206 mercedem
3273 5165 3400 5220 gra-

1795 5310 1999 5358 textum
2050 5304 2081 5351 e
2137 5294 2382 5363 margine
2427 5294 2495 5347 ab
2525 5291 2776 5361 imperito
2817 5288 3084 5358 scriptore
3115 5286 3398 5341 transferri

1796 5372 1952 5427 facile
1976 5372 2291 5440 potuerunt.

1868 5456 1888 5482 ε
1931 5429 2006 5496 ne.
2035 5455 2128 5493 sex
2164 5452 2293 5490 mss.
2329 5434 2571 5490 melioris
2599 5441 2760 5487 notae.
2789 5431 2913 5493 Alii,
2940 5439 2995 5484 et
3021 5443 3210 5484 omnes
3235 5429 3392 5495 edit.,

1792 5513 1979 5570 lucello
2007 5508 2254 5570 (Amerl).
2289 5515 2340 5561 et
2367 5505 2701 5576 paueintss”
2735 5502 3039 5576 buccellam)
3059 5515 3158 5576 non
3188 5504 3392 5570 quierit,

1791 5589 1912 5658 quia
1955 5587 2226 5658 iussarum
2261 5572 2497 5632 nmen.
2529 5575 2704 5630 Minus
2727 5573 3105 5640 contmodc,ut
3130 5572 3392 5628 lectorum

1797 5649 1956 5714 item"
1985 5649 2321 5708 diffitebitur.

1869 5729 1895 5768 ιι
1936 5723 2212 5796 Freque'hs
2253 5737 2315 5776 ac
2367 5717 2646 5776 familiaris
2692 5714 2794 5774 fuit
2822 5725 2902 5796 ~ea
2940 5713 3397 5796 qtterela‘s'atiotls

1798 5791 2074 5890 patribus,
2096 5819 2215 5890 qua:
2231 5803 2432 5858 utinam
2447 5805 2802 5890 australique
2821 5794 2872 5852 in
2889 5791 3206 5868 peanitentla
3223 5791 3396 5860 multo

1789 5871 2076 5955 iustiorem
2108 5871 2287 5946 locum
2310 5890 2419 5940 non
2445 5871 2756 5949 inveniret!
