3920 6334
459 316 602 377 1759

1800 311 2048 372 8ΑΝΟΤΙ
2084 308 2413 368 AMBROSII
2452 318 2453 323 ‘

3610 275 3643 362 ἰ
3653 306 3743 364 760

455 435 571 502 tite,
599 409 848 493 hravium
880 444 1059 492 tamen
1090 444 1148 491 ut
1185 431 1684 508 comprehenderet
1730 430 2059 503 sequebatur
2088 432 2139 493 Α
2235 425 2416 496 (Vers.
2452 423 2570 499 18.)
2610 422 2795 491 Pater,
2826 422 3024 494 inquit,
3055 419 3259 493 peccavi
3282 419 3340 475 in
3367 418 3583 487 caelum,
3610 428 3657 475 et
3671 435 3746 476 co-

459 524 685 599 (Pliilip.
719 543 888 584 xxxni
906 569 922 596 ,
955 526 1076 595 14);
1100 526 1226 598 quia
1255 525 1462 582 sciebat
1491 528 1593 581 etsi
1622 540 1718 595 par
1745 532 1892 579 esset
1919 537 2061 577 mer-

458 631 553 674 ces
581 620 796 690 grati-.e,
825 620 1058 689 palmam
1092 627 1273 674 tamen
1306 632 1429 675 esse
1456 632 1775 689 paucorum.

531 711 660 767 222.
705 711 770 766 Et
799 696 1055 782 quoniam
1086 712 1138 766 in
1171 711 1383 767 vineam
1418 711 1632 765 Domini
1662 711 1932 774 venimus,
1952 723 2061 763 non

457 804 612 858 vacui
646 802 967 859 recedamus
991 820 1006 858 :
1027 804 1180 873 juvat
1210 804 1354 859 enim
1388 802 1593 858 fructus
1618 801 1820 873 legere,
1852 815 2062 856 merce-

463 895 653 951 narios
681 895 803 965 ejus
829 896 1035 952 videre.
1069 895 1205 965 Quid
1229 896 1376 951 enim
1400 895 1501 950 sibi
1531 898 1646 949 vult
1674 893 1816 964 quod
1851 908 1954 948 una
1976 892 2065 949 die

461 984 697 1043 diversis
740 986 890 1043 horis
935 988 1320 1043 conducuntur
1367 987 1605 1058 operarii
1656 984 1874 1056 (Matth.
1907 1001 1999 1048 xx,
2035 984 2061 1038 1

464 1088 514 1136 et
545 1077 704 1148 seq.),
756 1081 859 1135 nisi
912 1080 1036 1152 quia
1081 1080 1226 1134 mille
1245 1080 1368 1134 anni
1388 1079 1445 1133 in
1475 1072 1643 1133 oculis
1666 1077 1905 1144 Domini,
1936 1078 2068 1131 sicut

463 1170 575 1227 dies
603 1170 842 1227 hesterna
897 1188 1013 1243 quae
1051 1172 1322 1244 prieteriit,
1367 1183 1415 1225 et
1463 1173 1591 1225 liora
1619 1170 1673 1224 in
1703 1180 1850 1224 nocte
1890 1166 2065 1240 (Psal.

468 1278 667 1319 sum
685 1303 702 1331 ,
728 1262 820 1336 t)?
840 1265 973 1331 Qum
1001 1277 1085 1321 est
1111 1281 1239 1331 nox,
1270 1266 1374 1320 nisi
1401 1280 1524 1337 qua:
1541 1264 1845 1335 praecessit,
1874 1274 1932 1317 ut
1953 1261 2072 1317 dies

468 1358 982 1431 appropinquaret?
1012 1361 1077 1415 Et
1122 1359 1261 1417 bene
1307 1360 1435 1414 liora
1476 1359 1529 1413 in
1564 1370 1727 1424 nocte,
1779 1358 1905 1429 quia
1936 1356 2075 1411 mille

467 1452 593 1507 anni
613 1452 744 1506 sicut
772 1453 882 1509 dies
908 1469 1012 1507 una
1036 1451 1106 1526 (ll
1131 1452 1248 1508 Pet.
1272 1468 1366 1519 ιιι,
1385 1450 1462 1523 8).
1489 1450 1774 1507 Novitvim
1789 1450 1897 1505 diei
1917 1449 2074 1519 hujus

469 1542 566 1600 ille
593 1544 686 1615 qui
719 1546 894 1599 dixit:
926 1543 1083 1600 Iesus
1112 1544 1347 1601 (.Itristus
1375 1544 1486 1599 heri
1513 1555 1561 1598 et
1582 1543 1757 1608 hodie,
1787 1544 1899 1613 ipse
1927 1552 2002 1596 est
2029 1550 2077 1595 et

471 1637 527 1692 in
544 1638 740 1693 swcula
768 1637 956 1711 (Hebr.
984 1655 1078 1694 xiii
1099 1681 1116 1706 ,
1141 1636 1220 1711 8).
1246 1638 1418 1694 Scivit
1438 1648 1492 1693 et
1511 1636 1602 1692 ille
1624 1637 1766 1692 diem
1789 1630 1910 1691 e'sse
1941 1634 2079 1689 mul-

470 1724 741 1800 tiplicem,
775 1730 864 1800 qui
914 1731 1129 1799 scripsit
1156 1746 1171 1784 :
1202 1737 1228 1766 α
1251 1727 1348 1782 Hic
1374 1730 1483 1783 dies
1512 1729 1862 1801 generationis
1884 1727 1996 1781 ωτιὶ
2030 1737 2077 1780 et

2162 537 2277 576 ram
2303 531 2368 576 te.

2233 614 2361 670 225.
2406 613 2535 669 Hmc
2564 623 2646 670 est
2680 612 2853 684 prima
2885 609 3161 667 confessio
3187 607 3329 679 apud
3359 615 3639 663 auctorem
3666 622 3751 664 na—

2165 715 2323 771 turas,
2357 705 2646 777 prtesnlem
2676 702 3067 759 misericordize
3093 743 3110 769 ,
3142 701 3405 756 arhitrum
3436 698 3629 769 culpae.
3659 699 3754 754 Sed

2166 803 2269 857 etsi
2296 800 2439 857 Deus
2468 799 2621 855 novit
2648 800 2830 853 omnia
2853 840 2867 865 ,
2898 796 2925 836 δ
2958 812 3148 851 voct-m
3180 805 3358 849 tamen
3404 801 3512 848 tua:
3558 795 3757 849 contes-

2169 892 2342 949 sionis
2382 900 2682 964 exspectat.
2733 889 2838 945 Ore
2875 890 3007 945 enim
3047 889 3303 960 confessio
3353 889 3412 955 ﬁt
3442 885 3512 941 ad
3555 887 3757 940 salutent

2173 984 2350 1058 (Rom.
2384 1000 2438 1051 κ,
2462 984 2590 1051 10);
2621 984 2743 1053 quia
2789 983 2986 1037 allevat
3018 982 3227 1050 pondus
3257 980 3500 1045 erroris,
3532 978 3759 1050 quisquis

2172 1071 2377 1148 ipsese
2407 1086 2635 1141 onerat;
2687 1083 2743 1131 et
2787 1074 3153 1129 accusationis
3196 1072 3439 1128 excludit
3482 1071 3759 1138 invidiam,

2173 1171 2263 1242 qui
2305 1177 2680 1225 accus:itorem
2715 1171 2981 1240 praevenit.
3021 1166 3335 1223 conﬁtendo
3369 1182 3389 1221 :
3416 1158 3603 1220 Justus
3644 1166 3763 1220 enim

2174 1265 2227 1318 in
2256 1263 2546 1333 primordio
2571 1265 2827 1317 sermonis
2857 1275 3130 1317 accusator
3179 1270 3254 1315 est
3284 1261 3364 1316 sui
3393 1259 3583 1327 (Prov.
3609 1274 3763 1327 XVIII,

2178 1355 2288 1424 17).
2322 1354 2547 1409 Frustra
2588 1364 2768 1409 autem
2801 1352 2934 1409 velis
2972 1352 3253 1408 occultare
3274 1392 3289 1418 ,
3319 1367 3485 1422 quem
3515 1349 3648 1405 nihil
3677 1350 3765 1404 fal-

2178 1448 2283 1512 lat;
2313 1458 2368 1503 et
2398 1448 2516 1502 sine
2548 1447 2786 1517 periculo
2811 1444 3033 1516 prodas,
3064 1444 3208 1514 quod
3237 1444 3377 1498 scias
3404 1458 3528 1498 esse
3545 1445 3653 1512 jam
3682 1457 3765 1498 co-

2178 1538 2408 1611 gnitum.
2434 1532 2710 1593 Conﬁtere
2743 1540 2936 1607 magis,
2962 1546 3019 1590 ut
3047 1535 3374 1591 interveniat
3405 1549 3506 1604 pro
3537 1545 3590 1588 te
3624 1533 3767 1588 Chri-

2180 1644 2317 1701 stus,
2347 1647 2507 1703 quem
2536 1631 2858 1686 advocatum
2887 1628 3148 1685 habemus
3174 1627 3315 1698 apud
3349 1627 3605 1692 Patrem;
3635 1634 3771 1698 roget

2184 1743 2281 1795 pro
2310 1737 2361 1780 te
2402 1724 2669 1789 Ecclesia,
2705 1733 2760 1780 et
2802 1722 3109 1794 illacrymet
3137 1721 3391 1791 populus.
3425 1718 3536 1774 Nec
3564 1732 3770 1774 vereare

477 1831 648 1887 terrae,
673 1839 789 1878 cum
824 1827 965 1896 facta
1010 1833 1165 1890 sunt;
1211 1838 1312 1892 qua
1338 1823 1421 1876 die
1450 1824 1570 1891 fecit
1603 1821 1741 1877 Deus
1789 1822 1972 1876 caelum
2029 1829 2076 1875 ct
2108 1829 2157 1890 Β
2186 1838 2252 1876 ne
2273 1836 2378 1876 non
2411 1821 2693 1890 impetres.
2724 1817 3038 1873 Advocatus
3068 1816 3305 1887 spondet
3333 1813 3580 1879 veniam,
3609 1822 3773 1883 patro-

477 1923 667 1970 terram
692 1959 707 1983 ,
756 1924 807 1969 et
855 1932 1005 1971 omne
1030 1916 1192 1971 viride
1219 1916 1334 1987 agri
1363 1913 1521 1985 (Gen.
1550 1931 1621 1987 ιι,
1655 1913 1734 1988 4).
1766 1912 1900 1969 Cum
1930 1913 2076 1969 enim

478 2020 642 2076 supra
661 2016 869 2077 septem
885 2008 1266 2078 descripsisset
1280 2008 1631 2077 dies,,postea
1657 2025 1763 2063 uno
1785 2007 1874 2064 die
1896 2009 2079 2063 omnia

478 2097 620 2154 iacta
650 2102 970 2169 complexus
991 2111 1093 2164 est,
1125 2109 1296 2155 totum
1328 2103 1515 2157 mundi
1547 2114 1760 2173 tempus
1789 2102 2082 2158 ostendens

482 2191 538 2248 in
572 2202 867 2261 conSpectu
902 2193 1112 2248 Domini
1141 2202 1414 2264 tamquam
1446 2194 1590 2249 diem
1624 2211 1820 2260 unum;
1851 2210 1918 2250 eo
1939 2194 2083 2266 quod

482 2299 548 2342 ex
578 2285 954 2355 incompositis
981 2296 1142 2357 atque
1156 2288 1477 2347 tenebrosis
1494 2286 1667 2341 forma
1698 2286 1856 2341 istius
1874 2286 2082 2354 mundi,

482 2378 653 2435 divini
684 2380 864 2450 operis
887 2379 1136 2436 claritate
1160 2380 1509 2451 processerit.
1536 2381 1678 2452 Ergo
1700 2382 1744 2436 si
1766 2380 1884 2436 dies
1913 2390 2085 2437 totum

485 2483 702 2545 tempus
732 2485 816 2532 est
846 2474 1066 2543 mundi,
1114 2474 1280 2531 habet
1333 2475 1519 2547 utique
1561 2478 1725 2532 etiam
1774 2476 1828 2530 in
1872 2474 2088 2530 saeculis

485 2567 654 2624 horas
685 2584 813 2624 suas
837 2587 850 2623 :
882 2580 977 2624 aut
1003 2570 1119 2639 ipsa
1148 2570 1345 2625 saecula
1369 2568 1519 2625 horte
1539 2577 1690 2624 sunt.
1720 2567 1880 2623 Horae
1907 2577 2086 2623 autem

491 2662 601 2718 diei
651 2661 940 2718 duodecim
985 2672 1144 2728 sunt;
1193 2663 1339 2717 unde
1368 2663 1507 2717 hene
1557 2661 1611 2716 in
1666 2661 1927 2734 mysterio
1973 2661 2092 2716 dies

483 2752 765 2821 Christus,
813 2754 970 2826 cujus
999 2754 1233 2825 apostoli
1277 2753 1590 2819 duodecim,
1633 2753 1727 2826 qui
1760 2754 1969 2809 caelesti
2004 2752 2090 2808 lu-

492 2850 641 2904 mine
668 2848 944 2903 distinctis
977 2849 1032 2903 iti
1056 2863 1115 2903 sc
1142 2853 1331 2920 gratia:
1360 2848 1574 2903 vicibus
1601 2847 1954 2902 refulserunt.

565 2939 694 2995 223.
738 2939 902 2995 Venit
922 2956 1056 3011 ergo
1087 2942 1475 3011 paterfamilias
1504 2951 1558 2997 et
1579 2944 1751 3011 prima
1785 2940 1919 2996 hora
1963 2954 2097 2996 con-

414 3070 421 3075 ι
492 3031 649 3088 duxit
675 3032 990 3104 operarios,
1017 3033 1265 3088 fortassis
1294 3048 1391 3087 eos
1421 3037 1511 3103 qui
1543 3050 1571 3087 a
1603 3035 1868 3104 principio
1912 3031 2094 3087 mundi

494 3141 667 3195 usque
696 3126 762 3180 ad
793 3125 1057 3180 diluvium
1085 3125 1216 3195 justi
1249 3139 1369 3179 esse
1399 3134 1743 3188 meruerunt,
1791 3122 2002 3196 1465
2030 3125 2097 3178 de

496 3222 694 3291 quibus
722 3220 800 3274 ait
826 3237 842 3274 ι
874 3218 940 3273 Et
968 3219 1169 3273 locutus
1195 3235 1306 3273 sum
1335 3219 1403 3272 ad
1430 3234 1515 3272 vos
1542 3228 1660 3272 ante
1689 3220 1853 3272 lucent
1873 3233 1892 3271 :
1914 3229 1958 3270 et
1983 3217 2100 3287 misi
2128 3219 2174 3283 C

493 3316 563 3370 ad
582 3330 669 3368 vos
695 3331 867 3368 servos
904 3329 1042 3367 meos
1074 3310 1352 3383 prapltctas
1378 3322 1497 3366 ante
1538 3312 1699 3366 lucem
1730 3309 1973 3380 (Jereni.,
2006 3324 2100 3373 vti,

493 3405 612 3476 25).
641 3405 822 3460 Tertia
850 3414 974 3476 post
1004 3403 1270 3459 diluvium
1300 3404 1511 3475 incipit,
1534 3402 1648 3458 Noe
1674 3414 2105 3472 czeterorumque

497 3506 745 3566 tempora
771 3496 1282 3567 eompreliendens.
1313 3498 1403 3568 qui
1425 3497 1579 3567 quasi
1609 3496 1738 3552 boni
1784 3495 2020 3567 operarii
2051 3496 2102 3551 in

496 3589 710 3647 vineam
736 3588 1117 3654 destinantur;
1164 3589 1288 3643 ideo
1317 3589 1472 3660 quasi
1497 3587 1553 3643 in
1597 3588 1826 3660 prandio
1864 3588 2099 3643 inebria-

499 3693 586 3738 tus
616 3691 701 3738 est
726 3682 860 3738 Noe.
880 3682 1046 3739 Sexta
1062 3691 1117 3737 et
1143 3682 1643 3753 reliqntcAbrahm,
1668 3682 1839 3747 lsaac,
1874 3682 2107 3737 ctJacob

500 3774 930 3845 patriarcharum
960 3776 1153 3830 merita
1185 3775 1541 3847 distinguunt.
1585 3774 1761 3843 Nona,
1810 3775 2108 3831 inclinante

497 3870 609 3942 jam
633 3872 873 3937 smeulo,
923 3878 979 3927 et
1023 3882 1295 3942 tamquam
1344 3874 1674 3944 pallescente
1722 3874 1844 3929 luce
1871 3873 2105 3940 virtutis,

501 3962 614 4019 Lex
631 3970 688 4018 et
717 3962 1007 4033 PrOprlm
1034 3963 1321 4021 decolores
1353 3980 1535 4021 mores
1573 3965 1856 4021 hominum
1889 3973 2112 4020 notave-

505 4066 651 4112 runt.
681 4055 1056 4123 Undecimam,
1088 4068 1142 4113 et
1168 4059 1311 4129 quod
1342 4070 1592 4129 superest
1622 4061 1763 4123 diei,
1793 4075 1951 4115 sacer
1978 4074 2109 4129 pro-

506 4149 657 4204 ducit
685 4150 971 4205 adventus.
1024 4150 1181 4206 Unde
1228 4164 1283 4206 et
1328 4153 1444 4221 ipse
1493 4153 1546 4206 in
1599 4145 1892 4224 Evangelio
1935 4153 2107 4209 dicit:

504 4239 778 4295 Ambulute
798 4241 920 4293 dum
950 4240 1120 4295 iumen
1143 4240 1339 4296 habetis
1368 4238 1549 4310 (Joan.
1583 4257 1688 4309 ιιι,
1717 4243 1833 4312 55.)

576 4332 705 4388 224.
747 4333 854 4390 Sed
878 4336 988 4402 jam
1019 4334 1304 4389 redeamus
1332 4335 1398 4389 ad
1430 4335 1686 4402 Patrem;
1720 4336 1849 4391 licet
1879 4352 1986 4391 non
2021 4352 2117 4391 ve-

513 4444 642 4485 rear
669 4444 739 4484 ne
764 4428 925 4484 istius
950 4427 1324 4501 pmoitentiam
1357 4432 1597 4501 gerentis
1627 4429 1881 4500 exemplo
1905 4429 1998 4485 diu
2021 4430 2116 4485 ab-

512 4522 683 4578 fuisse
714 4523 999 4578 videamur
1032 4524 1348 4597 (numquam
1372 4524 1517 4579 enim
1548 4524 1841 4590 abfuimns,
1871 4526 1961 4596 qui
1994 4539 2117 4578 ver-

2182 1928 2284 1968 nus
2327 1912 2593 1983 promittit
2637 1912 2901 1981 gratiam,
2947 1912 2970 1940 °
3022 1905 3530 1964 reconciliationem
3562 1906 3653 1960 tibi
3690 1918 3773 1975 pa.

2184 2017 2355 2063 terna:
2385 2007 2604 2079 pietatis
2635 2006 2931 2078 pollicetur
2960 2011 3220 2059 assertor.
3252 2000 3464 2066 Crede,
3497 2001 3623 2072 quia
3649 2000 3776 2055 veri-

2185 2115 2266 2156 tas
2277 2114 2379 2167 esx;
2394 2101 2706 2171 acquiesce,
2722 2099 2848 2167 quia
2864 2102 3034 2153 virtus
3054 2107 3159 2152 est.
3179 2096 3355 2151 Habet
3374 2111 3598 2150 causam
3621 2104 3672 2149 ut
3689 2109 3774 2164 pro

2187 2203 2238 2248 te
2269 2195 2626 2258 interveniat,
2661 2208 2727 2246 ne
2775 2207 2873 2261 pro
2902 2202 2954 2245 te
2984 2189 3154 2260 gratis
3184 2199 3433 2244 mortuus
3477 2189 3569 2242 sit.
3622 2186 3776 2241 liabet

2186 2302 2404 2342 causam
2435 2284 2749 2357 ignoscendi
2791 2284 2972 2350 Pater,
2999 2283 3123 2355 quia
3152 2283 3296 2353 quod
3332 2270 3445 2336 vult
3472 2279 3646 2349 ﬁlius,
3676 2281 3778 2333 vult

2188 2391 2243 2438 et
2269 2381 2454 2437 Pater.

2259 2472 2386 2528 226.
2424 2471 2605 2546 (Vers.
2633 2472 2747 2545 l8.)
2770 2470 2988 2527 Peccavi
3009 2470 3063 2525 in
3084 2469 3290 2539 caelum,
3316 2476 3366 2524 et
3389 2484 3557 2524 coram
3577 2478 3644 2523 te.
3666 2466 3776 2522 Non

2190 2567 2376 2638 utique
2404 2569 2734 2622 elementum
2780 2566 3131 2636 exprimitur;
3181 2563 3277 2619 sed
3326 2571 3551 2633 peccato
3595 2561 3776 2616 anima:

2190 2663 2435 2719 caelestia
2468 2662 2839 2733 signiﬁcantur
2878 2659 3021 2715 dona
3069 2657 3305 2729 Spiritus
3348 2658 3664 2723 imminuta;
3706 2655 3780 2711 vel

2192 2756 2318 2827 quia
2342 2756 2410 2810 ab
2433 2755 2579 2812 illius
2602 2757 2811 2827 gremio
2836 2753 3026 2809 matris
3059 2749 3402 2809 Hierusalem
3431 2767 3555 2823 quas
3579 2752 3631 2806 in
3656 2748 3781 2806 ctelo

2195 2859 2299 2915 est,
2332 2865 2440 2905 non
2464 2849 2706 2920 oportuit
2730 2849 2960 2903 deviari.

2271 2941 2451 3014 (Vers.
2486 2941 2598 3011 l9.)
2639 2941 2761 2995 Jatn
2792 2957 2894 2995 non
2922 2957 3036 2994 sum
3065 2940 3255 3012 dignus
3281 2937 3460 2993 vocari
3490 2937 3633 3007 filius
3658 2945 3781 2990 tuas.

2269 3036 2396 3091 227.
2440 3036 2696 3105 Dejectus
2723 3035 2870 3090 enim
2899 3048 2959 3089 se
2989 3034 3228 3088 exaltare
3252 3046 3360 3087 non
3386 3031 3583 3096 debet;
3616 3038 3672 3085 ut
3688 3042 3783 3084 meo

2199 3129 2307 3183 rito
2338 3145 2449 3182 sua:
2479 3129 2651 3198 possit
2684 3125 3005 3182 humilitatis
3032 3124 3228 3180 attolli.

2279 3221 2468 3293 (lbid.)
2500 3219 2614 3275 Fac
2642 3237 2721 3274 me
2749 3222 2881 3275 sicut
2910 3236 3070 3273 unum
3100 3217 3544 3273 mercenariorum
3575 3226 3779 3270 tuorum.

2275 3298 2402 3369 228.
2447 3313 2606 3369 Novit
2646 3329 2770 3369 esse
2809 3313 3126 3369 distantiam
3161 3311 3302 3366 inter
3343 3312 3522 3377 ﬁlios,
3567 3311 3781 3371 amicos,

2212 3405 2425 3480 “.66
2454 3409 2850 3473 mercenaries,
2881 3417 2937 3462 et
2964 3420 3189 3472 servos;
3223 3403 3364 3459 ﬁlius
3390 3419 3487 3475 per
3511 3404 3781 3465 lavacrum,

2206 3503 2415 3557 amicus
2447 3518 2543 3572 per
2574 3501 2851 3567 virtutem,
2881 3501 3247 3556 mercenarius
3274 3513 3372 3570 per
3400 3498 3660 3562 laborem,
3683 3509 3782 3548 ser-

2208 3609 2307 3648 vus
2332 3608 2427 3663 per
2455 3595 2731 3648 timorem.
2763 3591 2871 3648 Sed
2894 3594 3055 3647 etiam
3088 3605 3156 3646 ex
3183 3589 3360 3645 servis
3385 3600 3440 3645 et
3462 3586 3787 3644 mercenariis

2208 3683 2343 3740 ﬁunt
2369 3684 2551 3749 amici,
2579 3686 2734 3755 juxta
2767 3683 2914 3756 quod
2941 3684 3202 3757 scriptum
3225 3691 3350 3738 est:
3393 3680 3493 3736 Vos
3527 3679 3671 3736 amici
3704 3677 3785 3731 nisi

2211 3780 2354 3846 estis,
2384 3780 2429 3833 si
2450 3780 2673 3850 feceritis
2702 3795 2817 3850 quae
2848 3796 2942 3852 ego
2970 3761 3215 3848 praecipio
3236 3776 3378 3831 vobis
3403 3792 3420 3831 :
3432 3776 3553 3849 jam
3578 3789 3674 3829 non
3688 3772 3786 3826 dico

2209 3888 2298 3927 vos
2327 3887 2497 3927 servos
2520 3869 2703 3943 (Joan.
2741 3888 2836 3935 xv,
2867 3871 2984 3938 M).
3524 3936 3536 3947 ,

2282 3961 2410 4017 2:19.
2456 3962 2581 4017 lla'c
2607 3962 2747 4033 apud
2778 3976 2839 4017 se
2867 3961 3005 4016 dixit
3029 3977 3044 4028 ;
3076 3961 3171 4017 sed
3201 3976 3308 4016 non
3337 3958 3470 4016 satis
3491 3969 3570 4016 cst
3599 3957 3788 4020 dicere,

2214 4058 2315 4112 nisi
2346 4056 2411 4111 ad
2446 4066 2651 4127 patrem
2680 4056 2883 4111 venias.
2923 4055 3023 4113 Ubi
3056 4056 3208 4112 illum
3238 4057 3513 4126 requiras,
3546 4056 3630 4110 ubi
3666 4054 3791 4107 inve-

2216 4152 2368 4207 nias?
2416 4151 2659 4222 EXsurge
2693 4151 2888 4221 primo,
2917 4150 3022 4207 hoc
3046 4164 3165 4219 est,
3196 4151 3285 4221 qui
3315 4150 3516 4205 sedens
3542 4157 3662 4204 ante
3686 4145 3791 4199 dor-

2215 4244 2442 4299 miebas.
2478 4244 2549 4299 Et
2574 4244 2694 4300 ideo
2722 4244 2853 4298 dicit
2881 4242 3175 4313 ApOstolus
3207 4234 3434 4313 {Surge
3459 4242 3546 4312 qui
3586 4238 3790 4298 dormis,

2218 4345 2264 4391 et
2291 4352 2509 4410 exsurge
2552 4354 2583 4389 α
2609 4317 2829 4390 mortuis
2859 4335 3078 4408 (Ep/tes.
3112 4351 3169 4401 v,
3199 4334 3311 4403 H).
3352 4333 3617 4405 lniquitas
3654 4332 3702 4384 in
3730 4339 3793 4383 ta-

2217 4432 2366 4486 lento
2412 4431 2667 4501 plumbeo
2696 4430 2875 4486 sedet.
2925 4429 3094 4503 Moysi
3145 4428 3387 4484 dicitur:
3419 4426 3503 4484 Tu
3533 4436 3697 4481 autem
3730 4420 3799 4475 hic

2194 4537 2299 4580 'sta
2326 4524 2508 4597 (Deut.
2538 4541 2590 4591 v,
2623 4523 2734 4597 51).
2778 4524 2999 4581 Stantes
3043 4524 3211 4593 elegit
3256 4510 3530 4577 Christus.
3582 4520 3800 4583 Exsurge

513 4618 772 4672 sabamur
803 4616 854 4672 in
896 4618 1053 4673 vinea
1077 4659 1091 4683 ,
1126 4619 1177 4674 in
1210 4634 1313 4689 qua
1344 4620 1388 4674 si
1419 4631 1474 4675 et
1501 4621 1606 4676 iste
1634 4623 1962 4684 mansisset,
2010 4636 2117 4675 non
2144 4611 2196 4674 D
2222 4633 2374 4689 ergo,
2403 4631 2566 4672 curre
2592 4615 2658 4671 ad
2689 4614 2992 4671 Ecclesiam
3020 4630 3036 4680 ;
3072 4615 3163 4671 hic
3191 4624 3276 4670 est
3300 4612 3485 4681 Pater,
3517 4611 3604 4667 hic
3624 4620 3703 4666 est
3727 4604 3796 4663 Fi-

511 4713 833 4765 recessisSet
862 4725 890 4764 a
919 4708 1097 4783 Patre)
1130 4752 1145 4776 ,
1177 4710 1478 4768 cavendum
1510 4722 1689 4769 tamen
1719 4723 1821 4781 est,
1842 4729 1910 4770 ue
1940 4728 2040 4769 nos
2067 4713 2116 4768 ei

517 4793 981 4859 reconcilittionis
1028 4804 1290 4860 faciamus
1337 4793 1584 4873 moram,
1629 4823 1791 4878 quam
1836 4824 1941 4863 non
1992 4806 2121 4863 iecit

519 4894 699 4951 Pater.
735 4894 916 4953 Facile
939 4899 1346 4964 reconciliatur,
1370 4899 1587 4971 quando
1609 4898 1854 4971 impense
1876 4911 2117 4970 rogatur.

521 4988 590 5046 Et
636 4989 757 5045 ideo
784 4990 1061 5047 discamus
1103 4994 1253 5064 quali
1298 4995 1457 5050 Pater
1485 4995 1867 5051 obsecratione
1907 4997 1976 5052 sit
2006 5012 2121 5052 am-

522 5080 773 5138 biendus.
801 5081 1194 5156 Pater,inquit.
1218 5087 1388 5153 Quam
1414 5087 1751 5159 misericors,
1783 5105 1944 5160 quam
1973 5091 2117 5159 pius,

517 5177 609 5246 qui
653 5192 753 5232 nec
793 5175 1033 5234 oﬂeusus
1056 5179 1288 5250 patrium
1312 5180 1636 5251 dedignatur
1665 5197 1863 5238 nomen
1891 5183 2114 5240 audire!

557 5401 569 5414 _
602 5329 823 5414 “.Roni.
856 5326 991 5387 edit.
1023 5346 1089 5386 ex
1136 5330 1279 5387 LXX
1313 5331 1536 5404 interp.,
1582 5332 1689 5388 Hic
1743 5334 1871 5389 liber
1913 5350 2123 5404 genera-

530 5410 706 5457 tionis.
736 5412 845 5457 etc.

600 5470 630 5511 δ
672 5473 799 5528 Htec
830 5474 992 5530 verba
1033 5475 1377 5547 intelligenda
1402 5492 1522 5532 esse
1546 5475 1616 5533 de
1654 5492 1720 5531 ea
1748 5476 2125 5543 coolessione,

527 5558 688 5617 quam
720 5561 749 5599 a
783 5548 1158 5613 peccatoribus
1197 5551 1310 5603 sive
1351 5550 1598 5617 publice,
1641 5550 1755 5609 sive
1786 5559 1998 5604 secreto
2026 5548 2131 5604 Ec-

529 5616 1006 5692 clesimininistris
1051 5618 1167 5692 ﬁeri
1208 5616 1461 5687 oportet,
1500 5621 1628 5692 inde
1666 5622 1946 5692 probatur,
1985 5618 2127 5686 quod

533 5700 597 5740 ea
628 5688 845 5760 ponitur
885 5700 1001 5758 post
1034 5689 1284 5760 primam,
1317 5705 1437 5760 qua:
1463 5694 1564 5746 soli
1608 5688 1718 5745 ιιιῐη
1749 5689 1809 5745 lit
1834 5693 2132 5746 confessio-

535 5768 684 5829 nem.
716 5757 850 5829 Illuc
870 5769 1048 5829 autem
1075 5757 1403 5815 validissime
1423 5765 1791 5827 conlirniatur,
1817 5762 1959 5829 quod
1989 5760 2131 5817 infra

538 5822 758 5891 dicitur,
795 5825 1051 5893 Conﬁtére
1076 5830 1479 5900 magis,-nt.....
1514 5840 1656 5899 coact
1678 5822 1847 5897 pro'te'
1878 5830 2130 5895 Ecclesia;

2227 4711 2353 4778 lius,
2387 4710 2475 4766 hic
2502 4720 2587 4765 est
2616 4709 2855 4780 Spiritus
2881 4721 3123 4765 sanctus.
3492 4771 3505 4785 _

2295 4807 2424 4863 250.
2468 4807 2649 4881 (Vers.
2677 4806 2771 4873 20,
2798 4805 2920 4878 21.)
2968 4805 3219 4862 Occurrit
3264 4804 3397 4870 tibi,
3443 4803 3535 4875 qui
3585 4798 3725 4856 audit
3761 4804 3806 4853 te

2221 4900 2363 4956 intra
2394 4900 2595 4954 mentis
2621 4908 2831 4954 secreta
2863 4906 3206 4954 tractantem.
3236 4895 3306 4951 Et
3326 4912 3450 4951 cum
3473 4896 3648 4952 adhuc
3667 4897 3804 4961 longe

2223 4997 2321 5061 sis,
2354 4996 2525 5061 videt,
2552 5004 2609 5049 et
2630 4994 2893 5050 accurrit.
2930 4992 3088 5047 Videt
3115 4994 3166 5046 in
3199 5000 3419 5060 pectore
3450 5000 3566 5056 tuo,
3596 4983 3805 5043 accurrit

2227 5105 2294 5145 ne
2315 5088 2439 5159 quis
2465 5086 2745 5157 impediat,
2773 5084 3161 5156 complectitur
3182 5098 3399 5154 quoque
3428 5100 3443 5138 :
3470 5078 3497 5118 ά
3524 5083 3578 5137 in
3603 5089 3808 5137 occursu

2229 5183 2577 5254 praescientia
2620 5186 2738 5246 est,
2787 5180 2840 5235 in
2882 5179 3173 5249 complexu
3214 5177 3543 5244 clementia,
3588 5184 3641 5231 et
3679 5167 3807 5244 quasi

2236 5344 2286 5389 et
2321 5334 2609 5404 illacrgmet
2651 5308 2897 5400 populus.
2928 5329 3057 5386 Haec
3096 5344 3330 5400 namque
3372 5343 3480 5385 non
3511 5328 3808 5404 mentalem.

2235 5406 2330 5460 sed
2353 5401 2678 5461 exteriorem
2696 5418 2761 5459 ac
2774 5404 3049 5458 verbalem
3068 5404 3469 5458 confessionem
3493 5401 3812 5473 apertissime

2237 5478 2570 5532 sitznilicant.

2329 5492 2570 5530 iniicaut.

2289 5492 2335 5586 ge
2379 5547 2507 5602 Mss.
2542 5562 2648 5601 non
2680 5545 2861 5614 pauci,
2894 5559 2995 5599 nec
3023 5543 3225 5598 intimae
3258 5545 3626 5617 auctoritatis,
3652 5554 3808 5617 τεεοιιτ

2239 5619 2552 5672 ciliationem
2602 5619 2691 5672 tibi
2740 5628 2953 5687 paterna
3006 5617 3170 5687 pietas
3214 5616 3494 5686 pollicetur
3534 5630 3554 5669 :
3594 5622 3807 5668 asserton

2239 5688 2411 5751 crede,
2444 5690 2566 5759 quia
2585 5730 2600 5757 ,
2628 5701 2734 5745 etc.
2894 5758 2899 5759 ί
3644 5754 3675 5759 ,Α
3766 5750 3776 5759 .

2314 5759 2339 5796 (ι
2385 5754 2466 5814 ιω
2488 5754 2618 5815 mss.
2645 5770 2770 5815 octo
2791 5758 3010 5825 Optima:
3038 5766 3200 5813 noue.
3231 5756 3336 5812 Alii
3363 5771 3496 5812 vero
3518 5769 3569 5811 et
3599 5754 3739 5825 edin,
3760 5754 3804 5802 in

2244 5828 2458 5883 occursu
2484 5832 2761 5900 prtrsmtia
2786 5823 2935 5902 (Era.
2962 5838 3017 5883 et
3040 5826 3169 5884 (ιλιι.
3204 5829 3258 5885 in
3280 5830 3549 5899 margine.
3572 5823 3805 5897 ρι’ωδεὶεψ
