3920 6318
562 190 700 257 ηδε

1912 185 2159 261 SANGTI
2197 184 2523 259 Attenesit

3719 188 3821 259 tut

555 330 1018 375 centussonorum
1037 329 1083 385 λ,
1102 319 1195 376 sed
1222 319 1392 391 plcbis
1417 319 1766 376 concordiam
1792 321 2156 386 concinentis,
2188 326 2233 386 Α
2263 315 2358 374 sed
2393 315 2647 373 irascitur
2672 317 2796 389 quia
2825 317 2911 375 hic
2937 315 3181 375 concinit
3204 314 3381 388 plebis
3405 316 3581 389 gratia
3601 356 3618 386 ,
3650 325 3704 374 et
3726 333 3823 373 cnn-

557 425 677 482 qutc
723 410 791 466 de
836 420 1121 481 peccatore
1161 420 1377 468 servato
1414 410 1631 470 dulcem
1678 412 1909 471 resultet
1954 413 2157 469 lmtitiae

559 504 910 560 suavitatem.

629 596 758 652 258.
797 594 1081 655 Constitue
1120 598 1251 655 mihi
1280 600 1521 671 aliquem
1550 616 1617 657 ex
1650 600 1735 657 his
1760 601 1850 672 qui
1896 600 2002 658 sibi
2026 601 2159 673 justi

558 687 825 754 videntur,
869 690 959 759 qui
1008 690 1217 749 trabem
1249 691 1303 747 itt
1344 692 1503 749 oculo
1548 709 1650 749 suo
1699 708 1805 749 non
1849 691 2073 759 vident.
2105 701 2162 750 et

554 779 718 835 alieni
748 778 1011 837 festucam
1039 783 1158 839 vitii
1186 783 1328 841 ferre
1354 800 1460 841 non
1484 796 1732 857 possunt.
1766 785 2053 856 Quomodo
2079 786 2162 843 itt-

558 873 828 945 dignatur,
861 878 1081 948 quando
1108 879 1268 936 alicui
1300 889 1580 951 peccatum
1613 881 1837 951 fatenti,
1866 892 1922 941 et
1948 882 2041 939 diu
2073 883 2159 939 in-

558 967 890 1039 dulgentiam
941 969 1250 1042 deploranti
1297 975 1455 1030 venia
1516 976 1829 1032 relaxatur?
1876 976 2162 1044 Quomodo

556 1075 716 1117 aures
743 1062 864 1131 ejus
893 1065 1275 1136 symphoniam
1305 1069 1486 1140 populi
1509 1071 1849 1140 spiritualem
1882 1072 2023 1128 ferre
2052 1087 2163 1127 non

561 1155 822 1225 possunt?
846 1157 974 1214 Htec
996 1169 1080 1215 est
1104 1160 1250 1216 enim
1288 1162 1614 1235 symphonia
1638 1206 1653 1231 ,
1685 1165 1901 1238 quando
1923 1165 2163 1223 concinit

559 1249 615 1303 in
660 1249 903 1305 Ecclesia
941 1249 970 1289 ι’
1016 1250 1364 1311 diversorum
1407 1263 1627 1313 actuum
1669 1266 1831 1329 atque
1870 1258 2158 1325 virtutum,

555 1341 1035 1399 velut‘variarum
1085 1344 1416 1402 chordarum
1476 1346 1773 1407 indiscreta
1828 1350 2161 1418 concordia,

566 1432 808 1503 psalmus
847 1433 1228 1507 respondetur,
1272 1453 1429 1493 amen
1476 1437 1695 1496 dicitur.
1745 1440 1872 1498 Haec
1910 1452 1995 1499 est
2019 1458 2166 1515 sym-

554 1524 753 1596 phonia
779 1540 941 1597 quam
982 1528 1150 1585 scivit
1199 1536 1255 1586 et
1285 1529 1522 1599 Paulus;
1554 1541 1611 1588 et
1634 1531 1759 1590 ideo
1783 1535 1897 1589 ait:
1932 1530 2166 1589 Psallam

553 1622 741 1691 spiritu
766 1662 780 1687 ,
832 1621 1057 1691 psallam
1086 1630 1133 1677 el
1163 1634 1329 1680 mente
1377 1625 1395 1694 (
1420 1624 1446 1681 Ι
1474 1622 1597 1708 Cor.
1633 1642 1747 1694 XIV,
1782 1626 1898 1696 i5).
1944 1625 2071 1683 Haec
2097 1625 2167 1683 de

554 1714 814 1787 parabole
844 1716 1100 1786 praesenti
1135 1720 1445 1790 putavimus
1476 1735 1601 1776 esse
1632 1719 1939 1776 tractanda.

622 1807 752 1869 $39.
793 1804 905 1864 Nec
933 1808 1243 1865 invidemus
1273 1813 1314 1865 si
1338 1812 1461 1882 quis
1481 1810 1620 1867 duos
1646 1810 1844 1867 fratres
1870 1812 2006 1868 istos
2033 1813 2167 1868 velit

553 1899 759 1971 referre
780 1901 847 1956 ad
874 1904 1103 1973 populos
1127 1903 1299 1968 duos;
1328 1917 1385 1962 ut
1414 1905 1485 1961 sit
1504 1905 1908 1962 adolescentior
1934 1907 2166 1978 populus

554 2007 621 2049 ex
650 1992 904 2062 gentibus
949 2005 1222 2066 tamquam
1253 1991 1455 2065 lsrael,
1487 1997 1573 2053 cui
1605 1996 1771 2054 frater
1798 1997 1972 2070 major
2002 1996 2166 2054 bette—

555 2084 738 2139 licium
767 2094 1012 2155 paternae
1038 2086 1438 2147 benedictionis
1472 2090 1682 2145 invidit.
1719 2090 1875 2160 Quod
1899 2090 2165 2147 faciebant

551 2174 747 2247 Judaei,
782 2193 903 2234 cum
940 2193 1305 2254 quererentur
1332 2183 1455 2256 quia
1484 2183 1736 2242 Christus
1760 2200 1883 2242 cum
1911 2186 2163 2258 gentibus

558 2272 902 2342 epularetur;
935 2282 993 2330 et
1019 2273 1145 2331 ideo
1185 2275 1426 2347 haedum,
1463 2279 1591 2333 mali
1619 2279 1809 2335 odoris
1835 2280 2160 2337 sacrificium

553 2365 940 2434 requisierunt.
985 2366 1209 2424 Iudaeus
1259 2368 1474 2425 haedum
1520 2370 1788 2443 requirit,
1820 2370 2163 2430 Christianus

523 2517 527 2521 ,
552 2469 786 2526 agnum;
817 2466 873 2514 et
909 2457 1035 2516 ideo
1065 2459 1174 2515 illis
1219 2461 1496 2520 Barabbas
1518 2464 1775 2531 solvitur,
1800 2465 1959 2521 nobis
1989 2480 2161 2536 agnus

553 2550 889 2608 immolatur.
940 2551 1098 2610 Unde
1159 2553 1302 2626 apud
1344 2556 1473 2612 illos
1514 2556 1655 2618 fetor
1702 2567 1788 2617 est
1833 2559 2159 2627 criminum,

550 2640 696 2712 apud
725 2658 824 2698 nos
856 2644 1110 2700 remissio
1144 2656 1516 2727 peccatorum,
1546 2648 1725 2706 dulcis
1753 2651 1806 2705 in
1834 2666 1953 2724 spe,
1980 2653 2162 2709 suavis

553 2733 606 2788 itt
639 2732 840 2789 fructu.
878 2734 982 2803 Qui
1030 2736 1247 2794 lttedum
1290 2741 1514 2813 quaerit,
1566 2752 1848 2814 exspectat
1886 2742 2160 2801 Antichri-

553 2833 699 2879 stum
725 2843 740 2892 ;
767 2825 1019 2885 Christus
1045 2830 1189 2886 enim
1215 2830 1347 2888 boui
1370 2834 1557 2905 odoris
1588 2845 1671 2891 est
1695 2835 1911 2893 victima
1939 2836 2156 2911 (Ephes.

557 2933 609 2983 v,
633 2920 713 2989 9.).

622 3014 751 3071 240.
790 3024 814 3055 ο
843 3016 1009 3086 Queri
1052 3020 1215 3077 etiam
1249 3022 1301 3078 in
1348 3022 1503 3081 haedo
1543 3026 1781 3094 videtur,
1827 3028 1950 3100 quia
1980 3027 2156 3083 Judaei

2261 424 2395 463 sona
2421 409 2601 479 populi
2624 408 2901 481 jubilatio.
2930 408 3040 466 Sed
3075 407 3288 484 15.69
3310 408 3486 466 bonus
3516 418 3669 482 pater
3693 410 3821 467 etiam

2263 498 2408 554 hunc
2435 500 2652 557 salvare
2681 501 2958 575 cupiebat,
2990 502 3177 561 dicens
3204 520 3217 556 :

2332 592 2515 667 (Vers.
2544 592 2662 666 51.)
2691 592 2823 662 Fili,
2846 606 2900 649 tu
2925 612 3125 666 semper
3151 598 3344 648 mecum
3375 593 3522 668 fuisti
3545 609 3568 661 ;

2331 685 2459 742 242.
2495 685 2594 743 Vel
2628 684 3026 757 quasiludteus
3052 687 3107 742 in
3129 686 3293 760 Lege,
3341 687 3425 742 vel
3473 685 3629 763 quasi
3670 687 3822 761 justus

2262 775 2315 831 in
2348 778 2737 833 communione
2765 792 2779 844 ;
2804 786 2861 833 et
2883 793 2963 843 es,
2993 776 3038 833 si
3067 776 3285 835 desinas
3320 775 3587 834 invidere.

2336 868 2524 944 (lbid.)
2560 867 2627 925 Et
2650 858 2968 927 ontuia'mea
2992 881 3083 926 tua
3096 882 3214 926 sunt
3235 887 3255 938 ;

2333 963 2463 1020 245.
2510 962 2606 1021 Vel
2635 963 2859 1021 Judaeus
2882 971 3224 1021 sacramenta
3265 962 3468 1021 veteris
3507 962 3827 1030 Testamenti,

2264 1056 2349 1113 vel
2382 1044 2692 1131 baptizatus
2720 1056 2886 1114 etiam
2915 1057 3041 1113 novi
3069 1056 3374 1129 possidens.

2337 1149 2493 1224 (Cap.
2524 1148 2907 1209 XVl.—Vers.
2939 1151 3057 1227 15.)
3092 1150 3260 1210 Nemo
3283 1166 3462 1211 servus
3482 1162 3641 1225 potest
3665 1146 3832 1209 ἀκούω

2264 1241 2488 1297 dominis
2518 1242 2711 1297 servire
2733 1260 2755 1309 ;
3432 1288 3435 1291 ,

2333 1330 2463 1389 2M.
2502 1332 2640 1400 Quia
2674 1349 2782 1390 non
2806 1336 2935 1401 duo,
2969 1333 3067 1391 sed
3097 1347 3236 1389 unus
3279 1343 3366 1390 est
3405 1334 3677 1411 dominus.
3719 1334 3831 1392 Nam

2264 1427 2365 1481 etsi
2395 1438 2523 1482 sunt
2552 1428 2645 1499 qui
2694 1443 3017 1484 mammonae
3062 1427 3347 1494 serviant;
3386 1437 3568 1485 tamen
3604 1445 3714 1499 _non
3758 1430 3832 1485 ille

2266 1521 2417 1574 novit
2448 1521 2628 1592 aliqua
2661 1521 2787 1593 jura
2820 1521 3137 1577 dominatus
3167 1539 3183 1590 ;
3229 1523 3323 1578 sed
3380 1522 3509 1593 ipsi
3536 1522 3637 1578 sibi
3674 1521 3831 1593 jugum

2266 1612 2548 1668 servitutis
2584 1613 2908 1686 imponunt;
2952 1629 3130 1686 neque
3178 1613 3324 1670 enim
3362 1612 3389 1651 ά
3425 1613 3573 1685 justa
3604 1623 3831 1686 potestas,

2191 1716 2240 1777 Β
2267 1705 2365 1760 sed
2392 1705 2591 1777 injusta
2623 1716 2707 1762 est
2738 1708 2998 1764 servitus.
3030 1707 3099 1763 Et
3129 1706 3250 1765 ideo
3280 1707 3375 1763 ait.

2340 1799 2522 1879 (Vers.
2548 1800 2630 1875 9.)
2658 1799 2841 1857 Facite
2858 1801 3000 1857 vobis
3020 1802 3214 1857 amicos
3242 1801 3307 1857 de
3325 1802 3505 1874 iniquo
3533 1817 3831 1869 mammona;

2336 1893 2466 1951 245.
2512 1893 2579 1951 Ut
2606 1895 2889 1969 largiendo
2917 1894 3267 1971 pauperibus,
3319 1897 3642 1968 angelorum
3686 1896 3830 1961 nobis,

2264 1999 2700 2062 cmterorumque
2727 1998 3041 2046 sanctorum
3070 1988 3297 2062 gratiam
3325 2002 3722 2060 comparemus.
3747 1988 3833 2044 Nec

2267 2084 2689 2159 reprehenditur
2712 2083 2950 2154 villicus,
2984 2086 3039 2141 in
3064 2100 3172 2156 quo
3196 2082 3455 2140 discimus
3480 2100 3590 2141 non
3621 2084 3712 2156 ipsi
3736 2098 3832 2139 esse

2264 2177 2495 2247 domini,
2525 2178 2622 2235 sed
2648 2180 2827 2249 potius
2858 2180 3160 2235 alienarum
3206 2177 3374 2235 villici
3411 2176 3747 2234 facultatum.
3782 2174 3834 2230 Et

2265 2271 2390 2329 ideo
2422 2273 2548 2328 licet
2572 2272 2898 2344 peccaverit,
2926 2279 3109 2327 tamen
3133 2270 3258 2343 quia
3281 2269 3383 2326 sibi
3417 2270 3469 2325 in
3493 2278 3760 2342 posterum
3781 2282 3833 2322 ex

2264 2367 2598 2440 indulgentia
2644 2366 2856 2424 domini
2908 2366 3161 2440 quaesivit
3217 2366 3419 2422 auxilia
3453 2407 3471 2435 ,
3518 2365 3829 2438 praedicatur.

2264 2459 2503 2519 Pulchre
2523 2473 2704 2519 autem
2744 2460 2990 2535 iniquum
3038 2475 3348 2516 mammona
3394 2458 3565 2525 dixit;
3603 2456 3723 2529 quia
3763 2471 3835 2509 va-

2267 2557 2361 2612 riis
2387 2556 2699 2613 divitiarum
2728 2554 3024 2612 illiecebris
3056 2565 3080 2593 ο
3110 2566 3330 2611 nostros
3367 2551 3587 2608 avaritia
3620 2550 3834 2608 tentabat

2262 2650 2512 2720 allectus,
2544 2661 2605 2707 ut
2634 2651 2868 2707 velimus
2889 2639 3095 2709 servire
3124 2650 3351 2706 divitiis.
3382 2646 3544 2705 Unde
3572 2648 3650 2703 ait
3681 2665 3695 2702 :

2337 2742 2520 2815 (Vcrs.
2554 2741 2670 2816 12.)
2715 2741 2776 2798 Si
2822 2743 2878 2797 in
2919 2742 3092 2797 alieno
3135 2740 3316 2813 ﬁdeles
3351 2758 3457 2796 non
3498 2730 3689 2815 fuistis,
3724 2738 3831 2811 quod

2263 2846 2488 2892 oestrum
2509 2846 2605 2905 est,
2638 2836 2753 2907 quis
2784 2832 2927 2890 dabit
2955 2834 3143 2891 vobis?

2246 3002 2257 3010 _
2333 2929 2461 2986 246.
2483 2930 2696 2987 Alienas
2719 2928 2877 3007 nobis
2898 2929 3103 2985 divitiae
3115 2941 3266 2996 sunt,
3288 2926 3417 3001 quia
3438 2937 3635 3000 praeter
3656 2922 3831 2999 1470

2263 3034 2513 3079 naturam
2558 3032 2731 3090 sunt;
2777 3039 2960 3096 neque
2991 3024 3274 3080 nobiscum
3321 3031 3642 3089 nascuntur,
3670 3028 3830 3089 neque

554 3106 717 3163 ritum
747 3112 948 3166 veteris
987 3113 1234 3169 sacrilicii
1256 3117 1657 3193 perdiderunt:
1691 3119 1776 3174 vei
1805 3122 1931 3191 quia
1957 3121 2159 3177 nullius
2185 3101 2232 3169 α
2264 3119 2546 3177 nobiscum
2597 3126 2923 3174 transeunt:
2969 3117 3221 3174 Christus
3259 3126 3448 3172 autem
3501 3126 3684 3171 noster
3701 3107 3826 3178 est,‘

553 3202 775 3272 sanguis
815 3203 899 3257 his
940 3205 1170 3275 proluit,
1199 3206 1338 3263 sicut
1374 3206 1580 3264 Christi
1612 3210 1835 3282 sanguis
1867 3211 2158 3281 Ecclesiae;

556 3308 664 3348 non
692 3296 839 3351 enim
870 3298 1143 3356 redimere
1169 3315 1266 3357 eos
1292 3304 1515 3374 sanguis
1544 3304 1717 3374 potuit
1748 3306 2159 3375 prophetarum.

554 3387 847 3459 lmpudens
870 3399 1052 3448 autem
1093 3401 1149 3449 et
1174 3394 1369 3450 similis
1396 3395 1540 3451 illius
1570 3395 1832 3479 prarisaei
1855 3388 2161 3470 justilican-

552 3481 624 3537 tis
651 3498 711 3537 se
737 3487 1011 3556 arroganti
1043 3501 1204 3558 prece
1232 3531 1247 3557 ,
1287 3490 1377 3561 qui
1412 3489 1633 3561 putabat
1676 3491 1840 3567 quod.
1867 3508 2160 3564 numquam

554 3576 885 3643 praeterierit
912 3578 1224 3635 mandatum
1255 3580 1350 3637 Dei
1376 3623 1391 3647 ,
1421 3582 1547 3653 quia
1591 3581 1788 3654 Legem
1820 3585 2073 3641 servabat
2104 3582 2158 3641 in

551 3666 771 3723 litteris.
823 3668 1056 3741 Impius,
1104 3673 1194 3744 qui
1245 3672 1538 3730 accusabat
1581 3675 1801 3730 fratrem
1843 3675 1985 3747 quod
2033 3690 2155 3732 cum

554 3761 933 3818 meretricibus
954 3772 1234 3834 paternam
1260 3765 1622 3823 substantiam
1649 3766 2008 3839 prodegisset,
2033 3783 2155 3825 cum

551 3853 805 3912 debuerit
847 3856 1131 3915 advertere
1170 3859 1297 3929 quia
1329 3861 1428 3918 sibi
1468 3860 1669 3917 dictum
1702 3871 1824 3916 est:
1858 3861 2158 3917 Meretrices

543 3956 593 4001 et
630 3946 896 4026 publicani
918 3950 1216 4021 praecedunt
1237 3967 1325 4007 vos
1345 3952 1398 4007 in
1423 3969 1640 4028 regnum
1662 3954 1909 4010 caelorum
1937 3951 2151 4027 (Matth.
2184 3968 2189 3973 ‘

549 4054 667 4104 nt,
699 4040 815 4113 5i).

617 4129 745 4186 241.
793 4131 975 4204 (Vcrs.
1005 4134 1125 4207 28.)
1147 4136 1268 4193 Stat
1293 4138 1654 4211 autem-foris,
1688 4157 1789 4198 nec
1815 4141 2149 4209 excluditur;

545 4224 643 4278 sed
673 4239 779 4279 non
813 4225 1139 4299 ingreditur,
1173 4230 1430 4302 ignorans
1458 4233 1789 4292 voluntatem
1821 4237 1916 4292 Dei
1959 4237 2027 4293 de
2056 4254 2154 4293 vo-

543 4316 757 4371 catione
782 4318 1047 4388 gentium,
1084 4337 1275 4378 servus
1310 4321 1424 4394 jam
1456 4321 1631 4381 factus
1672 4342 1738 4381 ex
1772 4327 1913 4393 lilio;
1959 4316 2153 4387 servus

541 4409 686 4463 enim
702 4412 1018 4484 nescitquid
1034 4412 1289 4471 dominus
1306 4427 1426 4489 agat
1442 4416 1624 4487 (Joan.
1646 4434 1742 4485 xv,
1778 4417 1891 4491 i5).
1928 4420 2029 4477 Ubi
2060 4436 2152 4478 co-

2265 3211 2390 3282 quia
2417 3213 2522 3265 vita
2551 3218 2654 3291 est.
2691 3210 2938 3280 Denique
2985 3209 3054 3266 In
3102 3226 3200 3266 sua
3248 3208 3464 3282 propria
3487 3208 3642 3275 venit,
3687 3216 3727 3261 et
3767 3204 3831 3259 sui

2264 3320 2383 3360 eum
2408 3321 2509 3358 non
2539 3314 2837 3377 receperunt
2861 3302 3047 3377 (Joan.
3080 3320 3123 3371 ι,
3158 3302 3273 3377 Η).
3316 3303 3462 3374 Ergo
3511 3317 3667 3360 nemo
3709 3298 3830 3355 dabit

2261 3397 2406 3469 quod
2435 3406 2675 3453 vestrum
2715 3405 2837 3462 est;
2891 3398 3015 3468 quia
3068 3406 3313 3453 vestrum
3369 3411 3480 3463 non
3532 3389 3827 3455 credidistis,

2262 3499 2503 3546 vestrum
2536 3505 2643 3545 non
2669 3490 2977 3559 recepistis.

2333 3581 2463 3636 247.
2504 3579 2672 3652 Argui
2693 3579 2859 3650 igitur
2882 3579 3135 3637 videntur
3162 3576 3337 3634 Judaei
3366 3588 3423 3634 et
3445 3576 3647 3634 fraudis
3666 3583 3831 3631 clava-

2261 3673 2421 3728 ritiae.
2458 3672 2527 3727 Et
2554 3672 2677 3727 ideo
2693 3673 2785 3743 qui
2816 3672 2872 3727 in
2902 3670 3251 3727 facultatibus
3282 3669 3477 3725 ﬁdeles
3500 3685 3606 3724 non
3625 3666 3829 3728 fuerunt,

2258 3780 2396 3837 quas
2426 3780 2547 3821 cum
2580 3765 2789 3820 alienas
2820 3765 3029 3821 scirent
3052 3763 3426 3836 (communem
3448 3762 3595 3818 enim
3618 3759 3679 3817 ad
3700 3772 3831 3815 usum

2258 3859 2469 3915 fructus
2498 3867 2768 3915 terrarum
2798 3873 2829 3913 a
2864 3854 3091 3916 Domino
3113 3855 3225 3911 Deo
3254 3853 3414 3912 datus
3444 3864 3528 3911 est
3566 3846 3827 3921 omnibus).

2257 3951 2562 4008 debuerunt
2639 3951 2829 4023 utique
2902 3946 3238 4021 participare
3297 3947 3630 4019 pauperibus
3678 3964 3689 3998 :
3750 3954 3831 3998 nec

2256 4041 2532 4100 Christum
2563 4042 2813 4114 accipere
2835 4050 3177 4107 meruerunt,
3205 4056 3363 4113 quem
3388 4038 3677 4096 Zacclueus
3689 4046 3736 4092 ut
3758 4048 3830 4091 ac-

2256 4137 2521 4207 quireret,
2548 4137 2831 4194 dimidiam
2858 4147 3067 4210 partem
3110 4135 3382 4192 bonorum
3412 4149 3637 4191 suorum
3664 4129 3828 4188 obtulit

2260 4229 2413 4300 (Luc.
2436 4247 2553 4297 xu,
2589 4230 2672 4302 8).

2327 4326 2457 4384 ‘248.
2503 4327 2646 4399 Ergo
2672 4340 2781 4383 non
2807 4324 3112 4383 serviamus
3146 4322 3343 4379 alienis
3372 4323 3501 4395 quia
3524 4323 3717 4379 nullum
3742 4317 3824 4374 do-

2256 4421 2464 4475 minum
2503 4408 2766 4476 debemus
2801 4417 2943 4474 scire
2999 4417 3100 4472 nisi
3152 4415 3474 4473 Christum:
3532 4416 3674 4472 Unus
3711 4413 3826 4477 enim

536 4503 754 4573 gttovit,
793 4503 998 4561 invidet
1015 4516 1092 4574 ,et
1122 4517 1405 4580 torquetur
1426 4508 1690 4568 Ecclesiae
1717 4512 1893 4579 bonis,
1923 4523 1977 4569 et
2019 4513 2152 4573 foris
2176 4494 2233 4558 Ῑ)
2258 4513 2398 4571 Deus
2426 4513 2607 4581 Pater,
2636 4529 2698 4569 ea:
2720 4528 2819 4583 quo
2842 4510 3049 4578 omnia,
3068 4519 3119 4563 et
3149 4525 3243 4564 nos
3259 4509 3313 4563 in
3340 4508 3457 4580 ipso
3479 4524 3500 4564 :
3524 4518 3575 4564 et
3590 4523 3712 4562 unus
3735 4500 3823 4558 Do-

536 4603 663 4651 5tat.
692 4594 847 4653 Foris
867 4599 1012 4654 enim
1038 4598 1204 4657 Israel
1225 4600 1378 4657 audit
1397 4600 1622 4661 chorum
1644 4612 1701 4660 et
1722 4604 2104 4679 symphoniam
2129 4625 2145 4676 ;

575 4810 588 4820 -
613 4792 641 4822 ἰ
679 4785 840 4840 Rom.
873 4782 1027 4858 edit.,
1060 4785 1160 4841 hoc
1188 4796 1285 4853 est,
1315 4803 1418 4843 non
1458 4785 1621 4858 plebis
1650 4788 1979 4843 concordiam
2016 4806 2140 4844 con-

531 4857 780 4920 cinentis.
810 4873 926 4926 quas
954 4857 1018 4914 de
1049 4857 1537 4928 peccotoresalouto
1570 4858 1774 4915 dulcem
1809 4861 2019 4915 resultet
2044 4863 2135 4915 lte-

533 4929 661 4983 titia:
686 4931 989 4985 suavitatem
1015 4945 1033 4984 :
1060 4931 1152 4985 sed
1178 4929 1445 4987 theatralis
1472 4930 1566 4986 illa
1602 4931 1859 4986 incentiva
1888 4932 2132 4998 luxuria,

533 5001 611 5055 vel
633 4999 921 5059 aulicorum
946 5012 1219 5056 concentus
1234 5018 1498 5057 sonorum.
1521 5000 1637 5057 Non
1658 5005 1789 5057 satis
1810 5004 2129 5066 commode;

532 5071 698 5147 hujus
726 5088 960 5141 namque
985 5074 1091 5147 loci
1114 5075 1254 5147 idem
1292 5089 1487 5130 sensus
1508 5083 1627 5140 est,
1656 5089 1727 5147 ae
1744 5075 1791 5129 si
1818 5074 2130 5147 legeretur:

533 5141 649 5198 Non
683 5153 860 5211 potest
898 5143 1087 5218 audire
1108 5144 1341 5203 chorum
1361 5156 1416 5200 et
1444 5145 1846 5218 symphoniam,
1873 5141 1964 5217 {qui
2001 5146 2130 5203 cbo-

534 5229 628 5271 l'us
653 5224 710 5289 et
748 5216 1071 5287 symphonia
1099 5233 1207 5289 non
1234 5216 1540 5287 signiﬁcant
1571 5216 1814 5273 fomitem
1841 5216 2004 5289 atque
2045 5220 2129 5273 in-

533 5287 746 5342 centiva
777 5286 1034 5355 luserim,
1066 5286 1163 5344 sed
1201 5286 1551 5347 concordiam
1588 5290 1794 5358 plebis,
1825 5286 1931 5344 etc:
1962 5289 2132 5345 Porro

534 5372 633 5427 per
664 5374 825 5414 voces
859 5360 1149 5413 aulicorum
1188 5376 1471 5427 sonorum,
1515 5376 1622 5416 non
1654 5361 1908 5416 videatur
1935 5361 2137 5416 intelli-

532 5430 695 5504 gendi
733 5432 885 5495 soni.
914 5431 1021 5504 qui
1055 5431 1192 5504 [inut
1220 5432 1478 5504 inaniis.
1522 5431 1627 5487 hoc
1665 5442 1782 5499 est,
1832 5435 1891 5487 io
1942 5447 2129 5504 regum

535 5501 1140 5631 pala‘tiiissedpotius
1177 5502 1250 5559 ita
1278 5502 1385 5559 dici
1414 5505 1518 5561 ἀπὸ
1556 5510 1659 5561 τῶν
1695 5506 1887 5572 mnos,
1920 5520 1950 5561 s
1983 5501 2133 5560 tibiis

535 5586 635 5628 seu
693 5590 718 5628 s
806 5588 870 5629 ts.

534 5586 635 5628 seu
657 5583 870 5629 ttstutts.

604 5641 634 5715 lt
677 5642 911 5715 ltagmss.
942 5652 1155 5715 septem
1196 5645 1525 5715 νηδυίοτῆ
1564 5655 1730 5704 notat.
1778 5646 1889 5703 Abii
1916 5661 2046 5704 vero
2074 5653 2133 5702 et

532 5712 690 5781 edit.,
728 5712 1047 5772 diuersarum
1075 5712 1294 5788 tetat'um
1332 5725 1484 5787 atque
1515 5718 1763 5774 uirtutum
1790 5732 1809 5775 :
1836 5726 2128 5790 utrumque

2258 4610 2427 4663 minus
2456 4605 2633 4675 Jesus,
2662 4623 2753 4678 per
2771 4620 2924 4676 quem
2949 4604 3126 4661 omnia
3165 4600 3210 4676 (Ι
3240 4600 3358 4658 Cor.
3413 4618 3510 4658 vtn
3530 4643 3546 4670 ,
3576 4602 3652 4673 6).
3705 4592 3823 4666 Quid

2239 4806 2344 4845 non
2375 4789 2535 4846 male.
2567 4790 2633 4844 At
2657 4786 3052 4843 observandum
3079 4783 3260 4842 obiter
3286 4800 3395 4841 non
3424 4799 3594 4856 pauca
3621 4779 3705 4837 hic
3728 4774 3820 4832 dici

2238 4863 2307 4916 ab
2335 4862 2647 4927 Ambrosio,
2676 4859 2874 4931 quibus
2900 4858 3327 4931 Novatiattorum
3354 4858 3409 4912 in
3434 4863 3821 4926 peccatores":-

2239 4934 2564 5004 sipiscentes
2591 4928 2886 4986 crudelitas
2915 4930 3209 5004 perstrjttgi
3232 4928 3513 5004 videatur.
3601 4994 3636 5004 _
3771 4993 3781 5004 .

2315 5017 2334 5042 ι·
2378 5004 2507 5077 Mss.
2541 5003 2748 5073 aliquot
2768 4994 3048 5077 compedit.
3076 4994 3202 5077 Gill.
3231 5001 3284 5055 in
3313 5012 3575 5077 marg._ac
3601 4994 3811 5077 [10min

2236 5084 2409 5143 textu,
2458 5076 2587 5140 Qut!
2635 5068 2748 5129 ‘rcs.
2790 5073 3005 5144 Reliqui
3046 5073 3171 5129 eod.
3217 5080 3383 5142 atque
3419 5068 3582 5144 edit,
3614 5068 3813 5135 Queri.

2277 5148 2381 5202 und
2427 5157 2722 5216 utcumque
2761 5143 3021 5214 explicari
3064 5154 3276 5214 potest,
3319 5143 3368 5216 si
3405 5143 3815 5216 subintelltgator

2281 5217 2493 5284 Itristus,
2523 5212 2649 5301 quin:
2671 5232 2772 5270 vos
2818 5212 3075 5301 proxime
3094 5226 3220 5299 ante
3247 5214 3559 5301 exhibentur.
3585 5212 3809 5301 Attamen

2238 5293 2445 5346 rectius
2486 5286 2648 5346 scribi
2681 5297 2934 5358 putamus
2973 5288 3166 5354 Queri;
3199 5297 3256 5339 ut
3294 5286 3631 5356 signiﬁcetur
3652 5286 3813 5361 senior

2238 5360 2388 5416 ﬁlius
2418 5361 2545 5415 dum
2577 5359 2716 5415 htedi
2747 5373 2852 5414 non
2880 5360 3042 5415 occisi
3072 5357 3408 5412 uacationem
3432 5355 3580 5421 facit,
3611 5357 3813 5424 mystico

2238 5433 2509 5505 quiritari,
2537 5431 2687 5502 quod
2709 5431 2849 5486 ritus
2873 5430 3074 5485 veteris
3095 5430 3347 5485 sacriﬁcii
3378 5428 3628 5497 perierit,
3649 5434 3748 5506 etc.

2307 5503 2335 5544 ἀ
2367 5504 2514 5560 Edit.
2545 5503 2796 5565 quadam
2824 5501 3025 5565 Paris.,
3055 5502 3255 5565 injuste
3281 5509 3533 5565 potestas,
3571 5496 3658 5553 sed
3677 5497 3808 5565 Iusta

2307 5517 2335 5544 α
2367 5517 2514 5560 Εαιι.
2545 5517 2796 5574 quisnam
2825 5517 3025 5569 rarts.,
3055 5517 3255 5573 uulua
3280 5517 3533 5572 petasus,
3571 5517 3647 5553 sea

2237 5586 2317 5632 est
2342 5577 2597 5631 servitus»
2614 5575 2976 5644 Prmpostere.
3352 5640 3383 5644 μ
3643 5634 3647 5642 λ

2313 5658 2336 5685 ο
2371 5648 2529 5703 nom.
2558 5645 2720 5714 edit.,
2741 5640 2841 5718 nos
2863 5643 3279 5718 ανσεὶιίρέικξα
3300 5640 3563 5718 οπκικο-
3643 5640 3665 5718 ν.

2313 5717 2329 5756 ί
2363 5718 2491 5776 Mss.
2516 5733 2623 5775 non
2653 5711 2832 5790 pauci,
2855 5731 2955 5773 nec
2983 5713 3268 5772 inferioris
3282 5723 3453 5781 nota,
3477 5713 3597 5783 quia
3620 5711 3699 5764 vis
3717 5711 3797 5760 cst-
