3920 6352
462 230 600 287 1767

1819 219 2064 283 SANCTI
2102 219 2428 281 AMBROSII

3616 221 3764 278 1763

535 350 590 404 5.
634 345 869 402 Dimittis
895 357 1026 414 ergo
1053 357 1277 400 uxorem
1306 344 1460 414 quasi
1487 343 1632 414 jure,
1656 344 1773 398 sine
1790 343 2058 408 crimine;
2089 342 2136 401 A
2167 355 2278 406 xix,
2316 340 2428 406 14).
2455 336 2552 392 Vir
2575 335 2847 399 Christus,
2883 349 3020 391 uxor
3048 332 3286 389 Ecclesia
3323 340 3447 398 est;
3493 331 3699 388 cliarita
3713 341 3772 388 te

469 450 524 498 et
553 450 707 509 putas
736 440 786 495 id
818 441 908 494 tilii
936 440 1122 501 licere,
1153 438 1278 509 quia
1309 438 1393 492 lex
1436 438 1666 491 humana
1716 453 1821 492 non
1878 435 2060 506 probi-

467 533 564 590 bet
592 549 608 598 ;
642 532 735 586 sed
758 532 934 585 divina
963 531 1230 599 prohibet.
1257 530 1358 595 Qui
1386 529 1695 583 hominibus
1718 528 2056 595 obsequeris,

467 624 640 680 Deum
672 637 881 677 verere.
910 618 1052 676 Audi
1077 620 1250 690 legem
1279 619 1516 684 Domini,
1561 619 1648 675 eui
1686 619 2064 688 obsequuntur

467 719 628 776 etiam
681 715 770 786 qui
823 715 969 783 leges
999 712 1374 780 fernut:Qua:
1393 712 1535 769 Deus
1566 713 1859 784 conjunxit,
1911 712 2064 765 homo

467 830 572 868 non
602 819 803 884 separet
831 808 1049 883 (Matth.
1084 826 1196 875 nx,
1232 808 1312 882 6).

541 904 595 960 6.
638 903 744 959 Sed
783 919 890 960 non
942 903 1118 958 solum
1161 903 1250 958 hic
1295 903 1518 959 cteleSte
1567 911 1917 972 praeceptum,
1969 900 2064 955 sed

468 996 738 1070 quoddam
767 999 933 1054 etiam
965 1013 1104 1066 Opus
1149 997 1245 1052 Dei
1287 996 1536 1052 solvitur.
1584 995 1886 1055 Paterisne.
1945 1009 2064 1060 oro,

471 1089 673 1144 liberos
697 1100 838 1155 tuos,
864 1089 1083 1144 vivente
1127 1098 1202 1154 te,
1247 1103 1370 1143 esse
1410 1088 1512 1143 sub
1537 1088 1765 1152 vitrico;
1805 1086 2068 1141 autinco—

474 1183 603 1238 lumi
637 1195 833 1248 matre,
865 1185 1069 1251 degere
1090 1181 1193 1236 sub
1225 1183 1499 1236 noverca?
1524 1181 1692 1244 P0ne,
1717 1180 1762 1234 si
1787 1180 2064 1251 repudiata

472 1293 578 1332 non
612 1276 797 1332 nubat.
829 1275 897 1330 Et
927 1275 1044 1330 [nec
1087 1276 1207 1330 viro
1239 1275 1331 1330 tibi
1364 1275 1552 1330 debuit
1600 1275 1891 1344 displicere
1916 1314 1931 1336 ,
1980 1273 2067 1329 cui

471 1371 722 1426 adultero
746 1370 904 1426 [idem
921 1371 1136 1426 servat?
1158 1371 1326 1437 Pone,
1353 1371 1397 1425 si
1422 1370 1607 1425 nubat.
1629 1368 1982 1423 Necessitatis
2009 1366 2069 1420 il-

472 1465 752 1520 Iiustuiim
809 1466 1014 1519 crimen
1069 1474 1191 1528 est;
1242 1473 1297 1519 et
1347 1464 1652 1532 conjugium
1700 1461 1843 1532 quod
1891 1470 2069 1531 putas,

468 1555 798 1611 adulterium
832 1565 932 1612 est.
968 1556 1106 1624 Quid
1138 1558 1280 1612 enim
1310 1555 1498 1621 refert,
1531 1564 1557 1592 ο
1590 1563 1767 1608 ntrmn
1802 1553 1853 1608 id
1885 1563 2072 1621 aperta

471 1651 721 1708 criminis
744 1649 1114 1715 confessione,
1173 1666 1240 1704 an
1293 1650 1473 1704 mariti
1514 1647 1952 1718 specieadulter
1981 1646 2076 1702 ad-

2163 448 2324 498 uxor,
2362 432 2679 501 integritate
2702 430 2878 500 virgo.
2910 429 3056 500 Ergo
3098 443 3255 498 quem
3305 427 3444 482 Deus
3490 426 3648 481 traxit
3689 425 3771 480 ad

2166 525 2384 589 Filium,
2422 540 2528 579 non
2571 534 2792 594 separet
2822 522 3152 593 persecutio,
3203 536 3312 576 non
3353 527 3562 576 avertat
3608 520 3776 574 luxu-

2164 617 2267 682 ria,
2313 632 2419 671 non
2457 615 2809 685 PliiloSOphia
2844 613 3212 685 deprmdetur,
3267 628 3376 669 non
3432 611 3774 667 Manicliteus

2168 711 2530 776 contaminet,
2560 725 2668 764 non
2701 709 2938 763 Arianus
2987 715 3218 772 avertat,
3267 722 3375 762 non
3423 705 3779 762 Sabellianus

2171 805 2397 861 inliciat.
2434 805 2579 860 Deus
2606 805 2812 877 junxit,
2838 805 3057 861 Judirus
3081 820 3187 860 non
3227 803 3464 873 separet.
3521 802 3780 859 Adulteri

2169 907 2296 954 sunt
2325 913 2518 954 omnes
2546 901 2635 970 qui
2677 899 2985 955 adulterare
3011 898 3232 969 cupiunt
3259 898 3382 954 fidei
3404 907 3460 954 et
3489 898 3782 969 sapientiae

2170 994 2476 1049 veritatem.

2241 1085 2332 1140 l0.
2379 1085 2506 1153 Quis
2534 1085 2661 1140 liber
2677 1093 2772 1148 est.
2796 1084 2992 1157 inquit,
3019 1086 3114 1140 iste
3141 1085 3347 1155 repudii
3369 1084 3546 1140 matris
3570 1094 3781 1154 νων-ω,

2169 1195 2269 1249 quo
2297 1178 2473 1232 dimisi
2493 1195 2609 1232 eam
2631 1178 2802 1246 (Esai.
2834 1196 2890 1246 ι,
2924 1177 3018 1251 1)2
3042 1179 3250 1234 Audisti
3276 1179 3582 1250 repudium,
3604 1180 3783 1237 crede

2172 1271 2514 1341 coniugium.
2547 1271 2758 1326 Audisti
2793 1272 2920 1340 quid
2963 1271 3273 1327 Judteorum
3324 1272 3470 1342 plebi
3513 1273 3624 1342 ipse
3691 1272 3784 1328 vir

2172 1360 2346 1416 dicat:
2369 1361 2566 1416 Ecccin
2584 1363 2932 1432 iniquitatibus
2947 1364 3123 1417 vestris
3141 1364 3330 1417 venditi
3345 1364 3486 1430 estis,
3506 1375 3551 1418 et
3576 1365 3625 1418 in
3649 1382 3781 1434 pec-

2173 1455 2302 1508 catis
2353 1456 2533 1509 vestris
2586 1455 2762 1508 dimisi
2819 1469 3032 1510 matrem
3073 1466 3313 1512 oestrum
3357 1455 3574 1529 (Ibid).
3614 1456 3782 1513 Mane

2174 1561 2304 1615 ergo
2333 1558 2388 1600 tu
2417 1547 2468 1601 in
2497 1547 2661 1602 domo
2693 1538 2889 1617 patris,
2923 1565 3084 1605 mane
3113 1565 3236 1605 cum
3280 1565 3509 1620 sponso,
3565 1550 3781 1606 enitere

2177 1647 2237 1694 ut
2263 1640 2482 1710 placeas
2512 1641 2648 1695 viro.
2678 1641 2828 1696 Mens
2849 1658 2968 1713 qua:
2996 1641 3276 1697 credidisti
3310 1643 3443 1708 Deo,
3475 1651 3592 1699 esto
3619 1643 3781 1697 fortis

473 1745 658 1801 mittas
684 1762 698 1811 ;
733 1745 838 1798 nisi
869 1743 1012 1814 quod
1037 1744 1253 1814 gravius
1284 1754 1368 1800 est
1392 1743 1562 1814 legem
1582 1742 1827 1796 criminis
1851 1741 2066 1809 fecisse,
2097 1728 2147 1789 B
2175 1732 2397 1799 mulier,
2430 1732 2605 1803 qualis
2633 1733 2722 1788 illa
2757 1745 2777 1772 ε
2808 1733 2891 1788 vel
2923 1736 3101 1790 anima
3127 1735 3526 1799 ecclesiastica,
3560 1738 3643 1796 vel
3677 1735 3781 1792 Ec-

472 1857 632 1910 quam
662 1838 902 1894 furtum?

545 1932 598 1987 7.
641 1931 747 1987 Sed
794 1931 1027 1987 fortasse
1068 1930 1199 1985 dicit
1243 1929 1481 1997 aliquis:
1532 1928 1802 1996 Quomodo
1862 1925 2068 1998 Moyses

475 2025 735 2080 mandavit
782 2023 898 2076 dari
945 2023 1135 2076 librum
1186 2022 1414 2094 repudii,
1463 2032 1510 2075 et
1545 2020 1800 2076 dimittere
1851 2019 2075 2074 uxorem

475 2115 657 2188 (Deut.
690 2131 837 2180 xxtv,
873 2117 928 2181 l)
950 2114 973 2167 ?
995 2115 1098 2183 Qui
1134 2115 1235 2168 hoc
1259 2114 1412 2176 dicit,
1440 2113 1660 2168 .ludteus
1690 2124 1773 2168 est
1802 2129 1816 2178 ;
1851 2113 1938 2182 qui
1964 2111 2066 2166 hoc

471 2207 625 2270 dicit,
659 2205 1004 2261 Clirisdanus
1027 2221 1133 2259 non
1165 2214 1269 2259 est.
1298 2204 1366 2258 Et
1397 2204 1517 2257 ideo
1548 2204 1670 2274 quia
1713 2204 1814 2257 boc
1854 2201 2064 2271 objicit,

472 2299 615 2371 quod
643 2297 914 2366 objectum
941 2307 1027 2353 est
1051 2297 1298 2362 Domino,
1331 2295 1657 2364 respondeat
1685 2295 1731 2349 ei
1765 2294 2023 2348 Dominus
2051 2310 2064 2346 :

472 2390 554 2444 Ad
579 2381 853 2456 duritiam,
885 2390 1079 2459 inquit,
1116 2389 1285 2443 cordis
1314 2389 1464 2443 vestri
1495 2387 1722 2460 permisit
1746 2387 1886 2441 vobis
1913 2386 2067 2458 Moy-

466 2499 549 2540 ses
573 2485 698 2538 dare
723 2483 910 2537 librant
934 2483 1156 2553 repudii,
1184 2491 1232 2535 et
1258 2482 1441 2536 dimitti
1457 2497 1511 2534 re
1538 2495 1720 2534 uxores
1744 2495 1762 2533 :
1805 2480 1874 2532 ab
1916 2480 2066 2532 initio

465 2587 639 2634 autem
667 2594 769 2632 non
797 2580 897 2648 fuit
926 2581 1001 2630 sic
1028 2575 1244 2647 (Matth.
1293 2591 1403 2642 xix,
1445 2573 1523 2642 8).
1558 2573 1772 2645 Moyses
1795 2573 2064 2644 permisit,

467 2671 663 2744 inquit,
696 2687 800 2726 non
833 2670 976 2726 Deus
1005 2669 1201 2740 jussit;
1241 2668 1309 2723 ab
1333 2669 1484 2722 initio
1510 2675 1691 2721 autem
1724 2667 1816 2722 liei
1845 2667 1929 2732 lex
1957 2676 2062 2722 est.

465 2762 599 2832 Qua:
629 2773 713 2818 est
745 2763 832 2819 lex
859 2763 956 2818 Dei
980 2762 1003 2816 ?
1044 2761 1321 2833 Relinquat
1346 2763 1498 2815 homo
1525 2771 1724 2831 patrem
1749 2771 1798 2814 et
1824 2769 2062 2825 matrem,

466 2865 515 2911 et
541 2854 824 2910 adliazrebit
857 2855 1008 2908 uxori
1035 2871 1166 2920 stite,
1198 2865 1247 2907 et
1277 2863 1426 2908 erunt
1455 2853 1608 2907 ambo
1651 2853 1705 2905 in
1749 2868 1904 2906 carne
1957 2869 2064 2907 una

469 2945 625 3019 (Gen.
651 2963 710 3013 ιι,
738 2944 854 3017 24).
873 2945 1014 3016 Ergo
1033 2946 1126 3015 qui
1149 2944 1370 3000 dimittit
1395 2961 1644 3010 uxorein,
1667 2960 1889 3001 carnem
1910 2961 2061 3001 suam

465 3037 686 3102 scindit,
725 3036 916 3092 dividit
945 3052 1164 3104 corpus.

542 3129 755 3203 1472
781 3130 832 3184 8.
874 3127 1122 3185 Ostendit
1143 3136 1328 3182 autem
1359 3127 1446 3184 liic
1476 3129 1659 3194 locus,
1689 3144 1809 3198 quin
1840 3135 2063 3198 promer
2093 3110 2138 3173 C

463 3222 807 3294 fragilitatem
824 3223 1114 3277 humanam
1144 3221 1342 3290 scripta
1361 3231 1510 3285 sunt,
1529 3236 1634 3274 non
1654 3237 1682 3274 a
1702 3221 1811 3276 Deo
1840 3221 2064 3290 scripta.

467 3316 621 3374 Unde
648 3327 705 3374 et
735 3317 1030 3390 Apostolus
1062 3333 1074 3370 :
1107 3315 1390 3378 Denuntio,
1446 3316 1618 3384 inquit
1644 3358 1658 3380 ,
1707 3332 1808 3368 non
1837 3332 1950 3386 ego,
1979 3316 2070 3370 sed

465 3407 741 3471 Dominus,
775 3425 986 3463 uxorem
1007 3426 1046 3461 tr
1065 3409 1179 3462 viro
1207 3425 1310 3461 non
1329 3406 1592 3460 discedere
1610 3405 1653 3475 (l
1681 3406 1802 3462 Cor.
1829 3423 1923 3473 VII,
1951 3408 2062 3477 l0).

402 3508 436 3566 ξ
464 3499 535 3554 Et
561 3499 697 3554 infra
733 3517 745 3553 :
779 3498 1014 3564 Caeteris,
1048 3499 1240 3569 inquit,
1274 3516 1366 3572 ego
1398 3499 1536 3567 dico,
1563 3517 1665 3554 non
1697 3499 1949 3554 Dominus
1979 3517 1998 3556 :
2023 3502 2068 3556 si

463 3593 580 3664 quis
605 3597 768 3664 frater
796 3592 1059 3663 inﬁdelem
1090 3593 1240 3646 liabet
1287 3609 1518 3657 uxorem,
1574 3603 1619 3646 et
1657 3594 1899 3664 relinquit
1953 3611 2066 3648 eam

464 3685 654 3758 (Ibid.,
687 3685 803 3757 12).
833 3685 1024 3756 Itaque
1054 3685 1142 3741 ubi
1173 3695 1260 3740 est
1292 3687 1466 3754 impar
1490 3685 1826 3754 conjugium,
1854 3687 1940 3742 lex
1971 3688 2063 3744 Dei

463 3796 570 3838 non
601 3791 706 3838 est.
735 3780 804 3836 Et
825 3780 1037 3835 addidit
1068 3797 1080 3835 :
1117 3779 1274 3846 Quod
1304 3781 1349 3835 si
1377 3780 1604 3850 inﬁdelis
1625 3779 1863 3845 discedit,
1895 3782 2064 3837 disce-

462 3877 552 3933 dat
582 3876 771 3947 (Ibid.,
802 3875 914 3949 l5).
951 3875 1127 3933 Simul
1159 3875 1297 3930 idem
1340 3874 1637 3945 Apostolus
1665 3876 1884 3946 negavit
1932 3876 2065 3947 legis

462 3989 586 4031 esse
616 3973 838 4038 divinat,
875 3981 934 4026 ut
972 3971 1282 4042 conjugium
1331 3971 1726 4042 qualecumque
1774 3972 2014 4026 solv:ilur
2046 3988 2061 4039 ;

463 4081 564 4122 nec
586 4065 703 4132 ipse
728 4061 1011 4134 praecepit,
1043 4077 1144 4118 nec
1167 4063 1318 4117 dedit
1351 4063 1627 4118 descrenli
1657 4066 2058 4133 auctoritatem,

463 4156 559 4212 sed
584 4154 800 4222 culpam
826 4151 854 4190 ι)
878 4153 1101 4206 abstulit
1129 4153 1411 4208 destituto.
1449 4155 1572 4208 lltec
1615 4158 1916 4212 moraliter.
1945 4150 2002 4158 ’ν

535 4247 590 4302 9.
617 4245 794 4318 (Vers.
827 4244 940 4316 l7.)
965 4244 1168 4302 Tamen
1189 4246 1313 4316 quia
1341 4262 1504 4315 supra
1525 4251 1804 4317 proposuit
1835 4267 2058 4322 regnum

465 4341 560 4396 Dei
586 4335 981 4408 evangelizare,
1007 4347 1060 4391 et
1088 4353 1208 4393 cum
1233 4338 1461 4405 dixisset
1481 4339 1550 4393 de
1573 4339 1713 4409 Lege
1736 4358 1900 4396 unum
1948 4343 2063 4412 api-

461 4448 580 4490 cem
603 4446 711 4487 non
741 4445 903 4501 posse
949 4429 1146 4484 cadere
1169 4473 1184 4494 ,
1218 4429 1447 4500 subjecit
1473 4449 1486 4487 :
1523 4431 1704 4486 Omnis
1732 4435 1820 4504 qui
1849 4433 2059 4488 dimittit

462 4546 676 4588 uxorem
691 4546 856 4594 suam,
882 4537 929 4582 ct
942 4529 1084 4582 ducit
1106 4529 1340 4593 alteram,
1356 4529 1657 4584 masc/tatur.
1686 4531 1851 4586 Recte
1872 4531 2060 4587 admo-

463 4622 865 4692 netApostolus
890 4621 1079 4676 dicens
1108 4633 1507 4677 sacramentum
1534 4622 1636 4678 hoc
1660 4640 1910 4694 magnum
1936 4641 2058 4681 esse

461 4715 532 4774 de
557 4714 778 4771 Cliiisto
798 4723 852 4770 et
878 4713 1120 4770 Ecclesia
1170 4713 1390 4784 (Eplies.
1425 4731 1478 4779 v,
1508 4716 1618 4787 52).
1653 4717 1868 4776 Iuvenis
1900 4720 2059 4791 igitur

461 4810 770 4882 conjngium
799 4808 943 4880 quod
979 4823 1140 4863 nemo
1191 4807 1404 4865 dubitet
1441 4824 1470 4862 a
1519 4807 1629 4864 Deo
1678 4813 2054 4882 conjunctum,

460 4922 584 4964 cum
615 4907 732 4974 ipse
756 4903 903 4958 dicat
929 4919 942 4955 :
974 4885 1142 4956 Nemo
1171 4903 1304 4956 venit
1335 4904 1406 4956 ad
1427 4920 1525 4969 me,
1560 4905 1659 4958 nisi
1713 4904 1870 4960 Pater
1916 4923 2057 4962 meus

459 4998 550 5070 qui
575 4997 712 5051 misit
739 5011 837 5060 me,
861 4993 1128 5048 attraxerit
1150 5009 1263 5047 eum
1293 4991 1472 5064 (Joan.
1503 5009 1576 5059 vr,
1609 4994 1698 5066 44)
1725 5013 1738 5060 ;
1786 4995 1881 5052 ille
1912 4999 2055 5053 enim

458 5092 612 5148 solus
643 5088 813 5159 potuit
846 5087 942 5141 bas
965 5086 1182 5154 nuptias
1211 5086 1492 5154 copulare.
1544 5085 1613 5142 Et
1659 5087 1784 5143 ideo
1829 5092 2059 5163 mystice

460 5183 718 5241 Salomon
747 5179 890 5236 dixit
911 5196 924 5232 :
943 5177 1110 5234 ADeo
1137 5178 1512 5251 prteparabitur
1545 5179 1652 5232 viro
1680 5196 1813 5234 uxor
1868 5182 2054 5254 (Ριοου,

533 5309 558 5338 ιι
586 5298 715 5353 Era.
745 5311 808 5350 ac
842 5294 969 5351 Gill.
1014 5293 1068 5348 iu
1115 5309 1297 5363 corp.,
1356 5303 1529 5348 utrum
1573 5309 1874 5363 aperta.....
1901 5305 2055 5360 adul-

460 5382 622 5428 terum
650 5368 930 5433 admittas;
965 5366 1016 5419 in
1048 5381 1219 5436 marg.
1245 5375 1425 5420 autem
1452 5384 1571 5420 cum
1598 5369 1808 5425 duobus
1837 5390 1968 5430 mss.
1999 5387 2054 5432 et

455 5442 871 5499 Rom.eilit.....
913 5437 1230 5510 adulterium
1273 5439 1538 5510 admittas.
1573 5438 1783 5510 Reliqui
1829 5461 1958 5502 mss.
1997 5457 2054 5503 ut

459 5529 560 5570 nos
576 5513 638 5584 in
665 5521 818 5584 textu
845 5525 860 5574 ;
893 5507 1031 5561 duos
1061 5518 1238 5584 tamen
1264 5508 1586 5584 esti'ipitnus,
1640 5507 1726 5567 ubi
1778 5515 1930 5584 lapsu
1962 5536 2054 5574 ca-

459 5583 588 5640 lami
613 5581 874 5655 scriptum
913 5589 1110 5655 est..."
1162 5581 1453 5655 adulteram
1485 5581 1716 5655 dimittas
1745 5628 1758 5645 .
1804 5581 1858 5642 ut
1907 5591 2050 5655 apud

459 5652 681 5713 Amet-b.
708 5665 898 5709 errore
913 5651 1076 5705 etiam
1099 5653 1511 5724 typograplii,...
1537 5654 1773 5712 adultera
1794 5651 2048 5719 dimittas.

2171 1824 2359 1890 clesia,
2384 1823 2454 1879 de
2483 1840 2590 1894 qua
2620 1825 2755 1880 dicit
2777 1825 3035 1881 Salomon
3064 1844 3077 1881 :
3119 1825 3398 1882 Mulierem
3440 1827 3626 1897 fortem
3655 1828 3776 1898 quis

2171 1919 2391 1972 inveniet
2421 1917 2602 1992 (Prov.
2633 1935 2780 1995 χχιιι,
2818 1918 2953 1990 l0)?
2986 1920 3284 1976 Prctiosior
3312 1933 3493 1976 autem
3522 1933 3607 1978 est
3632 1922 3776 1993 lapi-

2170 2011 2329 2065 dibus
2362 2012 2640 2082 prctiosis.
2671 2029 2792 2084 quae
2818 2014 2939 2068 talis
2966 2022 3050 2068 cst
3073 2032 3085 2066 :
3111 2015 3336 2070 conlidit
3363 2018 3415 2070 in
3441 2032 3505 2072 ea
3532 2019 3618 2072 vir
3641 2033 3775 2073 suus

2170 2101 2334 2172 Ibid.,
2374 2104 2482 2177 11).
2519 2105 2810 2162 Videamus
2838 2107 2967 2178 quid
2997 2108 3113 2165 litec
3139 2110 3268 2183 viro.
3289 2110 3450 2166 faciat
3469 2128 3593 2180 suo,
3621 2111 3768 2184 quod

2169 2213 2305 2268 Opus
2355 2199 2496 2269 ejus,
2545 2202 2688 2272 quod
2740 2202 2809 2258 sit
2843 2202 3188 2275 obsequium,
3216 2221 3314 2262 cur
3332 2207 3572 2263 confidat
3621 2207 3678 2264 in
3709 2225 3771 2264 ea

2169 2291 2440 2346 Christus.

2243 2383 2329 2436 ll.
2375 2383 2522 2438 Bona
2555 2400 2692 2440 uxor
2717 2387 2892 2442 virum
2919 2403 3075 2444 suum
3104 2391 3288 2446 vestit.
3330 2392 3535 2449 Vestiat
3571 2395 3768 2453 Iesum

2168 2477 2303 2532 fides
2326 2489 2510 2533 nostra
2542 2495 2774 2552 corpore
2798 2497 2918 2550 suo,
2945 2485 3141 2538 vestiat
3169 2500 3388 2542 carnem
3434 2503 3581 2542 suam
3621 2489 3772 2544 divi~

2169 2569 2353 2624 uitatis
2375 2586 2485 2625 sua:
2511 2572 2685 2643 gloria
2717 2591 2730 2627 :
2766 2574 2909 2630 sicut
2938 2583 2995 2632 et
3021 2577 3110 2631 illa
3141 2578 3266 2632 bina
3288 2581 3614 2637 vestimenta
3642 2582 3768 2638 iecit

2170 2663 2291 2718 viro
2318 2679 2417 2718 suo
2450 2662 2642 2734 (Ibid.,
2671 2667 2741 2720 22
2769 2680 2814 2722 et
2844 2668 3014 2742 seq.);
3043 2680 3101 2727 ut
3131 2681 3186 2727 et
3217 2673 3270 2727 iu
3310 2674 3571 2743 praesenti
3619 2684 3678 2730 et
3714 2677 3767 2731 in

2167 2755 2348 2810 futuro
2381 2757 2582 2827 steculo
2609 2759 2932 2818 honor-ilicet
2961 2779 3105 2818 eum.
3148 2763 3265 2820 Non
3317 2767 3612 2823 mediocris
3652 2769 3766 2825 haec

2168 2849 2392 2916 femina,
2417 2851 2572 2921 cujus
2602 2852 2705 2907 tale
2734 2857 3026 2910 textrinum
3068 2869 3148 2912 est
3179 2874 3194 2924 ;
3229 2874 3392 2928 quam
3440 2877 3549 2916 non
3581 2862 3765 2917 mollia

2169 2943 2307 2998 lana:
2331 2944 2415 2998 fila
2443 2957 2777 3016 carpentem,
2807 2949 2902 3003 sed
2931 2950 3179 3018 pretiosa:
3201 2953 3414 3009 virtutis
3439 2972 3608 3024 pensa
3633 2967 3765 3013 trac-

2169 3045 2372 3092 tantem
2428 3039 2514 3092 vir
2560 3039 2687 3109 ejus
2714 3041 2990 3106 inveniat;
3043 3059 3163 3114 qua:
3219 3060 3411 3102 manus
3455 3052 3687 3104 extollat
3713 3049 3764 3104 in

2170 3130 2446 3196 noetibus,
2475 3140 2529 3184 et
2551 3131 2616 3184 ad
2642 3132 2834 3187 libram
2863 3133 3059 3204 dirigat
3094 3152 3251 3206 Opus,
3291 3155 3624 3212 morumque
3648 3159 3765 3198 suo-

2171 3238 2292 3276 rum
2352 3223 2563 3291 piindus
2606 3227 2910 3294 examinet,
2963 3237 3242 3298 gestorum
3296 3249 3512 3305 quoque
3558 3238 3766 3293 noverit

2169 3331 2392 3372 servare
2425 3336 2757 3387 mensuram,
2801 3323 3026 3395 gloriosi
3067 3328 3389 3400 subtegmen
3437 3333 3646 3390 laboris
3687 3335 3763 3390 iu-

2170 3423 2358 3470 texens
2405 3431 2420 3481 ;
2471 3417 2703 3472 sollicita
2745 3419 2963 3489 quando
3003 3423 3084 3477 vir
3127 3425 3336 3493 redeat,
3393 3428 3557 3483 anxia
3606 3439 3763 3498 atque

2168 3511 2472 3580 SuSpirans,
2499 3521 2558 3565 et
2583 3513 2693 3581 jam
2719 3529 2838 3567 cum
2866 3515 2982 3568 viro
3017 3515 3228 3589 15.73
3260 3534 3362 3575 suo
3395 3537 3520 3578 esse
3553 3523 3762 3580 deside-

2166 3619 2314 3668 rans,
2345 3603 2572 3660 dicens:
2604 3605 2782 3660 Maras
2808 3606 2936 3662 facit
2966 3609 3048 3663 vir
3075 3626 3228 3666 meus
3256 3614 3462 3679 venire,
3493 3615 3761 3673 festinabo

2166 3697 2280 3766 ipsa
2309 3696 2375 3750 ad
2410 3712 2533 3751 eum
2566 3712 2581 3762 ;
2615 3699 2904 3754 Occurram
2929 3700 2978 3755 ei
3008 3701 3143 3758 facie
3172 3703 3242 3759 ad
3272 3703 3488 3771 faciem,
3518 3722 3646 3764 cum
3678 3723 3760 3763 ve-

2166 3782 2285 3847 nire
2316 3793 2544 3862 cmperit
2572 3792 2623 3846 in
2648 3793 2818 3863 gloria
2846 3809 2966 3852 sua.

2242 3886 2325 3940 12.
2347 3886 2503 3952 Veni,
2537 3887 2764 3943 Domine
2789 3888 2944 3958 Jesu,
2971 3901 3026 3946 ut
3045 3892 3288 3950 invenias
3309 3911 3565 3966 sponsam
3600 3909 3756 3965 tuam,

2165 3995 2271 4036 non
2304 3982 2749 4050 contaminatam,
2778 3998 2884 4038 non
2907 3985 3288 4055 adulteratam,
3312 4006 3433 4058 qute
3461 4007 3570 4047 non
3604 3992 3760 4047 viola—

2163 4075 2302 4130 verit
2343 4075 2563 4131 diimum
2607 4085 2775 4145 tuam,
2819 4094 2924 4134 non
2970 4082 3220 4137 mandata
3260 4085 3582 4156 neglexerit.
3621 4087 3759 4143 Dicat

2164 4167 2259 4224 tibi
2288 4186 2304 4222 :
2333 4167 2518 4223 Inveni
2543 4185 2693 4239 quem
2740 4170 2918 4226 dilexit
2967 4173 3140 4228 anima
3178 4192 3290 4229 mea
3329 4175 3503 4247 (Cant.
3537 4173 3633 4245 lli,
3660 4178 3713 4248 ι)
3742 4196 3754 4232 :

2162 4260 2468 4316 introducat
2496 4271 2546 4318 te
2574 4261 2628 4317 in
2658 4263 2878 4319 domum
2908 4265 3020 4320 vini
3048 4265 3254 4338 (vinum
3280 4268 3424 4324 enim
3447 4269 3626 4343 (Psal.
3649 4283 3752 4335 cm,

2161 4354 2250 4425 lii)
2278 4354 2512 4409 laetificat
2537 4370 2633 4410 cor
2659 4355 2941 4427 bomiuis),
2963 4359 3259 4416 inebrietur
3278 4362 3329 4416 in
3358 4365 3579 4434 spiritu,
3603 4377 3755 4435 agno-

2162 4459 2276 4505 scat
2305 4451 2647 4521 mysterium,
2683 4451 2933 4521 loquatur
2961 4455 3262 4510 oraculum.

2236 4542 2416 4614 (Vers.
2452 4541 2566 4616 f9.)
2610 4543 2780 4601 Homo
2823 4556 2996 4602 autent
3037 4549 3248 4620 quidant
3275 4550 3417 4608 dives
3453 4553 3752 4611 induebatur

2161 4654 2466 4710 purpuram.

2237 4733 2323 4787 15.
2367 4732 2620 4789 Narratio
2653 4734 2826 4806 magis
2856 4750 3017 4806 quam
3048 4739 3305 4808 parabola
3328 4741 3564 4810 videtur,
3594 4758 3750 4814 quan-

2162 4825 2233 4882 do
2271 4827 2429 4882 etiaiu
2461 4842 2658 4882 nomen
2691 4830 3033 4897 exnrimitur.
3080 4831 3197 4886 Non
3242 4834 3419 4891 otiose
3447 4845 3630 4893 autem
3669 4835 3748 4890 hic

2161 4919 2381 4974 divitem
2413 4919 2671 4974 Dominus
2704 4921 3042 4990 perfunctum
3069 4923 3277 4980 deliciis
3299 4929 3669 4996 saecularibus,
3699 4929 3744 4982 in

2162 5019 2434 5081 perpetuae
2463 5011 2622 5067 famis
2649 5014 2790 5084 apud
2821 5013 3028 5071 inferos
3050 5018 3407 5075 constitutum
3428 5021 3744 5093 significavit

2160 5119 2396 5158 terumna
2431 5121 2444 5157 :
2477 5107 2561 5159 cui
2595 5121 2702 5161 non
2744 5107 3015 5164 immerito
3043 5111 3281 5180 quinque
3320 5113 3538 5181 fratres,
3569 5117 3621 5173 id
3648 5123 3740 5178 est,

2159 5196 2398 5265 quinque
2437 5212 2633 5254 sensus
2676 5201 2924 5270 corporis
2954 5205 3186 5259 naturali
3221 5207 3454 5275 quadam
3485 5207 3741 5281 germani-
3785 5279 3788 5284 _

2162 5307 2389 5392 Videtur
2411 5321 2593 5366 autem
2627 5312 2854 5392 maritus
2884 5315 3166 5392 dimittens
3197 5333 3425 5376 uxorem
3456 5338 3576 5392 qua:
3601 5316 3735 5392 alteri

2160 5381 2332 5458 nubit,
2368 5393 2654 5458 propterea
2683 5385 2902 5439 adulter
2925 5388 3078 5458 Adici.
3110 5393 3256 5458 quod
3300 5393 3356 5447 in
3405 5381 3530 5449 eum
3574 5387 3734 5447 uxoris

2157 5451 2674 5530 adllllt't‘lllmiefill.
2707 5468 2756 5509 ut
2786 5456 3030 5525 proxime
3059 5451 3184 5515 auie
3207 5470 3512 5530 esposituin
3546 5474 3642 5523 est.

2229 5521 2254 5560 h
2283 5523 2410 5596 Mss.
2435 5525 2642 5596 aliquot
2665 5521 2900 5593 antiquas
2924 5546 3132 5596 manus,
3167 5521 3380 5590 abstulit
3407 5537 3471 5590 de
3500 5521 3726 5591 instituto.

2231 5604 2259 5675 ς
2295 5594 2383 5675 ιςει
2422 5594 2595 5650 anima
2623 5601 2988 5669 ecclesiastica,
3034 5594 3222 5660 ultima
3271 5605 3438 5663 dictio
3489 5609 3542 5664 in
3593 5609 3724 5664 llom.

2155 5664 2288 5720 edit.
2316 5665 2492 5725 fuerat
2515 5678 2812 5743 amputata.
