3920 6358
147 203 275 267 ιτυο

1085 211 1447 278 ΕΧΡΟΒΙΉΟ
1486 212 1742 279 εγω).
1785 218 1937 280 SBC.
1980 219 2137 287 LUC.
2179 219 2306 285 LIB.
2352 224 2483 282 \"III.

3276 236 3415 298 U70

138 327 243 373 tate
272 317 516 380 ridentur
542 321 701 379 fuisse
731 322 944 391 sociati,
987 323 1081 395 qui
1112 325 1414 383 immodicis
1442 337 1603 397 atque
1634 331 1715 385 inv
1740 343 1791 402 Α
1892 334 1978 393 16.
2020 335 2066 391 0
2112 335 2291 391 felicia
2340 338 2544 404 ulcera,
2576 358 2695 411 qua:
2748 354 3063 425 perpetuum
3118 318 3417 410 excludunt

136 411 365 466 numeris
409 411 789 481 cupiditatibus
819 417 1121 472 aestuabant
1151 435 1165 472 :
1196 419 1460 477 Lazarum
1493 438 1629 480 vero
1661 426 1713 480 in

135 503 353 559 Abrahae
379 509 587 575 gremio
639 509 789 578 quasi
838 510 891 563 in
939 511 1169 582 quodam
1223 515 1347 569 sinu
1396 517 1612 587 quietis,
1646 529 1718 575 et

133 596 421 652 sanctitatis
449 612 665 654 recessu
693 600 926 667 locavit;
956 618 1025 658 ne
1052 603 1213 659 illecti
1249 608 1595 675 praesentium
1621 625 1717 665 vo-

135 690 348 759 luptate,
378 705 694 747 maneamus
736 694 789 749 in
827 694 1004 762 vitiis;
1039 697 1127 753 vel
1169 699 1329 756 tzedio
1371 702 1523 767 victi,
1567 703 1717 760 laho-

134 798 240 839 rum
275 781 409 838 dura
440 784 710 856 fugamus.
752 788 877 845 Sive
924 790 1106 861 itaque
1153 792 1395 851 Lazarus
1426 812 1630 867 pauper
1660 799 1714 855 in

133 876 336 942 seculo,
369 877 468 933 sed
496 878 605 934 Deo
629 879 785 936 dives
816 898 830 935 :
863 883 977 938 sive
1003 886 1336 954 apostolicus
1359 888 1555 957 aliquis
1585 905 1718 960 pau—

134 983 219 1038 per
245 968 297 1022 in
324 968 518 1034 verbo,
547 971 789 1041 locuples
828 973 882 1028 in
933 973 1037 1031 fide
1088 974 1288 1048 (neque
1338 979 1484 1034 enim
1529 991 1716 1037 sancta

132 1060 294 1115 onmis
334 1070 649 1131 paupertas,
681 1075 773 1118 aut
799 1064 1003 1121 divitiae
1039 1067 1385 1126 criminoszc:
1414 1072 1510 1128 sed
1548 1083 1606 1129 ut
1629 1074 1714 1129 Iu-

134 1156 275 1212 xuria
302 1156 531 1213 infamat
569 1158 806 1226 divitias,
844 1162 918 1215 ita
966 1173 1337 1233 paupertatem
1369 1169 1719 1223 commendat

134 1252 419 1323 sanctitas),
454 1253 568 1309 sive
598 1269 727 1325 ergo
757 1256 1089 1324 apostolicus
1119 1259 1210 1328 qui
1239 1274 1421 1315 veram
1440 1270 1623 1317 teneat
1655 1262 1718 1316 fi-

134 1346 262 1411 dem,
293 1345 584 1401 verborum
628 1347 843 1413 infulas,
876 1348 1055 1405 fucum
1102 1365 1566 1423 argumentorum,
1598 1371 1715 1411 am-

135 1439 309 1494 bitiosa
335 1440 728 1496 sententiarum
758 1442 1022 1499 velamina
1053 1460 1161 1501 non
1192 1448 1433 1518 requirat
1466 1468 1479 1503 :
1505 1450 1718 1506 fenera-

135 1539 227 1585 tam
266 1533 577 1589 mercedem
606 1534 823 1604 accipit,
850 1536 1175 1606 impugnans
1218 1540 1505 1597 haereticos
1548 1542 1719 1597 Mani-

133 1622 345 1689 cbteum,
376 1621 747 1693 Marcionem,
798 1627 1116 1695 Sabellium,
1149 1632 1360 1698 Arium,
1400 1632 1717 1689 Photinum-

133 1731 224 1785 que
256 1716 368 1789 (isti
397 1717 546 1773 enim
581 1734 687 1774 non
729 1719 873 1774 aliud
901 1736 1062 1791 quam
1093 1721 1291 1778 fratres
1329 1733 1459 1780 sunt
1501 1724 1717 1782 Judaeo—
1746 1735 1795 1795 Β
1822 1737 1952 1789 cor.
1997 1731 2052 1778 el
2110 1724 2413 1796 impinguel
2467 1727 2651 1785 fauces
2697 1745 2887 1787 eorum

133 1825 256 1875 rum,
285 1810 483 1891 quibus
509 1811 755 1883 perfidiae
772 1815 1131 1883 germanitate
1162 1818 1495 1888 nectuntur),
1540 1820 1715 1891 repri-

133 1918 268 1957 mens
292 1886 511 1975 quoque
544 1906 728 1967 carnis
773 1907 1119 1977 cupiditates,
1168 1925 1288 1980 quae
1316 1886 1459 1979 illis,
1479 1921 1537 1967 ut
1579 1886 1711 1983 dixi,

132 1996 346 2066 quinque
371 1996 631 2052 sensibus
663 2008 998 2069 vaporantur
1027 2017 1042 2055 :
1092 2001 1427 2068 feneratam,
1460 2004 1714 2077 inquam,

128 2088 413 2146 mercedem
460 2091 685 2159 accipit,
734 2092 822 2147 cui
872 2096 1246 2164 compensatio
1303 2096 1713 2170 esuberantium

128 2181 405 2251 cupiarum,
438 2190 499 2237 et
529 2171 905 2252 perpetuitatis
936 2199 1103 2239 usura
1135 2195 1242 2240 est.

188 2276 270 2330 14.
310 2274 495 2348 (Vers.
546 2276 638 2340 20,
667 2275 787 2349 2i.)
828 2276 940 2333 Nec
971 2277 1211 2341 alienum
1259 2288 1534 2350 putamus,
1568 2290 1627 2337 ut
1647 2282 1717 2339 de

131 2367 220 2423 fide
242 2383 449 2438 quoque
506 2366 794 2437 opinemur
840 2367 985 2423 hunc
1023 2384 1147 2425 esse
1192 2379 1503 2439 tractatum,
1552 2388 1714 2444 quam

129 2452 342 2512 Lazarus
383 2456 663 2527 abjectam
694 2456 765 2512 de
810 2472 997 2512 mensa
1029 2457 1209 2514 divitis
1255 2460 1521 2531 collegit:
1563 2462 1716 2533 cujus

130 2550 292 2622 utique
334 2552 526 2607 ulcera
567 2550 866 2607 secundum
924 2550 1159 2606 litteram
1199 2551 1353 2608 dives
1399 2553 1717 2611 fastidiosus

130 2642 372 2709 horreret,
405 2659 519 2700 nec
546 2643 689 2699 inter
715 2642 1196 2713 pretiosasepulas
1236 2652 1718 2718 unguentatosque

128 2736 358 2793 convivas
390 2737 627 2793 fetorem
660 2736 902 2792 ulcerum
933 2734 1303 2791 lambentibus
1347 2737 1571 2794 canibus
1599 2752 1719 2794 sus-

130 2830 304 2886 tineret
329 2841 353 2869 α
380 2831 469 2887 cui
496 2831 637 2887 odor
654 2831 823 2899 aeris,
858 2839 913 2886 et
945 2831 1060 2900 ipsa
1083 2841 1228 2885 esset
1252 2840 1444 2885 natura
1468 2830 1714 2887 fastidio:

129 2936 429 2994 quamquam
457 2922 757 2979 insolentia
785 2930 842 2978 et
872 2932 1051 2978 tumor
1076 2921 1305 2977 divitum
1328 2922 1546 2978 indiciis
1566 2937 1719 2979 com-

131 3018 410 3085 petentibus
436 3017 806 3087 exprimatur,
839 3016 986 3088 quod
1023 3017 1096 3071 ita
1142 3016 1478 3073 conditionis
1526 3018 1721 3074 imme-

1818 424 2097 481 dolorem!
2139 427 2185 482 ο
2229 428 2426 486 uberes
2457 432 2636 498 micae,
2682 424 2809 505 quai
2844 439 3112 508 repellitis
3147 441 3412 513 jejunium

1817 519 2230 590 sempiternum,
2286 538 2409 594 quae
2454 526 2798 599 colligentem
2849 546 3139 603 pauperem
3197 538 3419 593 aeternis

1818 610 2051 679 expletis
2081 614 2393 669 alimentis!
2422 616 2729 687 Abjiciebat
2757 636 2854 677 vos
2881 622 2949 679 de
2975 640 3165 680 mensa
3201 641 3297 682 sua
3328 644 3416 685 ar-

1816 703 2234 777 ehisynagogus,
2286 723 2408 764 cum
2454 712 2896 781 pr0pheticarum
2932 717 3334 788 Scripturarum
3359 732 3418 780 et

1816 794 1976 867 Legis
2004 798 2217 854 interna
2248 803 2504 872 mysteria
2533 803 2793 861 refutaret
2819 806 2975 877 (Luc.
2999 826 3127 877 xm,
3154 814 3243 884 14)
3264 856 3279 880 ,
3313 815 3415 869 mi-

1818 903 1895 945 eae
1919 891 2062 946 enim
2087 907 2369 949 sermones
2398 905 2524 951 sunt
2557 897 2983 970 Scripturarum,
3015 903 3084 959 de
3112 906 3306 975 quibus
3333 907 3418 963 di-

1818 981 1957 1037 citur
1985 1001 1998 1038 :
2023 983 2093 1038 Et
2121 987 2386 1053 proiecisti
2406 1006 2664 1047 sermones
2686 1009 2824 1049 meos
2849 1006 2963 1065 post
2990 1008 3037 1051 te
3063 997 3237 1067 (Psal.
3260 1018 3415 1069 xm,

1823 1075 1936 1146 17).
1963 1076 2267 1145 Abjiciebat
2292 1095 2388 1135 vos
2418 1082 2618 1151 scriba,
2642 1085 2738 1140 sed
2765 1085 2963 1143 Paulus
3001 1089 3417 1161 diligentissime

1819 1169 2127 1239 colligebat,
2160 1172 2212 1226 in
2242 1173 2454 1244 injuriis
2478 1177 2593 1231 suis
2622 1178 2805 1248 legens
2821 1180 3059 1250 plebem.
3078 1183 3419 1242 Lambebant

1820 1260 2005 1317 ulcera
2037 1263 2156 1333 ejus
2182 1265 2273 1334 qui
2301 1281 2487 1323 morsu
2516 1270 2788 1340 serpentis
2820 1273 3167 1343 intrepidum,
3189 1292 3421 1336 excusso

1821 1362 2119 1422 serpente,
2186 1356 2461 1424 viderunt,
2507 1370 2562 1416 et
2636 1347 2985 1421 crediderunt
3047 1367 3186 1436 (Act.
3221 1385 3420 1437 xxvm,

1821 1446 1898 1517 6).
1932 1447 2234 1505 Lambebat
2274 1451 2369 1507 ille
2415 1456 2651 1511 carceris
2678 1467 2865 1514 custos
2894 1458 2987 1529 qni
3015 1462 3239 1517 vulnera
3266 1464 3422 1522 Pauli

1820 1537 1984 1606 lavit,
2020 1540 2357 1598 et'credidit
2388 1544 2529 1617 (Act.
2586 1562 2715 1613 xvt,
2749 1549 2864 1619 35).
2912 1550 3065 1606 Beati
3114 1567 3317 1621 canes,
3365 1556 3420 1612 in

1822 1643 1959 1699 quos
2013 1632 2254 1687 ulcerum
2287 1634 2470 1689 talium
2526 1636 2754 1693 distillat
2784 1638 3013 1708 humor;
3047 1652 3104 1696 ut
3128 1643 3429 1716 adimpleat

2934 1752 2947 1787 :
3008 1735 3103 1806 qui
3146 1738 3422 1796 custodire

1819 1814 2059 1884 domum,
2091 1831 2312 1874 servare
2327 1835 2569 1891 gregem,
2593 1837 2786 1879 cavere
2804 1838 3122 1883 assuescant
3150 1829 3330 1899 lupos.

1897 1908 1983 1964 17.
2052 1909 2201 1966 Pone
2259 1927 2403 1967 nunc
2454 1924 2581 1970 ante
2647 1928 2999 1987 conspectum
3071 1923 3426 1981 smcularibus

1819 1999 2051 2055 Arianos
2074 2001 2267 2057 studiis
2294 2002 2556 2069 intentos,
2598 2005 2689 2076 qui
2717 2008 3033 2066 societatem
3063 2014 3317 2081 potentia:
3339 2030 3428 2070 re-

1818 2090 1954 2160 galis
1998 2091 2287 2159 affectant,
2332 2105 2390 2149 ttt
2416 2097 2583 2151 armis
2625 2098 2954 2155 militaribus
2984 2101 3301 2174 impugnent
3329 2105 3429 2162 Ee-

1820 2183 2001 2238 clesire
2050 2184 2374 2241 veritatem:
2409 2203 2592 2243 nonne
2652 2190 2749 2244 tibi
2783 2192 3037 2248 videntur
3084 2196 3139 2250 in
3186 2197 3420 2268 quadam

1818 2291 2058 2347 purpura
2112 2288 2170 2334 et
2226 2279 2391 2351 bysso
2450 2290 2507 2338 et
2556 2286 2850 2340 exstructis
2902 2287 3151 2354 jacentes
3215 2290 3423 2358 thoris,

1820 2372 1909 2441 qui
1953 2387 2052 2442 pro
2091 2374 2235 2427 veris
2281 2373 2461 2429 fucata
2509 2375 2842 2442 defendant;
2887 2379 3090 2435 ditibus
3142 2382 3422 2440 abundare

1820 2463 2186 2530 sermonibus,
2216 2480 2340 2521 cum
2364 2466 2572 2533 jactant
2594 2468 2872 2523 Dominico
2903 2478 3102 2525 terram
3135 2474 3422 2530 tremuisse

1820 2555 1921 2610 sub
1947 2570 2200 2627 corpore,
2234 2558 2434 2613 caelum
2464 2560 2704 2614 tenebris
2733 2560 3048 2627 obductum,
3083 2564 3261 2618 excita
3305 2581 3426 2621 ver-

1822 2646 1890 2702 ho
1918 2648 2087 2703 maria
2111 2649 2197 2705 vel
2226 2649 2413 2705 sedata
2441 2668 2453 2704 :
2496 2661 2868 2708 verumtamen
2906 2654 3000 2710 Dei
3032 2655 3227 2711 Filium
3260 2658 3427 2715 deuc-

1821 2738 2053 2805 gantes?
2079 2735 2363 2794 Constitue
2387 2749 2441 2794 et
2460 2739 2609 2795 illum
2642 2756 2957 2812 pauperem,
2991 2743 3082 2812 qni
3110 2746 3290 2802 sciens
3317 2764 3423 2804 non

1822 2832 1875 2887 in
1905 2844 2179 2894 sermone,
2212 2830 2307 2885 seti
2349 2832 2405 2885 in
2436 2830 2637 2885 virtute
2680 2847 2905 2903 regnum
2940 2834 3035 2889 Dei
3066 2851 3211 2904 esse,
3243 2841 3428 2903 paucis

1821 2922 1950 2991 quid
1981 2923 2211 2979 sentiret
2237 2925 2531 2993 expressit,
2563 2924 2753 2979 dicens
2780 2944 2791 2978 :
2822 2924 2903 2979 Tu
2925 2942 2977 2981 es
3004 2926 3177 2981 Filius
3208 2928 3308 2984 Dei
3328 2931 3429 2984 vivi

1826 3012 2039 3085 (Matth.
2074 3030 2193 3079 xw,
2222 3013 2312 3086 16)
2341 3032 2353 3068 :
2388 3029 2571 3070 nonne
2594 3015 2703 3070 illac
2730 3015 2827 3070 tibi
2866 3015 3118 3072 videntur
3157 3033 3319 3090 egere
3349 3022 3433 3075 di-

131 3124 291 3166 mores
317 3112 583 3166 humanae
609 3110 751 3174 sint,
800 3118 882 3178 ut,
945 3119 1221 3180 tamquam
1253 3125 1420 3181 supra
1466 3120 1717 3167 naturam

1829 3105 1988 3169 vitia),
2032 3104 2151 3161 hazc
2181 3105 2488 3161 redundare
2531 3107 2872 3176 paupertas?
2925 3107 3085 3163 Dives
3132 3108 3161 3148 ι’
3209 3111 3436 3167 haeresis

131 3203 227 3267 siti,
255 3204 320 3259 de
346 3204 591 3260 miseriis
622 3218 923 3274 pauperum
957 3202 1229 3258 incentiva
1250 3216 1472 3258 suarum
1503 3203 1722 3273 capiant

132 3296 467 3367 voluptatum,
529 3296 745 3352 rideant
792 3296 1051 3366 inopem,
1108 3297 1371 3353 insultent
1419 3298 1623 3369 egenti,
1670 3305 1726 3354 et

133 3404 339 3459 quorum
365 3391 625 3448 misereri
660 3389 873 3456 deceat,
904 3390 989 3445 his
1018 3389 1290 3445 auferant.

194 3483 273 3540 I5.
313 3483 625 3554 Utrumque
653 3498 786 3551 ergo
828 3483 921 3553 qui
964 3481 1129 3548 volet,
1166 3489 1442 3552 tamquam
1485 3482 1725 3538 Lazarus

133 3576 349 3647 colligat.
367 3578 468 3633 Cui
506 3576 742 3632 similem
774 3576 923 3631 illum
961 3581 1118 3645 puto,
1146 3574 1237 3643 qui
1265 3590 1442 3630 caesus
1473 3575 1672 3645 sacpius
1694 3590 1724 3629 a

134 3666 317 3729 ludatis
341 3668 417 3741 (Il
448 3668 580 3724 Cor.
614 3664 840 3734 11,25),
894 3665 961 3721 ad
994 3665 1312 3736 patientiam
1360 3664 1723 3732 credentium,

136 3769 183 3815 et
222 3761 561 3817 vocationem
606 3758 854 3829 gentium
929 3757 1115 3813 ulcera
1162 3756 1247 3811 sui
1292 3757 1544 3827 corporis
1591 3756 1726 3811 lam-

137 3850 294 3908 benda
322 3851 655 3926 quibusdam
684 3849 839 3906 velut
866 3851 1096 3906 canibus
1122 3848 1405 3913 offerebat,
1441 3850 1567 3919 quia
1592 3850 1730 3906 scri-

137 3953 267 4012 ptum
295 3955 377 4002 est
404 3963 417 3999 :
449 3943 828 3999 Convertentur
871 3941 940 3995 ad
969 3955 1262 4009 vesperum,
1312 3948 1360 3993 et
1406 3942 1593 4010 famem
1633 3956 1729 4009 pa-

138 4038 305 4091 tientur
334 4048 388 4092 ut
410 4052 569 4091 canes
595 4034 774 4103 (Psal.
806 4048 964 4095 Lvut,
1000 4031 1113 4104 15).
1146 4030 1301 4099 Quod
1331 4031 1552 4100 agnovit
1587 4030 1727 4084 Cha-

137 4132 319 4186 nanitis
364 4131 459 4186 illa
524 4125 738 4202 1475
767 4125 1110 4196 mysterium,
1143 4124 1229 4179 cui
1279 4122 1479 4181 dicitur
1508 4139 1521 4176 :
1554 4120 1726 4177 Nemo

140 4221 264 4275 tollit
292 4238 487 4292 panem
521 4221 778 4285 liliorum,
822 4228 876 4273 et
923 4216 1090 4272 mittit
1118 4214 1345 4270 canibus
1373 4212 1590 4284 (Matth.
1627 4230 1722 4281 xv,

139 4314 244 4387 26).
271 4316 511 4388 Agnovit
538 4315 680 4370 hunc
707 4329 924 4385 panem,
950 4328 1056 4368 non
1089 4327 1283 4383 panem
1311 4325 1433 4367 esse
1458 4310 1549 4382 qui
1575 4310 1727 4366 vide-

139 4414 233 4471 tur,
262 4409 354 4464 sed
386 4410 541 4464 illum
572 4407 663 4478 qui
712 4405 1062 4476 intelligitur;
1114 4412 1171 4460 et
1218 4402 1343 4460 ideo
1394 4401 1676 4472 respondit
1708 4418 1721 4456 :

1827 3196 2119 3267 Evangelia
2147 3198 2314 3252 multa
2343 3198 2648 3269 composuit
2679 3218 2693 3258 :
2726 3214 2930 3269 pauper
2953 3199 3087 3253 fides
3120 3200 3222 3257 hoc
3250 3204 3425 3258 solum

1825 3289 2180 3362 Evangelium
2213 3293 2408 3357 tenuit,
2435 3292 2579 3360 quod
2606 3293 2834 3360 accepit.
2870 3292 3032 3348 Dives
3072 3294 3424 3364 Philosophia

1816 3383 2008 3459 plures
2034 3383 2141 3440 sibi
2168 3384 2304 3440 deos
2340 3384 2470 3440 fecit
2502 3400 2516 3439 :
2544 3399 2750 3455 pauper
2777 3384 3225 3459 Ecclesiaunum
3259 3388 3429 3446 Deum

1824 3478 1997 3533 novit.

1900 3568 1986 3624 I8.
2030 3568 2211 3639 (Vers.
2245 3568 2363 3639 24.)
2405 3569 2551 3624 Inter
2581 3567 2726 3624 hunc
2757 3569 2920 3639 igitur
2946 3570 3167 3627 divitem
3197 3580 3253 3628 et.
3297 3589 3429 3643 pau-

1825 3676 2008 3732 perem
2037 3662 2207 3717 chaos
2256 3677 2510 3731 magnum
2556 3670 2672 3726 est;
2702 3662 2829 3733 quia
2876 3675 2999 3731 post
3051 3674 3282 3720 mortem
3334 3683 3430 3723 ne-

1824 3764 2030 3826 queunt
2057 3756 2249 3811 merita
2278 3755 2497 3822 mutari,
2524 3769 2699 3825 eoque
2719 3756 2773 3809 in
2800 3754 3014 3811 inferno
3040 3756 3194 3812 dives
3221 3758 3429 3814 induci-

1826 3858 1938 3915 tur,
1970 3850 2199 3919 cupiens
2228 3860 2251 3889 ο
2284 3848 2489 3920 aliquid
2530 3849 2598 3905 de
2628 3864 2865 3919 paupere
2911 3850 3157 3918 spiritus,
3201 3852 3427 3922 refrige-

1825 3942 1998 3997 rantis
2023 3940 2277 4005 haurire;
2319 3954 2456 4009 aqua
2483 3940 2626 3995 enim
2660 3940 2882 3996 refectio
2916 3949 3003 3997 est
3028 3942 3221 3997 animae
3250 3945 3303 3999 in
3331 3933 3430 3998 do;

1824 4033 2034 4089 laribus
2076 4032 2411 4097 constitutae,
2452 4032 2518 4087 de
2555 4048 2659 4102 qua
2709 4032 2841 4089 dicit
2881 4033 3069 4089 Esaias
3105 4052 3117 4088 :
3171 4035 3237 4089 Et
3282 4038 3433 4092 saliet

1825 4144 1959 4199 aqua
1981 4143 2097 4180 cum
2123 4125 2461 4181 delectatione
2486 4126 2551 4181 de
2578 4126 2807 4193 fontibus
2860 4128 3101 4182 salutaris
3123 4126 3294 4201 (Esai.
3332 4145 3427 4198 1m,

1827 4219 1907 4292 5).
1933 4210 2042 4275 Cur
2073 4228 2253 4274 autem
2293 4217 2567 4287 cruciatur
2595 4228 2739 4284 ante
2762 4219 3071 4288 judicium?
3100 4221 3235 4288 Quia
3268 4222 3427 4278 luxu-

1825 4312 1974 4367 rioso
1999 4326 2190 4368 carere
2218 4311 2433 4367 deliciis
2468 4325 2627 4381 paena
2668 4320 2772 4366 est.
2805 4310 2938 4366 Nam
2966 4320 3022 4366 et
3054 4312 3315 4369 Dominus
3344 4313 3432 4368 di-

1826 4407 1906 4462 cit
1939 4423 1954 4460 :
1990 4405 2015 4460 1
2026 4406 2075 4460 bi
2106 4406 2203 4460 erit
2242 4405 2394 4475 ﬂetus
2424 4413 2471 4459 el
2496 4405 2691 4458 stridor
2736 4404 3007 4471 dentium;
3046 4420 3161 4458 cum
3200 4406 3427 4462 videritis

145 4498 339 4573 Utique,
383 4501 627 4565 Domine,
674 4516 795 4554 nam
822 4508 871 4554 et
900 4499 1074 4553 catelli
1118 4498 1278 4552 edunt
1318 4498 1382 4551 de
1434 4497 1582 4550 micis
1611 4511 1726 4566 qua:
1753 4517 1803 4577 ι)
1828 4497 2123 4562 Abraham,
2159 4495 2344 4558 Isaac,
2389 4504 2437 4550 et
2480 4494 2678 4563 Iacob,
2726 4506 2775 4549 et
2815 4511 2990 4550 omnes
3040 4495 3321 4565 prophetas
3375 4497 3427 4549 in

144 4593 408 4649 cadunt'de
442 4610 618 4648 mema
646 4593 975 4646 dominorum
1001 4605 1215 4645 suorum
1253 4587 1418 4660 (Ibid.
1438 4628 1453 4654 ,
1478 4588 1595 4659 2'7).
1626 4586 1723 4641 Mi-

142 4699 213 4740 cze
239 4688 351 4742 ista:
378 4688 449 4743 de
471 4688 565 4742 illo
589 4701 725 4755 pane
756 4693 904 4741 sunt.
938 4684 1005 4739 Et
1031 4683 1154 4754 quia
1188 4681 1343 4752 panis
1368 4680 1588 4737 verbum
1616 4687 1721 4743 est,

144 4785 194 4831 et
215 4777 342 4834 fides
367 4779 515 4835 verbi
543 4786 647 4843 est,
665 4777 820 4833 micae
853 4775 1001 4831 velut
1030 4773 1277 4845 quaedam
1310 4771 1562 4843 dogmata
1596 4768 1723 4824 fidei

144 4881 279 4924 sunt.
340 4869 497 4927 Unde
562 4868 840 4939 respondit
901 4866 1163 4923 Dominus
1196 4907 1212 4933 ,
1284 4872 1345 4919 ut
1412 4860 1729 4918 ostenderet

148 4961 366 5020 fideliter
409 4965 612 5020 dictum
668 4982 681 5018 :
717 4962 763 5018 Ο
802 4961 988 5016 mulier
1018 5000 1034 5027 ,
1073 4974 1262 5031 magna
1314 4966 1392 5012 est
1456 4957 1585 5027 ﬁdes
1639 4968 1730 5012 tua

148 5052 327 5124 (lbid.,
368 5053 463 5127 es)
495 5056 509 5110 !

212 5202 235 5230 ⁸
272 5194 430 5249 Rom.
454 5193 581 5248 edit.
601 5234 615 5259 ,
649 5192 731 5245 cui
760 5189 891 5245 odor
918 5189 1088 5267 acris;
1112 5186 1306 5267 melius
1332 5184 1541 5267 aligeac
1567 5197 1724 5267 mss?

149 5266 223 5318 cui
260 5266 386 5318 odor
421 5265 553 5318 aeris
577 5254 841 5336 {taxatur
870 5261 1013 5336 enim
1042 5257 1335 5336 superbum
1368 5255 1548 5336 divitis
1576 5254 1728 5336 fasti-

150 5334 325 5399 dium,
376 5336 466 5404 qui
522 5332 820 5389 naturalem
875 5331 1018 5398 aeris
1071 5325 1392 5384 suavitatem
1440 5325 1728 5381 adscititiis

152 5407 396 5481 odoribus
417 5413 813 5481 corrumperet.
948 5472 959 5481 _

216 5474 242 5513 ι’
305 5478 378 5531 De
434 5468 743 5545 hujusmodi
797 5469 1295 5545 pseudoevangeliis
1336 5468 1559 5545 conside
1609 5478 1729 5537 quae

153 5548 360 5615 scripsit
382 5539 599 5601 sanc'tus
642 5539 837 5598 Doctor
871 5558 1034 5613 supra
1062 5539 1163 5596 libi
1187 5556 1234 5609 ι,
1269 5555 1419 5595 num.
1460 5539 1518 5608 2,
1551 5547 1605 5593 et
1632 5550 1732 5592 nos

149 5615 699 5691 ibider_n__notavintus.
734 5684 761 5691 η
838 5686 885 5691 η
1000 5685 1011 5691 _
1049 5685 1060 5691 Δ
1586 5680 1644 5691 ,,

224 5698 246 5728 ο
284 5688 427 5745 Edit.
456 5687 651 5751 Rom.,
691 5684 885 5753 aliquid
931 5685 1145 5755 spiritus
1184 5699 1217 5737 a
1255 5696 1481 5753 paupere
1516 5680 1734 5752 refrige-

588 5778 862 5839 Ps'raon.
903 5774 1049 5837 XV.

1829 4605 1986 4659 regno
2017 4588 2260 4643 calorum
2288 4587 2439 4657 (Luc.
2471 4603 2598 4654 xm,
2630 4587 2749 4653 28).

1904 4680 1993 4736 I9.
2035 4678 2221 4749 (Vers.
2261 4678 2379 4748 27.)
2418 4677 2585 4734 Serus
2614 4686 2791 4732 autem
2838 4677 2991 4733 dives
3040 4677 3144 4733 iste
3174 4680 3431 4749 magister

1830 4786 1953 4828 esse
1982 4770 2207 4841 incipit;
2236 4784 2359 4826 cum
2386 4768 2498 4837 jam
2530 4783 2631 4823 nec
2659 4767 2903 4823 discendi
2952 4777 3165 4837 tempus
3206 4767 3428 4838 habeat,

1834 4878 1936 4921 nec
1960 4862 2217 4919 docendi.
2248 4862 2365 4929 Quo
2392 4861 2515 4916 loco
2542 4859 2951 4915 evidentissime
2972 4858 3213 4914 declarat
3244 4860 3430 4916 Domi-

1836 4972 1961 5024 nus,
1989 4966 2150 5012 vetus
2201 4956 2606 5011 Testamentum
2659 4966 2782 5007 esse
2832 4951 2955 5007 fidei
3006 4951 3429 5020 firmamentum,

1844 5048 2055 5122 1475
2101 5047 2396 5103 retundens
2443 5042 2725 5117 perfidiam
2756 5042 3092 5109 Judarorum,
3144 5052 3198 5100 et
3243 5046 3431 5102 exclu-

1828 5185 1992 5239 rantis
2017 5184 2247 5239 haurire.
2274 5183 2451 5237 Minus
2487 5181 2662 5245 bene;
2703 5194 2821 5249 non
2841 5177 3007 5244 enim,
3048 5179 3124 5232 uti
3156 5190 3426 5249 putamus,

1828 5270 2020 5323 aquam
2048 5270 2075 5306 a
2108 5268 2375 5336 qlioquam
2420 5252 2643 5322 spiritus
2672 5248 3310 5336 vocabulo‘nominatam
3344 5271 3431 5309 rc-

1830 5320 2029 5397 perias.
2054 5320 2217 5397 Refer
2236 5320 2397 5397 igitur
2412 5320 2599 5397 vocem
2615 5320 2827 5393 spiritus
2859 5322 2972 5397 (aut
3000 5320 3212 5397 spiritu,
3237 5339 3426 5391 quem-

1831 5388 2119 5452 admodum
2165 5388 2387 5450 Am'erb.
2418 5403 2471 5448 et
2492 5393 2598 5447 duo
2626 5388 2755 5445 mss.
2785 5388 3102 5461 praeferunt)
3125 5393 3191 5447 ad
3238 5388 3425 5449 vocem

1868 5465 2401 5539 aupere,_nisigcum
2450 5479 2563 5539 uno
2584 5472 2638 5517 et
2680 5462 3032 5539 altero__tnss.
3086 5466 3427 5539 atque‘cdit.

1886 5531 1964 5593 ra'.
2001 5548 2055 5595 et
2076 5531 2220 5595 ‘Gill.
2253 5536 2304 5591 in
2337 5549 2508 5605 marg.
2553 5535 2732 5603 legere
2779 5531 2935 5588 malis
2960 5533 3025 5586 de
3054 5531 3296 5604 pauperis
3321 5536 3429 5605 spi-

1836 5613 1960 5669 ritu.

2918 5757 2993 5816 19
