3920 6316
505 152 636 212 1771

1829 134 2077 195 SANCTI
2111 132 2441 193 AMBROSll

3666 120 3800 181 1773

503 266 639 330 dens
669 266 938 340 nequitias
968 262 1370 328 haereticorum,
1399 275 1429 314 a
1452 258 1648 329 quibus
1667 271 1820 313 mens
1847 256 2103 326 supplan-
2129 266 2178 322 Α
2207 253 2289 309 bis
2327 252 2582 307 diuturna
2622 246 2987 320 promittitur;
3047 252 3107 300 ut
3144 240 3604 316 quemadmodum
3656 244 3791 298 mala

506 370 654 419 tatur
691 360 988 425 inlirmior;
1031 358 1135 428 ipsi
1180 356 1324 410 enim
1368 350 1550 423 pusilli
1598 357 1754 418 sunt,
1794 350 1890 423 qui
1932 347 2107 405 adhuc

512 453 768 510 nesciunt
794 452 1128 521 incrementa
1157 444 1393 501 virtutis.

506 596 517 607 .
579 545 672 601 20.
716 545 869 600 Licet
908 549 1089 597 autem
1131 539 1419 595 advertere
1465 534 1611 608 quod
1655 536 1710 591 in
1750 528 1916 590 villici
1965 532 2110 589 illius

509 639 825 711 superiore,
873 642 930 691 et
973 634 1134 689 istius
1184 630 1373 687 divitis
1419 628 1673 701 praesenti
1706 626 2110 698 comparatione

512 734 842 791 incentivum
871 726 1259 785 misericordia:
1288 725 1361 781 sit
1390 740 1404 778 :
1435 732 1491 780 et
1532 722 1605 779 ibi
1652 722 1881 778 fortasse
1910 720 2112 776 sanctis

511 838 651 895 quos
670 824 872 878 amicos
898 808 1060 887 dicit,
1091 826 1145 873 et
1171 816 1369 889 quibus
1398 814 1745 871 tabernacula
1776 812 1996 879 tribuit;
2023 810 2112 868 hic

509 932 642 973 vero
667 916 828 971 docet
859 913 1188 984 pauperibus
1208 909 1621 967 conferendum.

582 1010 739 1085 (Cn.
768 1007 933 1066 XVII.
966 1032 1039 1049 --
1064 1006 1226 1062 Vers.
1256 1001 1341 1077 5.)
1378 1002 1443 1060 Si
1477 999 1760 1074 peccaverit
1790 1001 1847 1055 in
1884 1009 1933 1056 te
1953 999 2113 1071 frater

513 1113 656 1169 ηαδ,
688 1104 899 1170 increpa
927 1101 1099 1155 illum.

583 1194 677 1249 il.
717 1195 891 1262 Quam
912 1193 1050 1246 bene
1078 1195 1200 1261 post
1224 1188 1446 1242 divitem
1481 1184 1578 1256 qui
1613 1184 1887 1240 cruciatur
1911 1182 1965 1239 in
1993 1194 2113 1252 pte-

517 1287 626 1354 nis,
655 1286 885 1355 subjecit
917 1290 1246 1354 prmccptum
1272 1279 1442 1335 veniae
1471 1274 1785 1349 largiendm,
1818 1274 1901 1331 his
1929 1277 2117 1345 utique

516 1378 611 1447 qui
660 1391 721 1431 se
757 1375 828 1430 ab
869 1388 1057 1430 errore
1085 1378 1438 1438 convertunt,
1486 1382 1553 1424 ne
1601 1380 1762 1439 quem
1808 1365 2119 1439 desperatio

516 1484 626 1527 non
656 1478 926 1525 revoceta
966 1465 1158 1535 culpa!
1187 1464 1359 1533 Quam
1387 1472 1519 1518 vero
1558 1461 1871 1516 moderatus
1912 1464 2017 1526 est,
2061 1463 2122 1513 ut

518 1574 698 1634 neque
736 1559 975 1616 difﬁcilis
1002 1558 1185 1624 venia,
1226 1571 1328 1611 nec
1368 1554 1597 1610 remissa
1630 1553 1702 1609 sit
1745 1550 2117 1623 indulgentia;

2209 342 2366 399 istius
2417 341 2606 397 mundi
2665 340 2853 396 feriata
2902 335 3224 403 cessabunt,
3259 335 3332 392 ita
3359 335 3521 391 etiam
3550 333 3797 390 vindicta:

2210 436 2476 494 severitas
2502 432 2891 506 conquiescat?
2935 431 3233 489 Sabbatum
3263 440 3442 486 autem
3477 444 3581 484 non
3628 429 3796 485 solum

2211 524 2452 595 dierum,
2502 526 2601 583 sed
2640 526 2804 581 etiam
2854 524 3121 581 mensium
3153 532 3270 588 est;
3318 530 3373 576 et
3413 517 3539 575 ideo
3586 521 3798 591 septimi

2213 621 2420 677 mensis
2444 619 2659 675 decima
2689 616 2780 673 die
2812 616 3036 672 sabbata
3065 612 3413 671 sabbatorum
3451 612 3636 686 (Lavit.
3674 629 3797 676 xxv.

2214 712 2270 784 9)
2301 728 2315 766 :
2347 726 2449 768 nec
2476 711 2651 768 solum
2684 710 2975 777 mensium,
3005 702 3102 764 sed
3133 722 3400 763 annorum
3429 722 3683 778 quoque:
3714 721 3801 762 ne-

2214 820 2320 877 que
2368 819 2633 860 annorum
2682 810 2935 868 tantum,
2987 798 3082 857 sed
3132 802 3295 856 etiam
3348 800 3755 872 generationnm
3786 841 3800 867 ,

2215 906 2493 970 postremo
2521 895 2691 967 ipsius
2718 893 2929 961 mundi,
2961 889 3175 967 1476
3201 889 3357 962 cujus
3389 900 3548 963 typus
3581 901 3667 947 est
3691 891 3806 948 sab-

2216 984 2401 1045 batum
2433 1001 2718 1059 magnum;
2744 987 2884 1042 sicut
2909 984 2964 1041 in
2991 986 3134 1058 Lege
3161 988 3248 1039 est
3275 978 3611 1040 hebdomada
3650 983 3806 1055 septi-

2217 1096 2326 1151 ma,
2380 1089 2504 1153 post
2548 1097 2710 1153 quam
2760 1080 3069 1136 celebratur
3115 1093 3288 1133 annus
3331 1076 3607 1134 Jubiiaeus.
3661 1076 3805 1146 Quod

2217 1173 2535 1247 mysterium
2566 1171 2721 1227 nobis
2767 1169 3029 1224 Dominus
3060 1168 3233 1224 voluit
3262 1168 3532 1234 revelare,
3575 1182 3694 1222 cum
3735 1162 3806 1221 di-

2219 1268 2295 1322 cit
2326 1280 2340 1318 :
2373 1261 2499 1319 Non
2524 1263 2695 1319 solum
2723 1261 2942 1333 septies,
2986 1260 3079 1317 sed
3115 1262 3271 1317 etiam
3300 1260 3593 1334 septuagies
3631 1260 3805 1334 septies

2222 1355 2439 1429 (Matth.
2486 1366 2651 1420 xvm,
2682 1351 2799 1426 22).
2832 1353 2966 1421 Quia
2995 1355 3226 1424 septima
3280 1358 3304 1392 ε
3347 1352 3713 1424 generatione,
3756 1361 3807 1407 ut

2223 1449 2394 1506 babes
2420 1447 2718 1505 secundum
2742 1448 2941 1503 Lucam
2974 1445 3130 1518 (Luc.
3154 1462 3244 1514 ιιι,
3272 1442 3387 1518 57),
3424 1440 3607 1502 Enoch
3634 1456 3807 1517 raptus

2223 1550 2328 1609 est,
2359 1556 2427 1597 ne
2453 1538 2657 1596 malitia
2685 1538 3000 1595 immutaret
3030 1552 3126 1595 cor
3165 1538 3285 1609 ejus
3312 1537 3466 1609 (Sap.
3494 1554 3569 1604 tv,
3611 1536 3693 1609 11)
3718 1555 3733 1605 ;
3762 1545 3807 1593 et

517 1630 785 1728 tte'quem
825 1654 908 1710 vel
939 1663 1158 1708 austera
1206 1648 1467 1721 percellat
1498 1640 1753 1712 invectio,
1803 1646 1887 1701 vel
1928 1645 2115 1702 conni-
2146 1650 2197 1712 Β
2222 1638 2275 1695 in
2306 1651 2373 1692 eo
2400 1636 2622 1691 aculeus
2647 1633 2856 1689 doloris
2879 1631 3103 1701 quievit.
3132 1630 3541 1704 Septuagesima
3571 1644 3741 1687 autem
3760 1639 3808 1686 et

518 1749 703 1805 ventio
733 1745 923 1802 invitet
948 1744 1017 1799 ad
1043 1741 1295 1812 culpam!
1327 1741 1416 1795 Sic
1454 1747 1512 1795 et
1535 1738 1661 1793 alibi
1697 1753 1710 1791 :
1740 1736 1801 1792 Si
1834 1736 2119 1809 peccaverit

516 1846 573 1898 in
596 1852 645 1896 te
670 1844 832 1912 frater
857 1846 978 1891 tuus
995 1878 1011 1904 ,
1040 1836 1170 1889 uade
1197 1842 1243 1888 et
1269 1833 1469 1903 corripe
1490 1844 1604 1885 eum
1631 1829 1764 1884 inter
1791 1836 1839 1883 te
1872 1840 1920 1884 et
1948 1829 2120 1898 ipsum

496 1934 737 2009 (Matth.
788 1946 958 1997 xvm,
1004 1929 1117 2001 15).
1151 1927 1284 1982 Plus
1311 1926 1454 1980 enim
1488 1924 1738 1994 proliciat
1778 1922 1949 1978 amica
1995 1936 2118 1976 cor-

517 2029 716 2098 reptio,
743 2036 907 2095 quam
938 2019 1213 2077 accusatio
1240 2017 1550 2074 turbulenta
1578 2034 1590 2069 :
1624 2016 1716 2071 illa
1746 2014 2005 2085 pudorem
2040 2012 2123 2067 in-

521 2119 679 2183 cutit,
734 2117 852 2171 haec
906 2113 1335 2183 indignationem
1386 2117 1586 2165 movet.
1638 2109 1894 2165 Servetur
1943 2103 2123 2177 potius

520 2209 667 2283 quod
693 2206 850 2280 prodi
883 2212 1112 2271 metuat,
1146 2204 1236 2274 qui
1267 2210 1539 2257 monetur.
1579 2200 1786 2255 Bonum
1813 2200 2013 2269 quippe
2040 2202 2125 2251 εει

518 2310 580 2359 ut
599 2301 829 2356 anticum
860 2298 1033 2368 magis
1064 2307 1116 2351 te
1140 2294 1231 2365 qui
1258 2293 1555 2363 corripitur
1584 2286 1793 2357 credat,
1825 2304 1987 2361 quam
2018 2287 2123 2343 ini-

521 2394 762 2451 micum:
797 2390 1009 2445 facilius
1047 2388 1191 2443 enim
1237 2384 1483 2441 consiliis
1526 2384 1921 2453 acquiescitur,
1965 2390 2125 2453 quam

520 2483 737 2555 injuria:
764 2479 1174 2538 succumbitur.‘
1197 2476 1355 2534 Unde
1378 2482 1434 2533 et
1461 2472 1759 2546 Apostolus
1788 2494 1801 2529 :
1831 2474 2125 2545 Corripite,

523 2576 720 2648 inquit,
769 2582 829 2629 ut
872 2573 1115 2637 fratrem,
1164 2577 1223 2625 ut
1261 2568 1568 2633 erubescat,
1624 2582 1729 2622 non
1763 2576 1819 2623 ut
1847 2566 2127 2623 inimicum

522 2682 653 2743 eum
682 2664 1008 2724 existimetis
1037 2662 1105 2734 (ιι
1145 2660 1325 2717 Thess.
1357 2674 1448 2729 ιιι,
1495 2656 1608 2731 15).
1636 2664 1663 2698 α
1692 2658 1944 2715 lniirmus
1978 2661 2127 2716 enim

526 2770 714 2818 custos
743 2755 1114 2813 diuturnitatis
1152 2762 1236 2810 est
1286 2754 1450 2808 timor
1481 2769 1496 2806 ε
1528 2748 1706 2822 pudor
1743 2761 1923 2807 autem
1956 2752 2129 2808 bonus

530 2853 791 2920 magister
826 2847 1027 2911 cilicii;
1072 2844 1166 2916 qui
1211 2845 1356 2899 enim
1389 2844 1617 2909 metuit,
1655 2841 1989 2914 reprimitur,
2021 2853 2130 2898 non

530 2932 852 3000 emendatur
882 2957 895 2992 :
930 2952 1093 3009 quem
1145 2936 1313 3006 pudet
1337 2936 1547 3002 facere,
1583 2935 1636 2990 in
1665 2947 1915 2991 naturam
1941 2936 2123 2992 vertit.

2221 1729 2451 1799 septima
2474 1728 2824 1799 generatione
2855 1725 3117 1782 Dominus
3146 1735 3305 1781 natus
3330 1741 3396 1781 ex
3421 1723 3606 1793 Maria,
3630 1722 3807 1779 ltuma-

2222 1821 2278 1877 ni
2306 1821 2524 1892 generis
2553 1819 2606 1876 in
2637 1835 2697 1875 se
2725 1828 2942 1890 peccata
2968 1819 3293 1890 suscipiens,
3324 1817 3696 1875 remissionem
3723 1817 3807 1872 tri-

2223 1912 2341 1968 buit
2369 1913 2610 1967 omnium
2635 1910 2975 1967 delictorum.

2294 2003 2387 2059 21.
2430 2003 2572 2076 Ergo
2608 2002 2853 2076 quamvis
2893 2002 3191 2059 secundum
3223 2000 3463 2059 litteram
3504 1994 3674 2060 discas
3717 2002 3807 2059 ire-

2225 2106 2457 2168 quenter
2486 2098 2791 2167 ignoscere,
2842 2112 2942 2152 nec
2982 2096 3410 2168 indignationem
3458 2106 3635 2153 tenere
3664 2094 3806 2170 (nihil

2227 2194 2373 2248 enim
2403 2201 2486 2247 est
2521 2207 2629 2262 quo
2660 2190 2831 2263 possit
2870 2188 3093 2260 oii‘endi,
3139 2192 3225 2248 cui
3254 2190 3563 2263 ignoscendi
3590 2202 3667 2249 est
3696 2206 3808 2247 con-

2225 2278 2503 2353 suetudo),
2537 2291 2717 2339 tamen
2761 2292 2996 2355 agnosce
3044 2283 3399 2355 mysterium;
3456 2296 3625 2355 neque
3678 2285 3805 2338 enim

2227 2375 2402 2431 otiose
2431 2374 2658 2430 sabbato
2688 2372 2824 2430 dixit
2853 2374 3114 2433 Dominus
3141 2362 3399 2431 mulieri:
3430 2374 3649 2429 Dimisso
3677 2391 3729 2428 es
3754 2371 3807 2426 ab

2226 2468 2529 2538 inﬁmitate
2553 2474 2642 2522 tua
2675 2466 2828 2539 (Luc.
2860 2484 2991 2532 xm,
3031 2462 3142 2541 ιε),
3171 2468 3462 2525 ostendens
3500 2464 3631 2538 plebi
3667 2483 3807 2530 suae.

2228 2576 2348 2633 quat
2396 2563 2536 2617 sicut
2580 2562 2779 2617 mulier
2826 2561 2918 2617 illa
2972 2572 3159 2618 vocata
3203 2572 3552 2633 sequeretur,
3592 2558 3810 2616 adventu

2230 2668 2331 2713 suo
2372 2664 2431 2711 se
2470 2650 2749 2711 remisisse
2775 2665 3017 2727 peccata.
3063 2654 3383 2726 Septuagies
3421 2653 3599 2719 itaque
3621 2663 3674 2708 et
3698 2668 3809 2722 sep-

2231 2749 2333 2805 tles
2358 2750 2591 2805 Lamech
2618 2748 3009 2805 condemnatur
3036 2744 3193 2824 (Gen.
3222 2765 3297 2815 tv,
3320 2745 3415 2820 24)
3433 2765 3450 2815 ;
3471 2748 3595 2819 quia
3618 2747 3808 2820 gravius

2232 2842 2527 2914 delinquit,
2559 2836 2587 2879 ἀ
2614 2844 2705 2913 qui
2734 2842 2913 2897 scelus
2957 2840 3084 2897 dum
3117 2843 3292 2914 punit,
3325 2842 3580 2897 admittit.
3610 2840 3807 2897 Omnem

2231 2947 2411 2992 antem
2438 2934 2819 2991 enormitatem
2848 2922 3071 2991 sceleris
3100 2932 3357 3007 baptismi
3377 2945 3706 2989 sacramenta
3737 2932 3806 2987 di-

600 3035 692 3090 22.
731 3031 967 3089 Pulchre
995 3036 1175 3085 autem
1226 3031 1450 3098 posuit:
1507 3027 1570 3083 Si
1618 3030 1903 3097 peccaverit
1950 3028 2006 3081 in
2052 3036 2136 3095 te;
2164 3041 2210 3104 ο
2241 3030 2483 3085 mittunt.
2521 3026 2677 3083 Disce
2719 3041 2849 3098 ergo
2876 3022 3081 3082 donare
3115 3022 3346 3108 injurias
3380 3038 3535 3096 tuas;
3565 3022 3682 3098 quia
3708 3038 3809 3096 per-

531 3143 643 3186 non
673 3127 819 3183 enim
845 3138 997 3194 aequa
1019 3120 1260 3177 conditio
1274 3121 1343 3183 in
1371 3118 1559 3186 Deum,
1597 3120 1982 3190 hominemque
2006 3133 2130 3188 pec-

532 3234 681 3280 care.
715 3219 960 3288 Denique
996 3214 1308 3285 Apostolus,
1350 3211 1442 3283 qui
1471 3209 1638 3266 divini
1666 3218 1750 3267 est
1772 3224 1933 3267 verus
1959 3210 2130 3268 inter-

2232 3118 2575 3179 secutoribus
2604 3120 2718 3175 suis
2747 3116 3000 3174 Christus
3027 3119 3252 3191 ignovit.

2305 3215 2399 3269 25.
2439 3208 2548 3268 Nec
2575 3206 2709 3267 illud
2748 3212 3007 3279 otiosum,
3045 3216 3068 3247 θ
3099 3208 3245 3283 quod
3271 3210 3500 3267 sabbato
3532 3225 3706 3282 passus
3741 3219 3810 3265 est

537 3329 665 3389 pres
693 3310 901 3368 oraculi
933 3325 947 3363 ε
995 3306 1344 3372 ereticum,
1377 3304 1579 3374 inquit,
1609 3301 1638 3342 ι’
1668 3312 1784 3376 post
1822 3316 1977 3358 unam
2021 3318 2135 3358 εον·
2238 3320 2456 3379 magno,
2489 3292 2803 3378 significans
2829 3303 2949 3361 fore
2968 3304 3275 3371 sabbatum,
3302 3321 3409 3373 quo
3434 3319 3579 3360 mors
3597 3301 3809 3359 destrue-

533 3406 818 3476 τεριὶοηεηι
864 3400 1032 3456 devii“
1076 3399 1204 3471 (Τὲισ
1236 3413 1325 3464 ιιι,
1373 3394 1501 3468 1());
1535 3397 1658 3467 (illia
1690 3410 1797 3452 ηοη
1850 3409 1933 3454 eSl
1982 3408 2139 3467 aeque
2237 3410 2389 3457 retur
2416 3416 2443 3454 a
2491 3398 2728 3454 Christo.
2761 3395 2916 3465 Quod
2949 3394 2997 3452 si
3042 3394 3216 3452 Judaei
3256 3392 3542 3452 sabbatum
3585 3396 3654 3464 ita
3690 3396 3811 3452 Cele-

535 3496 765 3571 perlidia
798 3503 857 3549 ut
881 3494 1061 3563 culpa,
1103 3491 1407 3545 veniabilis.
1443 3490 1513 3545 Et
1536 3490 1789 3560 quoniam
1824 3492 2140 3561 plerumque
2241 3493 2435 3560 brant,
2469 3504 2526 3546 ut
2556 3500 2610 3546 et
2639 3505 2880 3567 mensem
2921 3498 2977 3545 et
3013 3502 3212 3547 annum
3254 3494 3424 3562 totum
3474 3486 3623 3561 quasi
3646 3484 3813 3543 sabba-

482 3584 489 3587 ’
534 3604 637 3664 per
662 3585 989 3658 imperitiam
1017 3597 1172 3639 error
1201 3582 1439 3650 obrepit,
1478 3580 1884 3652 corripiendum
1934 3596 2138 3651 praece-

538 3683 656 3754 pit;
695 3684 873 3734 utaut
909 3674 1203 3746 pertinacia
1234 3673 1452 3740 vitetur,
1482 3680 1574 3727 aut
1602 3672 1878 3744 prolapsio
1902 3674 2142 3745 corriga-

541 3782 651 3831 tur.
688 3770 885 3826 V’erunt
914 3766 1042 3838 quid
1068 3774 1152 3821 est
1184 3780 1197 3818 :

615 3863 798 3939 (Vere.
827 3858 912 3931 4.)
951 3858 1015 3916 Si
1042 3857 1230 3930 septies
1256 3870 1533 3913 conversus
1573 3858 1731 3930 fuerit
1753 3857 1824 3912 ad
1849 3866 1914 3926 te,
1946 3857 2146 3914 dimitte

541 3956 625 4014 illi
644 3958 671 4012 7

617 4047 710 4102 25.
750 4044 889 4100 Num
909 4043 1082 4098 venite
1114 4056 1368 4097 numerus
1393 4042 1713 4113 praelinitur,
1767 4056 1834 4099 an
1861 4058 1993 4100 vero
2021 4046 2149 4116 quia

546 4152 673 4196 eum
697 4135 929 4204 septimo
948 4133 1039 4187 die
1066 4132 1394 4201 requieverit
1420 4132 1562 4187 Deus
1589 4134 1659 4188 ab
1686 4134 1941 4191 omnibus
1958 4132 2150 4207 operi-

550 4230 655 4287 bus
683 4227 819 4291 suis,
852 4235 976 4296 post
1005 4224 1401 4280 hebdomadam
1448 4223 1606 4280 istius
1636 4227 1823 4282 mundi
1868 4230 2024 4299 quies
2054 4245 2153 4286 no-

2244 3594 2356 3641 tum
2385 3584 2642 3654 habeant,
2695 3591 2898 3655 quanto
2924 3582 3094 3654 magis
3123 3599 3221 3638 nos
3249 3582 3693 3639 resurrectionem
3720 3577 3812 3637 Du-

2244 3678 2381 3736 mini
2402 3678 2691 3735 celebrare
2721 3674 3017 3733 debemus!
3049 3676 3116 3732 Et
3153 3676 3277 3733 ideo
3308 3678 3547 3749 majores
3578 3674 3813 3733 tradidere

2249 3771 2405 3827 nobis
2436 3778 2779 3840 pentecostes
2808 3785 2999 3826 omnes
3043 3768 3430 3842 quinquaginta
3475 3769 3589 3826 dies
3627 3779 3680 3823 ut
3719 3781 3813 3839 pas-

2249 3864 2365 3920 chze
2395 3862 2787 3929 celebrandos;
2829 3862 2954 3935 quia
2991 3871 3194 3917 octavae
3242 3860 3596 3919 hebdomadis
3632 3858 3811 3918 initium

2250 3952 2614 4014 Pentecosten
2662 3954 2806 4010 facit.
2844 3948 2999 4011 Unde
3029 3965 3083 4011 et
3110 3953 3404 4026 Apostolus
3452 3956 3603 4029 quasi
3643 3951 3814 4009 Christi

2252 4048 2572 4120 discipulus,
2604 4047 2693 4119 qui
2724 4048 2892 4104 sciret
2936 4046 3309 4104 diversitatem
3344 4063 3469 4105 esse
3513 4058 3813 4118 temporum,
3878 4046 3889 4055 '

2253 4140 2499 4198 scribens
2530 4138 2598 4197 ad
2624 4138 2937 4196 Corinthios
2972 4157 2985 4193 :
3031 4138 3187 4210 Apud
3224 4152 3334 4206 vos,
3386 4136 3581 4212 inquit,
3627 4138 3815 4213 forsitan

2257 4231 2514 4300 manebo;
2541 4238 2589 4287 et
2612 4230 2861 4304 hyemabo
2890 4231 2933 4302 (ι
2962 4226 3082 4286 Cor.
3114 4228 3404 4303 xv1,6).Et
3423 4232 3559 4288 inl'ra
3589 4250 3602 4287 :
3628 4228 3814 4287 Manebo

627 4340 775 4424 fita
797 4349 906 4395 vet.
947 4340 1078 4424 edit.
1111 4348 1166 4424 ει
1203 4342 1383 4424 cuncti
1431 4358 1561 4399 mss.
1588 4343 1825 4424 _‘duobus
1869 4350 2134 4424 exceptis,
2164 4358 2220 4419 ι)
2242 4361 2387 4408 ctum
2415 4352 2620 4409 volunt.
2651 4352 2765 4421 Qua
2795 4350 2864 4408 de
2910 4366 2973 4407 re
3024 4351 3190 4407 multa
3221 4351 3553 4424 interpretes
3600 4353 3651 4406 in
3700 4350 3815 4404 hunc

551 4414 642 4470 ubi
678 4414 870 4485 legitur
898 4410 1180 4485 :Jgtﬁrmis
1210 4413 1341 4467 enim
1370 4424 1540 4469 custos
1566 4415 1840 4472 diuturnus
1866 4429 1938 4473 est
1963 4410 2138 4475 timor;

553 4482 920 4543 Romfvero:
965 4482 1218 4553 Inﬁrmus
1247 4485 1382 4539 enim
1423 4496 1594 4543 custos
1644 4489 1908 4545 diuturna:
1953 4494 2154 4546 bonita-

552 4559 617 4613 tis
635 4598 648 4622 ,
682 4566 787 4612 etc.
1184 4613 1188 4616 ε

627 4627 655 4666 h
696 4625 953 4696 Qumdam
986 4625 1117 4697 edit.
1152 4626 1321 4681 Paris.
1346 4669 1360 4695 ,
1403 4638 1515 4697 post
1561 4648 1719 4685 unam
1758 4642 1847 4686 aut
1875 4634 2153 4689 secundum

557 4699 947 4766 surreptionem.
978 4696 1326 4775 Seti‘videtur
1351 4700 1574 4757 omnino
1594 4704 2147 4775 Atnbrosius‘legisse,

559 4782 672 4841 post
696 4782 851 4844 unam
880 4769 1515 4844 correptionemrﬁtenim
1560 4788 1663 4827 non
1705 4776 1879 4831 solum
1915 4769 2033 4844 hic,
2061 4769 2153 4833 ve;

562 4840 679 4895 rum
709 4842 870 4894 etiam
915 4840 1009 4895 lib.
1047 4857 1084 4895 ιι
1123 4842 1193 4895 de
1234 4842 1505 4898 Abraham
1552 4856 1605 4900 et
1633 4847 1762 4902 alibi
1799 4863 1990 4902 omnes
2020 4840 2154 4903 alite

561 4911 691 4965 edit.
722 4926 865 4964 cum.
901 4926 1032 4985 mss.
1068 4911 1127 4985 in
1164 4913 1303 4968 hanc
1333 4915 1621 4970 lectionem
1664 4921 1997 4985 conspirant.
2026 4919 2158 4975 Post

560 4994 727 5051 pauca
763 4996 890 5059 vero
930 4982 1063 5059 edit.
1095 4980 1259 5059 lium.
1287 4994 1633 5059 reposuerat,
1669 4988 1729 5044 Si
1766 4980 1952 5059 septies
1981 4991 2034 5044 in
2074 4990 2158 5044 die

558 5068 832 5106 conversus
860 5055 1017 5122 fuerit
1038 5055 1107 5107 ad
1135 5064 1181 5108 te
1205 5056 1381 5109 dicens
1403 5096 1416 5117 ,
1444 5055 1663 5111 Paenitet
1686 5076 1764 5113 me
1784 5076 1804 5114 :
1822 5055 2031 5115 dimitte
2050 5060 2152 5114 illi.

563 5126 633 5176 At
660 5141 779 5176 cum
804 5124 965 5177 lectio
999 5135 1178 5179 nostra
1213 5129 1261 5179 in
1291 5136 1403 5179 aut.
1429 5130 1558 5181 edit.
1590 5139 1646 5182 et
1663 5135 1873 5186 cunctis
1897 5147 2027 5184 mss.
2061 5131 2157 5185 Ita-

557 5192 770 5257 beatur,
792 5193 981 5274 locum
1006 5199 1072 5249 ah
1103 5196 1331 5264 ipsxmet
1353 5198 1637 5254 Ambrosio
1662 5213 1998 5257 contractura
2024 5200 2155 5257 fuis-

559 5278 622 5319 se
647 5267 1066 5319 εχιειὶιιιίιιιόυιιι
1096 5278 1197 5321 est.

636 5344 659 5373 α
700 5334 903 5417 Eadem
933 5336 1094 5417 edit..
1137 5339 1460 5408 generatione
1504 5330 1682 5397 Enoclt
1727 5341 2008 5399 secundum
2047 5332 2155 5399 Lu-

559 5418 673 5479 cani
702 5411 934 5479 ponitur,
952 5408 1045 5479 (qui
1066 5420 1244 5479 raptus
1272 5420 1361 5465 est.

630 5472 659 5559 ἦ
702 5472 1035 5559 Videlunltic
1072 5472 1224 5550 sequi
1265 5480 1615 5559 Atnbt‘oslus_
1640 5486 1994 5559 quorumdam
2049 5478 2153 5559 lie»

559 5545 833 5628 timorum
846 5545 1174 5628 Opinionem,
1192 5555 1548 5628 asserentium
1574 5545 1802 5611 Cainum
1825 5572 1855 5611 a
1879 5554 2153 5612 Lameclio

558 5619 935 5686 interemptum
978 5619 1180 5699 fuisse;
1211 5624 1300 5692 qui
1348 5631 1526 5681 tamen
1561 5640 1692 5683 casu
1729 5627 1954 5685 fortuito
1982 5628 2037 5687 id
2067 5628 2149 5683 l'a-

2252 4425 2458 4481 locum.

2331 4498 2357 4531 ο
2396 4496 2553 4550 Rom.
2594 4494 2727 4550 edit.
2765 4491 3063 4558 sola,quod
3106 4491 3315 4547 sabbato
3358 4494 3589 4563 sepultus
3612 4501 3696 4547 est.
3724 4485 3812 4544 Sed

2254 4566 2482 4621 aliarum
2503 4582 2567 4620 ac
2614 4578 2747 4620 mss.
2770 4565 3009 4620 omnium
3054 4568 3108 4619 in
3140 4579 3273 4620 voce
3304 4579 3495 4633 passus
3532 4568 3604 4619 est
3649 4570 3814 4618 conve-

2256 4639 2517 4693 nientium
2544 4637 2868 4693 auctoritate
2886 4636 3226 4702 adducimur,
3252 4629 3314 4690 ut
3332 4629 3606 4695 Christum
3625 4634 3815 4691 sabbato

2278 4723 2475 4763 )aSSUlII
2510 4708 2629 4762 ideo
2677 4707 2764 4761 hic
2792 4706 2897 4761 dici
2940 4717 3305 4767 autumemus.
3355 4710 3440 4764 vel
3471 4708 3592 4776 quia
3623 4715 3726 4776 erat
3763 4716 3813 4776 ea

2278 4726 2475 4763 )aSSUIII
2510 4726 2629 4762 meo
2677 4726 2764 4761 ntc
2792 4726 2897 4761 UICI
2940 4726 3305 4767 autumemus.
3355 4726 3440 4764 vet
3471 4726 3592 4776 qum
3623 4726 3726 4759 erat
3763 4726 3813 4757 ca

2255 4726 2690 4857 dicamne-esea
2713 4779 2775 4833 ad
2806 4790 3040 4857 sequens
3084 4778 3414 4857 sabbatum,_
3445 4780 3529 4834 vel
3568 4772 3699 4848 quod
3720 4772 3815 4857 “ut

2247 4852 2440 4926 statim
2466 4843 2780 4926 'stthjicitur.
2832 4843 3117 4926 sabbatum
3166 4850 3238 4903 ita
3280 4843 3646 4926 celebraretur
3681 4864 3705 4899 δ
3739 4843 3815 4900 ,Ιυι

2257 4922 2392 4977 dacis
2421 4932 2478 4976 ut
2504 4932 2561 4975 et
2585 4922 2791 4976 mensis
2813 4932 2868 4975 et
2898 4934 3075 4975 attnuit
3102 4922 3274 4983 instar
3298 4923 3512 4978 sabbati
3539 4922 3811 4977 haberem-

2260 4992 2360 5048 Ubi
2391 5009 2521 5048 vero
2548 5007 2738 5046 omnes
2768 4992 2897 5045 edit.
2929 5002 2984 5046 et
3009 4993 3193 5062 plures
3232 5009 3364 5047 mss.
3407 4995 3587 5047 Statim
3622 4989 3812 5059 subjun-

2256 5071 2411 5133 guut,
2444 5080 2684 5134 magnum
2714 5064 3036 5132 signiﬁcans,
3069 5070 3177 5118 etc.
3198 5105 3210 5125 ,
3242 5064 3670 5118 maluimuscnm
3706 5072 3809 5134 mss.

2258 5129 2402 5207 aliis,
2452 5129 2906 5207 iisqttetnelioris
2952 5142 3096 5188 notae
3137 5136 3320 5207 legere
3364 5152 3584 5205 ntagno,
3619 5143 3713 5187 etc.
3739 5129 3815 5184 Ju-

2257 5204 2393 5259 d;eis
2421 5206 2562 5259 enim
2588 5206 2691 5258 tria
2718 5202 2847 5258 festa
2878 5212 3032 5259 erant
3056 5221 3176 5273 qua:
3194 5202 3413 5260 sabbata
3438 5202 3623 5276 inagna
3646 5213 3813 5276 nullou-

2258 5276 2541 5345 pubantur,
2570 5275 2765 5344 pascha
2797 5276 3023 5345 scilicet,
3049 5270 3385 5344 pentecoste,
3414 5292 3481 5332 ac
3507 5270 3807 5345 sccnopcgia.

2257 5344 2486 5414 quorum
2519 5348 2748 5414 primum
2778 5344 2967 5401 eodem
3006 5360 3148 5400 anno
3183 5346 3455 5402 incidebat
3484 5349 3536 5402 in
3571 5344 3807 5414 sabbatum}

2258 5406 2585 5487 ιὶιίιιιιενίιιί
2637 5432 2705 5471 ex
2757 5415 3221 5477 sacris.bistoriis
3272 5417 3659 5487 intelligimus.
3686 5406 3805 5487 Quod

2256 5502 2419 5557 porto
2462 5485 2657 5542 dicitur
2702 5502 2734 5542 ι.
2781 5489 2891 5542 dies
2927 5498 2984 5541 ut
3030 5487 3223 5557 pascha
3265 5482 3617 5553 celebrandas,
3649 5485 3734 5540 hoc
3754 5482 3806 5557 tle

2255 5544 2572 5631 Quibusdam
2599 5557 2800 5631 ritibus
2816 5544 3256 5631 intelligendum,
3290 5559 3361 5617 dc
3382 5560 3578 5631 quibus
3604 5544 3655 5617 in
3676 5544 3802 5627 Apolo

2257 5628 2428 5686 David
2448 5643 2569 5701 cap.
2601 5630 2658 5700 8,
2683 5644 2741 5687 ιι.
2772 5627 2863 5686 42.
