3920 6324
255 172 399 239 i775

1196 182 1561 244 EXPOSITIO
1586 168 1853 245 avsus.
1896 184 2044 245 suc.
2087 182 2242 252 Luc.
2284 188 2412 250 ue.
2461 191 2593 254 vm.
2629 272 2637 284 '

3412 215 3549 288 ιπι

248 302 420 346 autent
486 291 679 365 Ephesi
720 310 880 367 usque
921 297 990 352 ad
1048 309 1414 371 pentecosten;
1457 307 1647 361 ostium
1702 307 1836 361 enim
1870 308 1921 368 Α
2014 304 2107 362 29.
2151 309 2257 366 Sed
2289 326 2411 367 cum
2444 312 2498 368 in
2528 313 2635 371 alio
2662 314 2948 389 Evangelii
2977 319 3120 379 libro
3147 323 3365 397 (Matth.
3415 348 3551 404 xvn,

244 382 370 437 mihi
393 394 633 457 apertum
658 395 729 442 est
754 405 997 459 magnum
1027 390 1195 465 (Ibid.
1222 436 1236 461 ,
1263 394 1298 451 8
1323 406 1367 451 et
1395 395 1476 468 9).
1497 396 1681 469 Itaque
1706 399 1850 468 apud

243 473 563 535 Corinthios
591 479 845 554 byemem
876 485 1021 555 agit,
1054 501 1284 557 quorum
1313 490 1591 547 erroribus
1616 492 1852 565 angeba-

245 578 369 636 tur;
401 574 545 640 quod
569 590 757 631 eorum
790 578 933 634 circa
966 578 1059 636 Dei
1085 582 1288 637 cultum
1331 581 1554 656 frigeret
1580 584 1803 643 affectus
1833 606 1846 643 :

240 677 365 718 cum
397 661 658 735 Ephesiis
684 679 1032 737 pentecosten
1074 674 1332 741 celebrat,
1376 687 1536 748 atque
1563 678 1647 734 his
1686 676 1853 736 tradit

242 758 529 830 mysteria,
573 764 781 820 relaxat
823 765 1099 835 animum;
1143 769 1265 840 quia
1297 754 1422 827 ﬁdei
1466 774 1727 832 cernebat
1762 792 1852 831 ar-

239 849 376 907 dore
403 852 706 911 ferventes.
740 859 881 931 Ergo
905 875 1001 930 per
1026 863 1125 917 hos
1154 864 1540 938 quinquaginta
1572 868 1850 941 diesjeju-

240 945 393 999 nium
437 948 612 1003 nescit
640 946 907 1019 Ecclesia,
934 954 1075 1009 sicut
1120 955 1398 1013 Dominica
1443 975 1545 1029 qua
1585 958 1849 1019 Dominus

236 1040 578 1107 resurrexit,
612 1049 668 1098 et
693 1055 818 1098 sunt
852 1059 1043 1101 omnes
1078 1046 1194 1103 dies
1239 1056 1511 1120 tamquam
1546 1052 1847 1109 Dominica.

310 1131 403 1188 26.
448 1132 569 1188 Erit
596 1144 650 1190 et
688 1134 791 1191 alia
828 1135 1108 1194 Dominica
1137 1157 1243 1209 qua
1271 1140 1608 1198 Dominicum
1652 1158 1849 1215 corpus

232 1235 512 1298 resurgat.
535 1224 697 1283 Novit
716 1227 856 1286 hanc
882 1230 1101 1298 Paulus,
1133 1235 1223 1303 qui
1254 1234 1329 1290 ait
1361 1254 1374 1291 :
1402 1232 1509 1293 Vos
1531 1248 1702 1293 autem
1726 1240 1849 1296 estis

233 1336 432 1392 corpus
461 1318 676 1389 Christi,
712 1332 760 1379 et
787 1326 1013 1381 membra
1040 1340 1102 1381 ea:
1127 1328 1364 1384 membris
1392 1328 1433 1400 (1
1458 1330 1579 1385 Cor.
1608 1348 1707 1398 xu,
1728 1329 1845 1404 27).

232 1410 355 1471 Hoc
385 1414 535 1473 enim
562 1431 759 1487 corpus
790 1417 1001 1474 Domini
1030 1428 1086 1475 et
1124 1435 1246 1476 ossa
1274 1418 1339 1476 de
1370 1422 1585 1479 ossibus
1615 1424 1733 1495 ejus
1759 1440 1850 1480 ca-

231 1507 335 1579 piti
390 1506 754 1564 cohaerebunt
799 1529 813 1566 :
873 1509 1040 1585 Caput
1081 1524 1250 1568 autem
1314 1511 1565 1571 Ecclesite
1614 1515 1847 1572 Christus

226 1599 523 1673 (ΕρΙιεεΝ,
539 1600 654 1674 23).
670 1598 825 1659 Tunc
846 1621 976 1677 ergo
997 1605 1240 1663 cessabit
1269 1606 1563 1680 jejunium,
1588 1610 1845 1682 quoniam

1955 398 2044 467 l9)
2074 400 2143 459 de
2172 411 2357 462 monte
2381 404 2457 461 sit
2473 406 2698 473 dictum.
2733 411 2889 482 cujus
2916 418 3131 486 species
3162 420 3302 476 nuda
3329 398 3555 496 gignen;

1954 491 2087 548 tium
2110 496 2327 563 vitium,
2353 498 2928 575 olearumquejejuna,
2954 507 3243 568 infecunda
3261 491 3554 589 messibus,

1951 594 2074 655 apta
2102 584 2347 643 latibulis
2397 588 2721 658 bestiarum,
2778 595 3125 672 ferarumque
3177 605 3423 664 cursibus
3472 584 3560 666 in;

1951 677 2136 746 quieta
2166 720 2181 744 ,
2221 678 2571 738 extollentem
2623 698 2683 740 se
2711 685 3055 746 altitudinem
3089 700 3349 765 nequitia:
3399 700 3559 770 spiri-

1951 769 2115 825 tualis
2138 768 2388 827 videatur
2419 776 2753 845 exprimere,
2787 778 2927 835 sicut
2971 785 3233 856 scriptum
3261 797 3345 843 est
3378 807 3391 844 :
3425 768 3562 850 Ecce

1952 874 2046 932 ego
2066 861 2135 914 ad
2163 873 2231 929 te,
2259 878 2407 918 mons
2436 878 2700 939 corrupte,
2724 870 2814 939 qui
2829 875 3117 942 corrumpis
3140 892 3339 932 omnem
3366 887 3559 936 terram

1950 951 2167 1026 (Jerem.
2202 970 2274 1021 ιι,
2306 956 2439 1028 25);
2468 961 2719 1029 congruit
2743 970 2807 1017 ut
2834 962 2937 1020 hoc
2956 976 3173 1038 quoque
3201 969 3325 1026 loco
3371 972 3560 1041 opine-

1953 1064 2076 1103 mur
2105 1049 2158 1103 id
2190 1048 2413 1116 dictum,
2450 1054 2707 1122 quoniam
2742 1054 2879 1113 ﬁdes
2907 1060 3156 1129 Spiritum
3182 1064 3427 1122 excludit
3456 1068 3562 1124 im-

1952 1139 2236 1205 mundum,
2271 1146 2508 1199 maxime
2545 1156 2666 1199 cum
2701 1145 2914 1205 arboris
2953 1160 3145 1208 natura
3174 1154 3298 1212 huic
3328 1170 3560 1215 concur-

1950 1238 2037 1286 rat
2063 1233 2331 1303 Opinioni.
2365 1232 2498 1289 Nam
2528 1235 2736 1292 fructus
2775 1239 2895 1309 ejus
2944 1244 3120 1312 primo
3147 1245 3295 1305 albet
3318 1251 3371 1304 in
3399 1248 3560 1320 ﬁore,

1950 1323 2147 1381 deinde
2173 1326 2285 1397 jam
2319 1327 2586 1384 formatus
2619 1331 2874 1400 irrutilat,
2907 1341 3219 1395 maturitate
3270 1342 3554 1412 nigrescit.

1950 1414 2212 1475 Diabolus
2234 1437 2451 1493 quoque
2479 1438 2544 1479 ex
2571 1424 2776 1482 albenti
2803 1430 3062 1500 angelica:
3090 1432 3226 1491 ﬂore
3264 1447 3474 1494 natura:
3505 1449 3563 1495 et

1948 1520 2219 1581 potestate
2268 1516 2534 1584 rutilanti,
2585 1518 3036 1589 praevaricatione
3084 1526 3356 1598 dejeetus,
3411 1539 3558 1589 tctro

1948 1602 2225 1661 inhorruit
2271 1606 2441 1663 odore
2484 1610 2713 1678 peccati.
2746 1610 2829 1668 En
2859 1614 2955 1670 tibi
2978 1614 3131 1673 illum
3166 1620 3354 1677 arbori
3403 1640 3561 1681 moro

223 1692 279 1748 in
309 1705 577 1764 perpetua
597 1696 940 1766 jucunditatc
960 1698 1224 1772 fatigatio,
1242 1716 1370 1756 cura
1391 1744 1406 1769 ,
1438 1701 1701 1781 lassitudo
1726 1718 1826 1761 ces‘

1947 1696 2255 1754 dicentem:
2280 1696 2590 1772 Eradicare,
2615 1714 2662 1759 ct
2677 1707 2887 1779 jactare
2925 1708 2981 1763 in
3027 1707 3191 1779 mare,
3232 1727 3356 1769 cum
3386 1713 3560 1787 legio-

221 1789 400 1845 sabit.
428 1788 583 1846 Tunc
614 1807 763 1848 mors
792 1791 1144 1850 destruetur:
1189 1792 1491 1850 Nouissima
1522 1799 1658 1853 enim
1709 1815 1846 1854 mors

224 1879 449 1956 1577
469 1884 763 1951 destruetur
785 1882 828 1957 (1
841 1882 959 1942 Cor.
975 1903 1066 1952 xv,
1091 1886 1211 1960 26).
1242 1886 1380 1944 Nam
1411 1888 1512 1945 etsi
1534 1889 1769 1946 cessavit
1791 1892 1843 1947 in

218 1972 450 2043 Enocb,
486 1987 540 2032 et
572 1992 679 2031 non
729 1990 805 2034 est
841 1978 1057 2035 inventa
1086 1980 1155 2036 in'
1187 1994 1290 2047 eo;
1336 1976 1613 2037 destructa
1658 1990 1843 2037 tamen

218 2084 335 2123 non
359 2078 447 2125 est
473 2086 486 2123 :
513 2068 606 2123 ille
634 2071 779 2126 enim
815 2080 1000 2142 raptus
1025 2082 1131 2140 est,
1168 2082 1226 2127 ut
1251 2071 1506 2128 evaderet
1533 2088 1655 2128 eam
1686 2071 1839 2145 (Gen.

215 2176 274 2226 ν,
308 2155 454 2231 24);
488 2158 739 2218 Christus
790 2178 845 2217 nt
891 2162 1217 2229 destrueret,
1263 2163 1573 2219 immolatus
1621 2173 1723 2219 est.
1774 2162 1845 2219 Et

211 2248 347 2307 ideo
378 2252 522 2306 bene
553 2250 690 2308 dixit
718 2269 733 2307 :
769 2251 872 2309 Ubi
892 2264 986 2319 est,
1015 2271 1173 2321 mors,
1206 2255 1424 2309 uictoria
1453 2256 1584 2309 tua?
1608 2254 1709 2311 Ubi
1744 2265 1840 2324 est,

213 2359 388 2407 mors,
416 2344 629 2397 aculeus
670 2356 788 2400 tuus
817 2344 864 2418 (1
889 2343 1011 2400 Cor.
1046 2362 1138 2409 xv,
1179 2344 1313 2418 55)?
1344 2344 1487 2420 Ergo
1525 2347 1578 2403 in
1613 2349 1715 2403 hac
1753 2360 1841 2403 re-

209 2435 572 2492 surrectione
622 2437 820 2492 iterum
850 2438 1101 2494 Christus
1128 2448 1401 2510 tamquam
1448 2455 1549 2494 suo
1591 2448 1840 2511 resurget

210 2527 267 2583 in
327 2542 590 2598 corpore.
635 2526 834 2584 Beatus
881 2530 1065 2601 itaque
1111 2530 1199 2602 qui
1232 2531 1491 2587 habuerit
1529 2544 1737 2602 partem
1785 2534 1839 2589 in

211 2621 405 2691 prima
466 2623 907 2689 resurrectione;
971 2622 1111 2678 sicut
1171 2624 1317 2679 enim
1394 2625 1648 2697 primitiae
1714 2624 1842 2680 dor-

209 2714 514 2770 mientium
559 2712 829 2782 Christus,
882 2717 963 2774 sic
1011 2726 1138 2773 tunc
1170 2718 1423 2788 primitiae
1474 2727 1501 2755 ι
1549 2733 1840 2789 resurgen-

207 2807 354 2863 tium
378 2806 637 2879 Ecclesia
668 2819 721 2864 et
751 2810 921 2864 sancti
951 2809 1069 2877 ejus
1096 2809 1144 2879 (l
1172 2809 1292 2864 Cor.
1324 2825 1417 2875 xv,
1447 2806 1565 2880 20).

279 2896 381 2953 27.
428 2899 545 2955 Hoc
574 2901 891 2971 mysterium
921 2901 1114 2956 Petrus
1166 2905 1307 2958 scire
1332 2917 1438 2956 non
1471 2901 1666 2977 potuit.
1702 2898 1838 2958 For-

1949 1803 2075 1847 nem
2101 1792 2265 1863 ejecit
2293 1808 2359 1851 ex
2388 1795 2633 1863 homine,
2668 1798 2721 1854 in
2756 1810 2953 1869 porcos
2979 1807 3217 1862 transire
3243 1807 3511 1879 permittit
3543 1827 3556 1863 :

1949 1884 2040 1955 qui
2069 1887 2331 1958 exagitati
2358 1886 2631 1947 diabollco
2656 1892 2879 1963 spiritu,
2912 1909 2972 1951 se
2994 1896 3048 1952 in
3074 1899 3245 1955 maria
3279 1900 3559 1959 demerse-

1946 1986 2096 2033 runt.
2630 1986 2639 1999 ‘

2018 2070 2108 2127 30.
2140 2071 2240 2128 Hic
2264 2073 2427 2146 igitur
2454 2074 2610 2133 locus
2636 2076 2979 2138 hortatorius
3007 2082 3075 2138 ad
3107 2082 3294 2155 ﬁdem,
3346 2086 3555 2146 docens

1948 2160 2166 2237 1578
2195 2164 2480 2223 moraliter
2505 2170 2667 2225 etiam
2690 2186 2754 2228 ea
2802 2188 2925 2243 quae
2971 2174 3201 2232 solidata
3248 2189 3396 2249 sunt,
3450 2180 3556 2241 ﬁde

1946 2269 2107 2324 posse
2137 2252 2385 2313 dissolvi.
2416 2259 2496 2317 Ex
2540 2260 2645 2318 ﬁde
2687 2271 2868 2321 autem
2899 2264 3160 2335 charitas,
3194 2285 3259 2326 ex
3289 2271 3557 2331 charitate

1944 2361 2092 2418 spes,
2123 2359 2177 2406 et
2206 2366 2395 2409 rursus
2422 2355 2478 2410 in
2502 2370 2563 2412 se
2586 2366 2781 2414 sancto
2821 2360 3057 2432 quodam
3113 2364 3342 2420 circuitu
3371 2364 3557 2424 rerun-

1942 2439 2169 2497 duntur.

2013 2532 2295 2606 3l.(Vers.
2316 2534 2372 2603 τ,
2394 2537 2478 2610 8.)
2516 2538 2773 2611 Sequitur
2800 2550 2861 2597 ut
2887 2559 3049 2600 nemo
3080 2542 3134 2600 in
3159 2548 3418 2618 operibus
3432 2548 3551 2621 glo-

1940 2624 2116 2679 rietur
2142 2643 2154 2678 :
2184 2626 2307 2696 quia
2335 2627 2458 2699 jure
2484 2628 2713 2686 Domino
2742 2632 3003 2690 debemus
3036 2637 3383 2710 obsequium.
3413 2642 3550 2701 Nam

1941 2718 1988 2772 si
2043 2727 2101 2772 tu
2156 2734 2266 2774 non
2316 2721 2455 2777 dicis
2506 2738 2667 2781 servo
2715 2729 2909 2795 aranti,
2955 2740 3048 2784 aut
3091 2746 3228 2788 oves
3256 2738 3547 2805 pascenti:
3637 2766 3642 2770 -

1939 2804 2156 2900 Transi,
2172 2814 2409 2868 recumbe
2429 2814 2875 2892 (ubiintelligitur
2894 2823 3015 2892 quia
3048 2825 3231 2881 nullus
3254 2814 3544 2900 recumbit,

1940 2898 2045 2955 nisi
2072 2911 2198 2958 ante
2225 2906 2505 2961 transierit
2534 2923 2547 2959 :
2581 2908 2813 2979 denique
2842 2921 2899 2966 et
2935 2912 3148 2987 Moyses
3192 2924 3321 2974 ante
3371 2898 3550 2978 trans-

201 3005 364 3049 tasse
389 2992 580 3049 scierit
609 2993 676 3050 de
698 2992 889 3051 Enoch
920 3011 934 3048 :
961 2995 1082 3067 quis
1107 3006 1287 3052 tamen
1316 2996 1491 3065 potuit
1517 2998 1834 3069 mysterium
1872 2991 2056 3080 :ivlt,
2082 3002 2141 3050 ut
2164 3011 2420 3067 magnum
2452 3000 2626 3056 visum
2651 3000 2921 3075 videret);
2947 3008 2990 3061 si
3023 3024 3155 3080 ergo
3185 3020 3239 3066 tu
3272 3028 3380 3070 non
3411 3014 3548 3074 dicis

195 3087 601 3144 absconditum
635 3089 686 3144 in
717 3089 829 3145 Deo
858 3090 1090 3152 humana
1119 3100 1300 3146 mente
1325 3088 1836 3162 comprehendere?
1863 3071 1909 3134 (ἶ
1939 3101 2099 3143 servo
2126 3097 2221 3145 tuo
2253 3108 2264 3143 ε
2295 3089 2582 3163 Rewmbe,
2604 3096 2698 3151 sed
2722 3071 2893 3169 exigis
2918 3098 2987 3156 ab
3016 3071 3262 3161 eovaliud
3292 3107 3545 3166 ministe-

201 3180 415 3240 Veniat
446 3198 576 3255 ergo
606 3182 872 3239 Dominus
903 3183 956 3239 in
988 3184 1225 3238 animam
1254 3201 1453 3251 meam,
1505 3185 1559 3240 in
1592 3195 1832 3242 mentem

196 3292 421 3344 meam,
457 3284 622 3345 atque
654 3291 773 3330 eam
823 3272 1076 3346 subjiciat
1117 3276 1255 3343 sibi;
1310 3287 1367 3331 ut
1415 3292 1536 3332 cum
1586 3275 1830 3347 subjecta

196 3385 370 3428 mens
395 3368 561 3425 fuerit
585 3383 701 3424 mea
730 3410 747 3435 ,
778 3369 956 3424 dicam
986 3388 998 3422 :
1040 3367 1162 3424 Non
1190 3369 1373 3426 timebo
1397 3370 1559 3438 mala,
1587 3369 1830 3439 quoniam

197 3472 253 3518 tu
276 3477 493 3517 mecum
524 3476 576 3514 es
615 3458 838 3533 (Psalm.
871 3476 1003 3523 χχιι,
1035 3459 1115 3531 4).

275 3552 478 3626 (Vers.
507 3551 588 3625 6.)
631 3551 693 3607 Si
713 3551 1000 3607 habueritis
1032 3551 1184 3622 ﬁdem
1206 3554 1339 3607 sicut
1358 3569 1579 3624 granum
1598 3553 1821 3623 sinapis,

194 3646 395 3703 dicetis
425 3644 547 3699 huic
565 3644 739 3698 arbori
763 3660 906 3699 moro
925 3660 944 3698 :
976 3643 1281 3713 Eradicare,
1306 3656 1352 3700 et
1359 3648 1566 3718 jactare
1585 3646 1638 3701 in
1660 3660 1821 3710 mare,

193 3752 242 3798 et
271 3739 531 3797 obaudiet
550 3738 710 3793 vobis.

265 3832 376 3889 28.
425 3832 500 3886 De
537 3844 709 3904 grano
755 3829 959 3900 sinapis
1002 3844 1163 3900 supra
1196 3826 1400 3884 dictum
1449 3837 1550 3893 est,
1580 3844 1725 3885 nunc
1752 3828 1820 3886 de

190 3928 409 3985 arbore
463 3924 598 3979 mori
647 3934 729 3979 est
773 3923 1181 3994 disputandum.
1216 3922 1484 3978 Arborem
1533 3923 1673 3994 lego,
1711 3938 1817 3978 non

192 4030 393 4078 tamen
427 4018 678 4079 arborem
708 4017 899 4073 'credo.
951 4016 1083 4071 Nam
1139 4031 1260 4087 qua:
1311 4018 1476 4083 ratio,
1512 4016 1603 4088 qui
1631 4016 1815 4086 prole-

192 4127 328 4175 ctus
361 4110 455 4167 hic
496 4120 705 4176 noster,
732 4119 789 4165 ut
811 4111 976 4166 arbor
1006 4125 1127 4182 quae
1157 4108 1532 4165 laborantibus
1563 4111 1814 4179 agricolis

190 4209 349 4269 ierat
369 4208 596 4274 fructus,
620 4206 949 4270 eradicetur,
994 4214 1050 4261 et
1073 4205 1321 4260 mittatur
1350 4205 1402 4259 in
1436 4220 1584 4260 mare
1608 4204 1814 4266 ?Licet

195 4309 306 4359 hoc
333 4318 439 4375 pro
466 4302 667 4359 virtute
697 4300 824 4357 ﬁdei
851 4296 1114 4371 possibile
1136 4299 1466 4369 judicemus,
1492 4311 1551 4354 ut
1577 4297 1812 4355 sensibi-

192 4396 346 4453 lihus
402 4395 649 4465 imperiis
686 4402 878 4448 natura
922 4392 1254 4448 insensibilis
1284 4391 1615 4462 obsequatur
1641 4410 1653 4445 :
1679 4390 1805 4464 quid

1933 3181 2096 3247 rium,
2128 3190 2183 3238 et
2207 3185 2411 3254 gratias
2433 3186 2484 3241 ei
2511 3203 2617 3242 non
2641 3190 2755 3260 agis
2787 3209 2800 3245 :
2826 3188 2899 3246 ita
2926 3209 3027 3250 nec
3050 3194 3101 3251 in
3127 3206 3180 3253 te
3202 3200 3407 3269 patitur
3428 3202 3539 3259 Do-

1934 3276 2111 3330 minus
2135 3277 2293 3350 unius
2325 3294 2481 3334 usum
2512 3296 2637 3338 esse
2667 3282 2849 3353 operis
2878 3295 2972 3342 aut
2999 3287 3201 3346 laboris
3224 3293 3383 3365 ;quia
3406 3295 3536 3354 dum

1931 3366 2189 3435 vivimus,
2220 3368 2484 3428 debemus
2513 3388 2733 3446 semper
2761 3376 3001 3447 operari.

2003 3462 2088 3554 52.
2136 3462 2317 3554 (Vers.
2349 3464 2465 3538 t7.)
2504 3466 2652 3539 Ergo
2680 3484 2914 3541 agnosce
2940 3486 3063 3529 esse
3091 3482 3143 3531 te
3173 3490 3390 3554 servum
3424 3477 3545 3550 plu-

1928 3552 2082 3609 rimis
2104 3552 2384 3627 obsequiis
2412 3556 2821 3615 defeneratum.‘
2845 3560 2965 3617 Non
3012 3570 3066 3621 te
3110 3552 3385 3640 praeferas,
3410 3573 3540 3642 quia

1926 3644 2068 3702 ﬁlius
2096 3644 2193 3704 Dei
2222 3647 2421 3706 diceris
2455 3667 2468 3703 :
2497 3653 2837 3724 agnoscenda
2864 3656 3063 3726 gratia,
3123 3660 3219 3714 sed
3245 3677 3352 3716 non
3386 3662 3538 3733 igno-

1923 3736 2093 3794 randa
2150 3748 2387 3822 natura.
2420 3739 2609 3814 Neque
2662 3753 2714 3799 te
2753 3744 2934 3814 jactes
2984 3744 3030 3801 si
3078 3747 3222 3804 bene
3262 3753 3481 3809 servisti
3510 3796 3530 3822 ,

1922 3830 2065 3901 quod
2121 3833 2299 3889 facere
2329 3820 2590 3890 debuisti.
2638 3834 2969 3908 Obsequitur
3023 3839 3127 3907 sol,
3181 3820 3528 3912 obtemperat

1922 3922 2071 3989 luna,
2104 3925 2346 3980 serviunt
2366 3926 2562 3997 angeli.
2594 3926 2698 3982 Vas
2726 3929 2963 3999 gentium
2989 3930 3195 3988 electus
3219 3951 3248 3989 a
3274 3934 3529 3996 Domino:

1922 4017 2044 4073 Non
2075 4036 2210 4087 sum,
2244 4020 2434 4091 inquit,
2467 4019 2655 4092 dignus
2684 4023 2856 4077 vocari
2885 4026 3180 4095 apostolus,
3209 4029 3331 4099 quia
3348 4048 3529 4104 perse-

1918 4117 2067 4164 cutus
2096 4127 2209 4164 sum
2240 4106 2531 4166 Ecclesium
2561 4110 2660 4168 Dei
2699 4108 2752 4180 (Ι
2782 4112 2903 4170 Cor.
2936 4132 3024 4180 xv,
3051 4115 3132 4188 9).
3166 4118 3372 4176 Deinde
3402 4121 3531 4181 alibi

1917 4202 2119 4257 nullius
2146 4218 2206 4257 ee
2233 4203 2527 4259 ostendens
2553 4205 2833 4261 conscium
2883 4206 3081 4279 culpae,
3111 4210 3341 4281 subjecit
3370 4233 3384 4270 :
3418 4217 3529 4271 Sed

1914 4310 2015 4348 non
2043 4295 2099 4348 in
2119 4296 2550 4366 hocjustiﬁcatus
2575 4314 2689 4351 sum
2717 4297 2762 4373 (1
2792 4299 2913 4355 Cor.
2948 4318 3023 4369 tv,
3054 4300 3134 4373 4).
3166 4302 3234 4360 Et
3264 4323 3363 4361 nos
3394 4323 3528 4380 ergo

1913 4401 2021 4440 non
2048 4402 2078 4441 a
2106 4386 2261 4441 nobis
2289 4387 2504 4442 laudem
2537 4391 2835 4461 exigamus,
2871 4408 2972 4448 nec
3014 4395 3392 4464 prteripiamus
3438 4400 3527 4470 ju-

190 4489 299 4545 Sibi
331 4487 454 4542 vult
480 4457 661 4545 tamen
687 4487 851 4541 etiam
878 4486 992 4556 ipsa
1016 4485 1228 4539 arboris
1261 4457 1513 4554 species?
1542 4483 1669 4555 Legi
1693 4457 1807 4554 qui-
1841 4457 1889 4517 D
1915 4477 2114 4534 dicium
2138 4476 2274 4544 ,Dci,
2307 4486 2364 4535 et
2393 4483 2788 4549 prseveniamus
2813 4485 3140 4539 sententiam
3158 4486 3359 4556 judicis
3385 4505 3399 4544 :
3425 4490 3525 4547 sed

191 4588 323 4636 dem
355 4597 368 4633 :
400 4578 592 4633 Pastor
644 4595 784 4634 eram
823 4594 1125 4644 caprarum,
1149 4576 1396 4631 vellicans
1432 4593 1578 4630 mora
1631 4574 1843 4649 (Amos‘

193 4688 290 4741 vtt,
332 4670 458 4743 M).
478 4681 537 4728 et
566 4680 695 4741 puto
740 4669 1066 4741 prophetam
1098 4668 1435 4739 signiﬁcasse
1462 4668 1639 4735 nobis,
1664 4668 1809 4738 quod

192 4781 265 4823 ex
298 4771 655 4836 peccatorum
680 4777 847 4834 grege
902 4768 1159 4831 peccator
1210 4759 1327 4830 ipse
1364 4774 1664 4816 conversus
1695 4760 1808 4815 sit:

192 4858 328 4915 licet
352 4857 651 4912 conveniat
677 4866 733 4910 ut
756 4855 975 4910 futurus
1001 4853 1243 4925 gentium
1273 4850 1540 4923 propheta
1572 4850 1808 4907 fructum

192 4946 470 5025 quaesisse
530 4948 779 5006 videatur
834 4949 889 5005 in
931 4949 1198 5017 sentibus,
1260 4946 1441 5002 cibum
1465 4962 1529 5000 ex
1562 4945 1806 5001 sentibus

190 5045 438 5111 eruisse,
465 5042 560 5099 sed
589 5043 880 5099 decoloros
906 5050 962 5097 et
985 5040 1182 5098 fetidos
1195 5055 1392 5110 greges
1414 5040 1677 5110 gentium,
1710 5052 1808 5109 po-

192 5138 360 5206 pulos
405 5134 718 5200 stationum,
745 5134 802 5188 in
830 5147 1054 5188 suorum
1109 5132 1433 5202 scripton
1466 5130 1682 5201 pascuis
1726 5130 1809 5185 lo-

191 5238 444 5297 caturus,
473 5239 533 5283 ut
554 5226 826 5298 spirituali
856 5225 1155 5282 refectione
1194 5226 1656 5297 pinguescerent;
1689 5223 1808 5294 ipse

192 5332 379 5379 autem
402 5321 470 5378 de
490 5308 778 5392 peccatore
798 5333 1064 5376 converso
1106 5318 1191 5376 lac
1212 5318 1496 5390 spiritualc
1518 5316 1805 5387 mulgeret.

270 5474 295 5502 ³
338 5462 460 5519 Vet.
482 5458 1059 5537 edit.,_resu_rgentium
1085 5456 1356 5537 Ecclesite,
1384 5468 1430 5515 et
1462 5455 1627 5537 sancti
1655 5455 1799 5537 ejus;

192 5548 356 5602 mss.,
383 5522 759 5605 resurgentium
790 5522 1023 5587 Ecclesia
1043 5539 1090 5585 et
1114 5531 1280 5588 sancti
1306 5522 1455 5605 ejus;
1478 5528 1635 5584 Rom.
1660 5522 1793 5595 edit.

193 5602 567 5681 νεεκτέιεξαίιέξδ
588 5602 911 5681 ἀκοσμίας·
1326 5602 1361 5681 ⁷.
1442 5670 1456 5681 .
1532 5669 1549 5681 .

264 5674 295 5713 δ
334 5670 484 5732 Edit.
512 5674 673 5730 Rom.
703 5670 839 5740 sola,
865 5670 1220 5742 Interrogatus
1245 5689 1279 5725 a
1307 5670 1667 5741 phariswis....
1699 5670 1799 5721 uti-

1910 4586 2010 4625 soo
2033 4572 2288 4640 tempori,
2318 4570 2603 4641 suojudici
2633 4588 2997 4630 reservemus.
3035 4574 3164 4632 Post
3194 4578 3310 4635 lucc
3337 4596 3525 4651 repre-

1912 4662 2223 4719 henduntur
2273 4663 2470 4734 ingrati
2506 4671 2708 4734 :atque
2757 4665 2827 4719 ita
2888 4668 3103 4723 demum
3133 4669 3199 4725 ad
3231 4678 3520 4731 tractatum

1912 4755 2074 4811 futuri
2095 4756 2310 4811 venitur
2330 4754 2542 4823 judicii.

1980 4846 2162 4918 (Vers.
2185 4847 2278 4911 3|,
2302 4846 2423 4916 52.)
2462 4846 2529 4901 In
2554 4847 2651 4902 illa
2670 4848 2799 4903 Itora
2817 4851 2905 4920 qui
2956 4853 3115 4921 fuerit
3146 4853 3208 4907 in
3258 4863 3412 4921 tecto,
3464 4867 3521 4913 et

1905 4957 2026 4996 uasa
2056 4943 2166 5014 ejus
2192 4942 2246 4995 in
2274 4939 2425 4994 domo
2446 4983 2460 5008 ,
2486 4956 2551 4996 ne
2588 4941 2867 4997 descendat
2914 4944 3094 4999 tollere
3118 4945 3212 5000 illa
3235 4962 3254 5000 :
3275 4949 3433 5019 etqui
3460 4949 3519 5005 in

1905 5051 2032 5108 agro
2059 5035 2297 5091 similiter
2325 5050 2430 5090 non
2467 5033 2642 5091 redeat
2681 5044 2839 5091 retro.
2862 5034 3119 5095 Hemores
3145 5048 3305 5096 estote
3331 5043 3517 5100 uxoris

1908 5127 2027 5183 Lot.

1979 5221 2069 5277 53.
2100 5220 2131 5259 δ
2171 5220 2543 5292 Interrogatus
2588 5236 2620 5277 a
2649 5221 2931 5292 discipulis
2987 5223 3246 5280 Dominus
3290 5228 3513 5298 quando

1908 5315 2121 5371 veniret
2162 5329 2388 5384 regnum
2419 5312 2541 5380 Dei,
2570 5312 2648 5371 ait
2676 5332 2689 5367 :
2722 5311 2962 5387 Regnum
2983 5312 3080 5371 Dei
3120 5317 3259 5373 intra
3295 5335 3385 5374 vos
3439 5326 3514 5377 est

1943 5467 2116 5526 ue_per
2141 5450 2421 5526 libertatem
2436 5450 2642 5526 gratias.
2668 5446 2777 5526 sed
2807 5448 2858 5502 in
2891 5465 3021 5504 voce
3042 5450 3311 5526 pharisteis
3334 5455 3511 5526 potuit

1943 5469 2004 5506 ue
2026 5469 2116 5523 per
2141 5469 2421 5504 twertatem
2436 5469 2642 5520 grauat.
2672 5469 2777 5504 aeu
2807 5469 2858 5502 Ill
2891 5469 3021 5504 V066
3042 5469 3311 5521 pnartsa'ts
3334 5469 3502 5526 potutl

1906 5469 1964 5579 ἕ.
1992 5523 2190 5578 Doctor
2217 5522 2301 5575 vel
2325 5522 2609 5592 memoria,
2642 5519 2723 5575 vel
2752 5534 2858 5590 quo
2877 5534 3004 5575 usus
3031 5529 3118 5576 est
3140 5523 3349 5588 codice,
3367 5525 3502 5592 falli;

1905 5605 2264 5664 praeterquam
2295 5591 2438 5662 quod
2466 5591 2519 5645 in
2548 5594 2795 5664 sequenti
2826 5604 2982 5645 versu
3019 5592 3225 5648 mentio
3251 5595 3311 5649 lit
3340 5591 3505 5651 disci;

1904 5662 2151 5735 polorum
2181 5682 2194 5718 :
2223 5677 2324 5721 vos
2354 5672 2533 5721 autem
2559 5662 2820 5719 ueritatem
2842 5670 2988 5721 recta
3008 5671 3123 5731 est;
3147 5674 3270 5721 cum
3302 5665 3418 5733 illa,
3440 5674 3503 5724 ut
