3920 6338
439 263 580 325 17ῗῦ

1765 245 2012 313 ὃΑΝΩΤΙ
2052 243 2372 307 Αδιιιιιοειι

3591 241 3726 308 "id

434 378 615 450 (γεγε.
647 378 774 446 2t);
809 374 991 444 utique
1021 387 1116 442 per
1139 372 1418 424 veritatem
1441 368 1777 440 gratlaemon
1797 381 1894 436 per
1915 380 2029 421 serv
2057 363 2110 425 Α
2135 361 2442 422 exeundum
2476 381 2487 418 :
2531 363 2626 419 sed
2653 362 2705 417 in
2737 361 2989 418 omnibus
3012 357 3206 420 modus
3250 357 3512 427 quaeritur
3535 371 3549 421 ;
3572 356 3732 425 quid.

431 470 659 524 \‘lllllcm
684 468 880 533 culpa).
914 465 1096 533 Itaque
1124 463 1216 532 qui
1249 460 1362 514 vult
1387 475 1508 516 esse
1538 460 1696 523 liber,
1727 459 1798 512 sit
1839 472 2032 512 servus

435 560 490 616 iu
516 560 764 620 Domine;
782 573 844 613 ea
861 556 1004 610 enim
1027 563 1177 624 parte
1204 567 1307 620 qua
1338 551 1728 621 participamur
1747 550 2030 613 servitute,

437 653 833 724 participamur
850 656 907 704 et
937 660 1120 715 regno.
1143 644 1374 714 Aitergo
1395 641 1660 713 :Regnuot
1676 639 1776 694 Dei
1789 643 1930 695 intra
1951 657 2034 695 vos

434 752 511 797 est
534 757 554 796 :
576 740 790 812 quando
815 747 996 794 autem
1028 737 1244 792 veniret
1264 778 1279 802 ,
1314 736 1488 790 noluit
1507 735 1712 801 dicere,
1757 733 1852 789 sed
1900 732 2038 788 dixit

427 831 616 902 judicii
667 830 810 885 diem
843 844 966 885 esse
994 837 1329 892 venturum;
1363 834 1424 880 ut
1466 833 1733 880 terrorem
1784 823 2038 878 omnibus

430 924 618 995 judicii
648 921 983 978 imminentis
1006 921 1297 986 incuteret,
1321 933 1423 974 nec
1447 917 1797 974 securitatem
1823 915 2039 971 dilatio-

434 1015 520 1073 nis
541 1013 777 1070 aiferret.

504 1109 596 1166 54.
631 1109 697 1163 Et
726 1121 795 1163 ne
820 1106 1099 1162 videretur
1124 1104 1451 1160 contristare
1471 1100 1790 1170 discipulos,
1823 1109 1846 1138 ⁸
1881 1099 1927 1154 si
1954 1099 2038 1153 bis

432 1201 636 1272 aliquid
665 1201 984 1271 denegaret,
1019 1198 1095 1252 ait
1125 1197 1178 1251 itt
1203 1197 1313 1250 alio
1339 1195 1518 1272 libro:
1556 1191 1635 1247 De
1661 1193 1746 1247 die
1773 1201 1946 1246 autem
1992 1201 2041 1245 et

430 1292 564 1348 liora
613 1309 761 1346 nemo
787 1293 903 1352 scit,
965 1306 1130 1358 neque
1155 1286 1328 1360 angeli
1371 1287 1639 1352 (telorum,
1675 1302 1836 1356 neque
1866 1283 2040 1339 Filius

437 1384 654 1453 (Matth.
691 1399 835 1448 xxtv,
876 1382 992 1453 56).
1023 1381 1167 1436 Bene
1225 1380 1402 1435 medie
1449 1369 1630 1447 posuit
1683 1378 1905 1443 Filium,
1955 1387 2042 1433 est

433 1478 578 1533 enim
610 1475 752 1533 idem
789 1477 932 1530 lilitts
961 1474 1373 1530 ll0lllllllSFlllUS
1400 1475 1531 1542 Dei;
1559 1486 1610 1528 ut
1635 1475 1806 1542 magis
1835 1472 2038 1528 dictum

438 1569 738 1626 secundum
761 1569 929 1624 lilium
947 1568 1186 1623 hominis
1207 1569 1570 1631 aestimemus,
1594 1567 1715 1632 quia
1737 1576 2040 1636 temporum

436 1668 598 1719 linem
631 1679 737 1719 non
783 1679 879 1732 per
919 1675 1166 1717 naturam
1199 1661 1455 1729 heminis,
1505 1661 1600 1716 sed
1642 1677 1740 1731 per
1789 1671 2038 1716 naturam

2133 456 2264 526 quid
2314 463 2496 511 autem
2523 453 2890 509 abundantius
2934 460 3039 516 est,
3068 466 3100 506 a
3131 449 3273 505 male
3299 458 3404 504 est.
3438 447 3522 504 Sit
3544 448 3735 517 aliquis

2136 562 2436 604 consensus
2465 547 2531 602 ad
2555 555 2788 616 tempus,
2845 554 2904 600 ut
2958 557 3211 599 vacemus
3233 540 3504 597 orationi:
3536 539 3610 595 sit
3643 538 3733 595 ali-

2137 657 2242 711 qua
2267 641 2409 696 inter
2433 640 2828 696 sollicitudines
2851 638 3058 705 mundi,
3091 646 3147 694 et
3168 633 3597 705 intemperantia
3619 647 3736 688 cra-
3781 663 3784 666 ~

2139 734 2296 805 pulas
2325 732 2592 789 sobrietas
2614 731 2983 803 religionis,et
3002 729 3236 786 inducite
3263 726 3527 783 castitatis
3553 725 3599 796 (l
3619 725 3736 782 Cor.

2139 843 2235 893 vn,
2261 825 2342 898 ε).

2212 919 2304 976 58.
2347 919 2487 990 Ergo
2512 918 2640 988 quia
2663 928 2888 989 propter
2926 915 3205 987 improbos
3227 927 3454 970 necesse
3479 920 3563 968 est
3589 910 3738 982 probi

2141 1013 2196 1067 in
2221 1010 2326 1066 hoc
2353 1010 2555 1067 steculo
2577 1010 2958 1065 contritionem
2996 1007 3179 1064 cordis
3205 1006 3511 1074 animaeque
3536 1003 3738 1074 patian-

2143 1113 2252 1170 tur,
2278 1119 2387 1175 que
2422 1104 2730 1160 uberiorem
2761 1102 3070 1160 mercedem
3099 1102 3374 1172 accipiant
3393 1101 3451 1156 in
3480 1099 3736 1166 futurum,

2144 1195 2400 1252 remediis
2429 1195 2805 1260 instruuntur;
2837 1204 2895 1250 ut
2920 1195 3010 1264 qui
3033 1195 3087 1248 in
3107 1192 3292 1249 Judtea
3340 1201 3492 1258 sunt,
3543 1191 3744 1263 fugiant

2144 1287 2198 1342 in
2229 1297 2442 1343 montes
2471 1285 2692 1360 (Matth.
2747 1301 2894 1354 XXIV,
2929 1284 3043 1358 16).
3083 1287 3217 1352 Quae
3265 1292 3352 1341 est
3379 1284 3485 1339 ista
3509 1282 3741 1338 Iudaea?

2143 1379 2279 1436 Novi
2309 1381 2453 1435 enim
2485 1389 2540 1434 et
2566 1380 2732 1447 aliam
2753 1378 2995 1434 ledaeam
3019 1377 3320 1434 secundum
3335 1375 3615 1446 spiritum,
3638 1389 3742 1431 non

2143 1471 2441 1528 secundum
2471 1472 2706 1526 litteram
2738 1487 2750 1522 :
2782 1469 2953 1524 Notus
2990 1469 3136 1525 enim
3163 1469 3215 1523 in
3246 1467 3437 1522 Iudam
3451 1465 3599 1522 Deus
3625 1465 3738 1538 (Ps.

2145 1581 2306 1631 Lxxv,
2342 1565 2416 1636 i).
2457 1565 2653 1632 Quales
2677 1573 2856 1620 autem
2887 1564 2977 1619 isti
3005 1571 3217 1618 montes
3256 1563 3347 1633 qui
3375 1564 3586 1634 possint
3630 1577 3739 1618 me-

2145 1670 2257 1716 tunt
2285 1659 2449 1715 futuri
2480 1659 2740 1716 cohibere
2774 1657 2989 1728 judicii,
3019 1673 3143 1714 cum
3175 1657 3441 1728 scriptum
3471 1656 3546 1712 sit
3576 1655 3738 1711 :Tre-

432 1759 530 1814 Dei
563 1749 731 1813 novit.
763 1756 875 1812 Nec
901 1756 1140 1812 alienum
1198 1764 1382 1811 tamen
1409 1772 1436 1808 a
1466 1754 1575 1809 fide
1599 1764 1706 1819 est,
1751 1755 1796 1809 si
1849 1753 2045 1809 Filium
2075 1755 2122 1815 Β
2151 1770 2265 1808 mor
2295 1763 2467 1806 autem
2492 1766 2686 1806 montes
2712 1753 2981 1823 occupabit
3016 1750 3188 1824 (Esai.
3239 1767 3384 1819 ιιιν,
3419 1748 3479 1822 3)
3500 1751 3526 1805 ?
3556 1748 3741 1806 Citium

432 1851 668 1921 accipias
699 1850 816 1905 Dei.
850 1849 988 1916 Quid
1018 1850 1160 1904 enim
1186 1857 1271 1903 est
1293 1847 1437 1916 quod
1455 1849 1626 1902 bonus
1654 1847 1815 1902 Pater
1841 1847 2035 1902 Filium

432 1943 714 2007 celaverit,
738 1943 821 1997 cui
853 1942 1035 1996 omnia
1061 1939 1245 1994 dedit?
1282 1939 1392 1994 Aut
1435 1938 1712 2009 quomodo
1753 1954 1860 1993 non
1887 1939 2040 1994 dedit

437 2035 802 2104 cognitionem
833 2033 1120 2102 temporis,
1136 2032 1222 2086 cui
1249 2029 1454 2095 deditb,
1471 2029 1640 2099 ipsius
1659 2030 1852 2100 judicii
1888 2043 2040 2101 pete-

435 2126 674 2181 statem?
701 2125 985 2191 Quomodo
1007 2133 1189 2180 autem
1218 2124 1389 2179 Filius
1432 2123 1644 2178 nescire
1668 2133 1846 2192 potest
1893 2123 2040 2193 quod

339 2206 345 2212 ’
431 2217 597 2272 Pater
623 2219 774 2271 novit
796 2232 810 2281 ;
835 2232 957 2271 cum
987 2217 1038 2270 in
1066 2216 1224 2271 Patre
1252 2215 1418 2270 Filius
1439 2216 1530 2277 sit,
1554 2224 1610 2270 et
1631 2214 1867 2285 Spiritus
1890 2232 2043 2272 scru-

398 2299 400 2306 l
439 2322 584 2366 tetur
609 2313 775 2367 etiam
804 2310 911 2365 alta
946 2311 1035 2363 Dei
1066 2307 1247 2381 (Joan.
1278 2324 1390 2374 xn',
1423 2307 1546 2380 il);
1579 2323 1700 2363 cum
1735 2309 1849 2378 ipse
1873 2309 2042 2364 Filius

434 2401 665 2456 altitudo
700 2403 771 2456 sit
797 2401 1106 2455 divitiarum
1131 2399 1432 2470 sapientiae,
1474 2407 1530 2454 et
1558 2399 1802 2452 scientia:
1848 2399 1945 2454 Dei
1977 2398 2040 2465 (l

437 2491 558 2548 Cor.
590 2509 652 2559 ιι,
687 2492 824 2566 10)?
858 2492 967 2549 Sed
993 2507 1092 2547 cur
1137 2493 1271 2557 nolit
1320 2491 1522 2554 dicere,
1561 2490 1775 2565 1479
1801 2493 2043 2549 ostendit

432 2585 541 2640 alio
564 2586 684 2642 loco
714 2603 726 2639 :
759 2583 884 2640 Non
907 2594 980 2640 est
1007 2597 1231 2640 vestrum
1259 2586 1389 2640 scire
1411 2593 1643 2655 tempora
1669 2594 1716 2640 et
1739 2601 1901 2639 annos
1927 2600 2042 2654 qua:

435 2677 597 2734 Pater
637 2681 805 2748 posuit
832 2681 886 2733 in
911 2696 1004 2734 sua
1035 2687 1284 2750 potestate
1311 2679 1448 2751 (Act.
1484 2695 1522 2743 ι,
1546 2679 1624 2746 7).

505 2773 596 2829 35.
641 2774 843 2829 Videtis
872 2789 979 2843 quo
1008 2774 1192 2828 tendat
1220 2773 1312 2843 qui
1343 2771 1661 2827 Trinitatem
1693 2783 1854 2844 negat
1883 2774 2042 2829 unius

435 2866 743 2935 potestatis,
771 2875 830 2920 ιιι
863 2867 932 2919 sit
969 2866 1171 2936 aliquid
1210 2864 1354 2936 quod
1403 2866 1612 2920 nesciat
1661 2865 1882 2920 Filius?
1929 2866 2042 2921 Cur

433 2959 581 3012 enim
611 2957 815 3012 celaret
871 2958 1064 3012 Filium
1095 2959 1372 3027 proprium
1418 2959 1624 3014 Pater?
1653 2961 1758 3013 Aut
1781 2959 1927 3015 enim
1959 2959 2041 3014 iu-

434 3050 592 3106 vidia:
621 3065 783 3105 causa
813 3050 1068 3104 nolumus
1096 3049 1217 3114 aliis
1246 3049 1493 3102 intimare
1523 3049 1667 3119 quod
1699 3051 1923 3117 scimus,
1947 3059 2040 3107 aut

2139 1856 2188 1901 et
2217 1857 2353 1901 terra
2381 1828 2670 1900 transibunt
2699 1845 2855 1918 (Luc.
2908 1861 3020 1906 xxx.
3076 1844 3169 1917 55)
3201 1863 3213 1898 :
3241 1843 3519 1916 quomodo
3576 1852 3740 1901 terra-

2141 1955 2259 1994 rum
2313 1939 2488 2008 portio
2521 1938 2762 1994 manebit
2791 1938 3067 2002 immunis,
3097 1947 3191 1992 aut
3232 1937 3369 1993 tueri
3400 1951 3491 1994 me
3523 1937 3736 2006 poterit,

2140 2046 2261 2103 quae
2292 2031 2528 2100 necipsa
2577 2047 2636 2086 se
2686 2031 2910 2086 servat?
2962 2030 3062 2086 Ubi
3095 2030 3256 2100 igitur
3284 2045 3373 2086 me
3424 2030 3496 2086 ab
3523 2029 3602 2086 ira
3629 2029 3738 2100 ejus

2140 2123 2493 2190 abscondam,
2527 2123 2618 2194 qui
2646 2123 2934 2178 conturbat
2979 2121 3303 2192 profundum
3329 2122 3499 2177 maris
3525 2124 3550 2175 ?
3578 2122 3638 2179 Si
3661 2138 3739 2177 as-

2140 2214 2359 2269 cendere
2386 2215 2438 2268 in
2466 2203 2667 2279 cwlum,
2698 2214 2767 2268 ibi
2807 2224 2882 2267 est
2913 2230 2931 2267 :
2961 2214 3005 2267 si
3031 2213 3341 2268 descendere
3363 2214 3417 2267 in
3455 2213 3734 2283 infernum,

2131 2307 2285 2361 adest
2317 2303 2490 2377 (Psal.
2519 2321 2790 2371 cxxxvtn,
2821 2306 2899 2377 8).
2925 2305 3042 2362 Non
3072 2320 3204 2377 ergo
3252 2304 3366 2361 falli
3420 2315 3605 2376 potest
3653 2306 3738 2377 qui

2143 2397 2340 2464 ubique
2371 2406 2474 2461 est,
2508 2397 2603 2451 sed
2631 2396 2853 2467 placari.

2213 2487 2303 2543 59.
2344 2487 2513 2544 Adest
2544 2489 2726 2558 itaque
2747 2489 2938 2559 judicii
2967 2491 3084 2547 dies
3114 2509 3126 2543 :
3161 2491 3208 2546 si
3241 2491 3327 2547 vis
3347 2506 3451 2548 non
3493 2506 3736 2562 compre-

2143 2580 2328 2644 hendi,
2361 2580 2603 2651 quotidie
2633 2583 2781 2648 time,
2814 2583 3054 2652 quotidie
3075 2583 3217 2655 fuge.
3241 2584 3450 2651 Quaeris
3468 2583 3736 2655 quomodo

2143 2672 2314 2743 fugias
2337 2673 2361 2724 ’ἶ
2394 2674 2624 2728 Ascende
2649 2675 2704 2728 in
2726 2685 2946 2728 montem
2967 2676 3052 2742 qui
3065 2675 3385 2747 euangelizas
3414 2674 3547 2732 Sion
3573 2674 3735 2749 (Esai.

2141 2781 2231 2828 xc,
2259 2764 2318 2834 9)
2344 2782 2356 2817 :
2389 2774 2446 2820 ut
2475 2765 2820 2822 excelserum
2859 2768 3060 2822 vertice
3086 2769 3264 2837 possis
3292 2768 3541 2826 eminere
3586 2769 3738 2826 meri-

2142 2864 2322 2912 torum
2352 2875 2366 2911 :
2399 2858 2538 2913 Deus
2570 2860 2714 2914 enim
2745 2859 3030 2925 montium,
3064 2869 3120 2915 et
3168 2875 3278 2916 non
3331 2860 3478 2917 Deus
3528 2861 3736 2918 vallium

2141 2963 2226 3007 εει
2258 2949 2346 3023 (Ill
2381 2951 2509 3022 Reg.
2539 2967 2630 3016 xx,
2663 2949 2777 3024 28).
2811 2953 3058 3008 Ascende
3087 2968 3155 3009 eo
3187 2953 3279 3010 ubi
3312 2952 3568 3010 Christus
3596 2953 3739 3010 sedet

2142 3045 2208 3098 ad
2233 3043 2512 3098 dexteram
2541 3043 2653 3108 Dei,
2689 3043 2844 3114 cujus
2873 3041 3240 3100 Fundamenta
3261 3046 3316 3100 in
3341 3047 3603 3101 montibus
3622 3062 3735 3101 sau-

436 3158 504 3197 ne
549 3142 687 3198 forte
751 3142 1048 3212 prodantur
1077 3156 1092 3194 :
1120 3140 1214 3195 sed
1254 3156 1355 3194 nec
1387 3139 1553 3195 invidi
1583 3141 1636 3195 in
1665 3142 1905 3206 Patrem,
1937 3157 2036 3198 nec
2060 3124 2105 3188 Ο
2138 3139 2233 3190 ειίε
2281 3136 2458 3207 (Ρδαιι
2504 3154 2724 3203 LXXXVI;
2775 3136 2829 3207 1)
2875 3155 2888 3192 :
2920 3148 2996 3205 el,
3047 3137 3254 3194 Montes
3285 3139 3341 3192 in
3368 3139 3599 3194 circuitu
3635 3139 3736 3208 ejus

434 3231 728 3307 proditoris
761 3235 815 3290 in
843 3233 1039 3289 Filium
1069 3231 1307 3302 suspicio
1337 3233 1501 3286 cadit.
1537 3233 1680 3304 Ergo
1709 3235 1870 3289 unius
1909 3243 2039 3290 sunt

435 3326 766 3396 cognitionis
787 3368 802 3392 ,
835 3328 959 3396 quia
996 3325 1158 3382 unius
1193 3335 1319 3380 sunt
1351 3326 1658 3396 petestatis.
1711 3326 1917 3382 Deinde
1944 3328 2037 3398 qui

432 3422 588 3489 signa
620 3420 770 3473 nevit
798 3419 963 3474 futuri
985 3419 1196 3489 judicii,
1219 3419 1405 3488 utique
1434 3420 1584 3474 nevit
1625 3431 1677 3474 et
1703 3419 1888 3476 ﬁnem.

501 3509 592 3565 56.
618 3508 800 3581 (Vers.
832 3509 953 3581 24.)
984 3509 1124 3578 Quid
1144 3509 1286 3564 enim
1303 3521 1385 3563 est
1406 3511 1550 3579 quod
1582 3511 1787 3566 nesciat
1809 3513 1901 3568 ille
1927 3514 2036 3568 sic-

430 3613 490 3656 ut
533 3601 712 3671 fulgur
759 3616 1078 3666 coruscans,
1107 3616 1172 3655 ce
1194 3601 1335 3671 quod
1361 3602 1472 3666 lux,
1506 3603 1600 3657 Dei
1629 3601 1797 3658 Filius
1826 3605 2040 3662 interna

432 3693 680 3765 mysterii
729 3693 969 3749 caelestis
1000 3692 1310 3749 illuminat?
1345 3702 1367 3730 ε
1401 3690 1470 3746 In
1515 3693 1629 3760 illa,
1663 3695 1858 3764 inquit,
1887 3697 2037 3750 liora.

433 3783 580 3855 Ergo
605 3793 660 3840 et
691 3783 881 3840 heram
919 3784 1229 3840 novitz'sed
1283 3784 1438 3838 novit
1489 3784 1614 3850 sibi,
1663 3787 1836 3841 nescit
1883 3787 2036 3842 mihi.

433 3874 582 3932 Bene
612 3887 793 3932 autent
820 3891 1036 3932 causam
1067 3875 1277 3942 diluvii,
1308 3884 1360 3931 et
1389 3876 1645 3944 incendii,
1677 3889 1733 3934 et
1755 3878 1940 3950 judicii
1973 3881 2040 3937 de

438 3969 643 4024 nostris
672 3970 869 4024 asserit
898 3968 1148 4038 prodisse
1193 3965 1426 4038 peccatis
1453 3984 1468 4034 ;
1508 3970 1632 4040 quia
1667 3971 1806 4026 Deus
1838 3972 2038 4028 malum

434 4076 544 4114 11ml
569 4061 795 4125 creavit,
821 4061 916 4115 sed
949 4073 1137 4115 nostra
1169 4061 1273 4116 sibi
1306 4060 1495 4114 merita
1524 4073 1864 4132 repererunt.

510 4150 689 4222 (Vers.
717 4151 836 4221 87.)
875 4150 1112 4206 Edebant
1165 4153 1310 4208 enim
1332 4164 1380 4208 et
1407 4153 1895 4220 bibebant;ua:ores
1947 4158 2042 4212 du-

435 4241 639 4307 cebant,
670 4251 716 4294 et
749 4240 1030 4295 nubebant.

511 4334 600 4388 57.
642 4333 760 4388 Non
787 4333 913 4404 quia
939 4334 1189 4405 conjugia
1221 4336 1566 4400 damnentur,
1613 4351 1790 4404 neque
1837 4348 1893 4392 ut
1941 4339 2042 4394 ali-

435 4439 615 4486 menta
649 4422 1016 4495 damnentur;
1049 4445 1172 4484 cum
1201 4430 1252 4484 in
1285 4430 1392 4485 illis
1413 4429 1808 4499 successiones,
1842 4431 1895 4486 in
1924 4433 2049 4490 istis

2140 3229 2314 3303 (Psal.
2349 3247 2529 3296 cxxrv,
2563 3230 2642 3302 2).
2667 3231 2823 3287 Mons
2879 3240 3002 3289 tuus
3031 3231 3252 3299 Paulus,
3293 3246 3455 3287 mons
3501 3243 3622 3288 tuus
3649 3232 3738 3287 Pe-

2139 3333 2253 3378 trus
2283 3334 2384 3379 εει.
2412 3322 2586 3393 Supra
2609 3323 2825 3378 illorum
2855 3323 3012 3378 fidem
3037 3324 3238 3379 tuentis
3263 3330 3373 3378 tua:
3425 3322 3608 3380 locato
3654 3336 3738 3379 ve-

2137 3417 2379 3485 stigium.
2409 3415 2464 3470 ln
2497 3416 2614 3486 lege
2642 3416 2735 3471 Dei
2768 3424 2930 3486 atque
2959 3415 3281 3472 haereditate
3307 3414 3436 3471 fidei
3488 3412 3736 3473 censtitu-

2138 3515 2222 3562 tos
2246 3508 2433 3578 judicii
2483 3508 2600 3564 dies
2647 3525 2755 3565 non
2784 3508 2852 3564 ad
2882 3525 3097 3580 poenam
3141 3510 3367 3576 invenit,
3415 3509 3516 3568 sed
3539 3510 3604 3567 ad
3627 3509 3736 3582 gle-

2140 3601 2297 3656 riam.
3196 3662 3198 3665 τ

2216 3689 2430 3766 1480
2463 3691 2556 3746 40.
2599 3691 2804 3763 Siquis
2834 3693 2996 3749 etiam
3045 3694 3097 3749 in
3157 3702 3302 3749 tecto
3373 3703 3465 3750 est
3520 3694 3736 3765 positus,

2141 3785 2245 3843 hoc
2265 3797 2367 3850 εει,
2401 3787 2682 3857 superiora
2709 3787 2821 3855 jam
2852 3788 3045 3844 domus
3096 3803 3231 3853 suae,
3279 3787 3737 3857 eminentiumque

2140 3878 2400 3934 virtutum
2423 3879 2636 3934 culmen
2684 3881 2952 3947 ascendit,
2985 3879 3051 3935 ad
3083 3889 3300 3936 terrena
3345 3881 3540 3937 mundi
3589 3879 3737 3950 hujus

2141 3987 2312 4042 opera
2359 3986 2464 4027 non
2493 3973 2720 4033 recidat.
2747 3973 2886 4029 Novi
2911 3975 3056 4029 enim
3080 3981 3283 4029 tectum
3324 3974 3378 4028 in
3409 3989 3524 4044 quo
3561 3972 3737 4029 Rhaab

2143 4063 2234 4118 illa
2267 4074 2394 4136 typo
2423 4065 2681 4120 meretrix
2713 4063 2898 4138 (Josue
2927 4081 2986 4132 ιι,
3019 4065 3045 4118 1
3079 4075 3125 4119 et
3146 4063 3300 4136 seq.),
3354 4065 3619 4138 mysterio
3644 4063 3738 4119 Ec-

2143 4157 2310 4213 clesia
2368 4167 2836 4215 sacramentorum
2887 4159 3166 4215 consertio
3222 4159 3436 4230 populis
3494 4158 3735 4231 copulata

2143 4249 2458 4319 gentilibus,
2502 4251 2879 4320 exploratores
2926 4267 3064 4322 quos
3084 4250 3244 4307 Jesus
3266 4251 3492 4319 direxit,
3517 4252 3736 4308 abscon-

2144 4342 2226 4397 dit
2251 4359 2266 4396 :
2297 4343 2458 4412 quisi
2493 4341 2559 4396 ad
2581 4343 2840 4398 inferiora
2867 4342 3276 4400 descendissent
3303 4343 3524 4411 demus,
3556 4343 3625 4399 ab
3649 4357 3737 4399 ex-

2150 4432 2524 4503 ploratoribus
2563 4435 2654 4506 qui
2680 4434 2746 4490 ad
2772 4435 3148 4506 corripiendos
3192 4451 3288 4492 eos
3326 4437 3481 4493 missi
3533 4437 3733 4493 fuerant

434 4530 641 4576 natura:
693 4521 932 4576 subsidia
980 4520 1124 4587 sint;
1182 4520 1422 4592 alioquin
1471 4520 1539 4576 de
1591 4521 1695 4577 hoc
1721 4521 1925 4579 mundo
1953 4515 2117 4579 estD
2151 4525 2499 4583 occidissent.
2557 4526 2782 4583 Tectum
2831 4543 2966 4599 ergo
3016 4528 3266 4585 sublimis
3289 4539 3377 4586 est
3400 4529 3603 4586 mentis
3623 4527 3734 4586 offi-

429 4701 539 4771 jam
568 4721 598 4758 a
645 4701 798 4757 nobis
844 4703 1189 4758 observatum
1238 4711 1341 4768 est,
1399 4699 1538 4757 idem
1586 4701 2031 4773 apudprebatos

431 4785 684 4828 auctores
710 4774 1032 4843 quandoque
1058 4775 1324 4841 signiticet
1351 4789 1414 4826 ac
1437 4773 1664 4842 :eqnitas
1689 4789 1704 4836 ;
1734 4772 1920 4844 itaque
1941 4791 2032 4844 per

429 4847 695 4899 ueritatem
721 4845 899 4914 gratia:
929 4845 1154 4912 perinde
1183 4845 1281 4899 erit
1313 4853 1473 4913 atque
1486 4859 1586 4913 per
1607 4843 1914 4912 aequitatem
1937 4843 2030 4899 εειι

426 4915 695 4986 justitiam
727 4931 846 4980 quae
868 4925 1042 4968 ortum
1070 4915 1218 4969 ducit
1246 4930 1312 4986 ex
1334 4915 1529 4984 gratia.

507 4997 531 5021 ιι
571 4987 680 5041 Sic.
711 4996 818 5038 vet.
850 4986 978 5038 edit.
1012 4997 1066 5040 et
1110 4985 1290 5040 cuncti
1322 5001 1451 5040 mss.
1497 4984 1610 5056 nisi
1645 4985 1788 5056 quod
1833 4985 1887 5040 in
1916 4986 2033 5056 qui-

434 5055 658 5110 husdam
687 5056 1140 5122 praetermittitur,
1171 5057 1224 5109 in
1249 5056 1353 5110 alio
1383 5057 1534 5111 libro.
1585 5054 1656 5108 At
1687 5055 1844 5109 Rom.
1895 5054 2027 5111 edit.

429 5127 608 5181 locum
643 5127 941 5179 imtttutavit
972 5128 1022 5180 itt
1057 5129 1192 5180 banc
1221 5127 1469 5191 formam,
1498 5126 1543 5179 si
1573 5141 1657 5180 eos
1675 5126 1872 5196 aliquid
1896 5128 2034 5181 cela-

427 5201 576 5268 eerit,
591 5196 1034 5268 subjungiturab't
1045 5199 1115 5249 ait
1138 5198 1206 5249 ad
1217 5197 1500 5264 discipulos
1513 5212 1667 5268 suos,»
1679 5209 1876 5251 venient
1899 5199 2029 5252 dies.

430 5265 498 5321 Et
532 5269 581 5320 in
612 5263 715 5321 alio
738 5266 885 5320 libro.
934 5267 1000 5321 Et
1031 5277 1150 5335 post
1180 5284 1284 5320 non
1310 5269 1475 5322 multa
1508 5263 1594 5320 ubi
1643 5266 1865 5323 Amcrb.
1908 5284 2030 5324 cum

433 5338 624 5392 Paucis
671 5352 802 5392 mss.
835 5337 972 5390 Bene
1019 5340 1247 5391 medium
1294 5339 1460 5405 posuit
1480 5338 1685 5404 ﬁlium;
1716 5349 1770 5392 et
1813 5339 1934 5393 Era.
1969 5350 2063 5394 ac'

428 5408 554 5463 Gill.
609 5424 730 5461 cum
783 5409 1022 5475 reliquis.
1076 5407 1215 5461 Bene
1255 5410 1436 5472 medic,
1491 5419 1622 5472 etc.,
1650 5409 1841 5462 eadem
1875 5411 2030 5463 lium.

427 5479 560 5530 edit.
593 5477 830 5540 exhibet,
863 5477 1317 5547 Beneinterposuit
1349 5479 1536 5547 filium.
1567 5478 1672 5532 Sed
1705 5482 1927 5533 omnino
1958 5481 2036 5534 le-

428 5550 664 5670 tﬁindum
695 5548 881 5610 medie,
938 5552 1040 5606 bec
1091 5558 1198 5615 est,
1247 5564 1354 5604 non
1406 5550 1819 5606 determittando
1850 5558 2029 5606 utrum

485 5619 549 5670 ei.
574 5634 713 5670 anve
738 5620 978 5670 hominis.

485 5619 549 5681 ei,
574 5634 713 5674 anve
738 5620 978 5673 hominis.

497 5685 530 5727 Ἰν
572 5689 698 5744 Mss.
728 5688 958 5759 aliquot,
989 5706 1148 5761 supra
1173 5691 1386 5746 illorum
1414 5693 1828 5761 fundamentum.

2210 4719 2229 4746 ε
2272 4705 2432 4764 Rom.
2467 4708 2625 4774 edit.,
2653 4707 2730 4762 De
2758 4709 2842 4763 die
2862 4720 3030 4764 autent
3052 4720 3101 4765 et
3127 4711 3256 4765 liora
3276 4712 3409 4767 dixit
3437 4713 3725 4771 Matt/tatus.

2135 4778 2335 4856 Verum
2361 4795 2425 4834 ea
2458 4781 2683 4856 mutatio
2705 4795 2811 4836 non
2827 4781 3046 4836 aliunde
3072 4782 3284 4856 invecta
3314 4793 3396 4839 est
3421 4800 3583 4855 quam
3597 4784 3731 4856 quod

2135 4851 2471 4923 superiorem
2487 4850 2647 4905 Luca:
2663 4861 2864 4906 textum
2887 4867 3007 4906 eum
3026 4854 3302 4918 reiecisset
3330 4850 3455 4923 post
3473 4850 3635 4912 verba
3657 4858 3731 4909 in-

2135 4920 2302 4994 ferius
2328 4923 2633 4994 posita,sed
2661 4923 2731 4975 ad
2757 4923 3000 4994 gloriam,
3033 4923 3167 4994 alios
3194 4920 3372 4979 textus
3410 4929 3644 4983 emissos
3667 4925 3731 4980 ab

2136 4993 2428 5064 Ambrosio
2459 4993 2818 5054 substituerit.
2834 4994 2900 5048 ad
2919 5008 3053 5064 quos
3068 4993 3254 5050 referri
3272 5011 3377 5051 non
3399 5005 3610 5064 poterat
3635 4997 3729 5053 ista

2136 5063 2425 5134 expositio.
2455 5063 2609 5131 Quod
2638 5071 2816 5118 autem
2849 5063 2973 5120 mox
2991 5064 3296 5134 subjicitur,
3341 5063 3482 5122 novit
3502 5067 3621 5132 sibi,
3650 5083 3731 5125 ne-

2137 5135 2231 5206 scit
2263 5133 2406 5197 mihi,
2439 5135 2781 5206 referendum
2807 5146 2894 5206 est
2928 5135 2996 5189 ad
3027 5133 3304 5206 superiora
3346 5138 3458 5203 illa,
3510 5139 3602 5192 sed
3643 5154 3730 5191 cur

2137 5205 2266 5277 noli:
2296 5205 2481 5269 dicere,
2513 5205 3132 5277 ostenditaQuapropter
3157 5205 3246 5260 hic
3267 5221 3374 5262 non
3400 5209 3728 5277 estaequivo-

2137 5274 2301 5346 catie,
2333 5277 2429 5330 sed
2485 5276 2832 5346 metonymia:
2879 5276 3088 5346 species
3118 5292 3220 5346 qua
3253 5293 3412 5332 causa
3440 5281 3511 5333 ab
3542 5274 3727 5333 etl'ectu

2137 5343 2518 5399 denominatnr
2548 5361 2562 5404 :
2591 5343 2862 5416 quomodo
2906 5345 3049 5400 hunc
3103 5343 3279 5401 locum
3327 5349 3492 5403 etiam
3521 5349 3590 5403 ab
3625 5350 3728 5403 Au-

2136 5417 2354 5489 gustino
2376 5417 2681 5489 expositum
2710 5419 3012 5486 reperimus
3044 5417 3138 5489 lib.
3163 5417 3366 5489 Quaest.
3398 5419 3492 5486 83,
3539 5427 3723 5489 quaest.

2138 5485 2230 5540 60.
2290 5485 2535 5554 Namque
2574 5488 2644 5541 ibi
2701 5504 2727 5540 a
2776 5485 3027 5542 maxime
3067 5487 3159 5542 illo
3188 5487 3420 5544 Doctore
3479 5485 3722 5552 traditur,

2141 5559 2337 5630 nescire
2366 5556 2564 5613 Filium
2584 5558 2658 5612 sic
2677 5559 2874 5613 dictum
2899 5575 3025 5623 esse,
3055 5559 3175 5628 quia
3197 5560 3326 5630 facit
3354 5560 3552 5614 nescire
3570 5559 3725 5615 Itami-

2141 5643 2252 5697 nes,
2278 5629 2335 5682 id
2354 5638 2447 5696 est,
2480 5646 2582 5685 non
2611 5631 2786 5701 prodit
2814 5631 2886 5686 eis
2913 5629 3049 5698 quod
3073 5628 3324 5685 inutiliter
3345 5631 3553 5685 scirent.
