3920 6370
256 344 283 402 1
295 344 396 402 777

1201 355 1566 417 EXPOSITIO
1608 359 1860 420 EVANG.
1904 362 2052 424 SEC.
2094 365 2249 427 LUC.
2292 369 2420 428 LIB.
2463 371 2598 430 VIII.

3413 380 3554 434 i778

248 460 752 561 cium-animaeque
778 465 1074 540 fastigium,
1125 486 1233 542 quo
1260 473 1402 528 nuda
1428 476 1674 545 corporis
1723 491 1857 547 ope-
1885 481 1934 539 Α
2031 479 2122 534 44.
2150 479 2334 553 Itaque
2355 500 2477 540 cum
2509 488 2782 558 respicere
2813 489 3360 561 prohibearis,multo
3385 493 3556 560 magis

247 553 391 610 ritur
432 556 738 617 inﬁrmitas.
774 561 927 620 Unde
978 565 1109 620 mihi
1142 567 1351 622 videtur
1381 569 1542 622 etiam
1592 570 1851 640 paralyti-

181 668 190 674 '
245 663 345 704 cus
407 651 504 707 ille
546 654 752 710 idcirco
808 672 932 714 esse
987 670 1206 715 sanatus
1258 660 1451 732 (Marc.
1484 678 1545 728 ιι,
1573 663 1653 734 3),
1682 665 1857 734 quiaa

246 744 796 815 quatuorjuvenibus
836 749 1108 806 demissus
1129 768 1159 807 e
1192 763 1332 808 tecto
1359 765 1482 821 est;
1514 758 1638 827 quia
1666 772 1694 811 a
1727 773 1860 827 qua-

246 845 372 892 tuor
397 837 734 896 adminiculo
779 841 1063 908 virtutum,
1112 834 1436 916 prttdcntia‘,
1495 849 1853 919 fortitudinis,

243 932 642 999 temperantiae,
675 942 838 1006 atque
890 936 1134 1006 iustitiae,
1169 940 1235 993 ad
1289 939 1454 1004 pedes
1501 940 1700 997 Christi
1743 944 1853 998 alta

239 1022 480 1091 quadam
507 1037 567 1080 se
596 1027 808 1082 ratione
831 1029 1081 1099 subjecit.
1112 1031 1256 1086 Nihil
1279 1032 1422 1086 enim
1451 1035 1725 1088 excelsius
1755 1033 1847 1097 hu-_

240 1115 496 1181 militate,
529 1133 650 1188 quae
700 1130 970 1191 tamquam
1001 1124 1250 1194 superior
1280 1125 1455 1179 nescit
1485 1126 1696 1192 extolli,
1723 1127 1848 1197 quia

241 1222 406 1262 nemo
430 1208 483 1263 id
515 1209 755 1279 aﬁ‘ectat,
780 1213 926 1284 quod
949 1214 1088 1270 infra
1116 1230 1176 1271 se
1199 1216 1431 1286 jodicat.

311 1300 406 1358 4|.
449 1302 556 1360 Sed
577 1307 830 1375 quoniam
861 1308 915 1363 in
961 1309 1168 1378 judicio
1195 1326 1498 1379 versamur,
1534 1328 1639 1366 ιιοιι
1665 1312 1847 1383 digre-

237 1393 463 1452 diamur
490 1412 521 1452 a
548 1406 726 1464 tecto;
760 1416 830 1456 ne
849 1401 980 1457 dum
1007 1418 1132 1458 vasa
1162 1418 1283 1474 quae
1306 1404 1357 1458 in
1385 1404 1550 1459 domo
1575 1415 1721 1472 sunt,
1752 1421 1849 1460 au-

217 1485 388 1545 ferre
441 1490 712 1561 cupimus,
759 1494 1058 1564 capiantur.
1094 1494 1209 1551 Non
1235 1497 1385 1551 enim
1416 1498 1470 1551 itt
1502 1498 1650 1552 omni
1682 1497 1847 1554 domo

236 1590 371 1635 sunt
400 1595 530 1636 vasa
557 1597 722 1639 aurea
752 1594 807 1639 et
831 1594 1108 1655 argentea,
1165 1587 1258 1642 sed
1301 1588 1355 1642 in
1400 1589 1676 1660 plerisque
1721 1600 1849 1645 sunt

232 1671 419 1744 lignea
454 1692 469 1730 :
497 1690 598 1731 nec
626 1677 804 1732 omnis
859 1677 1054 1734 domus
1084 1679 1280 1749 plena;
1310 1691 1438 1735 sunt
1488 1683 1632 1738 enim
1662 1691 1716 1736 et
1743 1697 1840 1738 va-

231 1781 376 1832 cuae,
401 1783 539 1839 quas
571 1769 720 1826 novit
747 1771 1007 1842 prepbeta
1031 1774 1120 1841 qui
1152 1772 1294 1828 dixit
1325 1792 1338 1828 :
1371 1773 1514 1841 Quid
1544 1775 1742 1844 factum
1762 1785 1838 1830 est

1963 574 2142 630 redire
2193 577 2496 646 prohiberis
2533 623 2547 647 ,
2588 591 2642 636 et
2693 582 2881 638 tollere
2923 585 3190 649 tunicam;
3233 583 3550 652 comperisti

1960 672 2105 724 enim
2130 671 2272 741 quod
2295 674 2343 727 ei
2369 675 2458 743 qui
2490 677 2725 730 tunicam
2758 687 2808 733 te
2840 678 3058 746 petierit
3085 719 3099 744 ,
3130 677 3408 733 remittere
3454 677 3551 734 tle-

1959 763 2089 819 beas
2120 772 2175 818 ct
2206 765 2423 834 pallium
2460 767 2696 838 (Matth.
2747 787 2802 836 ν,
2831 769 2963 840 40).
3014 772 3154 842 Ergo
3195 771 3434 826 directus
3485 770 3554 826 ad

1958 857 2050 912 Dei
2075 872 2330 927 regnum,
2353 875 2485 930 opes
2515 871 2568 915 et
2589 862 2970 929 patrimonium
2998 877 3102 916 ιιοιι
3123 861 3386 932 requiras.
3437 860 3550 916 No-

1956 949 2032 1003 vit
2056 950 2286 1004 etaliam
2310 950 2591 1022 Scriptura
2624 955 2880 1019 tunicam,
2913 953 2981 1010 de
3005 970 3106 1024 qua
3164 968 3262 1008 nos
3305 953 3553 1008 hortatur

1957 1043 2249 1110 Apostolus
2272 1044 2459 1099 dicens
2485 1063 2497 1098 :
2527 1043 2596 1100 Ut
2639 1048 2981 1116 exspoliantes
3032 1057 3246 1102 veterem
3293 1048 3551 1101 hominem

1955 1149 2072 1186 cum
2100 1135 2296 1188 actibus
2317 1139 2453 1207 ejus,
2487 1136 2651 1190 induti
2676 1154 2860 1192 novum
2885 1140 2902 1206 (
2927 1137 3127 1192 Coloss.
3160 1155 3248 1204 ιιι,
3276 1139 3310 1196 9
3337 1149 3383 1193 et
3417 1139 3481 1194 10
3504 1137 3550 1209 ),

1952 1225 2254 1293 superioris
2306 1229 2540 1282 tunicam
2584 1245 2690 1283 non
2728 1230 3069 1299 requiramus
3107 1231 3328 1285 erroris.
3393 1229 3552 1286 Unde

1952 1322 2007 1368 et
2039 1314 2148 1382 illa,
2175 1317 2287 1370 ait:
2319 1317 2482 1373 Norte
2502 1321 2622 1374 exui
2665 1335 2746 1374 me
2795 1322 3024 1375 tunicam
3053 1338 3220 1376 meum
3247 1364 3261 1384 ,
3295 1323 3552 1392 quomodo

1949 1404 2142 1459 induar
2168 1423 2282 1460 eam
2314 1407 2335 1480 (
2366 1410 2516 1464 Cant.
2542 1427 2595 1477 ν,
2628 1411 2662 1466 3
2685 1409 2748 1482 )7
2775 1412 2918 1481 quod
2965 1429 3070 1466 non
3123 1413 3299 1468 solum
3347 1429 3550 1473 renun-

1951 1498 2088 1553 tiare
2113 1500 2368 1568 peccatis,
2398 1502 2494 1556 sed
2527 1503 2689 1557 etiam
2714 1505 3034 1558 memoriam
3075 1519 3291 1559 omnem
3347 1504 3549 1566 debeas

1949 1600 2102 1646 actus
2127 1593 2428 1664 superioris
2453 1596 2699 1652 abolere.
2724 1596 2971 1668 Denique
3024 1597 3222 1653 Paulus
3267 1600 3548 1668 superiora

1947 1683 2297 1752 obliviscens,
2320 1688 2533 1756 culpam
2565 1689 2752 1755 exuit,
2787 1691 3158 1760 ptenitcntiam
3215 1706 3319 1745 non
3367 1693 3553 1746 omisit.

1945 1775 2189 1848 (Philip.
2215 1794 2292 1845 ιιι,
2323 1781 2390 1834 ιδ
2408 1781 2450 1851 ).

232 1858 328 1913 tibi
359 1875 521 1926 nunc,
543 1861 665 1931 quia
705 1864 983 1917 ascendisti
1023 1864 1078 1917 in
1108 1864 1286 1919 domos
1336 1882 1525 1921 vacuas
1550 1866 1576 1920 ?
1615 1865 1841 1936 Impleta
1869 1867 1918 1926 B
2017 1867 2108 1923 45.
2154 1870 2220 1924 Ει
2275 1870 2397 1926 ideo
2469 1872 2725 1927 Dominus
2753 1891 2768 1928 :
2802 1873 3060 1929 Mentorea
3088 1917 3102 1940 ,
3148 1875 3321 1946 inquit
3351 1917 3366 1940 ,
3390 1884 3548 1929 estote

235 1961 314 2006 est
346 1953 525 2008 civitas
545 1956 878 2010 clamantium
905 1955 1075 2028 (Esai.
1111 1947 1246 2025 min,
1280 1961 1302 2013 l
1337 1972 1384 2014 et
1409 1960 1568 2033 seq).
1622 1961 1685 2015 Et
1715 1964 1841 2018 sub-

229 2045 402 2116 jecit:
435 2044 625 2102 Omnes
680 2049 937 2120 principes
962 2051 1036 2105 tui
1080 2055 1341 2123 fugerunt,
1365 2055 1671 2125 quicumque
1701 2055 1753 2107 in
1798 2064 1847 2109 te

233 2141 493 2195 vulnerati
546 2152 686 2209 sunt,
731 2151 786 2198 et
841 2143 906 2198 ad
959 2145 1236 2214 perﬁdiam
1282 2146 1351 2201 de
1381 2146 1488 2202 fide
1517 2146 1653 2216 lapsi
1693 2157 1840 2213 sunt.

237 2229 570 2288 Vulneratus
599 2241 684 2290 est
712 2233 1008 2304 Sabellius,
1039 2238 1353 2293 vulneratus
1375 2249 1459 2294 est
1487 2238 1835 2306 Valentinus,

230 2324 551 2382 vulneratus
580 2335 664 2383 est
713 2327 878 2384 Arius
903 2344 918 2395 ;
953 2330 1006 2384 in
1035 2330 1198 2385 domo
1221 2331 1368 2386 enim
1397 2347 1566 2387 vacua
1591 2341 1721 2388 sunt
1754 2349 1842 2390 re-

230 2417 400 2489 perti.

308 2511 401 2566 42.
447 2511 536 2567 Vis
572 2511 793 2569 domum
818 2514 1004 2572 videre
1035 2516 1302 2586 plenam?
1329 2515 1568 2588 Sequere
1595 2517 1836 2584 Petrum,

229 2615 359 2657 cum
387 2604 616 2660 esuriret
643 2606 708 2660 ad
737 2606 931 2662 donius
957 2609 1231 2678 seperiora
1255 2609 1588 2680 gradientem
1618 2612 1752 2680 (Act.
1784 2630 1836 2680 ιι,

231 2693 296 2761 9)
332 2713 345 2748 :
375 2695 448 2751 ibi
477 2698 694 2768 agnovit
738 2700 1058 2770 mysterium
1115 2701 1375 2757 Ecclesia:
1402 2703 1836 2772 congregandis;

231 2796 299 2843 ut
343 2790 600 2859 gentilem
649 2793 904 2862 populum
953 2807 1061 2848 non
1111 2793 1381 2863 judicaret
1453 2795 1790 2850 innuundum
1821 2837 1836 2859 ,

227 2898 397 2953 quem
424 2893 451 2922 ι
471 2884 604 2941 ﬁdes
629 2896 816 2956 posset
840 2885 910 2940 ab
935 2888 1080 2941 omni
1110 2887 1372 2942 mundare
1402 2889 1672 2958 contagio.
1702 2887 1837 2943 Vasa

232 2987 414 3032 autem
460 2977 530 3033 de
584 2978 697 3034 luto
725 2988 889 3034 sunt:
920 2995 1051 3051 ergo
1099 2995 1194 3035 vas
1224 2995 1426 3050 corpus
1459 2993 1561 3035 est.
1595 2981 1662 3035 Et
1713 2979 1837 3036 ideo

230 3081 370 3125 cave
420 3085 486 3126 ne
507 3069 784 3127 desiderio
834 3072 1103 3142 corporis,
1139 3073 1397 3142 prmelara
1431 3076 1632 3129 mentis
1657 3074 1835 3129 studia

231 3159 596 3232 derelinquas.
632 3161 689 3218 Si
720 3162 910 3218 Petrus
939 3178 1044 3218 non
1072 3165 1281 3234 accepit
1309 3167 1629 3236 mysterium
1676 3167 1729 3220 iu
1756 3166 1839 3220 in-

227 3253 524 3311 ferioribus
574 3256 803 3324 positus,
851 3267 905 3311 tu
958 3257 1411 3328 quemadmodum
1435 3258 1710 3326 accipies?
1740 3258 1835 3314 llle
1861 3252 1908 3314 C

231 3347 469 3416 accepit,
499 3346 626 3416 quia
674 3345 944 3417 ascendit,
978 3359 1033 3403 ut
1079 3351 1476 3420 evangelizaret
1506 3351 1793 3406 Dominum
1816 3395 1830 3416 ,

235 3437 543 3507 passionem
565 3441 810 3507 corporis
843 3453 948 3494 non
979 3441 1212 3495 timeret.

308 3529 398 3584 45.
441 3527 586 3602 Ergo
611 3528 713 3597 Qui
737 3531 793 3583 in
822 3539 950 3585 tecto
976 3541 1073 3598 est,
1107 3548 1208 3586 non
1230 3533 1507 3587 descendat
1536 3550 1554 3588 :
1587 3544 1634 3587 et
1663 3535 1752 3604 qui
1779 3535 1834 3588 in

231 3637 363 3694 agro
383 3631 479 3688 est,
520 3639 621 3677 non
667 3633 947 3678 revertatur
989 3634 1143 3678 retro.
1195 3625 1349 3682 Unde
1381 3626 1673 3696 intelligam
1706 3626 1835 3696 quid

230 3715 309 3769 sit
343 3729 496 3785 ager,
544 3715 650 3786 nisi
701 3714 820 3784 ipse
863 3731 950 3770 me
978 3715 1169 3771 doceat
1193 3716 1374 3783 Jesus,
1405 3717 1592 3772 dicens
1623 3735 1635 3771 :
1667 3717 1836 3771 Nemo

229 3805 437 3861 mittens
478 3822 686 3861 manum
737 3807 790 3862 in
820 3816 1072 3875 aratrum,
1116 3819 1165 3864 et
1194 3811 1472 3880 respiciens
1494 3821 1648 3873 retro,
1685 3821 1836 3880 aptus

227 3909 309 3954 est
342 3915 500 3971 regno
521 3894 930 3970 rtelorum(Luc.
964 3916 1036 3965 ιχ,
1070 3899 1200 3970 62)?
1237 3901 1462 3956 Otiosus‘
1489 3887 1559 3956 ‘in
1589 3902 1718 3956 villa
1750 3916 1838 3957 se-

225 3991 344 4057 det,
377 3990 682 4047 laboriosus
712 3993 764 4046 in
793 4007 924 4062 agro
955 3993 1188 4048 seminat
1219 4010 1231 4046 :
1258 3993 1456 4049 debilis
1502 3993 1568 4047 ad
1600 3992 1784 4048 locum
1817 4036 1832 4059 ,

227 4082 392 4138 fortis
414 4081 483 4137 ad
507 4093 768 4138 aratrum.
802 4083 984 4141 Bonus
1010 4087 1148 4140 odor
1173 4085 1286 4156 agri
1312 4103 1327 4151 ;
1385 4086 1522 4141 odor
1572 4088 1716 4142 enim
1746 4085 1837 4142 Ja-

225 4175 336 4230 cob
359 4175 498 4230 odor
523 4175 640 4246 agri
667 4175 809 4245 pleni
843 4174 996 4248 (Gen.
1025 4193 1193 4240 xxv”,
1225 4177 1340 4247 27).
1371 4178 1513 4248 Ager
1538 4179 1730 4248 plenus
1755 4189 1841 4234 est

227 4265 454 4334 ﬂorum,
498 4267 689 4336 plenus
716 4278 800 4323 est
829 4266 1099 4323 fructuum
1131 4268 1496 4324 diversorum.
1534 4272 1642 4324 Ara
1673 4271 1840 4342 igitur

227 4373 423 4430 agrum
479 4369 650 4424 tuum,
711 4360 756 4414 si
800 4361 882 4415 vis
908 4351 1064 4430 dirigi
1111 4361 1176 4415 ad
1213 4360 1305 4415 Dei
1339 4376 1587 4430 regnum.
1621 4360 1841 4417 Floreat

227 4450 331 4506 tibi
381 4452 647 4508 bonorum
699 4467 858 4523 seges
909 4452 1139 4508 fecunda
1192 4454 1532 4508 tneritorom.
1589 4452 1672 4509 Sit
1710 4451 1840 4509 Vitis

224 4543 504 4598 abundans
531 4544 586 4597 in
612 4543 855 4599 lateribus
875 4545 1058 4599 domus
1088 4555 1219 4611 tute,
1248 4556 1296 4599 et
1324 4545 1528 4599 novella
1579 4546 1834 4600 olivarum

1949 1960 2128 2014 uxoris
2165 1960 2264 2016 Lot
2296 1979 2316 2017 :
2353 1979 2472 2034 qua:
2513 1965 2635 2019 ideo
2658 1966 2778 2033 quia
2816 1968 3054 2035 respexit
3103 1976 3274 2032 retro,
3312 1966 3546 2034 perdidit

1950 2063 2157 2108 natura:
2186 2070 2297 2110 sua:
2327 2071 2556 2122 munus;
2590 2069 2736 2112 retro
2767 2057 2910 2113 enim
2957 2060 3186 2113 Satanas
3221 2100 3235 2122 ,
3264 2068 3413 2113 retro
3444 2057 3544 2114 So-

1949 2146 2128 2202 doma.
2162 2147 2505 2219 QuaprOpter
2537 2149 2660 2218 fuge
2703 2150 3218 2220 intemperantiam,
3274 2150 3546 2206 declinato

1948 2240 2238 2294 luxuriam.
2267 2241 2330 2295 Et
2361 2257 2419 2296 ιιι
2458 2257 2756 2313 cOgnoscas
2783 2245 2906 2313 quia
2937 2259 3042 2296 non
3074 2257 3265 2298 omnes
3319 2250 3548 2312 possunt

1946 2330 2133 2402 fugere
2157 2333 2208 2387 in
2242 2345 2504 2402 montem,
2531 2335 2821 2390 recordare
2843 2337 2968 2406 quia
3013 2337 3104 2390 ille
3134 2333 3160 2372 δ
3191 2337 3281 2405 qui
3309 2350 3419 2390 sea
3453 2350 3546 2389 ve-

1948 2427 2152 2481 teribus
2176 2427 2371 2482 studiis
2401 2445 2506 2482 non
2537 2428 2783 2498 reﬁexit(
2812 2429 3103 2484 Sodomam
3125 2429 3268 2483 enim
3295 2439 3420 2483 ante
3447 2427 3542 2482 de-

1945 2518 2201 2589 legerat)
2228 2519 2349 2574 ideo
2379 2521 2570 2586 evasit,
2605 2502 2727 2590 quia
2751 2523 2994 2591 pervenit
3024 2520 3090 2574 ad
3121 2519 3541 2592 montem(Gen.

1945 2624 2060 2675 nx,
2094 2607 2201 2678 30)
2237 2627 2250 2662 :
2285 2610 2376 2665 illa
2404 2626 2524 2680 quae
2556 2611 2821 2666 inﬁrmior
2853 2611 2972 2679 fuit,
3004 2612 3258 2680 quoniam
3300 2611 3368 2664 ad
3414 2627 3543 2680 pos-

1947 2701 2145 2754 teriora
2178 2700 2442 2769 respexit,
2467 2715 2566 2755 nec
2589 2700 2769 2754 mariti
2795 2701 2978 2770 adjuta
3005 2698 3367 2770 suﬁ‘ragio,ad
3391 2715 3544 2755 mon—

1947 2799 2054 2842 tem
2088 2792 2371 2854 pervenire
2400 2792 2594 2856 potuit,
2625 2789 2719 2845 sed
2747 2790 3030 2846 remansit.

2019 2882 2203 2954 (Vers.
2238 2884 2328 2939 54.
2351 2883 2371 2955 )
2397 2881 2463 2938 1η
2507 2885 2600 2939 illa
2647 2893 2796 2939 nocte
2847 2893 2995 2939 erant
3021 2885 3123 2938 (luo
3151 2885 3205 2938 in
3231 2884 3363 2938 lecto
3390 2899 3496 2938 uno
3530 2901 3547 2938 :

1945 2994 2081 3030 unus
2110 2975 2432 3043 adsuntetnr,
2467 2986 2511 3031 et
2541 2977 2673 3031 alter
2704 2977 3040 3044 relinquetur.

2016 3071 2107 3126 46.
2136 3070 2280 3126 Bene
2313 3080 2526 3125 noctem
2553 3070 2711 3134 dixit,
2745 3069 2867 3139 quia
2891 3068 3257 3124 Antichristus
3285 3068 3416 3122 hora
3467 3078 3544 3123 te-

1945 3161 2238 3216 nebrarum
2261 3171 2372 3226 est;
2391 3175 2458 3214 eo
2479 3162 2621 3231 quod
2646 3160 2958 3228 pectoribus
2986 3159 3264 3214 hominum
3291 3159 3546 3215 tenebras

1943 3253 2208 3319 oﬂundat,
2228 3269 2351 3308 cum
2382 3255 2528 3308 dicat
2555 3270 2614 3308 se
2642 3268 2764 3308 esse
2793 3253 3096 3318 Christum,
3128 3252 3544 3322 exsurgentibus

1943 3346 2437 3417 pseudoprophetis
2481 3345 2572 3415 qui
2622 3357 2867 3399 asserant
2916 3358 3059 3398 nunc
3106 3343 3160 3397 in
3190 3343 3424 3398 desertis
3453 3342 3542 3396 Je-

1942 3456 2063 3495 sum
2091 3440 2312 3510 degere,
2331 3450 2386 3491 ιιι
2419 3453 2772 3509 vagzecrrore
2801 3436 3078 3508 opinionis
3107 3436 3370 3501 illudaut;
3401 3449 3542 3490 nunc

1940 3535 1995 3589 in
2030 3533 2422 3604 penetralibus,
2451 3540 2512 3586 ut
2537 3531 2626 3601 qui
2656 3529 2970 3597 audierint,
2999 3529 3273 3599 praecelsa:
3323 3528 3543 3583 nomine

1943 3627 2229 3697 potestatis
2251 3636 2548 3680 arctentur.
2574 3622 2826 3679 Christus
2852 3631 3035 3676 autem
3067 3623 3207 3678 sicut
3235 3620 3415 3689 fulgur
3443 3635 3539 3674 co-

1941 3732 2169 3773 ruscans
2215 3731 2309 3786 per
2363 3716 2678 3770 universum
2712 3713 2967 3768 mundum
2999 3712 3218 3767 luminis
3244 3713 3326 3766 sui
3355 3710 3546 3782 globos

1941 3815 2148 3885 spargit
2179 3814 2198 3884 (
2226 3811 2418 3867 Matth.
2450 3826 2597 3873 xxiv,
2620 3810 2754 3879 27).
2784 3807 2854 3862 Ει
2885 3809 3007 3862 ideo
3055 3822 3154 3862 nec
3205 3807 3258 3860 in
3308 3806 3543 3860 desertis

1939 3917 2190 3976 vagatur,
2217 3918 2316 3959 nec
2337 3901 2764 3972 aliquibttslocis
2787 3899 3085 3964 clauditur,
3113 3899 3236 3966 quia
3268 3895 3463 3952 Caelum
3483 3907 3532 3951 et

1941 4009 2129 4052 terram
2162 4013 2253 4067 ego
2281 3996 2492 4064 impleo,
2525 3993 2594 4048 die
2617 3992 2658 4046 it
2691 3993 2951 4046 Dominus
2979 3990 2998 4062 (
3022 3989 3218 4045 λοι-(ιιι.
3240 4004 3394 4056 χχιιι,
3413 3987 3542 4061 94);

1942 4090 2038 4145 sed
2069 4090 2188 4142 lucc
2221 4086 2448 4157 fulgoris
2485 4084 2569 4140 sui
2601 4083 2790 4155 fulget,
2821 4093 2880 4138 ut
2904 4083 2958 4138 in
2993 4083 3082 4138 illa
3115 4092 3273 4137 nocte
3299 4097 3544 4137 resurrec

1941 4180 2141 4235 ctionis
2162 4178 2390 4248 gloriam
2413 4175 2597 4231 videre
2625 4177 2920 4245 possimus.
2937 4174 3074 4244 Quid
3106 4175 3271 4244 igitur
3297 4173 3400 4228 sibi
3425 4172 3541 4227 vult

1941 4271 2086 4340 quod
2115 4269 2189 4326 ait
2217 4290 2230 4327 :

2015 4366 2035 4437 (
2059 4365 2216 4421 Vers.
2241 4362 2360 4435 35.)
2392 4362 2511 4417 Duo
2539 4363 2593 4416 in
2620 4363 2752 4417 lecto
2778 4377 2899 4444 uno.
2931 4403 2946 4415 .
2983 4404 2996 4416 .
3032 4402 3044 4415 .
3069 4361 3189 4415 (luta
3217 4361 3461 4414 metentes
3489 4359 3543 4411 in

1939 4458 2181 4530 pistrino.
2213 4497 2227 4512 .
2251 4495 2266 4510 .
2292 4458 2398 4538 duo
2414 4460 2469 4510 in
2498 4471 2627 4526 agro
2659 4469 2677 4508 :
2711 4470 2842 4507 unus
2867 4463 3179 4519 assumetur,
3211 4461 3258 4504 et
3302 4453 3433 4504 alter
3458 4464 3542 4502 re-

1899 4601 1904 4604 .
1941 4551 2203 4622 linquetur
2228 4550 2254 4603 .9

225 4638 288 4690 in
314 4637 533 4690 circuitu
564 4652 752 4692 mensa:
777 4647 878 4691 tua:
903 4637 1076 4710 (Psal.
1109 4652 1311 4704 cxxvn,
1355 4638 1435 4705 5).
1471 4638 1627 4692 Dicat
1651 4641 1833 4693 anima
1862 4631 1916 4693 D
2012 4645 2105 4700 47.
2146 4641 2414 4712 Numquid
2442 4641 2656 4711 iniquus
2679 4640 2844 4706 Deus,
2879 4646 2935 4693 ιιι
2964 4651 3124 4708 pares
3147 4636 3340 4692 studiis
3369 4645 3424 4691 et
3452 4649 3543 4692 so-

230 4739 326 4783 tua
353 4726 594 4795 Christo,
627 4729 922 4785 fertilitatis
947 4745 1060 4786 sua:
1079 4731 1189 4800 jam
1213 4730 1454 4796 conscia,
1485 4740 1541 4787 et
1570 4732 1832 4787 seminata

238 4821 452 4896 1&8]
487 4821 583 4878 Dei
620 4824 810 4890 verbo,
831 4823 1168 4894 spiritalibus
1189 4839 1403 4895 quoque
1425 4825 1636 4880 inarata
1663 4827 1837 4880 cultu-

227 4918 312 4974 iis
346 4937 358 4971 :
404 4917 553 4981 Veni,
579 4921 739 4988 frater
757 4933 921 4984 meus,
945 4933 1187 4972 exeamus
1216 4919 1271 4972 in
1313 4934 1495 4988 agrum
1520 4917 1700 4986 (Cant.
1737 4933 1836 4984 vn,

231 5011 262 5065 1
280 5010 346 5080 l).
383 5009 481 5065 Ille
507 5008 833 5079 respondeat
862 5027 876 5065 :
903 5007 1119 5064 lntroivi
1150 5009 1204 5063 in
1233 5011 1440 5064 hortum
1469 5025 1658 5078 meum,
1691 5026 1839 5064 soror

230 5120 350 5158 mea
380 5119 574 5174 sponsa
605 5120 624 5157 :
651 5104 956 5158 vindemiari
987 5102 1248 5174 myrrham
1277 5119 1440 5157 meam
1465 5099 1640 5173 (Cant.
1674 5117 1730 5168 v,
1756 5103 1834 5171 l).

227 5197 368 5265 Quze
391 5196 535 5252 enim
569 5196 945 5267 meliorquam
968 5195 1091 5251 ﬁdei
1129 5195 1420 5257 vindemia.
1444 5209 1550 5265 qua
1589 5209 1840 5250 resurre-

226 5289 437 5344 ctionis
469 5289 677 5345 fructus
697 5288 1028 5356 reconditur,
1051 5303 1160 5361 qua
1191 5297 1462 5360 perpetua:
1489 5286 1691 5343 laetitiae
1722 5286 1844 5344 fons

228 5382 483 5454 rigatur?
1235 5369 1238 5372 ’

227 5593 262 5618 ί
314 5602 340 5629 ι
377 5591 500 5647 Νοιι
532 5592 606 5646 ita
633 5590 722 5648 hic
750 5590 883 5646 ﬁdes
912 5590 1280 5662 intelligenda,
1313 5600 1372 5646 ut
1417 5591 1718 5648 necessitas
1742 5589 1840 5662 bo-

231 5678 436 5720 norum
462 5676 687 5732 operum
717 5662 1060 5733 excludatur,
1092 5661 1236 5733 quod
1273 5678 1403 5718 sane
1455 5664 1523 5719 ab
1565 5661 1836 5717 Ambrosii

197 5735 202 5742 '
230 5735 492 5804 doctrina
514 5747 674 5803 quam
700 5732 1094 5788 alieniSsimum
1113 5732 1249 5790 esse
1301 5734 1470 5804 probe
1497 5743 1724 5804 norunt,
1746 5733 1839 5804 qui

230 5803 298 5857 in
340 5803 461 5870 eius
484 5802 712 5858 lectione
737 5819 844 5857 non
871 5816 996 5858 sunt
1049 5804 1271 5859 omnino
1304 5802 1605 5875 peregrini:
1635 5802 1730 5859 sed
1768 5802 1838 5856 ea

1942 4735 2142 4790 cietate
2167 4732 2407 4800 vivendi,
2447 4742 2609 4802 atque
2638 4730 2962 4785 indiscretos
2988 4741 3206 4784 actuum
3239 4727 3498 4799 qualitate
3528 4771 3543 4793 ,

1948 4827 2266 4881 meritorum
2310 4826 2752 4880 remuneratione
2791 4821 3245 4878 discernat?Non
3284 4823 3354 4877 ita
3409 4829 3542 4888 est,

1949 4919 2044 4976 sed
2074 4934 2172 4990 pro
2197 4917 2405 4973 actibus
2436 4917 2674 4972 hominis
2697 4913 3152 4970 remunerationis
3180 4921 3263 4969 est
3289 4912 3543 4982 qualitas.

1949 5013 2067 5068 Non
2093 5027 2222 5081 ergo
2243 5010 2435 5066 merita
2482 5008 2760 5064 hominum
2813 5010 3025 5077 capulte
3077 5019 3207 5060 usus
3251 5013 3543 5074 exaequat:

1949 5116 2074 5158 nam
2098 5111 2152 5156 et
2186 5099 2349 5156 Pater
2376 5100 2429 5155 in
2460 5098 2652 5166 ﬁlium,
2684 5107 2739 5153 et
2771 5097 2914 5152 ﬁlius
2946 5099 2997 5151 in
3020 5106 3234 5168 patrem
3261 5095 3442 5152 studio
3462 5110 3550 5150 re-

1952 5193 2171 5266 ligionis
2194 5194 2506 5263 insurgunt;
2535 5191 2658 5262 quia
2689 5204 2799 5245 non
2821 5204 3014 5244 omnes
3037 5188 3546 5260 quodadoriuntnr,

1951 5285 2195 5343 efﬁciunt
2226 5303 2239 5338 :
2268 5284 2376 5341 Sed
2399 5286 2486 5355 qui
2523 5283 2918 5355 perseveraverit
2939 5282 2995 5336 in
3023 5281 3179 5352 ﬁnem
3210 5322 3224 5347 ,
3252 5282 3336 5335 hic
3375 5281 3550 5335 saluus

1951 5377 2296 5449 critUlatth.
2321 5392 2379 5444 ι,
2410 5375 2482 5430 22
2505 5377 2546 5446 ).
2569 5373 2708 5430 Tum
2734 5372 2932 5429 deinde
2977 5387 3086 5428 non
3137 5372 3353 5428 forense
3391 5371 3550 5426 obse-

1947 5589 2062 5665 sola
2092 5587 2218 5644 ideo
2245 5588 2604 5665 _nominatur,
2659 5584 2809 5665 q'nia_
2829 5587 3023 5665 salutis
3047 5600 3110 5642 ac
3135 5585 3395 5640 virtutum
3426 5596 3548 5665 om-

1948 5662 2093 5718 nium
2125 5671 2209 5716 est
2241 5652 2751 5729 fundamentuin,’ut
2776 5657 2936 5714 docet
2979 5657 3210 5714 Sanctus
3241 5669 3427 5729 noster
3449 5652 3548 5710 lib.

1947 5747 1986 5787 ιι
2006 5731 2231 5803 deCain
2262 5743 2315 5786 et
2346 5731 2502 5803 Abel,
2527 5726 2728 5803 cap.'9,
2752 5745 2902 5786 num.
2935 5729 3215 5803 28,_atque
3253 5726 3404 5803 alibi.

2023 5803 2048 5841 δ
2082 5802 2237 5858 Rom.
2271 5801 2403 5870 edit,
2431 5797 2520 5870 qui
2547 5797 2610 5856 σθ’
2629 5802 2699 5858 ad
2726 5812 2891 5857 cetera
2921 5801 3091 5856 studia
3113 5797 3214 5854 non
3233 5797 3456 5866 reﬂexit;
