3920 6364
449 409 601 463 '1779

1816 405 2065 480 SANCTI
2103 407 2433 465 AMBROSII

3593 415 3705 472 l780

461 528 671 598 quium,
704 529 796 588 sed
824 528 1132 584 interiorem
1169 525 1426 586 Dominus
1475 526 1703 588 rimatur
1756 525 2008 582 allectum
2043 541 2057 590 ;
2088 528 2136 587 Α
2167 526 2283 586 licis
2309 524 2821 594 comprehendimus
2863 524 3014 580 illum
3043 524 3392 585 extollentem
3438 541 3492 580 se
3538 528 3707 586 tumido

463 636 642 690 neque
679 622 824 682 enim
853 623 897 674 si
933 623 1078 692 juste
1108 620 1338 690 offeras,
1379 628 1436 674 et
1462 634 1569 674 non
1621 621 1764 692 juste
1805 618 2016 673 dividas
2041 660 2056 686 ,

461 722 741 781 acceptum
764 722 840 770 est
872 695 1195 768 sacrificium
1240 712 1348 766 Deo
1377 712 1395 784 (
1422 709 1550 766 Gen.
1601 725 1651 764 IV
1685 752 1699 776 ,
1728 709 1815 781 7).
1849 708 2060 790 1482

460 801 606 870 Ergo
617 818 680 855 ex
697 818 804 868 uno
819 803 1102 871 strato(est
1120 804 1263 869 enim
1278 812 1507 856 stratum
1525 801 1858 856 inﬁrmitatis
1875 806 2062 855 huma-

463 908 568 960 nze,
598 892 723 964 quia
754 896 1014 962 scriptum
1037 902 1121 950 est
1153 893 1327 966 (Psal.
1348 909 1436 960 XL,
1462 891 1518 962 4)
1545 911 1556 944 :
1594 891 1900 946 Universum
1926 900 2063 944 stra-

459 997 566 1054 tum
586 990 701 1058 ejus
725 989 938 1042 uersasti
965 990 1017 1042 in
1047 990 1346 1058 inﬁrmitate
1373 987 1522 1064 ejus)
1546 1003 1684 1041 unus
1714 987 2059 1058 relinquitur,

462 1086 602 1150 alter
631 1089 957 1150 assumitur:
991 1088 1080 1159 qui
1109 1086 1403 1150 assumitur
1421 1086 1630 1158 rapitur
1657 1085 1870 1139 obviam
1899 1083 2061 1152 Chri-

463 1188 552 1245 sto
573 1181 625 1242 in
656 1195 781 1239 aera
812 1197 827 1252 ;
857 1182 947 1254 qui
980 1189 1159 1236 autem
1191 1179 1532 1250 relinquitur,
1560 1179 1916 1248 improbatur.

537 1280 628 1344 48.
668 1280 802 1340 Date
830 1280 1076 1338 molentcs
1110 1280 1162 1336 in
1186 1279 1432 1354 pistrino.
1465 1277 1669 1334 Sensus
1712 1277 1931 1346 quidem
1981 1285 2065 1332 est

463 1369 608 1444 quod
629 1369 682 1428 hi
707 1369 997 1442 signiﬁcari
1030 1369 1329 1433 videantur,
1359 1369 1449 1438 qui
1472 1385 1537 1422 ex
1555 1367 1784 1428 occultis
1809 1368 2064 1438 alimenta

463 1472 732 1532 qumrant,
761 1470 816 1520 et
861 1462 912 1522 in
948 1469 1197 1534 apertum
1251 1477 1316 1526 ex,
1364 1460 1714 1520 interioribus
1764 1460 2064 1534 proferant.

464 1553 574 1614 Sed
605 1561 784 1616 tamen
840 1553 967 1624 quid
989 1554 1193 1612 molant
1225 1553 1342 1610 istst
1384 1553 1503 1610 dua:
1552 1555 1808 1614 mulieres
1835 1595 1849 1622 ,
1882 1555 2067 1625 requi-

461 1645 689 1706 rendum
712 1652 814 1702 est.
841 1644 953 1702 Nisi
981 1644 1123 1708 forte
1151 1645 1296 1718 quod
1327 1644 1556 1715 legimus
1589 1647 1639 1702 in
1673 1644 1829 1704 Esaia
1857 1663 1870 1700 :
1903 1646 1961 1702 Si
1988 1646 2068 1708 af-

463 1735 654 1792 feratis
677 1736 1062 1806 similaginem,
1091 1752 1289 1790 vanum
1321 1744 1440 1802 est;
1473 1747 1531 1790 ut
1560 1737 1810 1810 similago
1839 1739 2067 1809 sit,qu¢

463 1841 492 1882 a
518 1827 846 1886 moleutibus
874 1827 1133 1884 oﬂ'eratur
1157 1827 1330 1898 (Esai.
1355 1829 1512 1899 1,15).
1550 1829 1910 1888 Discutiamus
1939 1847 2070 1901 ergo

2164 617 2347 670 animo
2375 616 2716 680 seductorem
2759 626 2938 670 mente
2966 615 3143 670 carnis
3188 614 3362 674 inﬂari
3393 615 3410 696 (
3438 612 3616 674 Colon.
3637 633 3706 686 ιι,

2168 705 2303 778 18);
2336 707 2405 760 ita
2433 707 2595 762 etiam
2626 717 2869 761 sanctum
2896 706 3067 761 virum
3102 707 3348 762 renovari
3387 707 3560 775 spiritu
3588 724 3712 764 men-

2166 799 2232 852 iis
2285 798 2876 866 ostendimus,diceute
2931 800 3122 854 eodem
3156 817 3172 862 ;
3206 798 3526 862 Renovamini
3571 813 3709 858 autem

2163 893 2354 961 spiritu
2400 895 2581 952 utentis
2635 892 3074 965 vestraz(Eplies.
3123 909 3172 947 tv
3205 934 3219 962 ,
3246 893 3385 963 23').
3431 893 3561 954 Duas
3607 910 3712 968 ergo

2166 995 2376 1040 mentes
2408 1001 2528 1039 esse
2549 971 2888 1040 demonstrat
2918 1001 2932 1049 ;
2969 1000 3128 1044 unam
3164 1026 3179 1051 ,
3209 1001 3330 1060 qua:
3381 1001 3521 1040 meus
3562 987 3712 1043 carnis

2166 1077 2420 1144 efficitur,
2445 1077 2627 1131 vincta
2656 1088 2877 1152 peccato
2903 1094 2916 1144 ;
2949 1078 3198 1148 alteram,
3226 1093 3347 1156 quae
3365 1079 3561 1152 spiritui
3581 1094 3713 1150 copu-

2069 1222 2076 1226 _
2166 1168 2296 1234 lata,
2328 1171 2507 1222 carnis
2537 1169 2748 1238 abjurat
2776 1170 3079 1232 illecebras,

2239 1261 2329 1319 50.
2355 1263 2464 1318 Nec
2496 1263 2668 1318 solum
2695 1263 2816 1317 dua:
2839 1274 3070 1330 mentes,
3095 1262 3190 1317 sed
3209 1268 3370 1332 etiam
3393 1262 3504 1322 dua?
3528 1263 3655 1334 leges
3676 1264 3719 1320 in

2170 1356 2324 1409 nobis
2347 1365 2492 1424 sunt,
2510 1372 2736 1426 quarum
2757 1365 2874 1409 utra
2885 1372 3043 1430 mque
3068 1356 3224 1419 nobis
3240 1355 3523 1430 Apostolus
3539 1355 3717 1438 ιω

2169 1449 2478 1522 explicnvit,
2511 1451 2737 1505 dicens:
2771 1449 3110 1514 Condelector
3146 1450 3285 1504 enim
3307 1450 3405 1522 legi
3433 1448 3524 1517 Dei
3569 1468 3722 1516 secun-

2169 1541 2292 1594 dum
2314 1542 2609 1606 interiorem
2627 1541 2924 1597 hominem:
2950 1542 3094 1596 video
3124 1553 3292 1610 autem
3314 1543 3468 1610 aliam
3496 1545 3637 1620 legent
3678 1544 3721 1597 in

2170 1638 2409 1692 membris
2440 1638 2562 1691 meis
2590 1645 2960 1710 repugnantem
2990 1635 3092 1708 legi
3123 1639 3310 1698 mentis
3335 1652 3455 1696 mea:
3483 1677 3498 1702 ο
3527 1647 3568 1690 et
3590 1636 3723 1708 capti-

2170 1741 2370 1788 vantem
2401 1730 2552 1784 mein
2575 1730 2683 1800 lege
2703 1731 2900 1800 peccati
2933 1770 2947 1797 ,
2970 1745 3085 1800 quae
3130 1739 3202 1783 est
3250 1731 3305 1794 in
3355 1730 3578 1786 membris
3620 1728 3725 1794 meis

2173 1821 2351 1892 (Rom.
2381 1836 2475 1888 vii,
2506 1819 2577 1872 22
2603 1831 2648 1874 et
2677 1819 2801 1892 25).
2828 1820 2926 1876 Est
2948 1835 3078 1894 ergo
3100 1820 3181 1874 lex
3208 1820 3479 1888 interioris
3505 1820 3722 1887 botninis,

465 1933 586 1992 quae
617 1920 843 1985 molant,
877 1919 1076 1988 quidve
1107 1919 1314 1974 molunt
1345 1961 1360 1984 ,
1387 1919 1585 1992 quidve
1638 1922 1924 1990 pistrinum
1975 1927 2064 1982 sit.
2097 1923 2144 1982 B
2173 1924 2256 1968 εει
2286 1915 2448 1968 etiam
2480 1915 2766 1969 exterioris
2797 1931 2811 1979 ;
2845 1915 2931 1968 illa
2961 1930 3083 1986 quae
3135 1925 3418 1988 peccatum
3465 1915 3682 1988 prohibet
3709 1953 3722 1981 ,

463 2009 532 2074 Et
560 2010 789 2076 fortasse
822 2009 1058 2072 mundus
1084 2010 1189 2066 iSle
1230 2010 1516 2078 pistrinum
1550 2018 1654 2078 est,
1684 2019 1710 2047 ι
1744 2012 1795 2066 in
1822 2027 1930 2084 quo
1970 2029 2066 2087 ap-

465 2101 571 2166 tius
598 2116 720 2168 reor
744 2103 868 2170 quia
919 2101 1139 2164 humani
1163 2103 1410 2172 corporis
1459 2100 1633 2158 forma
1672 2101 1974 2171 referatur,
2008 2105 2064 2162 in

465 2207 572 2270 quo
601 2193 782 2256 anima
811 2200 998 2254 nostra
1038 2193 1188 2248 velut
1231 2195 1465 2263 quodam
1511 2207 1730 2264 carcere
1776 2195 2067 2252 includitur

468 2284 758 2356 corporali,
786 2283 1048 2358 panem,b
1089 2285 1134 2346 si
1167 2285 1292 2338 boni
1325 2287 1618 2352 consulat,
1647 2297 1932 2356 operatura
1956 2303 2068 2348 cm-

471 2379 682 2440 lestem.
713 2377 766 2440 In
799 2382 901 2438 hoc
925 2394 1056 2452 ergo
1095 2378 1326 2452 pistrino
1350 2380 1438 2436 vel
1471 2380 1748 2454 Synagoga
1786 2423 1800 2453 ,
1833 2384 1916 2441 vel
1951 2385 2069 2444 ani-

469 2487 556 2532 ma
584 2473 815 2536 obnoxia
846 2473 1086 2541 delictis,
1114 2474 1352 2534 triticum
1387 2475 1640 2534 molendo
1671 2475 2062 2546 madefactum,

470 2577 524 2630 et
550 2567 704 2646 gravi
735 2567 964 2622 humore
990 2576 1330 2638 corruptum,
1361 2566 1472 2630 non
1502 2578 1679 2640 potest
1707 2569 1966 2626 interiora
1997 2573 2066 2632 ab

469 2659 833 2723 exterioribus
853 2673 1150 2734 separare;
1175 2669 1230 2724 et
1252 2659 1371 2720 ideo
1418 2659 1762 2730 relinquitur,
1795 2663 1920 2732 quia
1949 2665 2065 2734 ejus

471 2752 717 2821 similago
735 2751 1035 2821 displicuit.
1075 2754 1144 2806 At
1166 2765 1295 2814 vero
1316 2761 1502 2814 sancta
1533 2752 1798 2822 Ecclesia,
1835 2755 1920 2819 vel
1950 2755 2067 2817 ani-

471 2857 555 2899 ma
579 2843 743 2900 nullis
772 2843 1039 2902 maculata
1068 2844 1334 2916 contagiis
1385 2844 1707 2900 delictorum
1741 2886 1754 2909 ,
1789 2862 1910 2915 quae
1960 2847 2066 2902 tale

471 2934 708 2986 triticum
733 2935 896 2986 molet
919 2934 1062 3004 quod
1094 2934 1224 2990 solis
1253 2936 1441 3000 mterui
1472 2936 1653 2994 calore
1678 2937 1748 2992 sit
1775 2938 2063 3007 torridum,

471 3026 614 3098 quod
649 3027 790 3084 Deus
838 3026 1294 3096 quemadmodum
1347 3028 1510 3088 voluit
1544 3070 1558 3098 ,
1594 3029 1673 3092 sic
1719 3032 1935 3086 vestivit
1964 3076 1976 3096 ,
2011 3040 2067 3087 et

469 3120 645 3192 angeli
670 3121 736 3180 ab
761 3123 905 3180 omni
929 3130 1406 3192 purgamentorum
1428 3122 1546 3181 labe
1570 3125 1899 3180 mundarunt
1924 3167 1938 3194 ,
1971 3127 2066 3181 bo-

469 3229 597 3278 nam
621 3214 979 3287 δίηιίιλεεηεηι
1011 3213 1080 3274 de
1106 3215 1471 3286 penetralibus
1517 3217 1794 3281 hominum
1843 3217 1956 3278 Deo
1985 3220 2067 3284 of-

473 3307 674 3372 ferens,
706 3307 960 3372 sacrificii
990 3307 1072 3372 ειυὶ
1100 3306 1389 3371 libamenta
1413 3310 1777 3376 commendat.

545 3399 635 3460 49.
659 3399 770 3462 Nec
795 3399 972 3462 soluat
1011 3399 1282 3464 molcutcs
1324 3400 1444 3466 dua;
1469 3443 1484 3480 ,
1517 3402 1610 3460 scd
1639 3403 1802 3466 etiam
1832 3418 2066 3478 operan-

475 3498 558 3555 tes
609 3492 717 3546 duo
763 3503 921 3554 erunt
981 3493 1031 3546 in
1083 3507 1216 3562 agro
1266 3508 1408 3560 uno,
1442 3509 1472 3548 e
1523 3494 1718 3566 quibus
1759 3508 2069 3562 assumi-tur

475 3598 632 3647 unus.
665 3582 846 3648 Bonus
877 3584 1193 3653 seminator.
1219 3585 1310 3654 ulti
1341 3601 1448 3650 non
1486 3601 1650 3661 supra
1681 3587 1795 3654 vias
1841 3591 2071 3654 semina.

474 3678 632 3744 verit.
664 3677 758 3741 Sed
787 3691 947 3746 supra
979 3687 1185 3743 aratum
1207 3689 1260 3743 et
1286 3679 1489 3742 cultum
1520 3680 1727 3749 solum;
1753 3693 1809 3734 ut
1836 3681 2066 3748 fructum

477 3769 780 3834 humilitate
804 3784 1072 3840 prensum.
1104 3771 1529 3843 noojnelalinoe
1581 3773 1886 3848 dispersum
1927 3784 2068 3830 terra

477 3863 821 3933 multiplicat,
867 3864 1210 3936 Relinquitur
1261 3874 1442 3928 autem
1492 3868 1794 3934 seminator
1832 3869 2070 3932 zizanio-

477 3972 618 4024 rum,
643 3972 710 4014 ex
735 3957 934 4026 quibus
970 3956 1271 4018 refutabilis
1321 3959 1568 4030 similago
1619 3961 1923 4028 coniicitur.
1970 3961 2070 4030 Qui

474 4049 585 4114 sint
607 4060 784 4111 autem
817 4049 903 4112 isti
931 4049 1180 4119 agricolas
1202 4050 1516 4117 diuerentes
1557 4067 1845 4126 possumus
1865 4054 2072 4128 reperi-

479 4155 559 4203 re,
588 4141 634 4194 si
661 4139 1010 4204 advertamus
1040 4156 1144 4210 qua
1181 4143 1390 4206 ratione
1420 4142 1558 4206 duos
1607 4151 1724 4214 νοῦς
1749 4186 1765 4214 ,
1797 4144 1900 4204 hoc
1945 4155 2028 4212 est
2051 4187 2068 4212 .

474 4234 610 4287 duas
634 4242 840 4288 mentes
868 4248 994 4288 esse
1025 4235 1077 4287 in
1098 4235 1256 4289 nobis
1272 4238 1562 4305 Apostolus
1583 4238 1813 4307 dixerit;
1838 4242 2072 4307 fortasse

473 4327 618 4386 enim
651 4326 798 4392 ideo,
829 4327 952 4396 quia
986 4327 1156 4382 altera
1201 4328 1489 4393 exterioris
1536 4339 1624 4392 est
1666 4332 1924 4400 hominis.
1978 4335 2069 4405 qui

474 4418 859 4488 corrumpitur,
892 4418 1066 4478 altera
1095 4419 1368 4484 interioris
1396 4461 1410 4489 ,
1439 4422 1530 4492 qui
1581 4437 1677 4494 per
1727 4433 2070 4492 sacramenta

477 4517 792 4564 renovatur.
825 4511 891 4564 Et
921 4524 986 4564 eo
1011 4511 1102 4564 ille
1127 4511 1358 4566 fortasse
1381 4512 1643 4580 deterior,
1671 4507 1762 4586 qui
1788 4517 2070 4584 extollitur

473 4599 676 4664 frustra
707 4601 926 4664 inﬂatus
956 4611 1138 4660 mente
1166 4603 1348 4660 carnis
1371 4619 1506 4677 sum,
1529 4614 1580 4659 et
1608 4622 1716 4662 non
1761 4615 1952 4673 tenens
1980 4623 2070 4663 ca-

2170 2004 2273 2070 ista
2303 2021 2421 2075 qua:
2445 2005 2631 2060 suadet
2658 2023 2673 2072 ;
2705 2007 2791 2059 illa
2821 2022 2937 2078 quae
2962 2008 3183 2060 damnat
3203 2021 3472 2078 errorem,
3516 2008 3606 2066 ista
3629 2021 3726 2076 quae

2170 2097 2410 2175 Suggerit
2439 2113 2454 2163 ;
2488 2097 2578 2152 illa
2602 2113 2721 2168 quae
2743 2107 2978 2153 mentem
3010 2098 3249 2168 instruit,
3278 2099 3382 2164 ista
3401 2114 3516 2176 quae
3565 2105 3726 2154 tentet.

2173 2189 2307 2245 Sunt
2338 2189 2500 2246 etiam
2521 2189 2641 2245 dua:
2673 2191 2794 2245 alia:
2824 2191 3262 2256 vehementiores
3298 2191 3354 2264 in
3387 2193 3536 2256 nobis
3565 2193 3726 2262 leges,

2171 2299 2274 2338 una
2307 2285 2423 2349 Dei,
2451 2285 2620 2339 altera
2648 2287 2879 2360 peccati,
2904 2285 3200 2341 secundum
3251 2287 3507 2348 eumdem
3531 2288 3730 2359 Aposto-

2172 2376 2279 2430 lum
2300 2375 2570 2430 dicentem
2609 2393 2620 2428 :
2651 2375 2823 2447 Igitur
2848 2394 2944 2448 ego
2963 2379 3071 2449 ipse
3109 2387 3275 2431 mente
3305 2378 3470 2432 servio
3499 2378 3588 2449 legi
3616 2376 3730 2443 Dei,

2169 2489 2325 2528 carne
2349 2481 2518 2527 autem
2546 2472 2648 2543 tegi
2679 2473 2878 2539 peccati
2909 2471 2928 2543 (
2962 2469 3126 2538 Ibid.,
3155 2470 3226 2526 25
3255 2473 3293 2544 ).
3353 2473 3418 2530 Et
3459 2471 3733 2536 ostenditur

2169 2567 2315 2637 quod
2335 2567 2379 2620 si
2407 2576 2641 2621 mentem
2677 2567 3047 2628 tantummodo
3076 2567 3246 2632 dicas,
3280 2567 3592 2632 contrariam
3619 2578 3726 2622 car-

2172 2662 2254 2715 nis
2279 2660 2536 2716 ostendas
2565 2677 2579 2730 ;
2608 2675 2729 2716 cum
2761 2661 2904 2716 enim
2949 2661 3094 2724 dicat
3145 2661 3352 2722 Paulus
3407 2676 3462 2724 se
3503 2659 3598 2741 legi
3652 2657 3731 2712 Dei

2171 2763 2352 2814 mente
2387 2754 2591 2808 servire
2621 2794 2634 2819 ,
2677 2752 2864 2820 utique
2915 2762 3150 2812 mentem
3201 2768 3298 2830 per
3338 2769 3394 2808 se
3443 2752 3623 2830 ipsam,
3647 2747 3734 2802 nisi

2169 2859 2333 2898 carne
2356 2844 2621 2910 vincatur,
2656 2844 2853 2898 bonam
2900 2859 3022 2899 esse
3068 2845 3411 2913 demonstrat
3440 2856 3527 2912 ,et
3571 2851 3734 2895 natura

2123 2973 2138 2982 .
2172 2935 2241 2992 ita
2269 2945 2531 3000 creatam,
2561 2944 2618 2988 ut
2647 2936 2864 2989 resistat
2893 2936 3086 2999 errori.
3123 2935 3310 3007 Itaque
3342 2951 3469 3008 cum.
3511 2932 3732 2998 vincitur,

2169 3044 2321 3088 mens
2347 3029 2526 3083 carnis
2547 3037 2650 3091 est,
2674 3045 2778 3082 non
2807 3044 2872 3084 ex
2909 3036 3101 3091 natura
3121 3029 3358 3098 habens,
3379 3029 3473 3096 sed
3494 3044 3557 3098 ex
3575 3039 3732 3090 carne,

2168 3121 2312 3198 quod
2346 3121 2575 3187 labitur;
2633 3132 2687 3176 et
2730 3121 2884 3192 quasi
2935 3122 2987 3176 in
3032 3137 3230 3184 nomen
3274 3123 3735 3192 proprietatemque

2168 3214 2405 3278 victricis
2434 3214 2569 3268 victa
2601 3213 2842 3268 succedit
2867 3230 2882 3280 ;
2918 3225 3104 3276 natura
3138 3224 3327 3279 autem
3342 3205 3566 3284 adversa
3588 3209 3736 3265 carnis

2091 3308 2136 3371 C
2170 3316 2272 3364 est.
2305 3307 2543 3378 Denique
2588 3300 2779 3362 mente
2809 3307 2922 3372 Deo
2962 3307 3228 3372 servimus
3257 3349 3271 3376 ,
3305 3322 3474 3374 carne
3525 3312 3735 3376 peccato-

2172 3398 2360 3452 Melior
2388 3409 2565 3451 autent
2584 3413 2737 3452 mens
2759 3398 2885 3466 erit,
2911 3399 2955 3454 si
2986 3399 3313 3472 cooperaria
3335 3408 3524 3470 sancto
3545 3394 3737 3478 Spiritui

2171 3492 2482 3566 religiosum
2513 3507 2619 3546 non
2648 3492 2971 3558 intermittat
2997 3492 3258 3562 ol'licium.
3617 3549 3623 3556 ,

2243 3586 2333 3640 51.
2367 3585 2485 3642 Ista:
2515 3595 2640 3644 sunt
2662 3586 2821 3654 igitur
2841 3596 3132 3656 operantes
3156 3588 3208 3650 in
3231 3603 3370 3668 agro
3397 3596 3596 3655 nostra,
3625 3597 3740 3656 qua-

2174 3691 2292 3740 rum
2345 3676 2512 3732 altera
2570 3677 2772 3732 bonum
2818 3677 3048 3744 fructum
3105 3677 3390 3748 diligentia
3431 3679 3522 3738 dat
3554 3678 3742 3746 ,altera

2172 3769 2369 3830 amittit
2400 3758 2629 3836 incuria,
2652 3785 2812 3840 quam
2839 3772 3154 3844 sanguinein
3188 3771 3740 3846 Legislatqrappcllal.

2173 3863 2359 3918 dicens
2388 3881 2400 3917 :
2434 3862 2622 3917 Anima
2646 3865 2814 3918 omnis
2838 3847 3034 3930 carnis,
3067 3847 3429 3945 sanguis-ejus
3446 3867 3464 3939 (
3481 3864 3630 3934 ιευέι,
3652 3874 3745 3919 ῃσὶῐ

2175 3953 2438 4030 14).ριιο
2457 3956 2700 4028 plerique
2715 3955 2955 4020 referunt
2985 3956 3145 4018 etiam
3177 3957 3312 4029 illud
3340 3958 3484 4032 quod
3513 3960 3748 4028 scriptum

2173 4059 2257 4116 est
2291 4067 2306 4104 :
2358 4047 2481 4106 Non
2510 4049 2842 4114 manducabis
2881 4066 3088 4116 carnem
3129 4051 3181 4116 ita
3211 4053 3472 4124 sanguine
3496 4047 3656 4130 (Gen.
3685 4059 3746 4112 tv,

2172 4142 2205 4202 9
2231 4141 2250 4213 )
2283 4160 2298 4209 ;
2334 4158 2401 4198 ne
2429 4142 2742 4200 vulneribus
2771 4144 2966 4200 animat
2998 4154 3314 4206 cruentatas
3337 4145 3586 4218 corporis
3615 4142 3752 4207 volu-

2173 4244 2368 4308 ptates,
2403 4234 2718 4298 refectionis
2742 4236 2922 4305 potius
2945 4234 3085 4308 loco,
3119 4249 3280 4306 quam
3314 4248 3472 4298 reatu
3497 4232 3751 4308 sanguinis

2172 4328 2527 4392 aestimemus,
2556 4341 2693 4400 quos
2731 4336 2946 4397 oportet
2983 4328 3074 4382 Dei
3113 4329 3281 4386 verbo
3301 4329 3478 4398 reﬁci.
3514 4341 3535 4368 ε
3567 4328 3655 4384 Est
3675 4340 3750 4381 cr-

2170 4434 2239 4490 go
2266 4419 2418 4482 cibus
2441 4418 2776 4488 refectionis,
2807 4429 2890 4475 est
2919 4419 3072 4476 cibus
3112 4421 3430 4496 sanguinis;
3465 4421 3600 4478 sicut
3626 4415 3750 4478 enim

2171 4528 2300 4576 caro
2333 4513 2544 4568 Domini
2569 4527 2696 4568 vere
2727 4519 2812 4570 est
2830 4512 2983 4566 cibus
3003 4553 3019 4580 ,
3054 4512 3126 4570 ita
3154 4516 3383 4583 sanguis
3413 4528 3542 4568 vere
3590 4517 3757 4568 noster

2172 4614 2256 4660 est
2278 4614 2437 4676 potus
2461 4603 2478 4676 (
2500 4603 2576 4659 De
2597 4603 2807 4668 Camer.
2835 4604 2956 4672 dist.
2988 4603 3045 4669 Ξ,
3077 4620 3192 4678 cap.
3238 4603 3309 4660 In
3363 4605 3548 4676 quibus
3571 4645 3584 4668 ,
3618 4600 3645 4682 5
3674 4596 3756 4660 Et!

473 4708 597 4766 put;
627 4698 748 4766 quia
780 4711 808 4758 a
840 4696 1058 4760 Domini
1106 4697 1280 4762 nostri
1322 4697 1450 4753 Jesu
1500 4698 1704 4767 tibi-isti
1752 4701 2066 4760 salutarium
2096 4726 2151 4786 D
2176 4696 2379 4765 cibus).
2410 4695 2615 4754 Bonam
2647 4711 2776 4766 ergo
2803 4695 2876 4777 de
2916 4696 3117 4750 nostris
3146 4696 3411 4765 operibus
3443 4711 3621 4756 escam
3665 4690 3759 4752 D0-

474 4798 872 4858 praaceptorum
899 4789 1282 4852 observatione
1321 4789 1559 4856 declinat
1591 4808 1606 4861 ;
1637 4792 1750 4863 ipse
1780 4795 1926 4856 enim
1973 4809 2066 4850 ca-

473 4891 570 4952 put
593 4883 857 4949 omnium,
889 4884 979 4954 qui
1009 4893 1200 4947 auctor
1229 4893 1314 4944 est
1361 4886 1622 4942 omnium.
1657 4887 1809 4944 Alter
1848 4899 1931 4942 cst
1975 4889 2068 4950 ille

415 5006 425 5016 -
474 4975 872 5044 praestabilior,
925 4976 1012 5044 qui
1069 4975 1426 5040 humilitatem
1475 4977 1699 5050 diligit,
1741 4979 2065 5050 sapientiam

471 5069 701 5137 quaerit,
732 5065 1162 5132 misericordiam
1213 5083 1321 5128 non
1368 5067 1808 5140 omittit;bonqs
1856 5071 2066 5138 scilicet

471 5159 768 5224 enuntiatur
795 5175 812 5227 ἱ
842 5157 1098 5227 Dormit
1124 5159 1292 5224 enim.
1331 5159 1474 5230 dedit
1505 5156 1834 5240 pauperibus,
1854 5163 2067 5234 justitia

465 5253 583 5319 ejus
611 5261 782 5318 attinet
808 5251 864 5316 in
914 5260 1161 5322 mersum
1197 5251 1387 5322 (that.
1417 5267 1506 5322 ex:
1535 5294 1551 5326 ,
1589 5254 1622 5318 tt
1650 5253 1693 5325 )..
1757 5256 1853 5322 ttic
1903 5256 2066 5328 igitur

461 5344 722 5411 spiritalis
747 5353 852 5409 est,
882 5342 977 5409 illo
1007 5345 1261 5411 carnalis.
1292 5344 1427 5416 Nam
1468 5346 1606 5420 sicut
1635 5348 1818 5417 verbis
1838 5350 2070 5422 Aposto—

542 5553 568 5583 η
601 5544 897 5616 itaomnes
928 5557 1058 5616 mss.
1092 5553 1146 5598 et
1170 5542 1302 5602 edit.
1338 5544 1439 5602 nisi
1471 5542 1627 5616 quod
1650 5543 1865 5606 illorum
1896 5543 2065 5616 aliqui

476 5631 572 5688 pro
620 5614 901 5688 referatur,
954 5615 1183 5686 habent,
1218 5613 1549 5688 reformatur.
1585 5613 1745 5688 Unus
1781 5613 2062 5688 reseratur.

478 5683 617 5758 E'lit.
643 5695 824 5742 autem
849 5683 1004 5758 Rotn.
1030 5683 1494 5758 proiuquoaptius
1527 5700 1640 5748 reor
1657 5686 1780 5754 quia
1801 5685 1904 5754 (vel
1928 5685 2068 5758 quod

478 5756 716 5824 utr-itit.)
750 5757 1008 5824 reposuit,
1039 5757 1186 5824 quod
1215 5756 1385 5816 aptius
1426 5769 1541 5808 reor
1570 5760 1706 5824 quod
1738 5758 1790 5820 in
1818 5771 1878 5808 eo
1901 5796 1914 5819 ,
1955 5756 2061 5812 etc.

551 5821 575 5860 ἱ)
608 5821 883 5893 Νυιιηιιιιὶ⁸
906 5821 1060 5893 mSSg.
1092 5825 1137 5875 si
1171 5823 1313 5874 bonis
1337 5821 1600 5888 consulat}
1633 5824 1846 5891 quidam
1875 5825 2061 5893 etiam,

477 5893 520 5946 si
553 5893 676 5944 bene
702 5889 956 5944 consulat.
990 5891 1252 5944 Neutrum
1279 5897 1411 5944 satis
1440 5889 1747 5950 commode.

2176 4789 2324 4845 mino
2347 4803 2728 4860 suggerantus;
2756 4804 2824 4854 ne
2849 4803 3034 4853 rursus
3073 4803 3195 4844 cum
3242 4791 3505 4856 venerit,
3538 4797 3592 4846 et
3633 4785 3759 4840 sicut

2174 4882 2226 4948 in
2252 4883 2336 4950 illa
2366 4883 2470 4950 ﬁcu
2504 4898 2721 4953 pomum
2744 4898 2850 4938 non
2885 4883 3176 4956 invenerit,
3209 4894 3528 4946 nostrorum
3559 4883 3759 4940 merito-

2175 4993 2292 5040 rum
2323 4975 2708 5044 infecunditate
2726 4975 2944 5048 jejunus
2986 4975 3326 5055 propositum
3380 4976 3595 5046 pietatis
3619 4986 3758 5026 aver-

2174 5077 2270 5136 tat,
2295 5068 2477 5134 dicens
2493 5068 2560 5136 ad
2588 5069 2734 5130 illam
2765 5068 2998 5134 animam
3037 5083 3197 5146 quam!
3230 5067 3441 5135 nudam
3490 5078 3756 5140 pomorum

2171 5165 2458 5237 repererit,
2489 5173 2545 5230 et
2567 5161 2831 5233 sanguine
2865 5171 3201 5228 cruentatam
3235 5179 3246 5214 :
3278 5161 3586 5234 Numquam
3627 5175 3685 5220 ea;
3718 5165 3758 5210 te

2169 5263 2370 5332 [ructus
2392 5267 2632 5326 nascatur
2657 5259 2710 5312 in
2740 5257 3104 5326 sempiternum
3130 5254 3366 5330 (Matth.
3391 5273 3508 5324 XXI,
3535 5253 3598 5312 l9
3617 5255 3654 5322 l.
3676 5250 3759 5307 Est

2179 5365 2309 5420 ergo
2359 5348 2541 5403 anima
2586 5350 2765 5402 carnis
2813 5348 2989 5400 omnis
3041 5350 3258 5418 sanguis
3283 5347 3433 5416 ejus.
3471 5345 3568 5414 Est
3611 5343 3756 5412 etiam

2251 5555 2272 5582 ο
2310 5543 2436 5598 ΗτΒο
2465 5543 2625 5597 verba
2667 5541 2956 5600 Gratianus
2994 5544 3114 5599 loco
3141 5545 3309 5602 citato
3336 5542 3393 5599 in
3431 5544 3666 5614 margine
3703 5539 3754 5595 S.

2175 5613 2340 5669 Leoni
2369 5615 2612 5683 attribuit
2643 5633 2655 5668 :
2685 5615 2778 5668 sed
2803 5614 3042 5683 ejus-dem
3067 5615 3312 5670 Gratiani
3337 5613 3676 5671 correctores
3701 5624 3755 5666 ea

2177 5701 2436 5756 nusquam
2463 5687 2560 5738 nisi
2588 5685 2726 5756 apud
2757 5683 3096 5756 Ambrosium
3121 5688 3360 5754 reperiri
3389 5689 3752 5756 observarunt.

2175 5751 2406 5824 Eosdem
2434 5751 2647 5826 quoque
2679 5771 2783 5809 non
2807 5754 2940 5826 fugit
2972 5756 3166 5822 similis
3190 5751 3362 5826 error
3416 5757 3678 5811 admissus
3705 5751 3750 5806 in

2172 5828 2371 5890 verbis,
2405 5825 2498 5879 Est
2522 5825 2914 5900 etiamcorpus,
2939 5835 3070 5900 etc.,
3103 5841 3250 5881 num.
3287 5825 3386 5897 56,
3431 5844 3595 5900 quem
3621 5835 3752 5881 erro-

2174 5911 2296 5951 rem
2323 5913 2422 5956 nec
2445 5899 2504 5951 Β.
2535 5897 2821 5958 Anselmus
2843 5897 3150 5961 declinavit.
3452 5897 3467 5900 ’
3497 5919 3508 5924 ·

2866 6074 2892 6097 ι
