3920 6332
477 344 618 404 1⁸183

1867 342 2112 402 SANC'I‘I
2151 344 2476 404 AMBROSII

3618 343 3740 404 1⁸184

473 465 621 520 enim
651 460 896 535 perfecta
919 462 1111 520 virtus.
1137 463 1322 533 Itaque
1335 461 1456 519 etin
1475 461 1701 533 pueritia
1714 469 1798 516 est
1823 461 2074 532 quaedam
2099 466 2153 524 Α
2181 477 2368 532 perem
2393 503 2410 530 ,
2460 459 2588 533 quia
2617 458 2908 517 exaeerbat
2947 457 3097 516 illum
3123 460 3213 530 qui
3243 459 3371 516 fecit
3401 473 3524 515 eum
3559 476 3572 516 :
3600 475 3742 516 nemo

474 559 810 625 venerabilis
837 573 1049 612 morum
1095 565 1384 625 senectus,
1433 566 1490 612 et
1515 558 1567 611 in
1600 563 1886 613 senectute
1914 556 2072 610 inno—
2171 561 2345 610 tentet
2377 553 2674 608 invalidum
2701 593 2717 620 ,
2777 569 2844 608 ne
2901 554 3123 624 angelos
3151 553 3312 608 laedat
3346 571 3358 607 :
3391 567 3550 608 nemo
3577 553 3744 622 praeci-

475 623 607 707 cens
638 650 901 722 pueritia:
927 651 1178 707 Senectus
1201 652 1336 706 enim
1365 623 1673 706 uenerabilis
1700 660 1797 715 est,
1828 666 1932 704 non
1952 649 2073 703 diu—
2174 646 2309 716 pitet
2336 645 2637 712 inﬁrmum,
2692 660 2758 701 ne
2789 644 2964 700 solvat
2984 623 3325 701 beneﬁcium
3365 643 3742 716 Redemptoris.

473 754 652 807 turno,
699 756 791 794 nec
831 757 1046 796 numero
1099 758 1356 796 annorum
1377 751 1706 815 computata,
1761 742 1880 796 cani
1899 749 2072 794 autem
2176 735 2362 807 (Prov.
2389 752 2486 802 xu,
2517 737 2594 808 5).

468 841 592 887 sunt
614 835 794 888 sensus
823 833 1048 888 hominis
1066 875 1083 902 ,
1141 845 1189 888 et
1226 844 1355 889 tetas
1379 834 1656 889 senectutis
1685 835 1790 888 vita
1817 833 2071 886 immacu-

466 923 858 996 lata(Sap.tv,
890 925 1004 980 8st
1023 925 1105 996 9).
1156 923 1311 982 Unde
1353 936 1408 982 et
1457 927 1718 994 scriptum
1761 933 1847 980 est
1878 941 1894 980 :
1922 923 2067 979 Lau-

473 1014 609 1083 date,
618 1016 786 1084 pueri,
805 1014 1108 1082 Dominum,
1125 1018 1336 1072 laudate
1355 1033 1541 1072 nomen
1562 1015 1776 1071 Domini
1793 1015 1911 1089 (Ps.
1937 1031 2070 1081 cxu,

475 1108 503 1161 1
533 1106 590 1179 );
624 1107 749 1178 quia
778 1123 938 1163 nemo
968 1109 1073 1164 nisi
1095 1109 1368 1180 perfectus
1400 1110 1587 1165 laudat
1619 1110 1933 1165 Dominmn.
1964 1109 2077 1165 Nc-

475 1215 561 1255 mo
588 1202 734 1256 enim
765 1202 891 1256 dicit
911 1202 1194 1258 Dominum
1223 1203 1426 1270 Jesum,
1460 1205 1562 1259 nisi
1591 1206 1644 1260 in
1667 1205 1874 1276 Spiritu
1899 1215 2078 1259 sancto

477 1292 526 1365 (Ι
555 1290 676 1348 Cor.
705 1309 806 1361 ιιι,
841 1295 919 1366 5).

553 1387 645 1443 59.
665 1387 819 1456 Quod
834 1389 1048 1444 videtur
1078 1391 1146 1446 de
1165 1390 1426 1447 Ecclesiae
1452 1391 1652 1464 populo
1673 1391 2076 1463 prephetatum,

477 1482 572 1551 qui
621 1481 812 1552 jnnior
861 1483 1136 1540 seniorem
1194 1485 1453 1556 populum
1499 1485 1813 1541 Judaaorum
1862 1487 2082 1542 virtutis

481 1575 676 1632 studiis
704 1575 953 1633 anteivit.
990 1579 1051 1633 Et
1086 1579 1211 1634 ideo
1236 1579 1371 1634 illud
1398 1598 1412 1634 :
1445 1579 1583 1635 Ecce
1610 1597 1707 1653 ego
1729 1589 1780 1635 et
1806 1580 1956 1652 pueri
1981 1581 2082 1634 mei

480 1684 608 1739 quos
638 1670 828 1725 dedisti
857 1673 987 1726 mihi
1039 1671 1213 1744 (Esai.
1241 1689 1356 1739 vin,
1381 1673 1497 1745 18).
1532 1674 1623 1729 Isti
1666 1682 1794 1730 sunt
1822 1673 2082 1745 pueriqui

480 1759 774 1817 Dominum
817 1762 968 1832 pullo
1008 1765 1178 1819 asinae
1205 1776 1591 1835 supervectum
1623 1767 1960 1836 propheticis
1989 1783 2085 1822 vo-

481 1853 635 1908 cibus
657 1863 1052 1924 prosequentes
1072 1898 1087 1922 ,
1111 1856 1544 1927 redemptionem
1571 1860 1815 1927 gentium
1867 1860 2084 1914 venisse
2113 1842 2162 1902 Β

483 1942 970 2017 dicebant(Matth.
1002 1962 1115 2014 XXI,
1147 1948 1238 2020 15)
1266 1966 1278 2001 :
1310 1949 1398 2004 isti
1427 1961 1554 2005 sunt
1585 1951 1736 2021 pueri
1756 1951 2090 2013 velinl'antes

2247 851 2342 909 6‘2.
2383 851 2450 907 Et
2501 852 2626 910 ideo
2670 853 2814 910 dixit
2839 871 2857 908 :-
2894 854 2987 911 Va:
3030 855 3150 910 huic
3190 855 3384 910 mundo
3421 856 3486 910 ab
3514 856 3747 910 scandatis

2183 943 2398 1017 (Matth.
2432 961 2584 1009 xvnt,
2611 946 2689 1013 7);
2714 950 2840 1017 quia
2871 961 3086 1002 erucem
3113 947 3329 1002 Domini
3354 947 3594 1019 plerique
3613 963 3749 1003 scan-

2179 1037 2362 1093 dalum
2390 1038 2730 1108 judicarunt,
2775 1055 2898 1095 cum
2931 1040 3228 1096 Dominica:
3259 1039 3539 1096 humilitas
3568 1040 3751 1111 passio-

2181 1132 2267 1187 nis
2297 1143 2500 1189 nosu'ae
2551 1133 2624 1187 sit
2658 1143 3058 1189 sacramentum
3101 1133 3320 1200 salutis;
3371 1145 3429 1190 ut
3467 1133 3752 1190 adoriamur

2181 1225 2398 1278 virtutis
2437 1224 2700 1293 ofﬁcium,
2755 1241 3036 1282 sumamus
3084 1227 3411 1282 humilitatis
3448 1227 3748 1298 exemplum.

2189 1314 2276 1370 Va:
2297 1315 2459 1386 igitur
2477 1317 2526 1372 ei
2549 1318 2640 1386 qui
2663 1318 2714 1373 in
2733 1332 2951 1373 crucem
2977 1317 3190 1373 Domini
3211 1332 3318 1374 non
3341 1318 3649 1385 crediderit,
3663 1333 3753 1388 qua

2183 1409 2624 1466 scandalizentur
2648 1411 2847 1467 inﬁrmi
2865 1429 2880 1467 :
2897 1410 3126 1486 Expedit
3147 1412 3196 1466 ei
3225 1422 3282 1466 ut
3310 1412 3756 1483 suspendaturnto-

2185 1502 2238 1556 ia
2266 1503 2498 1558 asinaria
2523 1505 2575 1558 in
2601 1505 2735 1558 collo
2764 1488 2902 1578 ejus,
2929 1516 2976 1559 et
3007 1505 3338 1576 demergatur
3374 1507 3428 1560 in
3467 1505 3756 1577 profundunt

2185 1597 2344 1650 maris
2375 1595 2596 1666 (Matth.
2627 1613 2778 1664 xvtn,
2801 1599 2882 1669 6).

2262 1708 2353 1765 65.
2396 1707 2456 1766 In
2480 1709 2683 1767 divinis
2723 1711 2945 1782 quidem
2995 1711 3296 1781 Scripturis
3357 1726 3464 1768 non
3490 1713 3754 1768 verborum

2187 1792 2412 1870 seriem,
2441 1802 2537 1858 sed
2564 1819 2746 1859 rerum
2777 1804 2989 1874 pondus
3014 1805 3324 1860 examinare
3351 1803 3637 1869 debemus;
3656 1804 3755 1874 plus

2195 1895 2337 1950 enim
2367 1895 2585 1965 prolicit
2611 1895 2677 1950 ad
2701 1896 3046 1967 reprimenda
3067 1907 3308 1967 peccata,
3327 1897 3549 1957 inauditi
3570 1899 3756 1968 generis

2192 1996 2356 2057 atque
2387 1988 2652 2046 deformis
2698 1989 2936 2045 belluina
2983 1991 3228 2062 quaedam
3263 2004 3460 2061 pompa
3511 1989 3753 2061 supplicii.

483 2040 576 2107 αυί
605 2035 926 2154 eriere
959 2041 1127 2145 ubera
1170 2057 1338 2154 super
1382 2043 1567 2147 unum
1602 2045 1796 2154 ιιςιιειυ
1842 2046 2088 2116 pleniore
2191 2035 3758 2154 ῑςιῑτξις·ξιξξξῑιήῑιῑέξάξξυξςξξέςλίέ.ιιῑξ·ξ.ξ..εξ;;;;;ξι;;

483 2140 766 2184 auxerunt.
795 2127 880 2184 Ea:
908 2147 995 2186 ore
1041 2133 1178 2187 enim
1225 2135 1505 2203 infantium
1537 2146 1584 2191 et
1639 2135 1935 2192 lactentium
1968 2155 2085 2208 per-

482 2225 654 2296 [eeisti
677 2225 884 2280 laudem
916 2225 1034 2297 (Ps.
1065 2243 1182 2296 vnt,
1214 2229 1295 2301 5).

559 2315 648 2373 60.
693 2316 899 2375 Durum
928 2320 1112 2390 itaque
1140 2321 1416 2392 aliquibus
1465 2333 1521 2380 et
1549 2325 1760 2381 immite
1787 2325 1958 2383 videri
1991 2343 2086 2397 po-

486 2414 611 2472 test,
645 2409 790 2478 quod
843 2410 1097 2483 discipuli
1130 2413 1198 2468 ad
1249 2413 1540 2471 Dominum
1591 2416 1891 2474 infantulos
1933 2420 2086 2476 adire

482 2497 871 2577 prohibebant,
923 2503 1025 2559 nisi
1057 2505 1142 2561 vel
1175 2510 1494 2579 mysterium
1529 2511 1800 2583 intelligas
1825 2554 1842 2580 ,
1887 2514 1970 2570 vel
2000 2514 2082 2568 af-

483 2589 718 2658 fectum;
750 2609 928 2665 neque
967 2596 1113 2652 enim
1155 2597 1211 2653 id
1237 2600 1436 2654 invidae
1461 2602 1515 2656 in
1544 2618 1745 2671 pueros
1767 2605 1968 2660 mentis
1999 2620 2086 2661 as-

485 2683 718 2752 peritate
765 2686 1073 2755 faciebant,
1126 2690 1223 2745 sed
1269 2691 1479 2748 sedulae
1505 2694 1785 2752 servitutis
1821 2696 2084 2768 obsequia

484 2774 720 2830 Domino
766 2777 1125 2848 deferebant,
1187 2799 1255 2839 ne
1309 2788 1763 2856 comprimeretur
1808 2807 1836 2844 a
1886 2793 2082 2850 turbis.

487 2861 734 2933 Denique
763 2867 893 2922 alibi
925 2870 1188 2939 scriptum
1219 2881 1334 2929 est:
1368 2875 1641 2948 Magister,
1665 2882 2013 2950 comprimunt
2037 2894 2084 2939 te

487 2954 650 3009 turbae
691 2955 845 3027 (Luc.
894 2975 1012 3030 vni,
1040 2961 1155 3036 45).
1186 2965 1511 3036 Respuenda
1531 2975 1736 3042 quippe
1764 2984 1849 3029 est
1878 2975 2085 3038 utilitas

486 3059 717 3114 nostra,
769 3051 859 3106 ubi
905 3053 1207 3112 divinitatis
1258 3059 1455 3129 injuria
1486 3075 1588 3118 est.
1637 3066 1780 3137 Ergo
1811 3067 2084 3139 fugiamus

485 3141 820 3211 superbiam,
853 3161 1151 3217 sequamur
1188 3152 1452 3220 puerilem
1485 3155 1927 3224 simplicitatem;
1957 3163 2082 3230 quia

489 3232 691 3286 veritas
709 3234 1022 3292 adversaria
1052 3232 1345 3309 superbiae,
1401 3243 1724 3312 simplicitas
1748 3258 1925 3303 autem
1948 3265 2050 3307 con
2071 3284 2082 3294 -

488 3326 961 3383 currens-veritati
990 3370 1004 3395 ,
1060 3331 1112 3384 in
1167 3331 1282 3399 ipsa
1314 3333 1622 3392 humilitate
1659 3339 1931 3396 sublimis.
1968 3342 2084 3399 Non

487 3413 634 3468 enim
666 3414 718 3469 in
745 3417 960 3485 abjecto
987 3421 1156 3476 corde
1185 3421 1398 3479 habitat
1428 3425 1593 3494 Deus,
1623 3428 1720 3484 sed
1751 3431 1891 3486 sicut
1921 3435 2088 3490 tradi-

490 3501 691 3560 derunt
738 3508 898 3565 nobis
949 3512 1266 3582 prephetae:
1298 3515 1542 3574 Thronus
1583 3522 1786 3579 virtutis
1825 3527 2087 3584 excitatus

491 3605 567 3650 est
596 3594 811 3669 (let-em.
843 3615 974 3669 xvn,
1008 3602 1098 3675 12)
1129 3621 1143 3670 ;
1186 3604 1242 3660 in
1298 3621 1366 3663 eo
1390 3611 1603 3666 scilicet
1650 3615 1809 3682 cujus
1838 3618 2086 3674 elevatur

488 3691 755 3759 sapientia
802 3694 868 3748 ad
917 3695 1268 3753 altitudinem
1318 3701 1585 3758 veritatis.
1643 3704 1926 3772 Necsicut
1949 3709 2084 3766 Cain

486 3782 722 3838 fraterna
742 3787 926 3855 specie
948 3786 1130 3843 dolum
1163 3788 1378 3864 15,86
1397 3797 1736 3863 percussoris
1762 3799 2080 3869 abscondat;

488 3875 584 3930 sed
613 3878 746 3932 foris
776 3879 1026 3950 intraque
1054 3882 1122 3936 sit
1149 3882 1334 3940 frater.
1364 3886 1489 3941 Haec
1518 3887 1573 3942 in
1604 3890 1826 3945 affectu.
1877 3891 1932 3946 ln
1964 3909 2087 3968 my-

485 3967 658 4022 sterio
678 3977 886 4038 autem,
912 3973 1038 4041 quia
1064 3974 1212 4043 prius
1232 3977 1433 4032 salvari
1458 3981 1714 4050 populum
1744 3982 2082 4056 Iudaeorum,

487 4070 556 4111 ex
577 4073 684 4127 quo
703 4067 759 4114 et
779 4062 1075 4118 secundum
1095 4081 1314 4122 carnem
1345 4070 1455 4124 nati
1485 4070 1723 4139 fuerant,
1752 4061 2082 4146 gestiebant,

483 4146 581 4202 sed
610 4159 800 4241 etproj
824 4151 1131 4241 Cltanana'a
1160 4157 1390 4215 muliere
1429 4164 1807 4232 supplicarunt
1865 4171 2082 4241 (Matth.

488 4251 585 4302 xv,
616 4235 732 4309 2³5).
767 4238 1026 4298 Sciebant
1077 4260 1209 4316 ergo
1239 4252 1557 4319 mysterium
1586 4293 1604 4320 ,
1662 4257 1804 4324 quod
1839 4235 2085 4334 utrisque

488 4330 707 4400 populis
735 4335 950 4390 vocatio
977 4336 1294 4409 deberetur,
1327 4344 1423 4398 sed
1473 4344 1708 4404 fortasse
1737 4350 1913 4409 adhuc
1938 4330 2087 4414 ordi-

489 4438 616 4479 nem
649 4425 985 4484 nesciebant.

561 4514 652 4572 61.
692 4515 846 4574 Nunc
870 4518 1186 4578 distantiam
1242 4525 1464 4586 intende
1518 4535 1832 4592 verborum.
1887 4539 1990 4599 Ubi
2016 4545 2083 4600 ad

486 4618 551 4662 se
576 4605 816 4665 infantes
843 4613 1108 4668 accedere
1130 4614 1319 4686 jubet,
1353 4629 1413 4674 ut
1441 4637 1538 4678 eos
1569 4633 1593 4662 ³
1624 4628 1709 4682 vel
1735 4631 2083 4699 praedicatio-

490 4712 597 4767 ne,
655 4701 740 4757 vel
766 4717 1020 4760 manuum
1054 4706 1404 4778 impositione
1441 4714 1826 4788 benediceret,
1887 4741 2086 4794 pueros

485 4789 774 4861 appellat:
827 4795 919 4850 ubi
945 4799 1192 4869 praecipit
1222 4817 1332 4858 non
1383 4807 1831 4882 scandalizandos
1862 4789 2081 4886 (dfatth.

486 4897 640 4948 xvnt,
674 4885 756 4955 6),
817 4889 1048 4956 pusillos
1089 4905 1283 4960 vocat;
1332 4913 1441 4955 non
1469 4905 1616 4958 enim
1646 4885 2085 4969 scandalizantur

485 4975 577 5045 qui
629 4983 924 5070 tanguntur
952 4997 985 5037 a
1014 4983 1254 5053 Christo,
1307 5005 1414 5047 non
1448 4993 1706 5053 labuntur
1749 5001 1838 5070 qui
1867 5003 2085 5062 Christo

484 5067 851 5140 propinquant
873 5089 886 5126 :
907 5073 1001 5129 sed
1026 5073 1283 5134 labuntur
1309 5081 1382 5136 illi
1404 5099 1540 5155 quos
1563 5067 1792 5159 pusillos
1820 5111 1925 5150 non
1953 5109 2081 5155 auta-

480 5163 552 5218 tis
580 5167 870 5236 exiguitas,
895 5170 989 5226 sed
1012 5172 1229 5230 virtutis
1259 5179 1524 5248 pusillitas
1542 5182 1689 5241 fecit.
1719 5187 1889 5245 Simul
1919 5195 2080 5250 etiam

483 5256 646 5314 docet
673 5258 920 5319 inﬁrmos
950 5279 1058 5319 non
1084 5280 1208 5323 esse
1236 5274 1554 5342 tentandos;
1583 5294 1650 5335 ne
1680 5279 1736 5336 in
1765 5297 1866 5339 nos
1890 5299 2078 5344 eorum

484 5349 685 5446 delicta
715 5362 999 5412 vertantur
1023 5398 1040 5425 ,
1097 5375 1330 5429 quorum
1363 5381 1556 5435 preces
1573 5373 1641 5426 ad
1671 5371 1956 5432 Dominum
1976 5421 1991 5446 ,
2027 5389 2086 5435 et

485 5441 532 5496 si
561 5443 664 5512 ipsi
693 5445 953 5502 virtutum
985 5452 1196 5509 meritis
1236 5454 1436 5513 inﬁrmi
1463 5461 1592 5527 sint,
1649 5441 2084 5536 angelorum'ta-

483 5549 610 5592 men
638 5539 958 5606 patrociniis
987 5544 1312 5604 evehuntur.
1340 5549 1510 5611 Nemo
1539 5568 1673 5627 ergo
1695 5557 1919 5618 irrideat
1942 5577 2080 5633 pau-

2191 2175 2370 2243 ﬁrmo,
2401 2191 2508 2231 non
2540 2173 2718 2232 otiose
2749 2176 2912 2231 simul
2932 2177 3162 2247 positam
3184 2185 3435 2247 putamus
3457 2177 3648 2232 molam
3673 2175 3759 2230 asi-

2191 2270 2424 2336 nariam,
2457 2270 2659 2326 collum
2693 2269 2953 2336 hominis,
2995 2269 3322 2341 profundum
3351 2270 3536 2325 maris.
3569 2267 3758 2324 Etenim

2188 2376 2312 2417 cum
2341 2361 2479 2415 asini
2511 2369 2698 2432 typum
2743 2362 2970 2442 populus
2996 2361 3216 2433 gentilis
3243 2360 3551 2431 acceperit,
3598 2373 3758 2414 nonne

2191 2451 2285 2505 tibi
2303 2451 2511 2506 videtur
2525 2459 2798 2522 tamquam
2820 2451 3020 2507 molam
3038 2451 3329 2507 asinariam
3347 2453 3585 2516 volvere,
3598 2465 3758 2521 quam-

2186 2544 2279 2600 diu
2307 2545 2358 2600 in
2396 2545 2684 2616 imperitiae
2729 2561 2843 2602 suae
2883 2563 3070 2602 errore
3107 2557 3378 2613 versatur,
3421 2554 3617 2602 natura:
3651 2543 3758 2611 qui-

2187 2639 2311 2694 dem
2357 2639 2592 2695 vinculis
2634 2638 2917 2709 alligatus,
2974 2650 3034 2694 ut
3063 2640 3286 2695 verbum
3311 2639 3550 2706 emolat,
3602 2637 3754 2692 Deum

2186 2742 2438 2804 quaerat:
2495 2731 2591 2787 sed
2631 2743 2840 2802 operta:
2884 2733 3085 2787 mentis
3122 2733 3371 2788 caecitate
3406 2731 3664 2793 suffusus;
3709 2738 3754 2781 ut

2185 2825 2394 2880 vultum
2425 2823 2591 2879 animi
2619 2825 2833 2894 erigere
2861 2824 2928 2880 ad
2950 2825 3144 2889 Deum,
3171 2833 3226 2880 et
3246 2825 3434 2880 oculos
3453 2824 3632 2879 cordis
3647 2836 3755 2890 ape-

2186 2917 2299 2972 rire
2325 2931 2433 2972 non
2461 2914 2714 2970 noverit?
2739 2914 2809 2971 Et
2837 2915 2960 2970 ideo
2981 2914 3099 2970 sine
3123 2916 3227 2970 ulla
3249 2927 3445 2970 cursus
3471 2914 3751 2976 alacritate,

2185 3008 2432 3078 vestigiis
2464 3009 2518 3063 in
2547 3022 2607 3063 se
2634 3022 2780 3077 saepe
2811 3007 3186 3073 redeuntibus,
3237 3007 3442 3063 invitus
3479 3008 3597 3062 usui
3625 3004 3752 3059 labo-

2186 3111 2268 3155 rat
2289 3100 2491 3154 alieno.
2535 3099 2740 3154 Tamen
2781 3097 2876 3169 qui
2907 3100 3107 3154 molam
3139 3099 3332 3166 volvit,
3371 3095 3752 3156 consummandi

2188 3191 2482 3262 aliquando
2512 3191 2675 3248 ﬁnem
2705 3192 2888 3262 operis
2916 3192 3099 3260 habet,
3129 3202 3185 3248 et
3214 3193 3479 3250 exuendae
3503 3209 3647 3265 spem
3672 3206 3751 3263 ge-

2191 3288 2263 3341 rit
2291 3285 2554 3341 caecitatis
2590 3303 2604 3351 ;
2637 3285 2724 3341 cui
2756 3301 2888 3340 vero
2917 3285 3058 3341 mola
3081 3285 3148 3340 ad
3177 3286 3380 3342 collum
3407 3285 3750 3357 suspenditur,

2190 3386 2372 3449 portat
2398 3377 2638 3448 lapidem
2667 3376 2757 3447 qui
2784 3388 3000 3447 portare
3031 3377 3245 3433 Domini
3271 3378 3458 3449 jugum
3487 3375 3748 3435 recusavit.

2191 3474 2397 3532 Asinus
2425 3493 2564 3550 ergo
2591 3478 2658 3534 ad
2689 3472 2924 3540 molam,
2955 3485 3135 3527 caecus
3164 3479 3229 3533 ad
3261 3473 3498 3545 lapidem
3519 3515 3537 3540 ,
3567 3469 3752 3544 gentilis

2189 3567 2255 3622 ad
2281 3583 2495 3638 saxum,
2519 3571 2613 3641 qui
2643 3573 2838 3628 adorat
2865 3589 2990 3629 eum
3028 3588 3188 3644 quem
3217 3587 3328 3627 non
3355 3569 3533 3636 videt,
3564 3581 3653 3622 nec
3678 3577 3754 3632 ³8·

2191 3663 2368 3715 noscit
2401 3679 2413 3713 :
2446 3659 2586 3715 Deus
2634 3665 2766 3718 enim
2799 3680 2902 3719 non
2936 3666 2993 3718 in
3031 3663 3346 3732 manufactis
3386 3660 3584 3714 ha'bitat
3615 3654 3750 3729 (Ατι.

2192 3765 2321 3815 xvu,
2358 3749 2474 3822 24),
2511 3766 2612 3808 nec
2638 3752 2694 3807 in
2713 3769 2848 3809 saxo
2875 3752 3326 3826 agnoscitur,sed
3355 3751 3408 3806 in
3438 3749 3650 3822 spiritu.

2259 3862 2349 3918 64.
2371 3862 2606 3934 Uterque
2619 3864 3024 3936 igiturpopulus
3040 3875 3096 3921 et
3111 3863 3326 3936 gentilis
3338 3862 3617 3919 etJudaeus
3629 3872 3754 3930 pom-

2187 3968 2255 4024 pa
2281 3954 2514 4024 quadam
2538 3957 2811 4012 sermonis
2837 3956 3000 4027 hujus
3030 3957 3343 4026 exponitur,
3376 3953 3472 4011 sed
3493 3952 3754 4007 vehemen-

2190 4047 2296 4102 tior
2327 4047 2378 4101 in
2397 4046 2615 4105 Iudaeos
2644 4063 2800 4118 poena
2825 4049 3159 4105 decernitur.
3183 4047 3481 4105 Gentilium
3498 4047 3637 4102 enim
3659 4054 3753 4095 ine-

2189 4138 2359 4194 moria
2379 4140 2561 4196 saeculi
2585 4141 2740 4196 istius
2754 4142 3005 4197 fluetibus
3031 4141 3239 4215 1487
3259 4140 3541 4203 obruetur,
3557 4147 3753 4194 etcmno

2188 4231 2376 4285 mundi
2409 4230 2570 4303 hujus
2597 4233 2927 4300 abolebitur,
2967 4235 3056 4303 qui
3088 4235 3230 4287 inter
3263 4246 3328 4288 ea
3350 4247 3472 4302 quae
3501 4231 3749 4288 nonsunl,

2187 4336 2313 4379 esse
2360 4325 2670 4390 voluerunt,
2701 4336 2755 4381 et
2783 4325 3006 4382 alienati
3045 4341 3076 4381 a
3105 4326 3332 4383 scientia
3383 4326 3475 4382 Dei
3505 4331 3747 4391 tamquam

2190 4413 2244 4468 in
2277 4415 2603 4483 profundum
2629 4417 2795 4473 maris
2820 4419 2982 4474 mersi
3030 4426 3181 4483 sunt;
3213 4430 3268 4472 at
3301 4433 3430 4473 vero
3472 4413 3633 4472 Judaei
3671 4423 3751 4480 per

2193 4510 2528 4578 patriarchas
2567 4511 2882 4583 adsumpti,
2921 4512 3342 4568 circumcisione
3391 4509 3617 4580 signati,
3670 4517 3751 4574 per

2111 4589 2164 4649 D
2194 4600 2390 4672 Legem
2425 4601 2644 4666 eruditi.
2677 4619 2785 4658 non
2840 4611 3111 4675 tamquam
3144 4603 3312 4674 ignoti
3357 4603 3623 4672 peribunt,
3671 4591 3750 4651 sed

2191 4701 2465 4761 tamquam
2494 4695 2746 4767 sacrilegi
2777 4697 3092 4766 punientur.
3124 4697 3336 4753 Etenim
3361 4690 3749 4752 Atheniensibus

2185 4783 2400 4854 ignotus
2453 4787 2616 4854 Deus,
2673 4789 2724 4844 in
2774 4788 2961 4846 Judma
3012 4799 3218 4857 notus,
3241 4792 3335 4848 sed
3389 4808 3492 4847 nun
3533 4792 3752 4855 receptus

2187 4877 2351 4949 (Act.
2405 4895 2514 4936 xvn
2546 4923 2562 4948 ,
2608 4882 2724 4954 25).
2779 4881 2848 4938 Et
2904 4883 3027 4941 ideo
3072 4883 3165 4954 qui
3211 4885 3460 4956 ignorat,
3511 4874 3748 4952 ignorabi-

2189 4976 2308 5035 tur;
2365 4971 2458 5041 qui
2510 4974 2914 5041 praevaricatur,
2946 4975 3320 5042 damnabitur;
3347 4989 3447 5031 nec
3467 4974 3553 5030 ille
3580 4977 3749 5026 exutus

2185 5076 2216 5116 a
2243 5061 2421 5132 culpa,
2451 5063 2543 5133 qui
2572 5078 2729 5119 suum
2771 5064 2994 5122 nescivit
3034 5077 3331 5132 auctorem.
3376 5079 3433 5123 et
3463 5066 3547 5122 ille
3589 5058 3750 5118 exutio

2186 5167 2219 5206 a
2245 5153 2420 5223 venia,
2447 5156 2536 5227 qui
2572 5156 2858 5214 Dominum
2908 5176 3015 5216 non
3055 5163 3278 5232 recepit.
3302 5157 3643 5219 Tolerabilius
3683 5161 3750 5206 ιε’

2190 5261 2314 5302 men
2363 5257 2450 5305 est
2475 5249 2636 5307 ﬁdem
2684 5268 2793 5309 non
2821 5253 3078 5310 detulisse
3109 5252 3347 5324 Christo,
3384 5270 3537 5328 quam
3585 5257 3746 5305 manus

2188 5339 2438 5400 intulisse
2467 5342 2639 5415 (Psai.
2665 5361 2834 5413 Lxxv,
2859 5344 2938 5420 2).

2264 5451 2446 5521 (Vers.
2480 5455 2570 5522 18,
2619 5458 2751 5533 19.)
2784 5458 3134 5535 InterrOgattt't
3181 5472 3355 5519 autem
3404 5479 3515 5521 eum
3561 5456 3744 5531 quidam

2189 5545 2452 5618 princeps,
2483 5549 2662 5607 dicens
2692 5567 2712 5607 :
2743 5551 2997 5626 Magister
3023 5555 3152 5611 bone
3173 5597 3189 5626 ,
3217 5557 3343 5628 quid
3365 5554 3592 5630 faciendo
3613 5551 3742 5606 vitam

561 5735 805 5848 3,3312;
813 5739 960 5848 Ledi‘j
991 5746 1070 5800 νει
1105 5747 1402 5815 Ρνεσαείοηε
1451 5767 1468 5808 ε
1504 5766 1665 5824 quam
1714 5755 2003 5818 Ιθοῑῖυηθῐη
2041 5758 2292 5823 labentes
2316 5768 2772 5841 amplecteremur
2797 5814 2813 5840 ,
2864 5773 2914 5831 si
2965 5789 3029 5834 ea
3077 5775 3270 5834 saltem
3299 5776 3457 5834 unico
3506 5783 3626 5828 mss.
3662 5763 3738 5848 de

487 5801 825 5862 fenderetur.
