3920 6320
141 322 156 332 ’
233 355 378 417 tres

1185 353 1553 413 EXPOSITIO
1593 351 1850 412 EVANG.
1890 351 2040 411 SEC.
2082 352 2237 412 LUC.
2280 353 2413 411 LIB.
2457 354 2589 410 VIII.

3388 361 3526 417 i786

229 484 482 530 teternam
527 475 835 544 possidebo?
880 473 1020 530 Dicit
1047 482 1219 530 autem
1263 475 1310 528 ei
1349 473 1503 529 Iesus
1532 489 1552 528 :
1577 472 1715 541 Quid
1745 490 1826 528 me
1851 477 1902 535 A
1929 472 2002 528 lio
2030 481 2092 549 et,
2113 472 2337 543 Spiritui
2367 484 2559 530 sancto
2588 473 2936 531 conﬁtentur.
2971 475 3103 531 Cum
3132 490 3262 549 ergo
3281 476 3482 536 dicitur
3513 499 3527 536 :
3601 517 3604 521 -

227 564 364 621 dicis
390 569 622 622 bonum?
643 567 809 622 Nemo
831 569 1014 635 bonus,
1045 567 1146 622 nisi
1165 566 1307 620 solus
1333 563 1501 620 Deus.

301 657 396 714 65.
421 659 655 716 Versuta
677 659 1054 732 interrogatio,
1085 659 1280 714 etideo
1301 665 1490 730 arguta
1520 656 1827 727 responsio.

220 747 498 805 Tentator
524 753 668 806 enim
695 753 943 823 princeps
971 753 1072 806 iste
1094 751 1411 820 magistrum
1440 749 1640 804 bonum
1669 747 1829 813 dixit,

219 843 322 914 qui
356 843 534 899 Deum
563 845 763 909 bonum
797 845 979 901 dicere
1016 843 1314 900 debuisset.
1345 841 1479 897 Nam
1525 842 1654 896 licet
1692 853 1747 896 et
1775 840 1828 896 in

219 933 524 992 divinitate
551 935 766 992 bonitas
789 938 880 1003 sit,
911 946 968 993 et
999 937 1052 991 in
1079 936 1324 991 bonitate
1357 934 1614 990 divinitas
1643 932 1830 1004 (nemo

214 1028 375 1084 enim
421 1029 921 1096 bonusnisisolns
966 1030 1152 1096 Deus,
1202 1031 1383 1086 omnis
1430 1039 1611 1084 autem
1664 1027 1828 1082 homo

214 1119 466 1176 mendax
506 1120 708 1181 (Psal.
749 1137 871 1187 cxv,
934 1123 992 1178 ll
1028 1123 1071 1193 ),
1126 1122 1388 1193 quidquid
1443 1132 1620 1176 autem
1676 1135 1829 1176 men-

211 1212 330 1268 dax
357 1253 378 1282 ,
408 1214 593 1286 utique
632 1231 738 1270 non
770 1215 1023 1284 bonum),
1061 1225 1240 1271 tamen
1269 1215 1546 1282 addendo,
1578 1213 1829 1285 Magister

193 1305 378 1374 ,bone,
429 1307 485 1362 in
530 1309 780 1378 portione
826 1309 1025 1365 bonum
1071 1308 1249 1377 dixit,
1298 1325 1404 1364 non
1453 1308 1506 1362 in
1558 1305 1828 1380 universi-

209 1414 374 1471 tate;
405 1421 530 1460 nam
564 1405 704 1462 Deus
727 1405 1077 1462 universitate
1119 1406 1324 1471 bonus,
1355 1407 1516 1460 homo
1546 1419 1613 1460 ex
1650 1413 1824 1474 parte.

205 1497 526 1570 Propterea
557 1500 850 1556 Dominus:
883 1501 1022 1569 Quid
1045 1517 1124 1555 me
1145 1501 1273 1554 dicis
1305 1499 1512 1565 bonum,
1537 1514 1696 1570 quem
1725 1513 1824 1554 ne-

204 1604 314 1662 gas
352 1591 566 1647 Deum?
593 1591 731 1660 Quid
758 1595 956 1648 bonum
977 1593 1134 1658 dicis,
1176 1608 1300 1647 cum
1327 1593 1500 1648 bonus
1533 1607 1693 1647 nemo
1721 1589 1825 1646 nisi

204 1699 364 1741 unus
389 1685 573 1740 Deus?
597 1685 715 1740 Non
745 1701 877 1757 ergo
906 1687 1107 1742 bonum
1129 1701 1191 1742 se
1219 1696 1398 1757 negat,
1421 1685 1515 1741 sed
1534 1686 1702 1741 Deum
1732 1684 1826 1740 de-

200 1777 424 1846 signat.
467 1776 644 1831 Bonus
675 1775 819 1832 enim
855 1776 981 1846 quid
1005 1786 1112 1842 est,
1142 1776 1246 1832 nisi
1301 1778 1492 1848 plenus
1524 1775 1824 1833 bonitatis?

199 1866 280 1922 At
346 1881 485 1923 vero
552 1883 674 1922 cum
721 1870 983 1939 scriptum
1031 1869 1103 1924 sit
1153 1888 1166 1923 :

199 1956 528 2024 bonitatem,
558 1975 660 2012 non
685 1969 760 2013 est
789 1976 952 2030 usque
978 1961 1046 2014 ad
1067 1977 1227 2014 unum
1256 1961 1427 2030 (Psal.
1455 1963 1572 2026 xtit,
1607 1958 1689 2030 2),
1715 1959 1821 2014 uti-

197 2064 322 2119 que
339 2049 414 2104 de
428 2049 762 2116 hominibus,
785 2068 891 2106 non
917 2051 983 2105 de
998 2051 1111 2105 Deo
1136 2050 1274 2108 dixit
1298 2068 1312 2117 ;
1341 2051 1485 2106 Dens
1511 2052 1658 2106 enim
1683 2064 1822 2104 unus

197 2151 313 2210 est,
358 2157 470 2198 non
501 2160 640 2199 unus
664 2159 694 2200 e
725 2160 954 2200 numero
982 2143 1161 2216 (Deut.
1213 2162 1288 2211 νι,
1310 2146 1400 2212 4);
1429 2145 1499 2198 ita
1524 2153 1580 2199 et
1609 2144 1702 2198 Dei
1735 2142 1824 2197 Fi-

199 2237 320 2294 lius
369 2237 529 2308 quasi
564 2239 755 2293 unicus
805 2247 1065 2309 exceptus
1095 2248 1201 2305 est,
1248 2255 1355 2294 non
1389 2239 1540 2308 quasi
1585 2251 1724 2291 unus
1753 2251 1820 2291 ex

197 2329 446 2395 mttltis;
477 2330 788 2400 nnigenitns
813 2340 916 2396 est,
950 2345 1056 2384 non
1086 2345 1229 2386 unus
1261 2347 1324 2384 ex
1352 2329 1574 2400 genitis.
1609 2329 1674 2383 Et
1699 2327 1821 2382 ideo

202 2419 396 2476 Nemo
421 2422 584 2476 bonus
606 2462 622 2487 ,
683 2436 792 2476 non
826 2421 1142 2492 prmjndicat
1201 2421 1459 2486 Christo;
1504 2423 1630 2490 quia
1663 2404 1821 2475 nemo

194 2509 430 2583 iudicat
459 2508 756 2566 Christum.
796 2509 963 2565 Nemo
984 2513 1128 2566 enim
1155 2519 1429 2580 tamquam
1457 2511 1822 2565 communiter

196 2602 272 2659 de
290 2601 468 2657 nobis
485 2601 807 2668 dicitur,sed
828 2601 962 2657 nihil
977 2603 1192 2658 Christo
1208 2619 1498 2659 commune
1512 2603 1816 2659 nobiscum.

279 2694 387 2749 66.
429 2692 585 2761 Quod
633 2695 678 2750 si
709 2710 871 2764 quem
910 2705 1132 2760 movet,
1184 2697 1307 2766 quia
1339 2694 1507 2751 Nemo
1538 2695 1700 2773 bonus
1721 2696 1824 2749 nisi

198 2806 357 2846 unus
382 2786 530 2843 Deus
556 2831 570 2855 ,
630 2797 845 2844 moveat
875 2798 928 2844 et
957 2788 1084 2843 illud
1108 2831 1124 2858 ,
1169 2791 1292 2860 quia
1322 2803 1483 2844 nemo
1508 2789 1684 2843 bonus
1717 2787 1819 2841 nisi

198 2881 388 2938 Deus.
422 2880 581 2948 Quod
636 2882 735 2936 sia
762 2883 874 2940 Deo
913 2881 1084 2937 Filius
1135 2897 1243 2937 non
1285 2883 1554 2952 excipitur
1580 2924 1594 2948 ,
1635 2881 1822 2952 utique

200 2989 315 3032 nec
348 2990 380 3027 a
409 2975 560 3030 bono
598 2975 847 3031 Christus
876 2976 1166 3048 excipitur.
1211 2976 1315 3031 Sed
1344 2992 1465 3030 cum
1497 2976 1549 3030 in
1584 2976 1695 3031 Deo
1735 2974 1822 3029 Fi-

199 3068 318 3125 lius
349 3082 590 3138 persona
640 3070 782 3124 alter
807 3111 822 3135 ,
883 3078 1149 3139 potestate
1176 3085 1317 3124 unus
1349 3070 1418 3124 sit
1445 3111 1461 3137 ,
1514 3069 1659 3125 Unus
1687 3071 1821 3124 enim

199 3161 361 3217 Deus
393 3177 463 3215 ea:
501 3178 604 3233 quo
631 3163 804 3216 omnia
827 3205 841 3230 ,
886 3173 935 3217 et
963 3180 1095 3217 unus
1125 3161 1380 3218 Dominus
1410 3179 1502 3234 per
1527 3180 1674 3234 qnent
1704 3180 1817 3217 om-

200 3253 532 3327 nia‘(lCor.
598 3271 713 3321 vttt,
745 3255 841 3327 6);
894 3257 1038 3313 Deus
1093 3267 1272 3323 autem
1317 3265 1372 3311 et
1423 3257 1682 3310 Dominus
1715 3273 1822 3311 non
1851 3222 1897 3287 Ο

201 3349 327 3404 duo
357 3347 462 3413 dii,
490 3347 586 3404 sed
616 3363 755 3403 unus
782 3349 926 3404 Deus
955 3350 1050 3414 sit,
1101 3352 1226 3421 quia
1253 3349 1515 3404 Dominus
1542 3348 1685 3404 Deus
1709 3360 1826 3403 tuus

203 3439 484 3494 Dominus
511 3455 644 3493 unus
671 3450 745 3494 est
775 3439 957 3510 (Deut.
991 3458 1064 3508 γι,
1095 3442 1179 3512 4),
1231 3443 1418 3512 utique
1459 3459 1580 3497 cum
1629 3457 1826 3497 secun-

199 3536 346 3590 dum
378 3533 725 3602 maiestatem
755 3535 900 3590 Deus
931 3551 1070 3590 unus
1116 3547 1345 3607 utraque
1377 3551 1608 3607 persona
1631 3537 1725 3604 sit,
1772 3545 1828 3592 et

197 3627 399 3684 bonus
431 3622 575 3682 unus
601 3625 657 3681 in
696 3635 928 3696 utroque
967 3636 1073 3681 est.
1119 3625 1252 3681 Nam
1282 3626 1556 3698 quomodo
1581 3641 1686 3681 non
1716 3627 1820 3681 bo-

198 3733 318 3774 nus
341 3732 417 3774 ex
441 3717 585 3774 bono
610 3719 801 3773 natus?
824 3719 989 3773 Arbor
1014 3719 1150 3773 enim
1179 3719 1313 3772 bona
1341 3719 1500 3775 bonos
1521 3719 1724 3789 fructus
1743 3721 1825 3789 fa-

200 3813 277 3866 cit
341 3810 567 3882 (Matth.
595 3827 689 3876 vn,
717 3812 829 3882 17).
874 3811 1160 3881 Quomodo
1197 3829 1307 3867 non
1336 3813 1541 3878 bonus,
1578 3829 1701 3868 cum
1726 3813 1821 3867 ho-

206 3902 415 3959 nitatis
443 3901 750 3958 substantia
779 3912 1059 3974 assumpta
1101 3919 1167 3959 ex
1195 3903 1360 3958 Patre
1391 3919 1500 3959 non
1523 3903 1826 3974 degenera-

205 3999 283 4054 rit
311 3997 374 4052 in
399 3995 566 4064 Filio,
592 4012 712 4068 quae
739 4012 843 4051 non
875 3997 1228 4068 degeneravit
1258 3999 1308 4052 in
1337 3997 1581 4066 Spiritu?
1609 3997 1674 4051 Et
1701 3996 1823 4051 ideo

204 4085 463 4158 Spiritus
492 4098 608 4142 tuus
635 4088 795 4143 bonus
825 4089 1042 4143 deducet
1088 4106 1165 4144 me
1206 4090 1258 4142 in
1289 4089 1424 4142 viam
1480 4096 1670 4142 rectam
1699 4087 1818 4161 (Ps.

205 4197 396 4244 cxut,
432 4180 545 4250 Η).
575 4179 729 4248 Quod
752 4179 797 4235 si
824 4180 998 4235 bonus
1027 4181 1261 4251 Spiritus
1283 4181 1372 4250 qui
1399 4181 1612 4250 accepit
1639 4196 1704 4234 ex
1736 4178 1825 4234 Fi-

209 4277 316 4342 lio,
353 4274 534 4329 bonus
557 4275 741 4344 utique
787 4283 846 4330 et
891 4275 981 4330 illc
1029 4276 1121 4346 qui
1148 4274 1389 4330 tradidit.
1417 4275 1626 4329 Etcum
1651 4273 1824 4329 bonus

208 4367 388 4424 Pater
420 4408 436 4432 ,
493 4367 676 4437 utique
719 4375 774 4422 ct
804 4368 896 4422 ille
928 4367 1101 4422 bonus
1140 4368 1231 4438 qui
1257 4368 1440 4423 omnia
1472 4368 1658 4435 habet,
1701 4384 1822 4438 qua:

207 4460 393 4516 Pater
425 4457 608 4515 habet.
656 4461 762 4512 Aut
811 4459 858 4513 si
902 4459 1112 4530 negatis
1145 4459 1339 4515 Filium
1375 4461 1574 4516 habere
1606 4459 1822 4515 bonita-

163 4591 170 4594 -
209 4563 355 4616 tem,
385 4550 598 4621 negatis
627 4561 684 4606 et
713 4551 927 4606 Patrem
962 4552 1144 4622 (Jaan.
1170 4569 1301 4619 xvn,
1338 4552 1448 4623 10).

288 4643 388 4698 67.
417 4641 576 4696 Ratio
593 4643 815 4698 evidens
832 4645 1098 4715 exemplis
1115 4659 1218 4698 non
1237 4654 1384 4714 eget,
1405 4656 1584 4701 tamen
1607 4643 1822 4718 1488

208 4735 301 4791 vel
353 4737 736 4790 auctoritatem
791 4737 1083 4806 sequimini
1146 4737 1589 4807 Scripturarnm;
1647 4739 1821 4807 serip-

211 4836 332 4881 tum
381 4836 467 4880 est
509 4827 652 4880 enim
686 4844 699 4880 :
735 4825 992 4881 Dominus
1014 4826 1182 4897 judea:
1225 4827 1385 4880 bonus
1425 4828 1605 4881 domui
1653 4826 1820 4882 Israel

213 4919 397 4992 (Esai.
433 4934 627 4985 χχχιιι,
675 4920 790 4991 2‘2).
821 4921 895 4975 De
924 4920 1063 4975 Filio
1089 4962 1103 4987 ,
1135 4935 1204 4975 an
1227 4920 1295 4976 de
1324 4921 1484 4975 Patre
1511 4921 1681 4975 dicit?
1711 4921 1820 4978 Sed

212 5013 383 5068 Pater
408 5028 513 5066 non
533 5012 741 5084 judicat
762 5028 1102 5084 quamquam;
1127 5015 1250 5083 quia
1277 5031 1426 5068 omne
1438 5015 1698 5085 judicium
1723 5017 1816 5070 de-

210 5107 290 5160 dit
323 5103 471 5158 Filio
494 5101 674 5176 (Joan.
700 5120 755 5171 v,
784 5104 902 5173 22).
935 5105 1075 5175 Ergo
1124 5103 1389 5160 Dominus
1417 5107 1593 5160 bonus
1624 5104 1814 5160 Filius.

211 5197 423 5267 Accipe
449 5197 592 5252 aliud
623 5216 635 5250 :
668 5197 992 5268 Trinitatem
1027 5185 1212 5269 utique
1266 5197 1596 5252 conﬁtentur
1632 5199 1721 5268 qni
1753 5197 1820 5254 ad

212 5292 556 5362 baptismum
586 5291 848 5355 veniunt;
873 5291 997 5361 quia
1027 5290 1372 5361 baptizantur
1398 5292 1450 5345 in
1480 5291 1700 5347 nomine
1721 5291 1822 5345 Pa-

215 5384 341 5452 tris,
364 5394 420 5441 et
439 5383 589 5453 Filii,
608 5393 664 5441 et
689 5384 924 5456 Spiritus
957 5384 1153 5452 sancti,
1175 5399 1308 5454 ergo
1336 5394 1390 5442 et
1423 5394 1449 5423 α
1477 5384 1624 5441 Patri
1656 5393 1710 5441 et
1735 5385 1823 5441 Fi-

293 5577 321 5604 ⁸
364 5565 526 5638 Pauci
558 5579 716 5632 mss.,
753 5563 967 5621 Patrem
996 5575 1044 5622 et
1071 5562 1274 5622 Filium
1313 5577 1363 5622 et
1402 5566 1662 5638 Spiritum
1711 5583 1833 5624 san-

213 5647 358 5694 ctum
387 5637 675 5707 conﬁtetur.

297 5710 322 5747 δ
356 5709 486 5763 Mss.
516 5709 744 5778 aliquot,
769 5709 824 5763 in
851 5725 953 5779 quo
972 5709 1250 5765 necessitas
1279 5726 1381 5764 non
1401 5719 1474 5764 est
1498 5710 1823 5767 vindicandi.

302 5790 324 5851 ἐ
369 5779 511 5834 Edit.
547 5779 710 5851 Rom.
741 5779 892 5848 plura
923 5779 1012 5837 hic
1054 5796 1150 5851 per
1189 5791 1423 5851 quatuor
1457 5793 1548 5836 aut
1585 5784 1824 5851 quinque

217 5848 504 5906 columnas
527 5848 746 5920 propria
776 5848 1097 5909 auctoritate
1119 5848 1551 5921 transposuernt,
1579 5848 1701 5922 quae
1722 5848 1822 5906 nos

1845 4606 1898 4667 Ι)

1932 563 2261 634 Conﬁtentini
2289 563 2531 632 Domino,
2585 568 2830 636 quoniam
2880 568 3039 622 bonus
3070 566 3190 638 (Ps.
3216 584 3414 637 cxxxv,
3449 573 3528 644 1),

1929 657 2107 713 bonus
2136 659 2317 728 utique
2336 658 2519 724 Pater,
2539 657 2713 714 bonus
2732 669 2784 714 et
2801 655 2995 725 Filius,
3020 659 3192 717 bonus
3212 670 3266 715 et
3289 653 3531 732 Spiritus
3589 693 3591 696 ‹

1926 760 2170 814 sanctus,
2196 749 2292 805 sed
2320 749 2463 806 Deus
2495 765 2635 805 unus
2661 759 2746 805 est
2770 766 2784 817 ;
2809 751 2932 821 quia
2961 750 3123 806 bonus
3151 751 3408 809 Dominus
3435 771 3527 810 ea:-

1928 845 2273 918 spectantibus
2303 862 2420 900 eum
2442 845 2658 920 (Thren.
2691 862 2769 912 ιιι,
2799 843 2914 917 25).
2941 849 3025 901 An
3076 862 3184 902 non
3227 847 3401 904 bonus
3431 851 3524 920 qui

1929 939 2066 994 bona
2112 939 2306 994 tribuit
2353 940 2544 995 anima:
2576 941 2826 1011 querenti
2865 941 3016 995 eum?
3059 941 3139 996 An
3174 957 3281 998 non
3323 943 3522 1010 bonus,

1932 1031 2034 1098 Qui
2079 1031 2234 1084 satiat
2283 1031 2338 1084 in
2383 1031 2529 1085 bonis
2577 1033 2806 1085 animam
2853 1041 2993 1086 tuam
3022 1031 3156 1098 (Ps.
3186 1049 3280 1098 cu,
3319 1032 3523 1105 5)?An

1928 1138 2037 1178 non
2084 1123 2258 1177 bonus
2289 1164 2304 1189 ,
2361 1124 2452 1193 qui
2482 1123 2561 1178 ait
2594 1141 2606 1177 :
2639 1122 2756 1194 Ego
2785 1139 2900 1177 sum
2931 1133 3109 1194 pastor
3135 1125 3296 1180 bonus
3340 1124 3520 1197 (Joan.

1929 1217 2140 1286 x,tl)?

1999 1309 2090 1366 68.
2133 1309 2238 1366 Sed
2296 1309 2502 1380 putatis
2547 1307 2671 1364 ideo
2716 1307 2888 1364 Deum
2937 1307 3180 1373 bonum;
3233 1311 3354 1379 quia
3381 1308 3526 1380 judi-

1926 1404 2068 1460 cium
2100 1419 2207 1460 non
2254 1403 2466 1461 habetb
2493 1405 2545 1460 in
2579 1419 2686 1475 quo
2728 1414 2816 1460 est
2857 1406 3153 1460 necessitas
3190 1405 3518 1460 vindicandi.

1931 1495 2152 1568 (Supra,
2177 1513 2321 1550 num.
2376 1495 2492 1566 67).
2547 1495 2886 1567 Quamquam
2927 1496 3038 1569 jain
3090 1497 3425 1566 praemissum
3455 1497 3526 1551 sit

1921 1589 2164 1658 jndicem
2189 1591 2389 1643 bonum
2432 1604 2556 1644 esse
2586 1589 2774 1644 domui
2800 1588 2962 1644 Israel
2991 1630 3007 1656 ,
3059 1597 3241 1645 tamen
3271 1588 3398 1644 alibi
3431 1589 3526 1644 ba-

1928 1681 2025 1737 bes
2050 1701 2063 1735 :
2093 1681 2260 1749 Quam
2294 1681 2454 1736 bonus
2478 1679 2623 1736 Deus
2655 1680 2822 1736 Israel
2849 1683 3001 1737 rectis
3027 1682 3182 1736 corde
3208 1678 3328 1752 (Ps.
3355 1697 3523 1746 Lxxu,

1928 1773 2018 1845 ηε
2053 1775 2128 1829 De
2158 1790 2268 1844 quo
2316 1775 2475 1844 igitur
2508 1776 2710 1844 putatis
2737 1774 2965 1840 dictum,
3013 1774 3082 1830 de
3109 1773 3289 1840 Patre,
3337 1789 3405 1828 an
3453 1772 3524 1828 de

1225 1836 1348 1924 Non
1397 1880 1472 1924 est
1532 1871 1618 1940 qui
1665 1869 1820 1940 faciat
1851 1836 1898 1896 B
1925 1836 2109 1922 Filio?
2136 1836 2192 1922 Si
2224 1866 2292 1922 de
2327 1836 2522 1935 Patre,
2565 1882 2697 1938 ergo
2735 1882 2842 1921 non
2884 1836 3139 1922 omnibus
3181 1836 3378 1923 bonus.
3415 1865 3526 1923 Cur

1925 1958 2088 2030 igitur
2109 1959 2249 2014 Filio
2274 1959 2586 2030 derogatis?
2617 1962 2670 2016 Si
2694 1960 2764 2015 de
2784 1959 2944 2028 Filio,
2970 1976 3101 2031 ergo
3121 1963 3323 2017 bonum
3351 1961 3521 2017 Deum

1923 2060 1979 2106 et
2000 2051 2194 2106 Filium
2218 2051 2555 2106 conﬁtemini
2581 2070 2594 2117 ;
2630 2053 2748 2123 ipse
2770 2062 2855 2108 est
2877 2053 3023 2108 enim
3049 2052 3359 2108 Benedictus
3385 2052 3524 2108 Deus
3568 2053 3572 2056 ’

1926 2140 2128 2209 Israel,
2156 2143 2279 2213 quia
2300 2144 2524 2197 uisitauit
2569 2155 2616 2198 et
2638 2145 2761 2216 fecit
2793 2144 3202 2217 redemptionem
3229 2145 3392 2218 plebis
3417 2163 3528 2201 sua:

1928 2234 2084 2306 (Luc.
2137 2251 2174 2302 ι,
2205 2235 2322 2308 68).
2350 2236 2470 2304 ipse
2491 2247 2575 2291 est
2597 2253 2692 2292 rex
2713 2246 2770 2292 et
2795 2237 2938 2294 Dens
2963 2237 3152 2300 Israel,
3175 2240 3263 2294 cui
3285 2239 3520 2296 dicitur:

1924 2323 2114 2391 Rabbi,
2147 2336 2200 2380 tu
2231 2343 2284 2380 es
2311 2325 2485 2382 Filius
2511 2329 2631 2394 Dei,
2658 2339 2712 2382 tu
2738 2345 2792 2383 es
2821 2345 2914 2383 rea:
2933 2327 3105 2384 Israel
3131 2327 3314 2400 (Joan.
3337 2346 3376 2396 ι,
3401 2330 3518 2403 49).

1923 2419 2014 2474 Sic
2046 2417 2209 2496 igitur
2241 2419 2326 2474 hic
2355 2420 2522 2476 dicit:
2548 2420 2814 2488 Quoniam
2860 2432 2913 2475 tu
2941 2421 3140 2476 bonum
3174 2438 3261 2477 me
3287 2439 3394 2477 non
3425 2438 3524 2493 po-

1926 2515 2008 2564 tes
2035 2510 2241 2566 sentire
2263 2511 2355 2582 qui
2382 2520 2558 2566 lentas
2579 2551 2595 2577 ,
2638 2513 2764 2581 quid
2789 2527 2878 2567 me
2902 2512 3039 2567 dicis
3068 2513 3311 2568 bonum?
3340 2514 3522 2569 Bonus

1924 2597 2142 2675 quidem
2175 2620 2297 2676 ego,
2328 2605 2422 2661 sed
2451 2606 2624 2660 Rectis
2644 2607 2819 2671 corde,
2849 2609 2935 2660 cui
2960 2606 3159 2661 bonum
3189 2621 3310 2662 esse
3338 2622 3406 2661 ex
3429 2623 3524 2662 na-

1925 2706 2044 2752 tura
2072 2707 2364 2767 suppetat,
2420 2715 2526 2753 nun
2570 2716 2633 2754 ex
2667 2701 2927 2754 versutia.
2964 2700 3146 2756 Bonus
3173 2716 3301 2770 ergo
3329 2699 3518 2768 Filius,

1925 2791 2133 2847 Candor
2160 2802 2232 2845 est
2263 2793 2399 2844 enim
2423 2792 2557 2846 lucis
2573 2799 2790 2846 ‘wterna:
2807 2834 2820 2856 ,
2843 2802 2893 2846 et
2919 2792 3184 2862 speculum
3210 2793 3320 2846 sine
3346 2809 3521 2847 macu-

1927 2885 1979 2939 la
2018 2883 2114 2938 Dei
2143 2885 2457 2952 ntajestatis,
2497 2893 2544 2939 et
2567 2885 2740 2956 imago
2778 2885 3020 2938 bonitatis
3063 2885 3206 2938 illius
3235 2882 3394 2955 (Sap.
3425 2899 3524 2950 vn,

1924 2977 2039 3048 26).
2071 2977 2360 3046 Quomodo
2387 2992 2520 3046 ergo
2551 2992 2657 3032 non
2687 2981 2884 3044 bonus,
2932 2978 3024 3047 qui
3051 2986 3134 3032 cst
3158 2981 3334 3048 imago
3366 2977 3523 3032 honi-

1928 3069 2090 3127 tatis?
2140 3068 2295 3125 Sicut
2341 3069 2484 3124 enim
2537 3069 2716 3138 imago
2737 3068 2834 3123 Dei
2868 3069 3031 3136 Deus,
3061 3069 3156 3125 sed
3188 3083 3328 3123 unus
3361 3067 3520 3134 Deus,

1928 3161 2001 3216 ita
2031 3170 2087 3216 et
2110 3161 2311 3217 divinae
2340 3161 2520 3230 imago
2547 3161 2806 3216 bonitatis
2830 3163 2991 3225 bona,
3022 3161 3118 3217 sed
3153 3175 3257 3215 una
3289 3161 3523 3216 bonitas.

1930 3253 2060 3322 Mihi
2109 3265 2260 3309 certe
2315 3253 2449 3309 utile
2487 3261 2573 3309 est
2619 3253 2820 3308 bonum
2874 3255 3041 3308 Deum
3071 3253 3318 3319 credere,
3362 3268 3525 3324 quem

1930 3361 2174 3402 meorum
2206 3344 2492 3401 habiturus
2525 3359 2644 3401 sum
2671 3345 2912 3416 judicent
2946 3345 3292 3402 delictorum.
3337 3345 3418 3399 illi
3443 3344 3527 3399 vi-

1928 3438 2107 3494 derint
2134 3438 2227 3509 qui
2255 3439 2482 3494 credere
2508 3439 2711 3494 bonum
2739 3440 2951 3494 nolunt.
2995 3439 3180 3509 Itaque
3208 3437 3338 3506 quia
3364 3438 3529 3507 legis-

1928 3534 2135 3606 peritus
2165 3545 2248 3590 est
2297 3535 2402 3590 iste
2444 3537 2534 3606 qui
2566 3543 2742 3589 tentat
2769 3576 2782 3599 ,
2839 3535 2978 3589 sicut
3028 3534 3082 3588 in
3114 3533 3272 3588 libro
3301 3530 3408 3587 alio
3432 3532 3526 3587 de-

1927 3639 2297 3695 monstratur,
2353 3630 2494 3684 bene
2542 3629 2679 3683 dixit
2713 3645 2727 3683 :
2764 3626 2934 3681 Nemo
2986 3627 3185 3692 bonus,
3242 3626 3342 3680 nisi
3392 3623 3528 3678 Deus

1929 3719 2123 3791 (Marc.
2161 3720 2387 3790 x,18);
2438 3729 2497 3774 ut
2536 3720 2858 3775 admoneret
2903 3720 3028 3789 quia
3091 3718 3354 3786 scriptum
3401 3727 3522 3773 est:

1927 3811 2053 3868 Non
2101 3813 2319 3867 tentabis
2371 3811 2650 3864 Dominum
2701 3809 2866 3865 Deum
2905 3821 3048 3864 tuum
3085 3808 3260 3879 (Deut.
3296 3825 3369 3874 vt,
3404 3808 3521 3878 16),

1925 3905 2020 3960 sed
2052 3905 2223 3975 magis
2255 3903 2610 3959 conﬁteretur
2633 3902 2884 3967 Domino,
2917 3901 3177 3966 Quoniam
3209 3901 3372 3954 bonus
3397 3898 3519 3971 (Ps.

1925 4012 2123 4062 cxxxv,
2159 3996 2232 4066 l).

1957 4090 2090 4146 -69.
2134 4088 2324 4161 (Vers.
2354 4087 2485 4162 21.)
2531 4088 2774 4158 Denique
2821 4102 2944 4144 eum
2993 4100 3142 4157 smpe
3182 4085 3521 4156 perstringit,

1927 4196 2049 4237 nam
2083 4181 2340 4252 glorianti
2397 4183 2450 4236 in
2498 4182 2616 4251 lege
2647 4179 2788 4251 quod
2822 4194 2852 4232 a
2878 4169 3162 4249 jnventute
3201 4192 3299 4233 sua
3343 4175 3524 4232 omnia

1924 4273 2285 4338 custodisset;
2339 4282 2397 4328 ut
2444 4274 2661 4328 inanem
2699 4271 3020 4340 iactantiam
3048 4273 3166 4341 ejus
3196 4279 3521 4341 exponeret,

1925 4368 2167 4424 ostendit
2190 4369 2240 4424 ei
2269 4367 2448 4423 adhuc
2473 4367 2668 4423 deesse
2709 4367 2852 4436 quod
2878 4365 3038 4436 Legis
3067 4374 3172 4421 est.
3207 4365 3273 4418 Et
3307 4363 3430 4421 ideo
3457 4366 3524 4419 ad

1926 4461 2319 4517 misericordim
2338 4470 2671 4530 praeceptum
2692 4460 2862 4513 tristis
2894 4457 3204 4521 inducitur;
3231 4464 3290 4510 ut
3313 4456 3368 4510 in
3395 4471 3521 4511 eum

1925 4553 2188 4609 naturalis
2215 4553 2462 4622 quaedam
2505 4552 2664 4608 detur
2694 4551 2865 4606 forma
2896 4549 3205 4604 sententiae.

1996 4646 2176 4717 (.Vers.
2201 4645 2322 4714 25.)
2367 4655 2389 4684 ο
2431 4643 2670 4700 Facilius
2719 4644 2974 4698 camelum
3004 4660 3094 4713 per
3124 4646 3356 4714 foramen
3400 4659 3524 4699 acus

1922 4738 2166 4803 transire,
2195 4753 2350 4806 quam
2378 4738 2585 4790 divitem
2609 4737 2805 4789 intrare
2827 4736 2877 4787 in
2908 4751 3124 4807 regnum
3151 4734 3270 4789 Dei.

1976 4834 2082 4888 '70.
2125 4830 2314 4902 Magna
2345 4831 2426 4884 vis
2450 4871 2465 4895 ,
2519 4841 2770 4897 magnum
2820 4829 3033 4897 pondus
3065 4829 3116 4882 in
3151 4828 3360 4883 verbis.
3392 4828 3524 4894 Qui-

1923 4924 2028 4979 bus
2055 4923 2202 4979 enim
2234 4923 2418 4978 verbis
2448 4921 2567 4976 aliis
2586 4919 2973 4976 vehementius
3011 4923 3369 4990 ΘΧιιτίηιεΓιει,
3416 4936 3526 4974 non

1923 5017 2126 5073 debere
2152 5018 2366 5085 jactare
2399 5031 2460 5071 se
2479 5015 2701 5092 divitem
2729 5014 2781 5069 in
2811 5013 3016 5069 divitiis
3042 5015 3179 5081 suis,
3208 5028 3368 5082 quam
3402 5014 3524 5068 tali-

1923 5109 2023 5164 bus
2061 5107 2256 5179 qnibus
2304 5107 2565 5163 deﬁnitur
2590 5117 2782 5161 contra
2813 5115 3064 5161 naturam
3090 5119 3211 5161 esse
3237 5105 3391 5160 dives
3423 5106 3525 5159 mi-

1923 5199 2200 5256 scricors?
2230 5198 2399 5253 Aufer
2429 5197 2560 5252 mihi
2582 5198 2851 5253 lenocinia
2883 5197 3180 5268 lucumque
3208 5197 3520 5262 verborum,

1925 5307 2046 5364 qua:
2093 5291 2277 5346 solent
2322 5305 2586 5346 enervare
2612 5290 2934 5346 sententias.
2959 5286 2984 5325 ά
3012 5289 3224 5344 Lactari
3274 5303 3380 5342 non
3422 5288 3519 5343 de-

1929 5383 2043 5440 buit
2074 5383 2178 5440 iste
2199 5423 2214 5450 ,
2247 5383 2344 5439 sed
2372 5382 2580 5453 frangi,
2633 5382 2724 5452 qui
2753 5380 3186 5438 misericordiam
3213 5380 3523 5450 respuebat.

1937 5567 2038 5624 etsi
2071 5566 2299 5638 pristino
2323 5565 2500 5638 ordini
2528 5565 2909 5632 restituamus,
2941 5579 3005 5620 ea
3037 5573 3217 5620 tamen
3248 5565 3299 5621 in
3334 5567 3550 5638 ntargi-q

1932 5636 2115 5705 nibus,
2146 5655 2266 5710 qua:
2296 5654 2403 5693 non
2428 5637 2530 5692 nisi
2551 5653 2693 5708 agre
2717 5647 2823 5691 tam
2853 5638 3023 5692 multa
3046 5647 3303 5706 caperent
3326 5636 3530 5694 descri-

1930 5709 2524 5783 bere_supersedAemus.

1999 5780 2025 5818 ά
2057 5778 2310 5838 Sic—edit.
2336 5778 2462 5836 Era.
2490 5788 2546 5836 et
2575 5778 2701 5836 Gill.
2737 5780 2791 5834 in
2817 5793 2986 5848 marg.
3021 5793 3121 5835 nec
3149 5794 3258 5837 non
3286 5779 3446 5836 Rom.
3477 5781 3530 5836 in

1923 5865 2076 5924 corp.
2099 5867 2222 5911 cum
2247 5851 2522 5923 plerisque
2549 5851 2764 5923 scriptis
2789 5849 2911 5907 cod.
2947 5849 3093 5907 Edit.
3126 5862 3305 5908 autem
3340 5859 3443 5906 vet.
3473 5851 3526 5905 in
