3920 6328
391 237 534 310 υθι

1751 243 2001 304 SANCTI
2028 245 2355 310 AMBROSII

3555 260 3713 322 "99

393 359 628 417 alterum
685 358 950 418 Domlnus
991 361 1348 420 mlseraturus
1405 369 1728 432 exspectat,
1771 361 2000 418 alterum
2027 363 2082 425 Α
2108 365 2380 423 Christum
2411 379 2718 428 manentem
2741 412 2756 440 ,
2791 373 2932 430 sicut
2961 373 3079 443 ipse
3121 374 3241 432 ait:
3288 373 3410 430 Vidi
3443 373 3715 447 Spiritum

397 449 700 507 mansionis
725 467 791 507 su
809 471 837 507 e
863 453 1111 508 claritate
1134 453 1384 508 nobilitat
1409 471 1422 507 :
1447 454 1678 508 alterum
1702 465 1996 510 sanaturus

397 541 720 614 interrogat,
749 543 890 613 apud
918 544 1148 601 alterum
1179 553 1204 580 ιι
1233 559 1291 598 se
1319 559 1424 600 non
1457 544 1809 600 invitaturqu
1861 547 1998 602 invi-

398 641 509 700 tat;
541 635 746 690 sciebat
779 636 922 691 enim
955 636 1177 691 uberem
1211 635 1446 708 hospitis
1485 637 1568 693 sui
1611 653 1735 694 esse
1785 654 1996 695 merce-

398 724 521 780 dem
552 741 567 778 :
593 725 689 780 sed
722 736 902 782 tamen
933 736 988 782 et
1017 727 1061 781 si
1092 728 1330 783 nondum
1373 742 1560 784 vocem
1589 731 1870 786 invitantis
1897 747 1996 787 au-

398 815 589 882 dierat,
621 816 870 874 audierat
897 817 1173 877 allectum.

466 910 558 968 85.
602 910 800 967 Verum
833 928 903 970 ne
946 929 1152 970 caecum
1199 918 1358 970 istum
1404 925 1677 988 tamquam
1727 915 1997 974 fastidiosi

398 1017 700 1074 pauperum
731 1006 842 1061 cito
885 1007 1172 1078 reliquisse
1202 1008 1506 1077 videamur,
1539 1018 1594 1065 et
1626 1012 1888 1066 transisse
1928 1011 1997 1066 ad

393 1094 652 1163 divitem;
679 1109 1060 1170 exspectemus
1111 1117 1257 1168 eum,
1290 1102 1414 1173 quia
1443 1105 1782 1174 exspectavit
1809 1115 1866 1159 et
1889 1105 1993 1160 Do-

398 1188 582 1244 minus
622 1207 636 1243 :
685 1190 1087 1261 interrogemus
1130 1207 1254 1246 eum
1284 1235 1297 1257 ,
1352 1193 1478 1264 quia
1531 1195 1882 1266 interrogavit
1943 1206 1998 1252 et

393 1277 665 1336 Christus.
714 1280 824 1337 Nos
870 1283 1288 1354 interrogemus,
1341 1286 1466 1358 quia
1514 1287 1790 1342 nescimus
1823 1305 1836 1341 :
1871 1287 1987 1355 ille,

400 1374 524 1443 quia
553 1385 779 1430 noverat
814 1395 828 1431 :
862 1391 961 1431 nos
1005 1377 1426 1449 interrogemus,
1470 1389 1531 1435 ut
1574 1382 1808 1439 sciamus
1850 1384 1995 1440 unde

399 1461 504 1519 iste
547 1475 766 1520 curatus
805 1466 876 1522 sit
905 1485 917 1522 :
946 1467 1038 1524 ille
1079 1470 1456 1542 interrogavit,
1498 1481 1556 1527 ut
1587 1473 1639 1528 in
1668 1489 1778 1529 uno
1813 1476 1995 1545 plures

395 1557 730 1615 disceremus
776 1560 922 1618 unde
953 1561 1240 1619 Dominum
1279 1564 1463 1621 videre
1495 1582 1867 1635 mereremur;
1914 1570 1996 1624 in-

395 1651 695 1721 terrogavit
723 1654 893 1721 enim,
916 1663 976 1710 ut
1000 1654 1348 1713 crederemus
1371 1658 1476 1713 nisi
1501 1658 1856 1716 confitentem
1885 1678 1993 1718 non

394 1754 559 1811 posse
579 1744 785 1800 sanari.
1424 1813 1437 1822 ,
1517 1749 1519 1752 ⁴

467 1835 538 1890 Et
582 1839 854 1909 confestim
883 1839 1031 1908 vidit,
1061 1848 1107 1895 et
1137 1841 1441 1906 sequebatur
1474 1843 1626 1898 illum
1652 1845 1995 1917 magniﬁcans

395 1923 701 1983 Dominum.
734 1969 748 1984 .
777 1970 790 1983 .
820 1970 834 1983 .
874 1927 944 1984 Et
993 1933 1381 2002 perambulabat
1428 1935 1481 1989 in
1534 1934 1786 1991 Hiericho
1836 1937 1993 2009 (Cap.

393 2030 546 2086 xvnt,
571 2035 704 2074 vers.
736 2019 853 2090 45).

463 2112 554 2168 ει.
595 2112 768 2170 Aliter
823 2115 970 2171 enim
1024 2133 1131 2174 non
1197 2118 1449 2189 videret,
1511 2122 1614 2177 nisi
1679 2132 1998 2194 sequeretur

395 2203 700 2275 Christum,
749 2208 850 2264 nisi
881 2208 1168 2266 Dominum
1209 2213 1556 2282 praedicaret,
1600 2215 1705 2271 nisi
1737 2217 1993 2271 saeculum

401 2298 727 2366 praeteriret.
756 2297 892 2354 Cum
928 2300 1187 2358 divitibus
1215 2319 1430 2374 quoque
1461 2306 1513 2359 in
1551 2308 1781 2376 gratiam
1811 2323 1998 2362 rever-

398 2398 609 2456 tamur;
647 2391 899 2448 nolumus
932 2395 1076 2450 enim
1121 2396 1399 2454 oll'endere
1433 2398 1653 2469 divites,
1685 2402 1812 2471 quia
1845 2402 1997 2457 volu-

393 2494 537 2548 mus,
561 2481 607 2536 si
630 2481 744 2538 fieri
770 2495 976 2556 potest,
998 2501 1197 2544 sanare
1217 2505 1442 2558 omnes;
1466 2507 1534 2548 ne
1552 2492 1606 2547 in
1629 2495 1826 2550 cameli
1845 2509 1997 2552 com-

386 2571 671 2640 paratione
692 2577 1006 2645 prtestricti,
1037 2588 1092 2634 et
1121 2579 1176 2635 in
1199 2579 1430 2637 Zaclueo
1467 2585 1632 2640 citius
1653 2601 1812 2656 quam
1833 2601 1998 2656 opor-

390 2665 514 2733 tuit,
545 2666 816 2736 derelicti,
844 2669 1005 2741 iustae
1042 2673 1278 2730 habeant
1303 2679 1689 2735 commotionis
1711 2680 1993 2738 otl‘ensam.

465 2757 559 2813 85.
618 2759 842 2816 Discant
885 2779 996 2820 non
1027 2765 1079 2820 in
1121 2766 1468 2824 facultatibus
1503 2772 1709 2828 crimen
1756 2773 1994 2842 haerere,

374 2845 610 2920 ’1493
657 2851 754 2907 sed
786 2851 840 2908 in
873 2854 940 2910 iis
968 2857 1058 2925 qui
1088 2860 1163 2912 uti
1185 2860 1434 2914 nesciant
1462 2863 1836 2930 facultatibus;
1871 2881 1996 2921 nam

389 2940 594 2996 divitia:
645 2953 702 2998 ut
754 2944 1142 3016 impedimenta
1194 2951 1247 3006 in
1291 2953 1585 3023 improbis,
1621 2959 1689 3013 ita
1731 2958 1784 3011 in
1839 2957 1998 3013 bonis

390 3041 517 3088 sunt
554 3033 866 3104 adiumenta
903 3039 1140 3096 virtutis.
1201 3043 1361 3099 Dives
1405 3057 1554 3101 certe
1585 3047 1850 3104 Zachccus
1879 3051 1995 3105 cle-

2101 457 2491 517 descendentem
2513 465 2645 518 sicut
2673 465 2985 533 columbam,
3013 478 3058 523 et
3089 480 3376 523 manentem
3401 486 3556 540 super
3583 487 3715 524 eum

2100 551 2286 630 (loqu.
2312 571 2350 630 ι,
2381 555 2497 630 39.).
2550 570 2563 583 '

2174 623 2265 679 88.
2307 623 2670 692 Quae'autem
2725 631 2923 698 turba,
2984 631 3088 687 nisi
3128 632 3397 702 imperitae
3451 634 3716 690 confusio

2104 715 2501 787 multitudinis,
2547 735 2668 792 qua:
2719 722 2982 778 verticem
3031 725 3214 794 nequit
3270 725 3456 780 videre
3485 727 3710 795 sapien-

2103 806 2237 862 tizn?
2275 809 2416 881 Ergo
2466 812 2750 882 Zachmus,
2799 815 3056 886 quamdiu
3087 817 3140 872 in
3195 818 3351 873 turba
3411 828 3531 885 est,
3591 833 3716 873 non

2103 903 2246 959 videt
2296 905 2612 962 Christum:
2668 925 2828 978 supra
2879 911 3090 964 turbam
3135 911 3415 978 ascendit,
3446 921 3502 966 et
3531 911 3712 977 vidit;

2103 992 2206 1049 hoc
2235 1007 2318 1050 est
2339 1039 2353 1063 ,
2381 993 2407 1033 ά
2454 997 2718 1068 plebeiam
2762 1010 3136 1072 transgressus
3177 1001 3525 1057 inscientiam
3547 1044 3562 1068 ,
3593 1018 3719 1058 me-

2102 1089 2247 1154 rnit,
2281 1105 2440 1160 quem
2486 1092 2873 1159 desiderabat,
2921 1095 3190 1164 aspicere.
3235 1094 3469 1150 Pulchre
3520 1104 3716 1150 autem

2101 1181 2339 1238 addidit:

2171 1276 2351 1348 (Vers.
2371 1277 2451 1350 4.)
2486 1278 2621 1346 Quia
2647 1281 2742 1336 illa
2763 1291 2910 1351 parte
2937 1290 3046 1336 erat
3068 1283 3390 1336 transiturus
3423 1280 3708 1337 Dominus.

2169 1369 2258 1425 89.
2297 1379 2320 1407 θ
2345 1370 2544 1427 Velubi
2574 1387 2927 1445 sycomorus,
2962 1376 3044 1432 vel
3074 1375 3162 1430 ubi
3191 1375 3533 1440 crediturus;
3561 1385 3619 1429 ut
3649 1383 3714 1429 et

2099 1464 2417 1533 mysterium
2447 1475 2709 1533 servaret,
2740 1477 2795 1522 et
2814 1467 3044 1538 gratiam
3077 1467 3372 1522 seminaret
3399 1485 3411 1520 :
3445 1466 3530 1522 sic
3555 1467 3706 1522 enim

2097 1565 2344 1622 venerat,
2379 1566 2435 1612 ut
2465 1572 2563 1628 per
2589 1557 2812 1614 Judteos
2836 1560 3091 1616 transiret
3121 1559 3188 1614 ad
3213 1569 3424 1630 gentes.

2169 1646 2259 1703 90.
2317 1648 2461 1704 Vidit
2498 1650 2682 1721 itaque
2735 1650 3025 1706 Zaclueum
3076 1667 3333 1716 sursum;
3379 1653 3493 1721 jam
3551 1649 3708 1706 enim

2024 1755 2074 1817 Β
2099 1739 2432 1797 sublimitate
2464 1741 2590 1798 fidei
2619 1741 2762 1798 inter
2787 1742 2996 1800 fructus
3034 1759 3293 1799 novorum
3318 1757 3549 1812 operum
3592 1741 3710 1797 vel-

2100 1841 2157 1886 ιιι
2177 1831 2407 1888 fecunda
2439 1833 2728 1890 altitudine
2757 1835 2970 1891 arboris
3013 1835 3308 1891 eminebat.
3343 1835 3408 1890 Et
3440 1830 3706 1904 quoniam

2097 1923 2168 1980 de
2200 1935 2326 1996 typo
2365 1927 2432 1981 ad
2459 1927 2688 1983 mOralia
2728 1926 3051 1984 deﬂesimus
3075 1969 3090 1995 ,
3121 1929 3264 1984 inter
3296 1937 3375 1982 tot
3407 1925 3425 1965 ί
3465 1924 3707 1980 creden-

2028 2073 2032 2076 .
2096 2020 2228 2074 tium
2282 2018 2590 2075 voluntates
2647 2019 2926 2076 Dominica
2982 2020 3072 2076 die
3119 2023 3370 2077 relaxare
3417 2022 3707 2086 animum,

2098 2110 2444 2167 festivitatem
2473 2112 3043 2183 admisceredelectat.
3069 2113 3334 2168 Zachzeus
3364 2113 3417 2168 in
3444 2128 3713 2185 sycomo-

2098 2221 2181 2269 ro,
2209 2221 2406 2260 novum
2435 2205 2688 2262 videlicet
2711 2207 2842 2261 novi
2875 2209 3132 2277 temporis
3168 2223 3408 2278 pomum,
3431 2219 3490 2262 ut
3515 2209 3567 2262 in
3602 2207 3717 2264 hoc

2097 2312 2313 2368 quoque
2339 2298 2705 2366 complcretur
2731 2297 2865 2353 illud
2894 2315 2906 2351 :
2941 2298 3105 2352 Arbor
3153 2299 3239 2368 ﬁci
3264 2298 3513 2371 produxit
3554 2315 3718 2369 gros-

2096 2403 2182 2442 sos
2230 2404 2349 2442 suos
2374 2386 2548 2458 (Cant.
2578 2404 2638 2454 ιι,
2675 2389 2801 2460 15);
2830 2389 2898 2444 ad
2923 2388 3026 2445 hoc
3059 2391 3202 2444 enim
3232 2388 3484 2445 Christus
3529 2389 3712 2446 adve-

2098 2481 2200 2550 uit,
2233 2490 2291 2536 ut
2309 2496 2377 2536 ex
2408 2481 2569 2552 lignis
2617 2497 2723 2536 non
2759 2497 2914 2552 poma
2937 2523 2952 2548 ,
2982 2482 3079 2538 sed
3121 2482 3374 2538 homines
3405 2498 3715 2538 nasceren-

2100 2585 2204 2629 tur.
2237 2573 2494 2645 Legimus
2523 2574 2648 2629 alibi
2676 2591 2691 2628 :
2722 2572 2851 2629 Cum
2883 2591 3018 2630 esses
3046 2575 3140 2629 sub
3174 2576 3354 2630 arbore
3375 2575 3494 2644 ﬁci,
3516 2576 3626 2628 vidi
3657 2585 3715 2631 te

2099 2665 2280 2739 (Joan.
2313 2684 2351 2730 ι,
2378 2665 2495 2737 48).
2521 2677 2545 2713 8
2571 2666 2716 2739 Ergo
2745 2684 2852 2722 non
2882 2667 3180 2723 Nathanael
3210 2668 3311 2723 sub
3344 2668 3560 2733 arbore,
3599 2667 3715 2724 hoc

2098 2771 2202 2827 est,
2237 2775 2399 2830 supra
2428 2759 2691 2828 radicem,
2725 2761 2848 2831 quia
2877 2761 3089 2831 justus;
3117 2761 3271 2816 radix
3293 2763 3438 2817 enim
3462 2771 3658 2816 sancta
3690 2781 3709 2815 :

2099 2854 2202 2910 sub
2249 2853 2449 2910 arbore
2503 2865 2682 2909 tamen
2724 2853 3024 2910 Nathanael
3049 2896 3066 2923 ,
3098 2857 3220 2925 quia
3253 2856 3355 2911 sub
3381 2855 3561 2928 Lege:
3598 2855 3716 2910 Za-

2099 2945 2284 3000 cliaeus
2327 2959 2490 3016 supra
2521 2944 2775 3001 arborem
2799 2987 2812 3011 ,
2840 2946 2967 3016 quia
3011 2960 3173 3016 supra
3194 2944 3393 3016 Legem
3426 2963 3440 3001 :
3470 2946 3560 3002 ille
3603 2947 3736 3024 (Ιο-⁵

2101 3039 2233 3092 mini
2269 3037 2516 3092 occultus
2563 3035 2853 3103 defensor,
2907 3037 2994 3092 hic
3029 3036 3280 3108 publicus
3331 3037 3659 3106 praedicator
3691 3056 3710 3093 :

391 3132 514 3179 ctus
544 3122 832 3193 aCltristo;
861 3129 956 3184 sed
983 3129 1269 3187 dimidittm
1304 3133 1569 3191 bonorum
1611 3153 1831 3194 suorum
1865 3155 1998 3210 pau-
2023 3129 2075 3197 Ο
2102 3129 2195 3187 ille
2245 3130 2423 3185 adhuc
2464 3127 2744 3184 Christum
2792 3145 2859 3185 εἰ
2905 3129 3049 3200 L880
3094 3129 3407 3200 quaerebat.
3443 3132 3542 3186 ίειθ
3581 3131 3708 3201 iam

394 3216 615 3285 peribus
659 3216 978 3289 largiendo,
1035 3223 1315 3279 reddendo
1343 3225 1508 3282 etiam
1553 3229 1603 3282 in
1635 3230 1993 3300 quadruplum

389 3320 513 3376 qua:
559 3305 749 3364 fraude
792 3312 1092 3368 sustulerat
1121 3314 1391 3385 (alterum
1430 3319 1575 3373 enim
1621 3336 1726 3375 non
1757 3329 1843 3376 sat
1877 3332 1994 3378 est:

401 3411 503 3452 nec
533 3397 695 3456 habet
720 3389 948 3472 gratiam
981 3401 1320 3473 liberalitas,
1352 3409 1396 3462 si
1425 3410 1615 3478 injuria
1647 3424 1996 3484 perseverat;

391 3489 519 3559 quia
560 3507 666 3546 non
718 3495 928 3564 spolia,
968 3497 1062 3553 sed
1089 3499 1232 3554 dona
1261 3505 1646 3573 quaeruntur),
1687 3506 1995 3563 uberiorem

392 3583 734 3652 mercedem,
765 3603 928 3659 quam
959 3589 1307 3661 conferebat,
1337 3599 1566 3667 accepit.
1869 3619 1875 3630 τ
1970 3595 1977 3602 ’

413 3675 557 3767 _8_6.__
590 3678 774 3747 (Vers.
803 3681 888 3753 2.)
910 3684 974 3739 Et
1001 3685 1138 3742 bene
1160 3689 1415 3761 princeps
1445 3693 1722 3750 inducitur
1749 3696 1995 3766 publica-

387 3781 604 3825 norum.
633 3770 764 3839 Quis
792 3773 938 3829 enim
974 3776 1048 3831 de
1069 3793 1130 3833 se
1174 3779 1465 3850 desperet,
1493 3786 1712 3854 quando
1737 3785 1764 3825 ιι
1807 3796 1864 3842 et
1889 3789 1996 3845 iste

388 3863 642 3932 pervenit
659 3865 746 3922 cui
785 3881 984 3924 census
1006 3885 1071 3926 ex
1105 3871 1330 3929 fraude?
1362 3873 1426 3932 Et
1457 3876 1585 3947 ipse,
1613 3879 1808 3949 inquit,
1832 3881 1988 3938 dives.

391 3953 462 4011 Ut
490 3957 630 4013 scias
652 3975 760 4015 non
778 3975 970 4018 omnes
997 3964 1202 4034 divites,
1221 3982 1437 4023 avaros.
1508 4042 1512 4046 Ι

461 4047 551 4102 87.
593 4048 776 4119 (Vers.
800 4053 881 4123 3.)
923 4053 1062 4122 Quid
1080 4055 1186 4112 sibi
1217 4059 1332 4114 vult
1357 4061 1500 4131 quod
1533 4063 1736 4120 nullius
1765 4065 1994 4123 alterius

387 4146 651 4193 staturam
671 4140 951 4212 Scriptura
982 4147 1083 4200 nisi
1117 4147 1276 4218 hujus
1309 4154 1598 4220 expressit,
1635 4155 1770 4221 Quia
1795 4168 1994 4214 statura

386 4230 611 4302 pusillus
653 4233 806 4304 eratl?
851 4234 986 4291 Vide
1030 4253 1097 4294 ne
1150 4241 1291 4296 forte
1339 4244 1544 4300 malitia
1596 4249 1856 4317 pusillus,
1901 4265 1992 4309 aut

385 4320 567 4376 adhuc
616 4323 850 4394 pusillus
900 4326 1038 4396 fide;
1089 4331 1332 4387 nondum
1377 4335 1526 4390 enim
1571 4347 1594 4375 ο
1629 4341 1986 4409 promiserat,

387 4428 511 4471 cum
537 4417 1154 4488 ascenderet,'nondum
1203 4425 1414 4482 viderat
1441 4427 1718 4486 Christum
1745 4472 1760 4499 ,
1796 4437 1989 4491 merito

2099 3239 2257 3293 supra
2272 3223 2468 3292 Legem
2479 3223 2836 3293 ,relinquebat
2847 3238 2966 3290 sua,
2979 3233 3035 3277 et
3048 3222 3329 3278 Dominum
3345 3223 3702 3294 sequebatur.

2177 3316 2389 3390 1494
2437 3317 2616 3390 (Vers.
2664 3319 2774 3389 16.)
2809 3317 2945 3375 Ecce
2973 3336 3093 3374 mna
3129 3330 3223 3374 tua
3249 3319 3421 3374 decem
3444 3336 3586 3374 mnos
3612 3338 3710 3376 ac-

2098 3410 2324 3480 quisivit.

2171 3501 2262 3558 9t.
2308 3503 2488 3558 Bonus
2517 3502 2691 3570 ordo,
2723 3511 2784 3559 ut
2807 3514 3099 3561 vocaturus
3131 3515 3343 3576 gentes,
3391 3515 3443 3561 et
3478 3505 3708 3562 Judaeos

2094 3595 2348 3666 jussurus
2389 3596 2645 3662 interﬁci,
2673 3595 2766 3665 qui
2805 3598 3098 3652 noluerunt
3143 3613 3377 3668 regnare
3432 3613 3591 3669 supra
3642 3615 3708 3653 se

2098 3685 2411 3755 Christum,
2466 3686 2607 3742 hanc
2664 3689 3022 3757 praemitteret
3073 3691 3562 3761 comparationem,
3630 3708 3706 3748 ne

2099 3781 2416 3837 diceretur:
2467 3779 2614 3835 Nihil
2659 3779 2887 3836 dederat
2920 3781 3120 3852 populo
3169 3782 3484 3838 Judaaorum
3514 3802 3526 3837 :
3554 3785 3706 3840 unde

2099 3875 2278 3945 potuit
2326 3872 2524 3928 melior
2553 3873 2707 3940 fieri;
2739 3881 2846 3942 aut,
2875 3875 3004 3944 quid
3033 3873 3102 3930 ab
3146 3889 3212 3929 eo
3259 3875 3350 3944 qui
3377 3875 3512 3930 nihil
3536 3891 3701 3933 rece-

2100 3969 2212 4038 pit,
2253 3966 2527 4037 exigitur?
2575 3963 2691 4020 Non
2747 3964 3036 4021 mediocris
3081 3966 3184 4020 ista
3230 3977 3314 4021 est
3342 3982 3488 4033 mna,
3534 3983 3702 4037 quam

2097 4077 2262 4133 supra
2286 4060 2479 4117 mulier
2505 4059 2826 4130 Evangelicn
2861 4063 2984 4130 quia
3031 4075 3137 4115 non
3160 4059 3388 4125 invenit,
3418 4061 3701 4115 lucernam

2097 4151 2376 4219 accendit,
2434 4152 2639 4206 lumine
2666 4150 2864 4233 quaerit
2891 4151 3144 4215 admoto,
3173 4151 3479 4222 gratulatur
3506 4153 3704 4207 iuven-

2096 4254 2203 4300 tam
2231 4243 2385 4317 (Luc.
2413 4259 2502 4312 xv,
2533 4243 2610 4314 8).

2164 4337 2255 4392 92.
2299 4336 2482 4406 (Vers.
2518 4337 2632 4409 18.)
2661 4336 2907 4408 Denique
2921 4351 2989 4392 ex
3015 4350 3120 4392 una
3142 4335 3332 4393 decem
3353 4337 3539 4404 mnas‘,
3558 4337 3699 4393 alius

2094 4433 2239 4500 fecit,
2265 4433 2406 4489 alius
2437 4433 2696 4506 quinque.
2727 4430 2756 4470 ιι
2785 4433 3044 4490 Fortasse
3072 4434 3190 4488 ista:
3218 4433 3444 4490 moralia
3472 4433 3698 4499 habent,

386 4506 564 4598 adhuc
620 4512 872 4580 pusillus.
919 4515 1448 4588 Deniquefloannes
1497 4537 1746 4594 magnus,
1780 4527 1904 4598 quia
1931 4539 1986 4584 et
2019 4512 2216 4596 unia
2267 4526 2509 4597 quinque
2558 4535 2688 4581 sunt
2742 4525 2990 4596 corporis
3038 4539 3269 4580 sensus:
3321 4525 3430 4580 illae
3467 4525 3694 4590 decem.

381 4596 662 4657 Christum
693 4603 860 4671 vidit,
903 4618 959 4662 et
985 4606 1246 4678 Spiritum
1285 4613 1428 4668 sicut
1475 4596 1984 4691 columbamvsuper

439 4742 484 4820 ,ξι
524 4733 729 4820 omnes
749 4735 883 4820 edit.
911 4753 975 4820 ac
1000 4754 1130 4820 mss.
1160 4757 1267 4800 non
1296 4747 1487 4820 pauci,
1510 4764 1564 4820 se
1583 4765 1686 4804 non
1707 4751 1985 4820 invitatus;

381 4802 505 4871 alii,
538 4807 628 4878 qui
660 4815 716 4863 et
745 4809 990 4866 melioris
1019 4819 1191 4876 note,
1219 4833 1272 4871 se
1296 4802 1402 4873 'non
1443 4802 1984 4878 incitaturum.

383 4887 480 4959 stis
504 4877 710 4959 eaedem
740 4879 870 4959 edit.
924 4890 980 4959 et
1007 4897 1160 4959 uisse
1186 4887 1426 4957 aliquot,
1478 4891 1688 4959 hospitii
1727 4894 1845 4956 sui;
1891 4877 1982 4950 alii

380 4945 598 5032 plures,
649 4950 866 5032 hospitis
894 4953 995 5006 sui.
1029 4945 1390 5026 Denique'ubi
1413 4945 1754 5032 imem'orata:
1792 4945 1979 5032 editi,

369 5017 1005 5106 iamuideratlalfectum;
1035 5040 1166 5106 mss.
1185 5017 1386 5085 'eontra
1411 5031 1527 5088 fere
1547 5031 1614 5088 ad
1645 5049 1810 5089 unum
1842 5017 1984 5106 prae:

381 5086 594 5160 ferunt,
625 5086 861 5147 audierat
889 5086 1152 5160 aﬂ'ectum.

453 5157 480 5196 ι’
698 5162 880 5230 Rom.,
903 5157 998 5221 iste
1019 5169 1102 5222 cui
1122 5185 1300 5226 sensus
1327 5188 1392 5227 ea:
1418 5172 1606 5242 fraude
1634 5177 1703 5230 ad
1750 5177 1974 5233 salutem

427 5241 640 5286 etvenit.

427 5246 640 5286 ervenu.

386 5246 422 5301 ρ
523 5301 689 5389 Eum.
711 5304 1072 5389 edit._.i_terum
1100 5310 1485 5389 sola._reddere
1503 5318 1830 5389 promiserat.

454 5367 744 5462 gCVIAlAIIcm
787 5376 952 5462 .edit..
983 5391 1056 5462 et.
1083 5367 1830 5462 compluresnmss.wpl‘ebem
1859 5392 1975 5462 jam

381 5449 753 5528 transgressus,
781 5448 837 5502 in
877 5449 1143 5528 scientiam
1172 5448 1354 5509 meruit
1381 5473 1556 5528 quam,
1605 5448 1712 5515 étc.
1750 5448 1974 5519 lnséite.

377 5510 550 5599 lienis
579 5531 720 5599 vero.
732 5510 912 5599 locum
936 5523 1225 5599 restituere
1251 5510 1573 5586 mss.'Corb’.
1585 5571 1598 5594 ,
1611 5510 1968 5599 ὖόἰδῗιῖἧὶὶξζ

384 5581 526 5674 Xict.
562 5596 618 5674 et
649 5589 746 5674 alii
775 5594 1325 5674 .nonn.ull_i_.__At_post
1347 5581 1598 5656 ver—litim
1623 5581 1966 5674 ξ

385 5653 1170 5754 Ξὶλιιιίιξιιίξ-ξηιε,
1184 5653 1237 5722 iis
1263 5685 1379 5754 _quo
1415 5653 1491 5725 vet)
1507 5653 1971 5754 misieriumﬂlicei

383 5723 664 5792 advertere,
689 5733 1058 5800 prosequitur,
1090 5723 1210 5792 ιιᾶιιι
1229 5723 1439 5795 ιιᾶιιιηι
1455 5723 1709 5807 pusillus,

2091 4619 2350 4690 duplicia,
2379 4619 2432 4675 id
2463 4629 2567 4688 est,
2591 4620 2822 4692 mystica
2840 4619 3022 4690 Legis,
3053 4627 3108 4674 et
3134 4618 3361 4674 moralia
3385 4619 3694 4690 probitatis.

2089 4770 2244 4813 num.
2274 4754 2366 4810 87.

2163 4836 2187 4863 ο
2230 4825 2388 4879 Rom.
2437 4823 2569 4880 edit.
2631 4824 2770 4892 sola,
2824 4823 2927 4880 hoc
2971 4825 3090 4882 loco
3136 4825 3334 4895 partim
3381 4825 3694 4891 dccurtato.

2089 4899 2306 4969 partim
2337 4897 2556 4950 inverso
2587 4895 2674 4969 ita.
2695 4906 3056 4969 reposuerat:
3086 4897 3192 4952 Hic
3225 4897 3364 4951 enim
3391 4909 3611 4969 uenerat
3637 4911 3695 4955 ut

2087 4963 2179 5038 per
2198 4966 2422 5039 Judwosi
2443 4963 2684 5020 transiret
2710 4966 2778 5021 ad
2799 4975 2972 5038 gentes
2996 4985 3014 5033 ;
3036 4978 3090 5022 ut
3117 4980 3164 5023 et
3190 4968 3493 5039 mysterium
3519 4986 3697 5025 serua-

2086 5049 2186 5104 ret,
2223 5049 2270 5092 et
2289 5038 2510 5108 gratiam
2540 5039 2834 5092 seminaret.

2163 5109 2182 5149 f
2226 5109 2302 5164 Ita
2336 5122 2468 5181 mss.
2501 5119 2554 5181 et
2591 5108 2724 5181 edit.
2755 5124 2967 5176 omnes,
2996 5121 3221 5181 excepta
3250 5109 3412 5166 Rom.
3473 5121 3530 5166 et
3583 5126 3694 5167 ms.

2085 5181 2225 5255 Reg.
2257 5179 2369 5255 ubi,
2401 5179 2714 5255 credentium
2736 5181 3050 5255 voluptates.
3080 5179 3188 5255 Sed
3232 5183 3285 5236 in
3335 5195 3471 5237 mss.
3499 5184 3692 5255 saepis-

2083 5254 2245 5319 sime,
2273 5251 2511 5322 voluntas
2539 5259 2595 5305 et
2620 5251 2878 5322 uoluptas,
2901 5252 3323 5322 confunduntur.

2155 5332 2182 5370 ε
2227 5324 2382 5376 llom.
2413 5320 2545 5394 edit.
2580 5320 2770 5394 et‘ms'.
2797 5322 2956 5394 Reg.,
3012 5321 3157 5394 Ergo
3200 5322 3517 5378 Nathanael.
3580 5327 3694 5383 Sed

2079 5395 2424 5461 negationem
2449 5392 2570 5446 alite
2576 5391 2728 5464 _edit.
2757 5407 2820 5446 ac
2843 5391 2976 5448 m'ss.
3003 5391 3187 5448 eteieri
3215 5409 3325 5464 pra:
3354 5409 3414 5449 se
3443 5395 3652 5453 ferunt.

2154 5459 2182 5501 Β
2228 5465 2370 5519 Edit.
2419 5471 2530 5517 ant.
2567 5459 2816 5518 Fortasse
2849 5465 2940 5524 iste
2975 5465 3196 5518 moralia
3216 5459 3369 5517 liabet
3397 5501 3414 5518 .
3451 5505 3465 5518 .
3497 5508 3511 5520 .
3553 5510 3567 5522 .
3600 5469 3695 5525 ille

2077 5534 2256 5590 decem
2278 5534 2530 5609 duplicia.
2566 5534 2724 5609 Itoni.
2747 5535 2817 5588 ab
2841 5535 2925 5609 his
2951 5543 3163 5609 tantum
3187 5551 3254 5609 co
3284 5534 3516 5604 recedit,
3542 5541 3690 5609 quod

2075 5603 2369 5668 resecavit,
2395 5606 2590 5659 decem.
2627 5603 2822 5660 Verqu
2855 5604 3156 5660 diversitati
3190 5608 3366 5661 locum
3399 5603 3507 5663 non
3539 5603 3690 5665 aliud

2074 5676 2246 5752 dedit,
2282 5677 2385 5732 nisi
2413 5676 2555 5752 quod
2605 5676 2658 5730 in
2711 5690 2843 5752 mss.
2891 5677 3215 5747 quibusdam
3247 5693 3275 5732 e
3303 5677 3538 5748 simplex
3591 5695 3693 5752 pro

2073 5745 2415 5818 diphthongo
2432 5745 2701 5815 scriptum
2735 5745 2963 5816 legatur;
