3920 6378
159 284 279 345 Ηῡδ

1081 284 1449 345 EXPOSITIO
1488 281 1741 345 EVANG.
1782 281 1927 342 δερ.
1975 282 2125 342 LUC.
2171 283 2299 346 LIB.
2343 284 2435 344 IX.

3277 287 3418 354 119‘

150 398 284 463 Unde
325 406 379 453 et
419 398 695 455 Matthwus
745 400 986 470 quinque
1039 400 1236 456 talenta
1266 410 1319 456 et
1348 401 1457 456 duo
1508 400 1711 457 talenta
1740 398 1872 461 Ain
1915 398 2124 457 loream
2174 399 2353 455 carnis
2406 396 2709 455 abscondit.
2757 398 2834 454 De
2887 397 3010 455 aliis
3065 399 3275 464 siletur,
3326 400 3417 469 qui

146 492 309 562 posuit
333 490 555 563 (Matth.
589 508 717 559 xxv,
744 493 832 564 15)
861 510 875 549 :
908 494 963 550 in
995 495 1230 565 quinque
1262 494 1482 550 talentis
1502 502 1562 549 ut
1607 492 1723 550 sint

143 584 381 651 moralia,
433 586 485 639 in
548 584 759 641 duobus
809 597 1139 655 utrumque,
1198 587 1490 659 mysticum
1549 595 1717 657 atque

143 674 349 730 morale.
380 673 453 730 Ita
474 674 617 745 quod
642 691 869 732 numero
892 675 1143 742 inferius,
1170 692 1230 732 re
1259 678 1506 733 uberius.
1532 678 1602 733 Et
1630 676 1719 733 hic

144 781 406 838 possumus
437 766 621 822 decem
658 758 836 833 mnas,
866 768 1057 824 decem
1098 768 1263 824 verba
1296 768 1623 840 intelligere,
1665 768 1718 824 id

143 868 240 925 est,
285 858 438 929 Legis
480 858 823 915 doctrinam:
877 860 1119 931 quinque
1159 874 1354 928 mnas,
1403 860 1720 931 magisteria

144 951 453 1021 disciplinas.
482 951 590 1008 Sed
623 952 996 1023 legisperitum
1044 954 1099 1007 in
1139 952 1390 1008 omnibus
1441 952 1567 1008 volo
1595 966 1720 1008 esse

143 1044 450 1118 perlectum;
483 1059 590 1101 non
619 1045 764 1101 enim
789 1046 842 1101 in
880 1060 1159 1112 sermone,
1201 1046 1297 1103 sed
1323 1046 1376 1101 in
1409 1046 1722 1102 virtuteest

145 1154 348 1208 regnum
379 1139 492 1194 Dei.

204 1234 284 1289 93.
327 1234 469 1290 Bene
514 1244 695 1290 autem
735 1234 861 1304 quia
895 1233 964 1289 de
1006 1233 1210 1289 Judaeis
1263 1233 1435 1299 dicit,
1473 1234 1580 1290 duo
1618 1234 1720 1291 soli

147 1324 534 1395 multiplicatam
556 1326 839 1395 pecuniam
869 1325 1157 1390 deferunt;
1189 1339 1299 1380 non
1341 1325 1529 1396 utique
1556 1326 1682 1380 teris
1704 1367 1719 1391 ,

141 1418 223 1474 scd
266 1428 290 1455 τι
319 1417 701 1489 disputationis
746 1418 949 1474 usuris.
984 1418 1102 1474 Alia
1151 1429 1237 1474 est
1286 1420 1431 1474 enim
1488 1419 1719 1490 pecunia

142 1511 339 1575 fenoris,
374 1511 478 1565 alia
506 1511 772 1566 doctrinae
803 1511 1046 1567 caelestis
1063 1526 1246 1567 usura.

202 1602 280 1660 94.
320 1602 520 1674 (Vers.
568 1603 701 1674 25.)
764 1603 1009 1673 Denique
1058 1605 1317 1659 Dominus
1369 1620 1492 1660 cum
1550 1605 1718 1660 dicit:

144 1700 295 1766 Quare
318 1715 419 1752 non
442 1698 635 1752 dedisti
666 1699 939 1767 pecuniam
962 1714 1125 1753 meam
1154 1699 1223 1754 ad
1246 1716 1477 1753 mensam
1501 1699 1717 1770 (Matth.

1819 490 1973 560 quasi
2005 489 2213 560 prodigi
2259 487 2559 556 debitores,
2608 503 2731 560 quae
2761 496 3116 559 acceperant,
3168 489 3422 560 perdide-

1787 583 2125 658 rrunt(Luc.
2156 601 2248 651 xx,
2286 583 2402 656 10).
2462 583 2523 639 In
2553 583 2765 640 duobus
2800 582 2908 639 illis
2938 584 3093 654 pauci
3124 592 3273 650 sunt,
3329 583 3421 654 qui

1823 693 1920 748 per
1950 677 2084 732 duas
2111 678 2259 733 vices
2287 676 2355 732 ad
2392 677 2633 733 cultores
2662 676 2834 733 vinea:
2863 676 3121 733 destinati
3164 686 3292 733 sunt
3317 695 3329 732 :
3364 678 3419 734 in

1824 769 2048 840 reliquis
2074 784 2266 824 omnes
2286 768 2460 825 Judaei
2491 767 2715 842 (Matth.
2748 784 2897 835 xxiv,
2933 769 3048 841 18).
3071 769 3242 838 Quam
3273 784 3423 825 com-

1824 863 2162 933 parationem
2186 863 2472 919 Matthaeus
2492 863 2654 920 etiam
2678 863 2836 919 nobis
2855 864 3026 919 voluit
3049 874 3257 935 aptare,
3279 864 3423 935 quod

1823 956 2077 1012 similiter
2103 966 2163 1013 ut
2200 956 2357 1013 dives
2388 958 2478 1027 qui
2513 956 2799 1028 pecuniam
2844 972 2996 1012 suam
3028 972 3135 1014 non
3183 956 3429 1028 impartit

1822 1052 2156 1124 pauperibus
2198 1054 2319 1109 :ita
2358 1054 2522 1109 etiam
2569 1054 2661 1124 qui
2716 1053 2987 1110 doctrinae
3034 1070 3147 1112 sum
3194 1053 3425 1126 gratiam

1823 1160 1934 1200 non
1964 1144 2161 1201 dividit
2186 1147 2473 1216 imperitis,
2504 1145 2703 1202 docere
2730 1164 2853 1204 cum
2900 1147 3109 1216 possit,
3139 1147 3279 1203 haud
3313 1161 3428 1202 me-

1822 1238 2027 1294 diocris
2070 1253 2198 1294 reus
2226 1248 2310 1295 est
2353 1238 2530 1309 culpae
2582 1238 2723 1308 (Lib.
2754 1255 2788 1295 v
2809 1240 2872 1295 de
2902 1237 3058 1307 Fide,
3092 1257 3206 1312 cap.
3242 1238 3318 1310 1).
3347 1237 3431 1295 De

1823 1346 1953 1402 quo,
2012 1332 2268 1401 quoniam
2318 1331 2372 1387 in
2420 1331 2576 1387 libris
2630 1331 2700 1388 de
2726 1332 2862 1389 Fide
2915 1331 3138 1404 scriptis
3163 1326 3427 1400 diximus,

1826 1436 2199 1481 transcurrere
2225 1425 2419 1482 melius
2451 1426 2632 1482 fuerit.
3285 1492 3299 1504 κ

1895 1518 1985 1574 96.
2025 1517 2288 1574 Civitates
2337 1529 2521 1576 autem
2551 1520 2578 1559 ι)
2603 1521 2795 1577 decem
2826 1520 3008 1593 (Vers.
3042 1520 3131 1592 17)
3163 1534 3287 1576 esse
3311 1534 3435 1590 quae

1825 1621 2088 1682 possunt,
2134 1612 2236 1666 nisi
2269 1611 2409 1667 forte
2466 1614 2664 1670 anima:
2694 1614 2890 1685 quibus
2933 1613 3057 1684 jure
3100 1612 3434 1684 praeponitur

1824 1707 1915 1774 qui
1948 1704 2229 1775 pecuniam
2281 1705 2519 1773 Domini,
2549 1720 2604 1763 et
2644 1708 2737 1763 illa
2760 1707 2976 1778 eloquia
3017 1715 3167 1761 casta
3200 1706 3435 1777 probata

142 1807 251 1856 xxv,
282 1788 541 1861 18)?‘uon
562 1801 785 1857 nostrae,
818 1789 913 1846 sed
938 1806 1049 1847 sua:
1076 1790 1322 1863 pecunia:
1353 1791 1550 1861 qumrit
1588 1805 1717 1847 usu—
1744 1786 1794 1848 B
1820 1796 1959 1850 sicut
2007 1804 2291 1867 argentum
2320 1837 2335 1862 ,
2372 1799 2669 1855 mentibus
2725 1799 3005 1854 hominum
3053 1798 3424 1855 feneraveritt

140 1900 259 1937 ram.

198 1978 274 2032 95.
314 1974 469 2033 Unus
496 1975 636 2031 intra
669 1983 868 2031 terram
903 1974 1257 2031 abscondisse
1303 1990 1363 2030 se
1395 1974 1549 2041 dicit,
1575 1974 1719 2046 quod

1821 1888 1957 1945 Nam
2007 1890 2150 1945 sicut
2182 1889 2521 1949 Hierusalem
2572 1892 2768 1949 dicitur
2804 1892 3069 1949 aediﬁcata
3097 1893 3241 1949 sicut
3291 1891 3432 1948 civi-

1823 1993 1906 2039 tas
1939 1983 2111 2055 (Psal.
2141 1999 2288 2052 cxxt,
2319 1983 2377 2056 5)
2397 2027 2413 2052 ,
2448 1986 2521 2041 ita
2540 1995 2669 2041 sunt
2688 1986 2883 2041 anima:
2902 1986 3168 2058 pacilicas.
3189 1985 3261 2040 Et
3288 1985 3434 2041 sicut

137 2072 375 2126 rationem
428 2084 558 2139 quae
608 2069 672 2124 ad
733 2070 1021 2140 imaginem
1071 2080 1126 2125 et
1182 2069 1590 2125 similitudinem
1622 2070 1719 2126 Dei
1821 2078 2001 2149 angeli
2030 2087 2292 2149 praesunt,
2314 2082 2401 2149 .ita
2424 2089 2480 2135 et
2501 2079 2555 2135 hi
2586 2080 2681 2151 qui
2701 2079 2867 2136 vitam
2890 2078 3191 2136 meruerint
3217 2078 3441 2151 angelo-

137 2162 241 2217 data
269 2172 347 2219 est
377 2162 568 2227 nobis,
598 2160 781 2217 studio
811 2160 1106 2231 voluptatis
1130 2160 1344 2228 obruit,
1369 2172 1424 2218 et
1447 2172 1719 2233 tamquam

197 2314 217 2339 δ
257 2304 405 2359 Rom.
474 2300 607 2356 edit.
656 2300 799 2364 sola,
834 2300 1233 2369 dispensationis
1255 2302 1449 2357 usuris.
1476 2302 1581 2360 Sed
1612 2321 1719 2362 vox

138 2376 394 2443 disputatio
432 2372 756 2441 frequenter
781 2372 921 2441 apud
949 2371 1292 2443 Ambrosium
1344 2373 1485 2427 idem
1514 2377 1722 2443 signifi-

138 2442 218 2500 cat
236 2446 366 2515 quod
418 2444 819 2515 tractatio,seu
848 2442 1160 2515 praedicatio
1193 2442 1543 2513 Evangelica.
1567 2442 1723 2503 Rur-

140 2531 218 2569 sus
254 2513 457 2572 eadem
514 2514 649 2571 edit.
707 2514 867 2568 Rorn.
912 2528 1035 2568 cum
1067 2513 1195 2567 Era.
1228 2524 1282 2568 et
1322 2515 1447 2571 Gill.
1480 2517 1599 2571 Alia
1654 2529 1729 2575 est

140 2589 254 2642 enim
296 2587 534 2658 pecunia:
570 2584 827 2657 (tenebris.
862 2584 1088 2640 Amerb.
1116 2599 1247 2640 vero
1293 2594 1349 2641 et
1380 2602 1511 2643 mss.
1545 2590 1731 2646 nobis-

1826 2187 1969 2229 rum.

1826 2300 1950 2383 cum
2010 2311 2213 2366 faciunt
2241 2352 2254 2374 ,
2299 2309 2404 2365 nisi
2443 2310 2590 2383 quod
2636 2310 2833 2381 legitur
2867 2310 2920 2366 in
2951 2309 3184 2379 duobus,
3211 2348 3225 2364 .
3258 2350 3271 2364 .
3302 2350 3318 2365 .

1831 2382 2022 2442 ennius,
2052 2384 2128 2437 uel
2146 2383 2377 2451 (tenoris.

1908 2453 1935 2492 δ
1978 2454 2069 2510 Sic
2098 2467 2288 2507 omnes
2323 2467 2456 2525 mss.
2487 2462 2543 2508 et
2562 2453 2694 2510 edit.
2751 2462 2951 2524 praeter
2980 2453 3142 2511 Rom.
3170 2467 3292 2525 qua:
3342 2467 3445 2524 pro

1837 2524 2010 2579 decem
2033 2525 2279 2595 reposuit
2306 2524 2548 2595 quinque.

3350 2325 3441 2383 pe-

151 2718 3415 2744 mw

1359 2763 1707 2915 LIBER
1780 2830 2183 2917 NONUS

1568 3027 1970 3039 *ο*

210 3126 406 3201 1495
444 3126 754 3200 (Vers.29,
782 3126 901 3199 30.)
942 3126 1012 3181 Et
1035 3131 1230 3200 factum
1259 3138 1365 3194 est,
1397 3142 1515 3181 cum
1542 3142 1740 3196 appro-
1770 3126 1816 3191 C
1846 3125 1936 3196 qui
1974 3125 2177 3193 aperit,
2229 3123 2317 3194 qui
2371 3123 2615 3194 pulsatur
2655 3124 2723 3179 ab
2774 3124 3232 3195 ingredientibus,
3265 3133 3322 3182 et
3376 3124 3448 3184 ab

147 3222 418 3291 pinquasset
456 3222 534 3275 ad
562 3220 867 3294 Bethpltage
888 3230 935 3275 et
959 3220 1288 3290 Bethaniam,
1312 3221 1380 3275 ad
1406 3230 1629 3275 montem
1655 3220 1743 3288 qui

147 3323 335 3367 vocatur
367 3313 593 3380 Oliveti,
621 3313 760 3369 misit
801 3312 932 3367 duos
962 3314 1281 3383 discipulos,
1315 3314 1531 3369 dicens:
1566 3313 1649 3367 Ite
1685 3312 1742 3365 in

146 3406 393 3459 castellum
421 3406 571 3475 quod
594 3415 774 3459 contra
800 3414 897 3471 est,
926 3406 981 3458 in
1012 3404 1151 3475 quod
1177 3405 1493 3460 iutroeuntes
1518 3404 1743 3460 invenie-

140 3497 202 3550 tis
226 3498 420 3567 pullum
437 3499 611 3554 asina:
639 3498 947 3570 alligatum,
978 3498 1033 3551 in
1062 3515 1163 3566 quo
1187 3515 1337 3553 nemo
1362 3499 1519 3553 sedit.

210 3590 257 3645 1.
297 3591 537 3647 Pulchre
561 3590 765 3645 relictis
812 3589 1041 3656 ludatis,
1074 3591 1415 3646 habitaturus
1446 3591 1499 3645 in
1527 3590 1741 3646 allecti-

154 3680 239 3736 bus
263 3686 506 3753 gentium
530 3724 544 3749 ,
571 3684 833 3753 templum
869 3682 1127 3739 Dominus
1155 3683 1431 3748 ascendit;
1466 3683 1570 3738 hoc
1596 3683 1741 3739 enim

150 3776 388 3843 templum
438 3786 529 3831 est
583 3790 793 3841 verum,
849 3774 907 3830 in
948 3790 1058 3846 quo
1086 3790 1197 3830 non
1228 3775 1283 3830 in
1316 3775 1524 3841 littera,
1565 3775 1665 3831 sed
1692 3777 1745 3830 in

152 3865 330 3934 spiritu
375 3866 641 3921 Dominus
688 3866 995 3921 adoratur:
1043 3866 1145 3921 hoc
1178 3846 1274 3921 Dei
1319 3867 1582 3937 templum
1628 3875 1743 3934 est,

156 3960 281 4026 quod
310 3960 431 4015 fidei
476 3959 673 4027 series,
723 3974 833 4014 non
883 3958 1127 4029 lapidum
1159 3967 1432 4014 structura
1482 3958 1747 4013 fundavit.

154 4049 469 4107 Deseruntur
497 4067 626 4122 ergo
656 4051 748 4121 qui
774 4050 1035 4117 oderant,
1086 4051 1362 4122 eliguntur
1403 4050 1498 4120 qui
1520 4050 1751 4105 amaturi

154 4151 320 4197 erant.
692 4210 693 4213 η

214 4234 263 4289 2.
304 4237 371 4291 Ει
414 4238 544 4293 ideo
590 4235 657 4292 ad
705 4245 943 4292 montem
976 4236 1128 4293 venit
1152 4236 1375 4303 Oliveti,
1407 4245 1467 4292 ut
1508 4236 1752 4293 novellas

154 4324 292 4382 oleas
330 4328 383 4383 in
410 4328 633 4384 sublimi
652 4330 857 4385 virtute
888 4329 1182 4399 plantaret,
1208 4344 1438 4399 quorum
1466 4338 1641 4385 mater
1670 4337 1755 4385 est

157 4415 235 4471 illa
264 4435 381 4489 qure
436 4435 658 4476 sursum
706 4429 790 4476 est
816 4420 1182 4476 Hierusalem.
1214 4421 1273 4477 In
1325 4421 1431 4477 hoc
1458 4431 1645 4477 monte
1675 4434 1759 4480 est

156 4506 241 4563 ille
285 4511 529 4567 caelestis
569 4512 840 4582 agricola,
897 4522 958 4567 ut
1014 4513 1244 4583 plantati
1283 4528 1475 4569 omnes
1504 4515 1556 4569 in
1587 4513 1750 4569 domo

158 4598 263 4660 Dei,
308 4602 515 4671 possint
543 4603 746 4658 viritim
792 4603 1015 4659 dicere:
1058 4602 1172 4676 Ego
1216 4614 1388 4658 autem
1437 4604 1571 4659 sicut
1613 4606 1748 4660 oliva

157 4690 416 4765 fructifera
437 4697 489 4750 in
513 4697 667 4753 domo
687 4696 899 4753 Domini
921 4697 1092 4771 (Psal.
1150 4715 1221 4763 ιι,
1257 4699 1371 4769 10).
1414 4700 1483 4755 Ει
1519 4699 1750 4756 fortasse

158 4784 266 4854 ipse
292 4804 448 4844 mons
469 4789 718 4847 Christus
753 4801 857 4847 est.
877 4790 1013 4857 Quis
1038 4791 1183 4846 enim
1215 4791 1357 4845 alius
1381 4791 1515 4847 tales
1538 4790 1748 4847 fructus

151 4875 312 4934 ferret
336 4881 635 4947 olivarum,
669 4898 777 4939 non
807 4884 1248 4940 curvescentium
1279 4884 1528 4940 ubertate
1557 4884 1753 4939 bacca-
1796 4896 1803 4903 '

162 4984 299 5035 rum,
331 4972 427 5027 sed
469 4975 689 5045 Spiritus
729 4974 1064 5045 plenitudine
1091 4974 1333 5046 gentium
1363 4974 1754 5031 fecundarum?

165 5056 277 5128 lpsc
308 5073 390 5116 est
416 5078 512 5133 per
542 5080 702 5134 quem
733 5065 1078 5122 ascendimus
1097 5108 1111 5132 ,
1140 5076 1192 5121 et
1220 5066 1286 5122 ad
1318 5082 1478 5137 quem
1508 5067 1756 5122 ascendi-

165 5166 294 5207 mus.
326 5153 443 5224 Ipse
490 5166 573 5213 est
619 5158 810 5229 janua,
843 5160 958 5230 ipse
988 5167 1073 5215 est
1108 5159 1228 5226 via,
1261 5160 1351 5229 qui
1387 5158 1651 5230 aperitur,
1699 5170 1754 5215 ct

230 5318 253 5344 ἰ
296 5308 438 5363 Edit.
472 5324 662 5368 omnes
690 5313 747 5366 in
786 5313 1054 5367 castellum
1079 5315 1203 5378 sint,
1234 5312 1458 5367 Amcrb.
1504 5310 1747 5381 religati,

167 5377 277 5453 alia:
306 5381 542 5453 relegati.
578 5383 710 5437 Mss.
740 5393 919 5437 autem
960 5385 1109 5439 nullo
1136 5377 1274 5453 pene
1294 5393 1548 5451 excepto,
1578 5377 1636 5435 u't
1664 5397 1765 5437 nos

167 5447 219 5502 in
253 5447 430 5505 textu;
454 5450 523 5505 Et
550 5468 682 5508 sane
718 5453 860 5507 hanc
892 5447 1180 5509 lectionem
1224 5447 1484 5522 allegoria
1526 5470 1631 5506 non
1664 5455 1765 5508 ob-

169 5532 321 5574 scure
350 5522 515 5594 exigit
540 5540 555 5588 ;
586 5525 787 5594 quippe
815 5539 916 5593 qua
942 5535 1259 5594 peccatores
1287 5524 1609 5578 delictorum
1641 5539 1769 5579 suo-

170 5602 287 5669 rum
319 5593 551 5669 vinculis
571 5593 783 5669 alligati
801 5610 894 5660 per
918 5593 1127 5651 asinam
1152 5604 1206 5651 et
1228 5595 1433 5664 pullum
1460 5594 1513 5649 in
1542 5595 1768 5651 castello

173 5659 423 5727 religatos
451 5659 862 5719 adumbreutur.
1190 5670 1203 5679 ‘

247 5729 273 5767 ι)
314 5732 475 5788 Rom.
507 5734 639 5792 edit.
672 5744 729 5790 et
760 5736 910 5805 pauci
945 5752 1102 5805 mss.,
1135 5737 1302 5793 errori
1330 5737 1631 5808 famulatus.
1663 5738 1773 5794 Mc-

1845 3217 2087 3274 emeritis
2117 3215 2392 3272 adoratur.

1920 3309 1975 3365 '5.
2020 3308 2164 3379 Ergo
2205 3309 2256 3363 in
2289 3307 2513 3364 castello
2540 3318 2688 3374 erat,
2745 3318 2801 3365 et
2854 3309 3050 3380 ligatus
3106 3318 3225 3365 erat
3272 3309 3452 3381 pullus

1846 3416 1968 3458 cum
1997 3402 2147 3457 asina
2181 3416 2196 3455 :
2249 3416 2356 3457 non
2396 3411 2607 3471 poterat
2646 3401 2817 3467 solvi,
2850 3403 2954 3459 nisi
2994 3403 3147 3473 jussu
3191 3402 3444 3459 Domini:

1847 3494 2014 3550 solvit
2052 3509 2175 3549 eum
2207 3508 2397 3548 manus
2426 3493 2720 3565 apostolica
2747 3511 2761 3549 :
2794 3493 2917 3549 talis
2938 3505 3112 3562 actus,
3159 3495 3284 3551 talis
3309 3496 3442 3561 vita,

1851 3586 1975 3641 talis
2000 3585 2196 3654 gratia.
2216 3585 2353 3640 Esto
2381 3585 2522 3651 talis,
2548 3595 2607 3640 ut
2632 3593 2688 3640 et
2713 3592 2772 3640 tu
2793 3586 2966 3655 possis
2993 3586 3186 3656 ligatos
3215 3586 3453 3643 solvere.

1921 3681 1977 3734 4.
2017 3679 2175 3735 Nunc
2223 3678 2634 3735 consideremus
2660 3679 2751 3750 qui
2780 3679 2980 3735 fuerint
3010 3680 3112 3747 illi,
3143 3680 3236 3751 qui
3265 3694 3457 3737 errore

1851 3777 2091 3842 detecto,
2121 3776 2191 3832 de
2230 3775 2484 3845 paradiso
2513 3774 2693 3845 ejecti,
2726 3785 2752 3813 ει
2776 3776 2828 3831 in
2858 3776 3085 3831 castello
3110 3785 3238 3831 sunt
3258 3776 3454 3849 religa-

1852 3869 1913 3923 ti.
1966 3868 2031 3923 Et
2064 3867 2216 3922 vides
2268 3866 2729 3937 quemadmodum
2780 3882 2918 3936 quos
2950 3882 3098 3922 mors
3142 3868 3451 3937 expulerat,

1854 3958 1963 4013 vita
2008 3959 2348 4013 revocaverit
2374 3955 2605 4028 (Matth.
2640 3972 2761 4019 χχι,
2791 3956 2874 4029 2).
2908 3956 2977 4012 Ει
3014 3955 3136 4013 ideo
3163 3957 3460 4015 secundum

1855 4050 2166 4105 Matthmum
2194 4056 2251 4104 et
2292 4049 2501 4103 asinam
2547 4059 2603 4103 et
2629 4048 2837 4118 pullum
2868 4048 3130 4120 legimus;
3166 4057 3224 4105 ut
3247 4048 3373 4120 quia
3404 4050 3463 4107 in

1856 4142 2072 4219 duobus
2118 4141 2433 4196 hominibus
2476 4149 2704 4212 uterque
2735 4127 2913 4197 fuerat
2954 4156 3117 4198 sexus
3162 4142 3460 4213 expulsus,

1858 4235 2154 4293 induobus
2176 4234 2509 4291 animalibus
2535 4249 2698 4290 sexus
2727 4242 2953 4303 uterque
2986 4243 3291 4291 revocetur.
3320 4233 3467 4306 Ergo

1860 4328 1969 4385 illic
2018 4328 2071 4382 in
2112 4328 2269 4382 asina
2311 4334 2486 4383 matre
2525 4326 2681 4397 quasi
2716 4326 2885 4381 Evam
2922 4325 3174 4397 ﬁguravit
3204 4326 3415 4382 erroris
3447 4344 3464 4382 :

1860 4419 1949 4475 hic
1998 4429 2184 4475 autem
2237 4418 2291 4473 in
2357 4419 2504 4488 pullo
2548 4419 2961 4488 generalitatem
3013 4419 3194 4488 populi
3244 4418 3468 4489 gentilis

1834 4514 2160 4585 expressit;
2185 4523 2240 4568 et
2268 4511 2392 4568 ideo
2424 4512 2477 4567 in
2506 4512 2659 4582 pullo
2680 4513 2903 4569 sedetur
2917 4511 3105 4566 asinae.

1929 4608 1982 4664 5.
2028 4607 2098 4662 Et
2122 4606 2263 4662 bene
2288 4622 2304 4658 :
2331 4604 2399 4659 In
2438 4622 2542 4676 quo
2578 4622 2728 4660 nemo
2757 4605 2925 4671 sedit;
2956 4604 3080 4675 quia
3110 4606 3292 4661 nullus
3317 4613 3470 4664 ante-

1859 4715 2022 4771 quam
2057 4696 2308 4753 Christus
2356 4696 2639 4751 nationum
2678 4696 2913 4765 populos
2939 4696 3155 4752 vocavit
3182 4696 3249 4752 ad
3276 4696 3469 4754 Eccle-

1859 4793 2018 4847 siam.
2052 4786 2293 4857 Denique
2322 4785 2622 4842 secundum
2666 4786 2905 4842 Marcum
2947 4787 3026 4842 sic
3056 4786 3222 4844 habes
3252 4806 3265 4843 :
3301 4788 3470 4855 Quem

1861 4898 2010 4937 nemo
2058 4879 2229 4933 adhuc
2276 4878 2408 4933 sedit
2446 4878 2712 4932 hominum
2744 4877 2938 4951 (Marc.
2964 4878 3148 4948 xr,2).
3198 4880 3468 4951 Alligatus

1854 4983 2035 5029 autem
2081 4971 2319 5043 perfidia:
2351 4970 2586 5027 vinculis
2625 4971 2935 5040 tenebatur,
2981 4972 3169 5042 iniquo
3211 4973 3466 5031 addictus

1856 5068 2078 5125 domino
2100 5110 2114 5134 ,
2156 5069 2185 5108 δ
2214 5086 2406 5127 errore
2447 5069 2743 5126 famulatus
2777 5089 2793 5126 :
2825 5070 2923 5125 sed
2966 5070 3307 5127 dominatum
3360 5070 3465 5127 sibi

1856 5161 2132 5217 vindicare
2165 5177 2272 5217 non
2302 5170 2554 5233 poterat,
2593 5177 2755 5233 quem
2791 5176 2948 5217 reum
2977 5158 3185 5217 fecerat
3212 5177 3323 5217 non
3372 5176 3471 5218 na-
3544 5194 3549 5199 ο

1861 5310 1966 5366 lius
1995 5310 2137 5374 alite,
2172 5326 2235 5365 ac
2266 5325 2400 5365 mss.
2451 5311 2615 5379 longe
2649 5310 2909 5380 plurimi,
2942 5326 3115 5365 errore
3156 5310 3473 5380 (antelatus;

1875 5383 1928 5437 id
1959 5391 2063 5446 est,
2099 5398 2194 5451 per
2224 5398 2496 5447 errorem,
2521 5382 2611 5436 ubi
2638 5381 3151 5450 subintelligendum
3178 5391 3261 5436 est
3283 5382 3479 5437 dtemo-

1876 5454 1951 5519 ui,
1980 5453 2047 5506 ad
2097 5469 2258 5520 quem
2305 5454 2474 5508 verba
2505 5452 2754 5522 proxime
2800 5453 3080 5521 sequentia
3140 5451 3475 5508 referuntur.

1875 5524 1933 5579 ln
1963 5523 2160 5592 quibus
2202 5523 2384 5580 verbis
2411 5538 2510 5593 pro
2539 5538 2671 5577 voce
2721 5538 2888 5593 reum,
2929 5531 2988 5576 ut
3016 5522 3146 5593 edit.
3196 5532 3255 5578 et
3295 5524 3479 5591 plures

1876 5591 2009 5649 mss.
2052 5592 2275 5659 habent,
2300 5595 2351 5648 in
2373 5591 2503 5649 mss.
2526 5602 2760 5663 quatuor
2787 5592 2983 5663 legitur
3008 5591 3200 5659 Deum,
3223 5594 3278 5649 in
3300 5595 3473 5654 tribus

1882 5665 2182 5735 Dominum,
2217 5666 2359 5739 quod
2391 5665 2635 5721 ultimum
2665 5664 2803 5722 forte
2830 5679 2899 5721 an
2923 5678 3050 5720 vera
3082 5664 3245 5723 lectio
3264 5674 3371 5725 est.
