3920 6378
518 238 657 305 1795

1861 230 2109 290 SANCTI
2146 232 2470 292 AMBROSII

3670 232 3788 294 1790

506 359 648 417 tura,
675 350 772 406 sed
798 350 978 421 culpa.
1014 349 1085 406 Et
1119 349 1241 405 ideo
1271 363 1393 405 cum
1423 346 1686 402 Dominus
1706 344 1940 412 dicitur,
1970 361 2111 401 unus
2139 347 2192 407 Α
2289 346 2376 401 to.
2416 345 2548 414 Quze
2575 355 2659 401 est
2688 345 2791 401 ista
2819 344 3059 411 habena,
3091 345 3325 402 fratres?
3356 344 3493 415 Quis
3514 359 3604 402 me
3624 345 3791 404 doceat

508 440 857 510 agnoscitur;
892 454 1013 494 nam
1045 447 1101 493 et
1129 438 1282 493 multi
1306 436 1401 499 dii.
1437 444 1493 490 et
1521 434 1677 490 multi
1702 432 1931 501 domini,
1968 442 1993 470 ³
2016 431 2133 513 δρᾶ,

508 530 838 601 generaliter
863 548 875 583 :
908 528 1064 584 nobis
1093 537 1271 584 tamen
1322 542 1461 583 unus
1487 525 1649 592 Deus,
1676 535 1733 580 et
1762 540 1902 580 unus
1920 524 2109 579 Domi-

512 641 635 680 nus.
684 622 871 693 Itaque
902 625 1001 679 etsi
1048 637 1156 677 non
1207 616 1553 691 exprimitur,
1608 617 1823 693 1m
1851 616 2112 674 Dominus

510 717 768 774 delinitur
798 733 905 773 non
931 702 1047 788 jam
1088 730 1186 789 per
1213 715 1617 788 adjunctionem
1652 728 1898 786 personae
1918 753 1933 779 ,
1961 709 1990 750 ι)
2015 709 2109 769 sed

510 824 609 880 per
634 809 1040 863 universitatem
1068 816 1297 863 naturae.

581 898 635 955 6.
680 894 891 955 Marcus
939 907 1119 955 autem
1167 899 1384 955 induxit
1432 896 1656 970 ligatum
1712 902 1838 954 ante
1885 892 2110 970 ianuam

512 990 706 1063 (Marc.
747 1009 820 1057 ιιι,
844 988 936 1058 4);
972 990 1098 1063 quia
1129 1000 1284 1047 extra
1311 988 1587 1048 Christum
1636 986 1961 1062 quicumque
2005 997 2111 1058 est,

509 1082 643 1140 t‘oris
671 1094 753 1141 est
785 1083 839 1139 in
883 1084 997 1139 via:
1034 1083 1127 1155 qui
1157 1095 1339 1139 autem
1367 1085 1419 1138 in
1451 1081 1672 1138 Christo
1699 1089 1783 1137 est
1805 1125 1818 1146 ,
1841 1079 1976 1137 toris
2004 1094 2111 1136 non

507 1186 612 1234 est.
642 1177 707 1233 In
750 1177 1002 1245 transitu,
1035 1175 1268 1243 addidit,
1292 1176 1383 1233 ubi
1413 1172 1613 1231 nullius
1640 1184 1785 1231 certa
1815 1174 2110 1245 possessio,

508 1285 616 1325 non
666 1285 943 1342 praesepe,
982 1276 1088 1326 non
1116 1264 1399 1335 alimenta,
1429 1284 1535 1325 non
1587 1268 1885 1324 stabulum.
1910 1262 2112 1322 Misera

508 1361 740 1417 servitus
792 1363 879 1417 cui
924 1375 1116 1433 vagum
1162 1353 1252 1432 jus
1283 1368 1401 1428 est;
1442 1360 1623 1433 plures
1669 1360 1813 1417 enim
1862 1356 2115 1416 dominos

510 1457 695 1525 habet,
727 1459 818 1528 qui
867 1475 1034 1515 unum
1088 1475 1197 1513 non
1228 1458 1412 1514 habet.
1446 1467 1469 1496 ο
1515 1452 1699 1513 Alieni
1755 1452 2005 1528 alligant,
2052 1461 2114 1510 ut

510 1549 873 1621 pOSsideant:
929 1552 1034 1605 iste
1084 1546 1282 1618 solt-it,
1327 1559 1387 1605 ut
1435 1557 1648 1633 teneat;
1703 1546 2113 1605 vehementiora

510 1642 655 1700 enim
687 1643 828 1700 dona
860 1643 1009 1699 novit
1036 1656 1179 1711 esse,
1208 1659 1368 1715 quam
1394 1642 1629 1700 vincula.

2214 434 2671 511 quemadmodum
2702 454 2797 495 ora
2823 438 3103 495 hominum
3132 449 3223 495 aut
3249 443 3564 511 restringat,
3595 451 3684 497 aut
3705 448 3794 498 sol—

2217 530 2346 584 vat?
2389 524 2711 585 Monstravit
2757 529 2890 586 mihi
2936 526 3202 587 habenam
3256 528 3349 587 ille
3398 532 3489 603 qui
3536 531 3794 591 dixit:Ut

2214 621 2364 676 detur
2386 618 2517 697 mihi
2542 639 2708 677 sermo
2729 623 2783 677 in
2815 623 3131 695 apertionem
3159 623 3264 679 oris
3290 625 3390 678 mei
3435 622 3588 695 (Act.
3634 641 3704 681 ιι.
3724 626 3791 699 5).

2219 708 2431 788 15.97
2460 710 2653 771 Sermo
2675 728 2805 786 ergo
2834 713 3047 772 habena
3074 723 3178 779 est,
3218 730 3403 770 sermo
3431 712 3681 773 stimulus
3703 727 3789 774 est.

2215 810 2271 862 et
2289 804 2410 863 ideo
2435 804 2629 863 durum
2660 818 2745 863 est
2780 804 2880 863 tibi
2907 806 3170 863 adversus
3197 807 3479 864 stimulum
3508 804 3792 867 calcitrare.

2215 896 2413 959 Docuit
2454 900 2620 973 igitur
2648 902 2737 959 hic
2768 918 2866 959 nos
2910 900 2930 941 ί
2963 902 3179 974 aperire
3210 917 3337 969 cor,
3378 899 3654 959 stimulum
3684 919 3793 976 per-

2215 994 2350 1069 peti,
2376 998 2564 1069 jugum
2614 998 2836 1055 ducere.
2888 997 3086 1053 Doceat
3130 1006 3187 1052 et
3216 992 3354 1061 alius
3386 995 3587 1066 lingua:
3617 996 3796 1053 retina-

2215 1089 2336 1147 cula
2364 1090 2492 1160 pati.
2523 1087 2718 1145 Rarior
2746 1089 2891 1146 enim
2922 1085 3136 1145 tacendi
3185 1082 3363 1143 virtus
3392 1096 3499 1155 est,
3530 1104 3687 1158 quam
3729 1087 3797 1143 lo-

2214 1182 2435 1255 quendi.
2467 1182 2666 1237 Doceat
2696 1181 2856 1253 plane
2914 1180 3041 1247 ille,
3085 1180 3177 1249 qui
3226 1180 3378 1235 velut
3410 1190 3590 1236 mutus
3620 1178 3795 1237 adver.

2215 1287 2307 1327 sus
2334 1268 2517 1327 dolum
2556 1287 2663 1327 non
2690 1271 2906 1342 aperuit
2949 1286 3014 1327 os
3056 1285 3212 1325 suum
3235 1264 3413 1345 (Psal.
3462 1286 3664 1338 xxxvii,
3696 1268 3794 1343 ii),

2214 1376 2435 1438 paratus
2464 1367 2517 1420 in
2541 1362 2777 1438 ﬂagella,
2808 1373 2864 1422 et
2886 1365 3113 1424 verbera
3137 1381 3242 1421 non
3274 1378 3558 1432 recusans,
3590 1374 3649 1420 ut
3665 1373 3794 1420 esset

2214 1459 2300 1530 pia
2330 1459 2504 1513 sessio
2528 1454 2663 1513 Deo.

2286 1556 2374 1611 ii.
2397 1553 2578 1621 (Vers.
2608 1550 2725 1625 '56.)
2747 1550 2906 1608 Disce
2931 1565 2959 1605 a
2979 1547 3281 1607 domestico
3301 1544 3400 1607 Dei
3430 1559 3640 1622 gestare
3658 1547 3797 1606 Chri-

2214 1654 2389 1713 stum;
2422 1646 2678 1718 quoniam
2710 1641 2862 1716 prius
2892 1653 2941 1699 te
2967 1638 3059 1698 ille
3085 1643 3349 1713 gestabat.
3378 1658 3500 1698 cum
3530 1651 3705 1713 pastor
3722 1658 3795 1698 er-

581 1734 635 1790 ‘l.
670 1734 779 1791 Nec
807 1736 941 1792 illud
983 1738 1221 1793 otiosum
1253 1738 1396 1808 quod
1428 1738 1536 1793 duo
1580 1736 1830 1807 discipuli
1863 1732 2107 1808 dirigun-
2140 1726 2189 1790 B
2214 1742 2422 1795 rantem
2459 1732 2744 1793 reduceret
2783 1748 2940 1792 ovem
2974 1730 3125 1806 (Luc.
3158 1749 3266 1800 xv,
3306 1728 3364 1805 6)
3402 1752 3416 1789 :
3449 1731 3598 1789 disce
3627 1732 3794 1789 sedula

508 1834 627 1899 tur,
656 1826 855 1884 Petrus
882 1827 947 1884 ad
980 1826 1316 1893 Cornelium,
1360 1824 1559 1885 Paulus
1606 1825 1672 1882 ad
1702 1826 1944 1898 reliquos
1968 1824 2105 1898 (Act.

442 1995 452 2002 η
508 1939 562 1985 x,
594 1924 685 1987 2'5,
719 1933 767 1978 et
793 1938 906 1988 xm,
930 1923 1003 1992 '5).
1033 1920 1100 1978 Et
1152 1920 1276 1989 ideo
1308 1938 1415 1978 non
1463 1930 1727 1993 personas
1781 1918 2105 1992 designavit,

504 2013 601 2067 sed
635 2026 919 2069 numerum
946 2012 1224 2081 deﬁnivit;
1258 2024 1440 2071 tamen
1465 2016 1510 2070 si
1539 2015 1664 2086 quis
1686 2019 1770 2070 est
1795 2010 1883 2084 qui
1916 2026 2106 2084 perso-

507 2118 605 2160 nas
626 2106 824 2177 exigat,
860 2114 1040 2177 potest
1066 2108 1337 2163 mstim‘are
1361 2108 1429 2164 de
1458 2106 1711 2179 Philippo
1739 2120 1899 2179 quem
1926 2106 2108 2178 Spiri-

507 2207 594 2253 tus
622 2199 768 2253 misit
796 2200 850 2254 in
893 2199 1093 2255 Gazam
1127 2199 1274 2273 (Act.
1307 2216 1419 2265 vnt,
1447 2200 1568 2270 26),
1590 2182 1810 2271 quando
1841 2199 2106 2256 Candacis

504 2291 712 2362 reginae
754 2291 1053 2362 baptizavit
1099 2291 1430 2360 eunuchum,
1457 2301 1514 2349 et
1539 2292 1609 2346 ab
1635 2294 1808 2348 A'zoto
1837 2293 1892 2349 in
1924 2291 2109 2349 Caiasa-

504 2400 651 2440 ream
680 2402 777 2455 per
803 2402 992 2442 omnes
1022 2387 1270 2443 civitates
1290 2388 1519 2443 verbum
1547 2386 1763 2442 Domini
1793 2386 2102 2442 seminavit.

502 2474 614 2534 Nec
636 2478 769 2534 illud
788 2479 1224 2550 praetereundum
1253 2478 1397 2552 quod
1427 2493 1550 2535 mox
1578 2474 1936 2535 remittendos
1956 2493 2099 2535 asse-

501 2576 609 2642 rit;
639 2577 762 2646 quia
790 2575 1056 2646 dirigendi
1082 2576 1350 2647 erantqui
1383 2574 1663 2630 dominum
1687 2570 1875 2629 Jesum
1905 2573 1959 2628 in
1985 2572 2103 2628 lini-

501 2670 602 2726 bus
626 2669 869 2740 gentium
900 2670 1307 2752 praedicarent.

491 2759 494 2762 ’
571 2763 625 2817 8.
656 2762 833 2834 (Vers.
867 2760 987 2834 5i.)
1017 2762 1100 2818 Illi
1123 2779 1254 2833 ergo
1302 2763 1494 2819 directi
1529 2777 1656 2817 cum
1687 2760 1959 2817 solverent
1986 2758 2104 2829 pul-

501 2856 635 2919 lum,
670 2854 926 2925 numquid
975 2856 1090 2911 suis
1128 2857 1309 2911 verbis
1360 2856 1442 2910 usi
1496 2856 1663 2911 sunt?
1690 2853 1910 2908 Minime
1955 2849 2097 2907 :sed

2213 1831 2412 1887 mentis
2435 1837 2539 1885 tua:
2564 1829 2725 1885 dorsa
2748 1822 3126 1891 substernere,
3146 1823 3305 1881 disce
3316 1836 3439 1880 esse
3461 1822 3562 1879 sub
3576 1822 3796 1889 Christo,

2211 1934 2274 1981 ut
2329 1924 2503 1994 possis
2563 1937 2684 1979 esse
2733 1935 2898 1990 supra
2959 1918 3240 1975 mundum.
3316 1918 3435 1974 Non
3494 1918 3797 1989 quicumque

2210 2016 2371 2076 facile
2425 2016 2575 2074 vehit
2620 2014 2921 2089 Chrismm,
2966 2013 3063 2069 sed
3116 2010 3212 2068 ille
3260 2010 3571 2084 quLpotest
3595 2010 3795 2067 dicere:

2212 2108 2523 2165 Incurvatus
2545 2119 2591 2164 et
2617 2106 2920 2162 humiliatus
2949 2119 3064 2159 sum
3089 2103 3241 2158 nimis
3262 2118 3283 2158 :
3308 2100 3577 2175 rugiebam
3599 2118 3634 2157 a
3660 2098 3797 2175 genti-

2210 2213 2263 2258 tu
2291 2202 2464 2257 cordis
2487 2202 2585 2255 mei
2610 2198 2785 2273 (Psal.
2816 2194 3121 2267 xxxvtt,9).
3150 2192 3306 2265 Quod
3334 2196 3381 2251 si
3400 2194 3682 2251 desideras
3706 2206 3796 2249 non

2207 2296 2433 2360 moveri,
2463 2308 2628 2363 super
2652 2291 2750 2347 illa
2781 2291 3102 2346 vestimenta
3129 2297 3448 2347 sanctorum
3476 2287 3683 2347 elutam
3707 2285 3795 2355 llge

2204 2387 2517 2457 vestigium.
2548 2386 2693 2440 Cave
2716 2383 2860 2439 enim
2899 2388 2972 2438 ne
3000 2380 3279 2437 lutulentis
3304 2380 3537 2451 pedibus
3576 2379 3796 2449 incedas,

2206 2492 2338 2537 cave
2384 2484 2413 2526 ts
2460 2488 2530 2535 ne
2558 2474 2886 2533 transversis
2912 2474 3224 2547 gressibus,
3252 2481 3523 2543 perstrata
3562 2468 3659 2528 tibi
3692 2486 3803 2542 pro-

2205 2570 2545 2643 pheticarum
2578 2569 2786 2624 viarum
2821 2567 3015 2622 itinera
3053 2564 3436 2636 derelinquas;
3486 2578 3714 2633 namque
3751 2567 3801 2618 ut

2206 2664 2373 2717 tutior
2401 2661 2649 2719 venturis
2663 2660 2917 2732 gentibus
2945 2666 3092 2714 esset
3115 2660 3377 2728 incessus,
3405 2658 3641 2727 propriis
3662 2654 3797 2710 indu-

2205 2753 2403 2809 mentis
2430 2766 2601 2822 usque
2626 2749 2693 2806 ad
2746 2750 2839 2805 Dei
2870 2750 3131 2819 templum
3161 2749 3250 2820 qui
3299 2748 3569 2817 praeibam
3606 2747 3792 2813 Iesum,

2203 2848 2453 2903 semitam
2494 2846 2817 2902 munierant.
2854 2843 2923 2900 Ut
2950 2852 3007 2898 tu
3036 2842 3155 2898 sine
3184 2841 3483 2897 etlensione
3517 2840 3796 2912 gradiaris,

497 2945 752 3001 dixerunt
776 2947 917 3001 sicut
948 2946 1169 3001 dixerat
1190 2946 1301 3002 illis
1331 2946 1490 3002 Jesus
1515 2964 1529 3012 ;
1561 2955 1618 3001 ut
1639 2959 1909 3015 agnoscas
1954 2940 2101 3014 quod
2129 2932 2175 2997 C
2205 2939 2456 3010 discipuli
2477 2938 2689 2995 Domini
2716 2938 2915 2993 amictu
2938 2951 2998 2993 se
3021 2936 3226 3007 proprii
3250 2936 3498 3007 corporis
3523 2943 3798 3001 exuentes,

498 3055 607 3093 non
655 3027 753 3093 suo
790 3053 1078 3104 sermone,
1131 3038 1226 3094 sed
1278 3038 1371 3092 Dei
1425 3037 1631 3102 verbo;
1687 3051 1789 3091 nec
1837 3033 2098 3107 proprio,

494 3132 593 3188 sed
642 3131 848 3187 Christi
896 3131 1116 3187 nomine
1168 3128 1327 3186 iidem
1373 3131 1587 3201 populis
1629 3129 1879 3185 inludere
1922 3127 2100 3197 genti-

495 3224 669 3292 libus,
721 3234 882 3294 atque
926 3224 1256 3278 adversariae
1286 3230 1586 3294 potestates
1617 3235 1738 3292 qua
1786 3220 1890 3275 sibi
1919 3219 2099 3274 natio-

491 3330 622 3371 num
651 3304 912 3383 obsequia
940 3304 1312 3378 vindicabant,
1348 3313 1607 3368 mandato
1630 3318 1856 3368 'cessere
1883 3310 2096 3366 divino.

562 3407 618 3462 9.
660 3404 842 3475 (Vers.
885 3404 1003 3476 35.)
1037 3400 1191 3463 Unde
1236 3416 1295 3463 et
1321 3406 1558 3477 apostoli
1611 3405 1833 3475 propria
1874 3403 2095 3459 Christo

490 3497 811 3552 vestimenta
865 3497 1254 3564 substernunt,
1315 3494 1488 3553 εἰς·θά
1524 3508 1632 3565 quo
1686 3495 1810 3552 facti
1859 3495 2092 3567 gloriam

487 3592 797 3664 evangelica
846 3591 1235 3663 praedicatione
1285 3590 1615 3662 pra-ferrent
1657 3607 1671 3642 :
1704 3590 1762 3645 in
1789 3588 2092 3660 Scripturis

484 3686 631 3742 enim
679 3684 879 3741 divinis
920 3685 1239 3756 plerumque
1293 3685 1618 3740 vestimenta
1665 3684 1894 3739 virtutes
1941 3690 2086 3749 sunt,

487 3794 611 3850 quae
635 3779 878 3851 gentium
900 3777 1159 3834 duritiam
1183 3778 1237 3834 in
1265 3779 1601 3847 aliquantum
1632 3778 1851 3847 propria
1876 3790 2093 3847 quoque

486 3873 689 3927 virtute
718 3871 1027 3938 mollirent;
1052 3881 1113 3927 ut
1131 3882 1156 3911 ο
1179 3870 1442 3927 inoﬁ'ensa
1472 3879 1712 3927 vecturae
1734 3868 1910 3925 felicis
1933 3869 2093 3925 obse-

481 3964 607 4036 quia
641 3964 849 4021 sedulis
878 3965 1160 4021 ail'ectihus
1186 3964 1536 4021 exhiberem.
1581 3963 1698 4021 Non
1724 3965 1873 4019 enim
1900 3962 2088 4018 mundi

481 4052 769 4112 Dominum
795 4057 997 4112 forensi
1019 4059 1200 4127 specie
1225 4056 1427 4127 gestari
1455 4057 1622 4112 dorso
1648 4056 1818 4111 asina:
1848 4055 2089 4112 delecta-

481 4148 561 4200 vit
593 4162 605 4200 :
636 4147 732 4202 sed
762 4158 820 4203 ut
848 4148 1052 4203 latente
1079 4149 1342 4219 mysterio
1370 4149 1667 4215 penetralia
1697 4159 1901 4205 nostrai
1930 4162 2085 4205 men-

479 4236 549 4289 tis
589 4235 954 4303 insterneret,
1001 4246 1055 4292 et
1094 4238 1148 4291 in
1195 4238 1425 4293 secretis
1465 4239 1772 4293 animorum
1825 4241 2086 4296 interiore

477 4338 741 4382 consessu
798 4328 1061 4399 mysticus
1106 4340 1295 4384 vector
1320 4329 1618 4396 insideret,
1651 4332 1808 4400 quasi
1843 4332 2078 4401 quodam

476 4431 711 4488 corpore
738 4418 1041 4474 divinitatis
1070 4419 1281 4477 infusus
1303 4464 1318 4489 ,
1357 4435 1555 4493 regens
1600 4423 1799 4477 mentis
1826 4422 2077 4491 vestigia,

2203 3033 2343 3091 inter
2370 3032 2596 3089 adversa
2628 3032 2908 3088 turbarum
2940 3032 3082 3085 viam
3116 3030 3211 3085 tibi
3253 3044 3353 3085 suo
3380 3038 3637 3085 stravere
3669 3042 3812 3111 mare

2202 3125 2367 3196 tyrio.
2391 3123 2448 3180 Si
2468 3124 2593 3195 quis
2616 3134 2798 3179 tamen
2821 3122 2895 3178 ita
2915 3122 3036 3177 vult
3052 3122 3325 3190 accipere,
3345 3134 3459 3176 non
3500 3122 3799 3185 renitimur,

2198 3218 2345 3290 quod
2391 3218 2571 3288 pullus
2613 3217 2717 3273 iste
2758 3216 2869 3287 iam
2918 3228 3089 3286 supra
3128 3213 3444 3271 Iudaeorum
3486 3213 3804 3270 vestimenta

2194 3310 2543 3382 graderetur.

2266 3406 2355 3460 12.
2396 3402 2537 3471 Quid
2589 3409 2774 3458 autem
2824 3400 2930 3457 sibi
2982 3399 3158 3457 velint
3202 3412 3481 3454 ramorum
3540 3397 3802 3471 fugatum

2196 3495 2416 3566 (Matth.
2441 3482 2532 3560 2i,
2563 3494 2644 3567 8),
2672 3509 2795 3565 qua:
2816 3495 3004 3566 utique
3038 3492 3409 3549 incedentium
3444 3504 3675 3563 gressus
3708 3492 3802 3547 inu-

2194 3588 2402 3658 plicare
2426 3594 2801 3653 consuerunt;
2836 3585 3145 3642 dubitarem
3177 3583 3457 3655 proiecto,
3490 3584 3599 3640 nisi
3642 3598 3728 3640 me
3754 3583 3803 3638 in

2190 3680 2569 3750 superioribus
2589 3679 2767 3736 bonus
2793 3677 2980 3734 mundi
3012 3679 3179 3734 totius
3204 3677 3489 3734 docuisset
3536 3678 3797 3748 agricola,

2191 3773 2316 3844 quia
2340 3773 2452 3842 jam
2479 3772 2689 3829 securis
2714 3772 2782 3851 ad
2806 3771 3021 3828 radices
3050 3773 3307 3828 arborum
3339 3772 3516 3842 posita
3548 3780 3660 3839 est,
3687 3784 3802 3842 quo

2188 3868 2291 3924 sub
2314 3867 2578 3923 adventus
2608 3866 2823 3922 Domini
2848 3865 3119 3923 Salutat-is
3135 3864 3429 3920 infecunda
3457 3864 3729 3930 succidat,
3748 3871 3801 3920 et

2190 3961 2644 4016 intructttosarnm
2692 3960 2911 4014 inanem
2940 3958 3171 4029 gloriam
3213 3958 3456 4029 gentium
3504 3958 3630 4013 solo
3669 3967 3801 4015 ster-

2190 4063 2303 4118 nat,
2360 4054 2600 4111 ﬁdelium
2652 4052 2883 4124 pedibus
2932 4050 3363 4122 proterendam;
3414 4059 3477 4106 ut
3526 4059 3795 4106 renovata

2189 4147 2386 4203 mentis
2440 4146 2630 4216 Spiritu
2690 4145 2982 4211 nationes,
3045 4144 3195 4199 velut
3243 4144 3586 4199 novellarum
3638 4144 3794 4199 arbo-

2184 4254 2305 4297 rum
2320 4240 2517 4309 stirpes
2540 4239 2610 4295 de
2626 4239 2854 4295 vetustis
2878 4238 3091 4309 possint
3111 4234 3427 4308 germinare
3452 4235 3788 4294 caudicibus.

2228 4336 2231 4339 ’
2260 4335 2348 4390 ιδ.
2378 4333 2456 4389 Ne
2475 4347 2606 4405 ergo
2630 4333 2903 4404 despicias
2932 4336 3080 4389 hanc
3104 4331 3369 4395 asellum;
3394 4345 3527 4387 nam
3568 4334 3712 4388 sicut
3742 4331 3792 4387 ia

2187 4427 2384 4483 vestitu
2413 4426 2598 4481 ovium
2632 4435 2760 4481 sunt
2786 4425 2902 4495 lupi
2932 4436 3179 4496 rapaces,
3206 4425 3280 4479 ita
3304 4433 3501 4480 etmtra
3534 4424 3677 4481 inest
3704 4424 3792 4479 lto-

479 4511 731 4567 lascivias
776 4513 956 4567 carnis
991 4512 1309 4581 infrenans;
1338 4523 1395 4569 ut
1421 4489 1587 4569 ductu
1622 4514 1845 4585 pietatis
1891 4489 2081 4572 assae?
2105 4489 2160 4551 Ῑ)
2188 4534 2277 4575 mo
2306 4519 2492 4575 euntis
2518 4489 2872 4574 absconditus
2897 4489 3011 4573 sub
3033 4489 3218 4588 specie
3244 4514 3465 4575 bestiali
3492 4534 3508 4584 ;
3537 4518 3671 4587 quia
3699 4512 3790 4571 sub

478 4612 589 4659 tum
621 4605 798 4675 populi
820 4606 1041 4677 gentilis
1064 4606 1347 4663 adornaret
1386 4607 1663 4667 eiectum.
1695 4606 1906 4664 Felices
1933 4606 2077 4675 illos,

470 4698 564 4767 qui
585 4698 750 4753 talem
782 4698 1014 4753 internis
1053 4701 1275 4756 renibus
1302 4710 1563 4770 recepere
1587 4707 1861 4757 vectorem
1888 4702 1902 4755 ι
1936 4700 2081 4757 Feli-

472 4804 565 4846 ces
594 4792 753 4861 plane
793 4793 945 4859 illos,
992 4804 1223 4864 quorum
1256 4808 1351 4848 ora
1401 4808 1472 4849 ne
1519 4793 1865 4864 multiloquio
1895 4794 2078 4851 solve-

411 4878 421 4898 '
473 4884 862 4954 reutttr,.verbi
880 4886 1120 4941 celestis
1150 4883 1361 4942 habena
1382 4885 1701 4942 restrinxit!

548 5027 574 5093 ξι
612 5012 743 5093 lies.
775 5032 881 5093 non
912 5018 1213 5093 pauci,_sed
1234 5020 1541 5093 generaliter
1566 5035 1700 5093 unus
1721 5012 1884 5073 Deus.

539 5088 574 5163 lt
611 5090 808 5144 Eadem
852 5088 1011 5163 item.
1047 5091 1180 5146 edit.
1226 5088 1374 5154 sola,
1418 5100 1507 5156 per
1556 5090 1804 5145 unitatem
1842 5096 2062 5144 natura.

472 5159 577 5218 sed
608 5159 1010 5216 universitatem.
1062 5163 1382 5218 Ambrosius
1412 5172 1573 5216 vocat
1619 5164 2065 5216 communitatem

470 5232 618 5288 illam
650 5249 750 5302 qua
787 5236 959 5288 tribus
988 5236 1234 5302 personis
1279 5234 1559 5300 aequaliter
1585 5233 1843 5288 convenit
1872 5240 2063 5287 natura

467 5303 669 5360 divina.
702 5304 844 5359 infra
870 5320 1002 5359 vero
1027 5307 1115 5359 ubi
1142 5317 1251 5360 vet.
1280 5304 1409 5360 edit.
1434 5318 1559 5359 cum
1585 5313 1743 5374 parte
1772 5319 1903 5358 mss.
1934 5303 2064 5370 foris

468 5386 539 5429 est
570 5394 604 5429 ιι
632 5377 715 5430 uia
736 5392 756 5429 :
786 5387 972 5431 nostra
997 5391 1121 5431 cum
1164 5376 1413 5443 reliquis,
1445 5376 1573 5447 foris
1618 5385 1694 5429 est
1735 5375 1792 5429 in
1823 5375 1927 5447 viai
1967 5389 2063 5429 ex—

466 5448 642 5518 ceptis
672 5462 780 5502 uno
815 5448 896 5502 vel
927 5448 1102 5504 altero
1155 5449 1208 5501 ist
1253 5444 1470 5518 quibus;
1502 5480 1519 5501 .
1559 5486 1573 5501 .
1612 5486 1624 5499 .
1654 5446 1710 5500 in
1733 5447 1870 5511 uico;
1894 5444 2055 5502 Boas.

469 5508 849 5590 «itfiuium
877 5520 1119 5586 retinuit,
1146 5508 1392 5590 faris'est.

546 5601 568 5627 ο
610 5589 757 5661 Edit.
784 5589 972 5661 Rom.,
1000 5591 1106 5645 Alii
1150 5589 1557 5661 alligant.Alia
1604 5603 1667 5643 ac
1693 5600 1846 5661 atas.
1870 5602 2063 5661 omnes

468 5659 837 5732 contmodius,
892 5660 1082 5732 Alieni
1110 5656 1357 5732 alligant,
1382 5658 1490 5716 hoc
1545 5668 1651 5727 est,
1685 5674 1794 5732 non
1834 5656 2065 5729 legitimi

469 5723 705 5786 Domini.
746 5723 958 5788 Rursus
985 5728 1084 5789 ead
1099 5745 1176 5789 λιιι
1203 5723 1357 5788 'edit.
1391 5745 1513 5789 cum
1554 5723 1665 5788 vet.
1717 5728 1774 5788 in
1807 5723 1967 5788 textu
2007 5735 2065 5788 et

2180 4611 2395 4667 exitviis
2419 4611 2691 4681 corporis,
2726 4609 2870 4681 quod
2900 4609 3057 4668 nobis
3084 4619 3171 4666 est
3192 4621 3488 4666 commune
3514 4624 3647 4667 eum
3679 4604 3789 4664 bel-

2186 4704 2311 4770 luls,
2350 4716 2510 4760 utens
2553 4702 2669 4758 Deo
2712 4703 2871 4773 plena
2918 4704 3221 4773 vegetatur.
3250 4702 3406 4769 Quod
3450 4702 3523 4757 ad
3564 4702 3791 4773 ﬁguram

2184 4795 2467 4850 hominum
2514 4793 2796 4865 pertinere
2834 4806 3057 4850 sanctus
3098 4795 3339 4851 Joannes
3362 4792 3794 4850 evidentiusdev

2178 4886 2411 4942 claravit
2452 4884 2637 4959 (Jan.
2690 4899 2766 4941 an
2794 4921 2815 4955 ,
2858 4884 2983 4956 15),
3009 4884 3261 4942 addenda
3304 4886 3433 4957 quia
3459 4887 3791 4967 acceperunt

2174 5034 2308 5090 mss.
2348 5014 2578 5090 aliquot,
2597 5018 2728 5088 jura
2776 5016 2916 5072 novit
2943 5033 3052 5073 esse
3076 5034 3096 5083 ;
3117 5016 3247 5074 Glll.
3270 5017 3324 5073 in
3358 5034 3536 5090 marg.
3568 5026 3627 5074 et
3657 5033 3783 5074 mss.

2173 5089 2357 5158 plures
2402 5086 2753 5161 potioresque
2773 5129 2789 5156 ,
2843 5090 2982 5143 dona
3022 5090 3161 5144 novit
3190 5103 3318 5158 esse.
3348 5086 3460 5147 Sed
3484 5086 3786 5161 utrumque

2170 5174 2327 5216 suum
2350 5175 2573 5217 sensum
2601 5159 2803 5215 habere
2825 5167 3036 5228 potest.

2241 5230 2401 5305 dita
2427 5232 2608 5305 cuncti
2643 5246 2778 5287 mss.
2820 5240 2877 5305 et
2907 5230 3039 5285 edit.
3073 5241 3303 5305 excepta
3328 5231 3491 5305 Rom.
3520 5232 3642 5300 ubi,
3686 5244 3781 5300 quo

2169 5304 2296 5429 facit:
2348 5304 2574 5429 glor‘iaas
2623 5304 2937 5375 «angelica
2986 5303 3376 5373 "adiectionis
3424 5303 3738 5376 prclara:
3761 5314 3782 5357 :

2169 5390 2242 5429 nu
2291 5392 2322 5427 o
2352 5390 2448 5429 seu
2486 5391 2542 5429 u.
3108 5388 3129 5405 ο

2168 5388 2322 5429 ιιιιιιιι
2352 5389 2542 5430 8811011.
3108 5388 3129 5405 ⁴

2240 5456 2265 5529 ξ
2296 5446 2429 5529 Mss.
2461 5445 2692 5517 aliquot,
2728 5453 2795 5501 ,ιιι
2854 5443 3113 5513 inclutas
3152 5454 3357 5503 nam
3406 5443 3591 5529 {alica
3639 5444 3779 5500 obsa-

2158 5528 2427 5587 «metu

2682 5587 2825 5654 sola,
2870 5586 3081 5659 aperire
3105 5602 3201 5642 ore
3228 5602 3249 5643 :
3284 5598 3413 5656 qua
3453 5586 3772 5656 conjecta!

2166 5661 2299 5716 satis
2326 5658 2554 5716 arridet.
2911 5658 2916 5659 “

2236 5736 2265 5781 ι
2302 5728 2450 5788 idem
2476 5742 2641 5797 mam,
2669 5745 2735 5787 ne
2760 5728 3150 5787 amant-iis
3171 5728 3453 5800 manibus.
