3920 6314
537 175 674 242 HW

1851 167 2096 228 BANCTI
2133 163 2456 232 AMBROSII

3675 165 3798 231 18M

515 301 709 347 tamen
732 289 890 344 u'uius
913 288 1067 347 verbi
1105 296 1192 347 est
1215 286 1523 358 disciplina.
1553 284 1642 340 ‘Et
1682 282 1804 339 ideo
1849 283 2122 352 ﬂagellum
2148 283 2204 348 Α
2228 280 2532 337 Nabutham
2562 292 2684 336 esse
2712 267 2999 338 credamus
3031 299 3044 338 ι
3074 283 3229 355 cujus
3281 286 3384 341 etsi
3424 283 3629 341 nullum
3657 299 3797 342 accc-

527 382 596 438 dc
621 381 853 437 restibus
880 381 1031 447 fecit;
1057 381 1180 450 quia
1211 378 1384 433 Funes
1409 375 1728 440 ceciderunt,
1755 374 1948 444 inquit,
1988 373 2118 427 mihi

524 474 578 528 in
604 472 868 542 praeclaris
891 488 911 526 :
944 471 1128 526 etenim
1151 469 1427 524 hazreditas
1460 483 1574 522 mea
1603 465 1858 537 praeclara
1885 473 1960 518 est
1995 462 2122 517 mihi

531 561 707 634 (Prol.
735 577 826 626 xv,
859 558 950 631 6);
975 561 1132 616 funes
1161 558 1306 614 enim
1330 557 1605 621 dicuntur,
1637 556 1836 626 quibus
1857 555 2125 625 agrimen-

529 669 684 711 sores
705 663 732 691 ιι
765 652 1145 708 metandorum
1173 651 1374 706 limites
1405 651 1711 722 partiuntur
1745 662 2023 718 agrorum.
2058 646 2126 700 Et

530 747 653 802 ideo
683 747 956 817 tamquam
997 745 1174 801 bonus
1219 744 1558 816 agrimensor
1595 743 1893 814 Synagogaa
1935 739 2125 796 termi-

530 854 631 896 nos
669 838 1037 910 distinguebat
1080 845 1137 894 et
1177 837 1460 902 Ecclesiae,
1493 837 1786 907 sacrilegos
1814 834 1885 891 de
1923 835 2124 903 templo

523 933 750 1002 jubebat
769 933 938 991 exire.
969 932 1152 989 Novus
1171 933 1319 990 enim
1342 941 1568 988 venerat
1604 929 1865 987 feracium
1892 940 2125 984 metator

529 1025 857 1094 animarum,
887 1026 978 1098 qui
1009 1041 1264 1097 agrorum
1308 1040 1533 1096 genera,
1578 1038 1684 1078 non
1733 1022 1905 1094 spatia
1953 1030 2126 1077 meta-

531 1127 702 1176 retur.

597 1211 691 1267 22.
735 1212 965 1268 Pulchre
1003 1220 1182 1269 tamen
1227 1227 1335 1267 non
1383 1210 1620 1268 extentis
1674 1207 1888 1264 funibus
1932 1205 2126 1261 modus

527 1304 724 1375 aliquis
769 1303 1136 1375 possessionis
1179 1302 1497 1368 includitur,
1543 1317 1646 1358 nec
1692 1301 1846 1370 quasi
1889 1298 2126 1354 deﬁnita:

527 1399 606 1454 rei
638 1397 836 1453 limites
865 1397 990 1455 ﬁdei
1012 1398 1396 1465 terminantur,
1429 1396 1524 1452 sed
1554 1395 1768 1467 ﬂagello
1799 1395 1853 1451 in
1894 1393 2127 1449 immen-

528 1502 648 1542 sum
680 1487 852 1543 libero
884 1489 1019 1544 lines
1059 1487 1320 1544 Ecclesiae
1352 1489 1703 1558 porriguntur
1733 1504 1747 1541 :
1775 1486 2126 1542 eliminantur

522 1576 718 1644 Judaei,
748 1593 856 1634 non
887 1579 1207 1650 praescripto
1224 1577 1640 1649 aliquoexsilio,
1669 1577 1767 1632 sed
1794 1577 2120 1643 intermino;

532 1678 592 1724 ut
620 1683 886 1742 nusquam
913 1669 1212 1742 Synagogtc
1240 1669 1393 1724 locus
1420 1669 1473 1724 in
1500 1669 1635 1724 orbe
1664 1682 1992 1725 remaneret.

604 1760 760 1833 (Cap.
791 1761 911 1817 XX.
934 1761 1179 1818 --Vers.
1214 1761 1298 1834 9.)
1348 1762 1559 1818 Vineam
1599 1764 1849 1834 plantavit
1877 1765 2051 1820 homo.

601 1852 694 1908 25.
735 1852 991 1922 Plerique
1015 1854 1196 1908 varias
1237 1854 1664 1925 signiﬁcationes
1699 1855 1771 1911 de
1813 1855 1986 1912 vinea:
2029 1873 2125 1928 ap-

531 1943 828 2014 pellatione
866 1944 1116 2001 derivant
1151 1962 1164 1999 :
1207 1946 1306 2002 sed
1351 1947 1632 2004 evidenter
1679 1947 1868 2006 Esaias
1910 1950 2126 2006 vineam

533 2039 748 2094 Domini
805 2039 1069 2106 Sabaoth,
1137 2039 1358 2096 domum
1411 2039 1580 2098 Israel
1628 2057 1752 2098 esse
1803 2045 2126 2100 memoravit

525 2129 700 2203 (Esai.
730 2147 786 2199 νε,
817 2131 896 2202 7).
928 2131 1078 2187 lianc
1111 2132 1327 2188 vineam
1354 2134 1478 2204 quis
1507 2135 1650 2190 alius
1680 2136 1785 2191 nisi
1828 2137 1970 2192 Dens
1995 2152 2124 2193 con-

529 2220 702 2277 didit?
730 2221 830 2278 Hic
855 2231 942 2277 est
975 2236 1108 2292 ergo
1133 2222 1225 2293 qui
1251 2222 1452 2278 locavit
1478 2238 1617 2294 eam,
1657 2234 1712 2280 et
1741 2241 1970 2296 peregre
2000 2242 2127 2299 pro-

528 2315 705 2374 fectus
747 2324 833 2372 est
863 2333 878 2370 :
908 2331 1017 2372 non
1068 2316 1193 2388 quia
1237 2332 1304 2373 ex
1352 2316 1476 2373 loco
1517 2318 1586 2374 ad
1637 2320 1814 2376 locum
1847 2321 2126 2390 profectus

528 2418 617 2467 est
667 2411 947 2477 Dominus,
980 2404 1078 2481 qui
1113 2411 1314 2483 ubique
1350 2428 1568 2482 semper
1597 2423 1681 2469 est
1709 2434 1723 2471 :
1751 2415 1850 2471 sed
1888 2417 2013 2486 quia
2043 2425 2127 2472 est

530 2489 852 2573 pmsentior
878 2502 1257 2573 diligentibus,
1299 2505 1699 2576 negligentibus
1741 2506 1916 2563 abest.
1945 2507 2125 2564 Multis

529 2603 713 2652 autem
741 2595 1079 2664 temporibus
1113 2595 1316 2662 abfuit;
1366 2613 1436 2653 ne
1476 2613 1821 2669 praepropera
1850 2599 2126 2656 videretur

529 2691 762 2747 exactio.
793 2689 931 2745 Nam
959 2705 1070 2761 quo
1108 2689 1483 2762 indulgentior
1520 2690 1840 2760 liberalitas,
1877 2707 1944 2749 eo
1973 2692 2125 2750 inex-

528 2785 824 2842 cusabilior
841 2785 1167 2856 pervicacia.

598 2874 691 2930 24.
735 2875 889 2932 Unde
910 2876 1050 2934 bene
1082 2878 1382 2935 secundum
1428 2879 1740 2936 Matthaeum
1770 2881 1963 2950 babes,
1998 2884 2124 2955 quia

525 2967 596 3025 Et
623 2986 760 3040 sape
779 2972 1117 3028 circumdedit
1143 2972 1357 3045 (Matth.
1383 2991 1492 3042 κη,
1524 2975 1638 3048 55),
1661 2976 1766 3031 hoc
1795 2987 1898 3042 est,
1930 2977 2126 3032 divina:

527 3062 793 3120 custodias
834 3064 1140 3120 munitione
1186 3065 1436 3132 vallavit;
1484 3081 1552 3122 ne
1599 3067 1758 3127 facile
1799 3069 2122 3137 apiritalium

527 3161 740 3225 pateret
774 3154 1081 3212 incursibus
1123 3157 1442 3213 bestiarum.
1471 3157 1537 3212 Et
1571 3159 1702 3229 fodit
1729 3161 1784 3213 in
1809 3133 1868 3214 ea
1898 3163 2125 3217 torcular
2149 3133 2196 3196 Ο

527 3244 744 3318 (lbid.).
803 3245 1089 3316 Quomodo
1123 3247 1334 3320 1500
1373 3248 1725 3318 intelligimus
1755 3249 1884 3319 quid
1909 3251 1980 3305 sit
2012 3263 2124 3308 tor-

525 3338 703 3405 cular,
729 3339 832 3393 nisi
862 3339 1003 3395 forte
1026 3340 1147 3410 quia
1179 3341 1376 3411 psalmi
1406 3356 1504 3412 pro
1538 3335 1904 3398 torcularibus
1929 3343 2124 3399 inscri-

522 3427 726 3484 buntur
753 3428 924 3499 (Psat.
959 3446 1073 3494 vm.
1117 3447 1259 3486 Lxxx
1291 3441 1337 3486 et
1371 3432 1636 3502 Lxxxln);
1668 3447 1734 3488 eo
1777 3433 1923 3502 quod
1957 3434 2008 3488 in
2039 3434 2123 3492 his

530 3518 798 3590 mysteria
841 3519 1136 3574 Dominiczc
1180 3521 1474 3590 passionis,
1525 3522 1687 3576 modo
1731 3523 1894 3578 musti
1934 3534 2122 3580 sancto

527 3612 779 3672 fervente
808 3613 1014 3684 Spiritu
1049 3615 1437 3686 prephetarum
1482 3615 1872 3672 redundantias
1921 3626 2122 3673 aestua-

529 3705 750 3763 verint?
795 3706 1041 3777 Deniqtte
1080 3707 1219 3764 ebrii
1261 3709 1620 3777 putabantur,
1657 3709 1852 3780 quibus
1888 3709 2122 3780 Spiritus

523 3807 746 3855 Sanctus
770 3797 1068 3855 inundabat
1095 3798 1235 3872 (Act.
1263 3816 1323 3868 ιι,
1357 3801 1471 3872 15).
1492 3801 1636 3872 Ergo
1659 3811 1713 3857 et
1739 3802 1828 3858 hic
1854 3803 1988 3858 fodit
2013 3813 2122 3876 tor-

524 3891 697 3958 cular,
721 3892 774 3946 in
809 3890 954 3961 quod
994 3905 1111 3946 uvae
1140 3890 1480 3947 rationabilis
1512 3890 1721 3949 fructus
1747 3891 1974 3949 interior
2013 3894 2123 3965 spi-

525 3983 670 4040 ritali
702 3983 973 4039 inlusione
1012 3981 1298 4040 deﬂueret.
1333 3981 1640 4053 rEdiﬁcavit
1686 3985 1872 4039 turrim
1900 3984 2116 4056 (Matth.

525 4091 638 4142 xxt,
671 4075 786 4145 55),
821 4075 1082 4129 verticem
1112 4075 1324 4129 scilicet
1349 4074 1508 4144 Legis
1527 4075 1782 4132 attollens
1810 4094 1823 4130 :
1855 4087 2017 4148 atque
2047 4078 2117 4132 ita

526 4165 668 4221 hanc
688 4166 903 4221 vineam
933 4167 1219 4234 munitam,
1255 4166 1603 4236 instructam,
1633 4179 1879 4227 ornatam
1923 4172 2120 4229 locavit

525 4259 750 4317 Iudaeis.
1171 4320 1180 4325 ,

598 4355 691 4412 25.
737 4354 916 4426 (Vers.
969 4354 1085 4427 ‘10.)
1142 4357 1209 4414 Et
1262 4365 1507 4429 tempore
1563 4357 1831 4414 fructuum
1871 4360 2116 4415 servulos

523 4463 655 4506 suos
717 4449 887 4505 misit.
943 4449 1090 4506 Bene
1135 4459 1349 4522 tempus
1403 4451 1670 4507 fructuum
1729 4452 1948 4522 posuit,
2006 4469 2113 4509 non

524 4552 886 4612 proventum;
935 4543 1114 4599 nullus
1144 4517 1287 4599 enim
1319 4542 1529 4600 fructus
1547 4517 1756 4601 exstitit
1779 4517 2113 4615 Judteorum,
2137 4517 2196 4578 D
2221 4545 2296 4599 tio
2325 4544 2398 4599 sit
2449 4561 2462 4598 :

521 4633 707 4691 nullus
727 4635 902 4690 vineas
932 4633 1094 4705 hujus
1126 4644 1438 4706 proventus,
1471 4636 1540 4692 de
1567 4652 1673 4708 qua
1705 4638 1968 4693 Dominus
1994 4639 2068 4692 ait
2099 4653 2114 4691 :

520 4721 829 4795 Exspectavi
857 4733 914 4779 ut
934 4729 1282 4796 faceretuoas,
1314 4729 1438 4799 fecit
1459 4739 1628 4783 autent
1654 4730 1833 4798 spinas
1864 4730 2035 4804 (Esai.
2065 4749 2116 4800 v,

518 4815 598 4888 2).
639 4815 826 4888 Itaque
855 4803 963 4872 non
1013 4816 1217 4874 laetitia:
1259 4819 1406 4885 vino,
1445 4834 1555 4875 non
1602 4803 1881 4890 spirituali
1911 4834 2112 4889 musto,

515 4906 614 4964 sed
639 4916 871 4965 cruento
894 4909 1285 4981 prophetarum
1310 4911 1573 4982 sanguine
1601 4914 1894 4969 toreularia
1917 4915 2116 4972 redun-

515 4997 735 5055 darnnt.
767 5001 1010 5071 Denique
1035 5000 1335 5058 Hieremias
1363 5003 1418 5058 in
1439 5064 1442 5067 λ
1461 5003 1638 5080 lacum
1666 5007 1865 5063 missus
1885 5014 1972 5063 est
1998 5006 2109 5080 (Je-

515 5107 643 5147 rem.
669 5107 891 5159 xxxvm,
913 5091 1003 5164 6);
1035 5092 1153 5148 bmc
1177 5093 1322 5149 enim
1351 5103 1517 5150 erant
1548 5095 1662 5167 jam
1695 5099 1986 5154 toreularia
2012 5099 2108 5154 lu-

515 5182 758 5242 daeorum
811 5200 922 5241 non
957 5185 1086 5241 vino
1129 5187 1338 5256 repleta
1367 5229 1381 5255 ,
1427 5189 1524 5244 sed
1572 5189 1830 5247 borbore.
1871 5192 1941 5247 Et
1983 5193 2108 5249 licet

509 5279 838 5350 generaliter
872 5278 1151 5350 prophetae
1180 5279 1468 5338 videantur
1496 5285 1763 5354 exprimi,
1794 5286 1888 5342 dat
1927 5297 2105 5344 tamen

511 5369 678 5428 lectio
706 5372 796 5444 (III
822 5373 953 5444 Reg.
985 5388 1101 5439 xxt,
1131 5372 1248 5445 15),
1291 5384 1349 5431 ιιι
1379 5375 1530 5431 illum
1565 5379 1656 5448 qui
1682 5378 1958 5449 lapidatus
1995 5393 2101 5453 est,

583 5515 628 5586 ἒ·
649 5505 1223 5586 Edit.,__metiendorun_r
1256 5510 1462 5564 limites.
1507 5509 1576 5565 Et
1611 5511 1771 5577 infra.
1799 5529 1903 5570 non
1932 5517 2103 5586 spatia

509 5578 789 5633 metiretur.
818 5577 971 5644 Mss.,
1003 5582 1451 5638 metandorum....
1492 5591 1787 5638 metaretur.

579 5645 608 5689 ³³
648 5647 805 5704 Rom.
835 5650 969 5705 edit.
1001 5652 1365 5708 maturioribus
1385 5654 1658 5710 sarmentis
1680 5656 1829 5725 quasi
1851 5657 2095 5713 brachiis.

2228 374 2470 444 perimus
2519 374 2903 444 propheticum
2967 375 3218 442 verbum,
3269 378 3579 448 accepimus
3635 385 3798 433 tamen

2226 466 2604 539 prepheticum
2646 467 2879 536 factum;
2911 470 3037 541 quia
3060 470 3264 526 multos
3291 485 3392 541 pro
3423 470 3526 525 hac
3552 469 3706 524 vinea
3731 467 3801 523 lu-

2223 566 2376 613 turos
2404 566 2672 630 martyres
2713 559 2937 631 proprio
2965 560 3230 632 sanguine
3279 559 3643 632 prophetavit.
3687 559 3800 624 Quis

2223 662 2407 707 autem
2446 661 2531 708 est
2563 653 2657 709 ille
2694 643 2790 722 qui
2833 654 2887 709 in
2933 654 3110 726 capite
3152 653 3508 710 vulneratur?
3553 652 3800 708 Nimirum

2225 739 2418 796 Esaias
2445 741 2604 812 cujus
2625 742 2841 798 facilius
2868 745 3248 815 compaginem
3284 743 3532 814 corporis
3554 757 3704 798 serra
3727 743 3800 797 di-

2222 831 2368 900 visit,
2398 848 2558 903 quam
2587 833 2747 889 ﬁdem
2770 834 3074 905 inclinavit,
3101 839 3545 894 constantiamve
3571 836 3799 905 detrivit,

2221 937 2315 995 aut
2341 927 2582 996 vigorem
2613 929 2812 984 mentis
2839 930 3105 985 exsecuit.

2295 1017 2389 1074 26.
2433 1019 2614 1091 (Vers.
2639 1020 2856 1093 11-14.)
2900 1023 2976 1079 Eo
3004 1023 3166 1095 igitur
3207 1021 3406 1078 factum
3448 1030 3550 1088 est,
3597 1031 3654 1078 ut
3689 1037 3798 1078 cum

2226 1109 2407 1179 plures
2437 1111 2574 1167 alios
2617 1112 2970 1180 destinasset,
3011 1129 3149 1184 quos
3191 1113 3368 1169 Juda-i
3415 1112 3709 1168 inhonoros
3756 1122 3803 1167 et

2225 1201 2416 1258 inanes
2442 1202 2568 1270 sibi,
2588 1203 2657 1259 de
2685 1205 2884 1274 quibus
2910 1205 3044 1259 nihil
3073 1211 3372 1275 potuerunt
3410 1204 3698 1274 proﬁcere,
3733 1203 3804 1258 di-

2225 1297 2492 1352 miserunt
2521 1315 2534 1351 :
2560 1300 2858 1355 novissime
2883 1298 3046 1374 etiam
3082 1298 3282 1354 Filium
3322 1297 3659 1369 unigenitum
3693 1297 3805 1352 mit-

2224 1396 2388 1455 teret,
2413 1406 2576 1461 quem
2623 1391 2836 1462 perﬁdi,
2873 1390 3032 1462 quasi
3077 1391 3352 1447 literedem
3384 1406 3670 1448 removere
3715 1405 3802 1446 cu-

2224 1481 2459 1550 pientes,
2491 1482 3214 1554 occideruntcruciﬁgcndo,
3236 1483 3520 1554 ejecerunt
3551 1483 3799 1554 negando.

2294 1574 2386 1628 27.
2427 1574 2674 1632 Breviter
2729 1575 2915 1647 itaque
2965 1593 3126 1646 quam
3173 1593 3390 1648 magna,
3424 1593 3589 1649 quam
3629 1576 3801 1633 multa.

2225 1665 2464 1721 Primum
2491 1669 2618 1738 quia
2660 1668 2924 1723 naturalis
2972 1681 3054 1724 est
3090 1669 3310 1723 bonitas
3340 1683 3462 1739 quae
3504 1670 3805 1740 plerumque

2149 1765 2201 1827 B
2227 1758 2403 1814 credit
2428 1759 2663 1830 indignis
2709 1777 2724 1814 :
2765 1759 2963 1820 deinde
3008 1761 3136 1832 quia
3176 1770 3515 1830 postremum
3561 1762 3804 1816 malorum

2229 1851 2532 1906 remedium
2559 1851 2810 1908 Christus
2833 1853 3058 1908 advenit
3091 1872 3103 1906 :
3138 1863 3250 1907 tum
3297 1855 3562 1924 quoniam
3591 1853 3679 1924 qui
3716 1856 3807 1908 ba:-

2226 1944 2412 1999 redem
2473 1955 2655 2016 negat,
2713 1946 2784 2001 de
2828 1958 3052 2002 auctore
3077 1946 3356 2018 desperat.
3405 1947 3600 2003 Haeres
3645 1956 3804 2003 autem

2223 2033 2492 2104 Christus,
2515 2037 2768 2108 idemque
2795 2047 3023 2094 teStator
3051 2048 3107 2095 et
3130 2039 3334 2107 haeres;
3361 2041 3488 2112 quia
3518 2039 3678 2096 morti
3698 2055 3806 2111 pro-

2227 2129 2360 2200 pria:
2397 2129 2716 2201 supervivit,
2749 2143 2803 2185 et
2832 2131 3306 2188 Testamentorum
3334 2149 3457 2204 qua:
3487 2132 3610 2204 ipse
3637 2133 3804 2188 condi-

2225 2221 2383 2290 didit,
2439 2232 2711 2293 tamquam
2745 2222 3090 2280 baereditaria
3135 2226 3190 2282 in
3236 2226 3442 2282 nostris
3489 2225 3808 2298 profectibus

2225 2316 2596 2371 emolumenta
2632 2318 3004 2386 consequitur.
3657 2323 3662 2326 ’

2297 2408 2390 2463 28.
2437 2407 2619 2479 (Vers.
2656 2407 2770 2481 15.)
2817 2409 3051 2466 Pulchre
3076 2426 3208 2479 ergo
3255 2411 3582 2484 interrogat,
3628 2419 3685 2467 ut
3725 2425 3809 2467 sua

2226 2513 2286 2554 se
2315 2500 2417 2569 ipsi
2458 2500 2718 2556 damnent
2747 2500 3038 2556 sententia.
3073 2499 3378 2558 Venturum
3426 2512 3607 2558 autem
3644 2503 3812 2558 Domi-

2227 2608 2358 2647 num
2386 2593 2518 2648 dicit
2544 2596 2738 2659 vineae,
2767 2593 2913 2664 quod
2960 2593 3016 2650 in
3056 2593 3196 2649 Filio
3228 2595 3374 2650 adsit
3402 2597 3572 2652 etiam
3603 2604 3810 2666 paterna

2226 2684 2506 2754 majestas,
2553 2685 2642 2740 vel
2687 2685 2832 2755 quod
2876 2684 3082 2740 ultimis
3126 2687 3466 2757 temporibus
3505 2688 3809 2758 prasentior

2226 2777 2478 2832 humanis
2507 2777 3037 2848 aspiretaﬁ'ectibus.
3065 2778 3174 2848 Ipsi
3202 2779 3384 2850 itaque
3420 2779 3479 2833 in
3521 2794 3583 2834 sc
3611 2788 3811 2836 sentcn-

2229 2871 2358 2926 tiam
2385 2872 2592 2940 dicunt,
2621 2880 2683 2926 ut
2709 2871 2837 2926 mali
2869 2881 3116 2941 pereant,
3148 2880 3206 2927 et
3228 2871 3297 2926 ad
3323 2872 3463 2928 alios
3491 2873 3714 2929 colonos
3745 2873 3812 2928 vi-

2227 2978 2328 3019 nea
2381 2965 2760 3020 transferatur.
2793 2963 2898 3030 Qui
2933 2963 3097 3035 igitur
3125 2964 3234 3020 sint
3261 2964 3465 3035 coloni,
3496 2983 3621 3037 qua:
3649 2966 3809 3032 vinea,

2227 3058 2657 3114 consideremus.

2299 3149 2391 3206 29.
2431 3149 2603 3206 Vinea
2631 3160 2786 3221 typus
2815 3161 3001 3207 noster
3027 3160 3134 3219 est,
3166 3150 3310 3222 quod
3342 3151 3585 3221 populus
3631 3151 3719 3207 Dei
3742 3151 3811 3206 vi-

2227 3247 2296 3299 tis
2327 3252 2544 3298 mterna:
2588 3244 2770 3299 radice
2807 3243 3084 3310 fundatus,
3132 3246 3511 3314 supereminet
3535 3245 3711 3311 terris,
3757 3257 3811 3298 ac

2225 3335 2400 3391 solum
2426 3335 2532 3391 vile
2551 3345 2885 3406 praetexens,
2906 3353 3050 3392 nunc
3077 3339 3369 3408 gemmanti
3393 3337 3535 3394 ﬂore
3561 3335 3808 3410 pitbescit,

2225 3445 2369 3486 nunc
2393 3429 2719 3486 circumfusa
2745 3429 3021 3486 viriditate
3040 3431 3290 3497 veStitur,
3317 3446 3461 3486 nunc
3485 3433 3620 3487 inite
3638 3431 3811 3502 jugum

2225 3521 2474 3592 suscipit,
2503 3537 2625 3578 cum
2652 3522 2680 3562 ι’
2712 3524 3098 3579 maturioribus
3129 3523 3369 3579 brachiis
3393 3524 3557 3595 quasi
3582 3538 3811 3581 sarmen-

2224 3617 2294 3673 tis
2319 3617 2574 3673 secundtc
2611 3617 2738 3672 vitis
2766 3617 3092 3675 adoleverit.
3126 3617 3376 3690 Agricola
3415 3620 3623 3690 quippe
3650 3617 3810 3673 omni-

2225 3719 2421 3779 potens
2444 3718 2622 3779 pater,
2643 3710 2774 3764 vitis
2821 3721 2906 3766 est
2925 3709 3174 3766 Christus
3201 3710 3382 3780 (Joan.
3404 3725 3499 3778 xv,
3527 3711 3549 3765 1
3579 3721 3624 3764 et
3647 3707 3772 3779 seq.)
3795 3724 3805 3761 :

2223 3815 2280 3855 at
2306 3817 2435 3857 vero
2481 3817 2582 3857 nos
2628 3801 2900 3872 palmites,
2940 3803 3031 3873 qui
3061 3800 3165 3856 nisi
3206 3801 3440 3856 fructum
3481 3800 3718 3859 feramus
3761 3803 3806 3856 in

2223 3893 2463 3959 Christo,
2495 3893 2723 3949 cultoris
2755 3895 2943 3949 aztcrni
2971 3894 3110 3949 falce
3134 3894 3488 3950 succidiinur.
3522 3895 3690 3951 Recte
3719 3893 3808 3964 igi-

2225 3992 2310 4038 tur
2339 3982 2496 4039 vinea
2523 3983 2727 4039 Christi
2771 3983 3005 4054 populus
3036 3986 3370 4050 nominatur,
3413 3987 3499 4042 vel
3520 3986 3672 4057 "quod
3697 4000 3804 4039 cru-

2222 4077 2302 4132 cis
2323 4080 2377 4134 in
2405 4076 2587 4133 fronte
2627 4061 2962 4148 prmtexatur
2994 4077 3276 4147 indicium,
3313 4077 3528 4152 1501
3559 4078 3646 4133 vel
3673 4074 3803 4148 quod

2221 4169 2433 4224 fructus
2453 4169 2570 4240 ejus
2605 4178 2877 4240 postrema
2907 4171 3036 4225 anni
3067 4171 3278 4242 legatur
3310 4179 3498 4238 aetate,
3548 4173 3632 4227 vel
3672 4166 3801 4240 quod

2221 4262 2474 4318 omnibus
2495 4273 2555 4318 ut
2584 4263 2866 4319 ordinibus
2889 4264 3194 4332 vinearum,
3217 4266 3288 4322 ita
3300 4266 3635 4336 pauperibus
3657 4274 3801 4334 atque

2219 4355 2500 4425 divitibus,
2529 4357 2825 4414 humilibus
2852 4365 3015 4428 atque
3037 4357 3373 4429 potentibus,
3403 4357 3589 4414 servis
3609 4360 3680 4410 'ac
3716 4354 3799 4409 do—

2221 4449 2381 4504 minis
2409 4449 2464 4504 in
2490 4448 2734 4505 Ecclesia
2764 4449 2862 4504 Dei
2903 4463 3057 4520 aequa
3083 4449 3368 4516 dimensio,
3399 4447 3554 4504 nulla
3604 4445 3797 4501 discre-

2513 4553 2571 4600 ut
2624 4543 2751 4599 vitis
2785 4543 3072 4599 maritatur
3121 4543 3438 4606 arboribus;
3492 4543 3569 4596 ita
3613 4552 3794 4608 corpus

2217 4636 2436 4704 animae,
2465 4636 2645 4691 anima
2673 4650 2890 4706 quoque
2923 4636 3140 4706 corpori
3168 4638 3491 4705 conjugatur
3523 4651 3539 4688 :
3573 4641 3632 4688 ut
3656 4631 3796 4686 vinea

2217 4729 2344 4784 dum
2372 4729 2612 4800 jugatur,
2643 4729 2896 4800 erigitur;
2942 4736 2998 4783 et
3031 4728 3206 4784 recisa
3247 4741 3357 4782 non
3397 4724 3681 4789 minuitur,
3710 4717 3796 4774 sed

2213 4828 2443 4892 augetur
2474 4837 2489 4874 :
2520 4820 2593 4874 ita
2634 4828 2823 4875 sancta
2866 4819 3020 4889 plebs
3057 4818 3186 4874 dum
3227 4818 3446 4888 ligatur,
3477 4827 3502 4856 ο
3532 4813 3742 4871 exuitur
3780 4825 3792 4862 :

2216 4913 2343 4968 dum
2377 4913 2710 4978 bumiliatur,
2746 4912 3052 4968 attollitur:
3083 4912 3208 4967 dum
3249 4911 3531 4976 reciditur,
3573 4918 3795 4964 corona-

2215 5017 2320 5061 tur.
2353 5005 2661 5074 Quiuetiam
2687 5015 2746 5061 ut
2775 5015 2928 5061 tener
2948 5006 3200 5062 surculus
3226 5005 3400 5062 veteri
3432 5007 3707 5064 abscissus
3734 5019 3793 5060 ex

2214 5101 2433 5167 arbore,
2474 5101 2530 5154 in
2559 5098 2928 5156 alterius'fetu
2958 5099 3160 5155 radicis
3203 5098 3464 5156 inseritur
3492 5115 3509 5156 :
3533 5100 3607 5155 ita
3637 5111 3794 5168 pepu-

2213 5193 2298 5248 lus
2327 5191 2414 5248 hic
2443 5199 2663 5248 sanctus
2683 5191 2886 5248 surculi
2914 5193 3119 5248 veteris
3155 5191 3499 5248 cicatricibus
3535 5189 3787 5252 enodatis,

2212 5283 2267 5339 in
2312 5285 2410 5339 illo
2453 5284 2632 5339 crucis
2661 5283 2809 5354 ligno
2856 5293 3130 5355 tamquam
3169 5284 3377 5355 gremio
3414 5284 3519 5354 piae
3565 5280 3788 5355 parentis

2212 5378 2355 5432 fotus
2382 5375 2634 5432 inolescit
2667 5393 2681 5430 :
2711 5372 2739 5413 (ί
2767 5375 3112 5448 Spiritusque
3140 5384 3360 5433 sanctus
3386 5376 3527 5432 sicut
3573 5375 3629 5430 iu
3666 5372 3787 5427 altas

2284 5527 2305 5555 ο
2337 5513 2564 5568 Eruitur
2584 5553 2600 5580 ,
2627 5509 2822 5582 supple
2871 5510 3091 5564 vinculis
3111 5551 3126 5576 ,
3158 5519 3218 5566 ut
3248 5509 3302 5565 in
3347 5509 3454 5566 ﬁne
3497 5522 3622 5579 seq.
3648 5518 3781 5562 num.

2208 5587 2547 5653 exprimitur.

2277 5652 2305 5696 t1
2326 5657 2483 5713 Itoni.
2519 5656 2674 5721 edin,
2707 5653 3040 5726 Spiritusque
3062 5663 3270 5709 sanctus
3291 5652 3347 5708 in
3381 5653 3475 5724 hoc
3503 5656 3782 5709 carcerem
