3920 6308
135 305 259 361 i801
1069 315 1432 376 EXI’OSITIO
1473 321 1727 381 EVANG.
1771 323 1916 381 SEC.
1962 325 2114 384 LUC.
2155 329 2284 386 LIB.
2328 333 2420 390 IX.
3248 353 3415 412 1802

119 416 386 488 demissus
427 428 691 477 terrarum
736 426 980 494 scrobes,
1026 430 1099 484 ita
1151 431 1203 486 in
1251 432 1353 488 hoc
1396 449 1710 492 carcereum
1741 445 1788 506 Α
1819 449 1973 496 catus
2000 442 2314 514 religiosum
2341 446 2648 504 vendiderit
2676 450 2957 520 aﬂectum;
2991 456 3088 514 sed
3119 461 3298 518 studio
3330 479 3416 522 re—

128 525 311 615 coran
343 511 576 615 infusus,
617 531 774 586 aqua:
815 519 1309 615 salutarisirriguo
1355 525 1512 584 diluit
1553 530 1712 601 quid-
1815 531 1898 602 gis
1940 511 2212 591 obsistens
2242 535 2346 607 (111
2374 538 2502 612 Reg.
2536 557 2662 608 rm,
2693 543 2800 615 5),
2833 562 2901 602 ne
2940 511 3416 612 έηιέοᾷιιῖιῖζεζιῖε

127 601 245 707 quid
273 611 358 658 est
403 602 651 676 fetidum,
694 610 1177 685 membrorumque
1212 627 1526 676 nostrorum
1558 621 1712 679 habi-
1814 601 2112 683 malvarum
2130 601 2281 697 olus,
2303 601 2511 690 succisa
2537 601 2675 700 vite,
2699 601 3006 708 sereretur,
3030 646 3249 714 quando
3268 649 3412 706 aliud

127 694 280 810 tus’i‘n
304 698 586 810 .c'tnlestem
621 702 782 810 erigit
806 703 1168 777 disciplinam.
1404 729 1405 734 π
1772 754 1776 756 ~
1813 718 1994 777 facere
2010 723 2287 795 nequibat,
2302 736 2487 797 parata
2501 729 2699 787 vitibus
2716 731 2966 791 incendia
2987 694 3413 810 prjopriocruore

191 787 277 844 30.
303 788 453 890 Hanc
474 790 685 848 vineam
707 794 942 890 diligens
959 800 1198 890 agricola
1218 801 1427 875 fodere,
1452 815 1479 844 ⁸
1493 805 1709 879 jugare,
1751 807 1758 812 ’
1812 787 2162 882 restinxerit;
2192 787 2547 889 temporalem
2586 832 2763 880 tamen
2804 787 3015 883 vineam
3038 787 3409 890 defendebat:

124 882 443 995 contendere
478 885 763 942 consuevit
791 904 806 941 :
839 888 1252 965 eruderatisque
1285 905 1518 954 terrena:
1550 899 1711 955 molis
1812 912 1867 960 te
1895 921 2024 962 vero
2039 907 2093 963 in
2106 882 2426 979 perpetuum
2450 912 2744 979 multorum
2769 916 3235 994 nobismartyrum
3259 924 3413 995 plan-

123 974 414 1047 aggeribus,
440 987 629 1048 operta
658 982 908 1053 corporis
938 984 1110 1040 nostri
1137 1001 1283 1044 nunc
1313 989 1429 1045 sole
1454 998 1670 1050 torrere
1691 1034 1705 1060 ,
1811 999 1944 1053 tavit
1963 997 2218 1056 interitus
2244 1019 2256 1056 :
2284 1013 2336 1058 te
2355 1018 2491 1060 crux
2512 1007 2882 1076 apostolorum
2900 974 3102 1070 simul;
3117 974 3412 1075 Dominica:

124 1083 254 1125 nunc
280 1068 456 1126 imbre
483 1071 808 1142 perfundere
829 1115 845 1141 ,
869 1075 1102 1147 stirpare
1122 1093 1312 1151 agrum
1335 1082 1562 1150 solitus;
1589 1099 1657 1141 ne
1677 1100 1707 1140 a
1810 1088 2083 1158 passionis
2111 1106 2284 1162 usque
2318 1093 2371 1148 in
2401 1068 2562 1168 orbis
2586 1097 2753 1155 totius
2785 1068 3056 1161 terminos
3075 1068 3412 1180 propagavit.

124 1161 354 1220 sentibus
387 1179 602 1235 gemma
643 1166 909 1236 laedatur,
940 1185 1008 1227 ne
1037 1171 1274 1229 luxuriet
1313 1175 1504 1231 umbra
1551 1177 1709 1233 folio-
1887 1182 1904 1250 (
1922 1179 2078 1235 Vers.
2101 1161 2235 1253 ει.)
2263 1180 2426 1258 Cujus
2447 1162 2596 1241 habet
2619 1188 2892 1262 imaginem
2915 1203 2962 1246 et
2979 1161 3416 1266 inscripiionem?

121 1271 264 1322 rum,
303 1257 703 1332 verborumque
741 1261 1078 1321 infructuosa
1113 1266 1373 1337 jactantia
1415 1268 1708 1328 virtutibus
1881 1272 1969 1329 34.
2014 1273 2185 1330 Docet
2215 1275 2318 1331 hoc
2343 1278 2465 1334 loco
2495 1257 2755 1338 Dominus
2782 1257 3206 1359 circumspectos
3233 1308 3334 1348 nos
3358 1295 3408 1348 in

123 1348 508 1415 obumbrando.
536 1355 904 1412 maturitatem
925 1357 1121 1414 indolis
1141 1361 1402 1416 naturalis
1424 1362 1701 1432 impediat.
1807 1367 2188 1438 respondendo
2215 1369 2475 1428 adversus
2503 1374 2792 1433 haereticos
2816 1379 2900 1435 vel
2927 1348 3146 1438 Judacos
3167 1399 3290 1440 esse
3311 1385 3410 1442 de-

122 1443 215 1498 Sed
232 1443 368 1498 absit
391 1452 454 1500 ut
477 1444 602 1502 huic
626 1448 803 1504 vinea:
825 1450 1117 1522 quidquam
1147 1453 1436 1510 timeamus
1462 1455 1703 1523 adversi,
1806 1459 1956 1514 bere.
1983 1459 2126 1516 Alibi
2153 1460 2289 1516 dixit
2317 1480 2331 1514 :
2356 1461 2534 1520 Estote
2551 1468 2711 1521 astuti
2736 1469 2868 1523 sicut
2892 1482 3154 1541 serpentes
3182 1473 3408 1547 (Matth.

121 1556 259 1611 quam
279 1543 502 1615 pervigil
519 1553 704 1602 custos
716 1546 932 1603 Domini
951 1547 1218 1606 Salutaris
1235 1550 1500 1608 adversus
1516 1567 1706 1609 omnes
1805 1566 1839 1604 ι
1863 1592 1878 1616 ,
1904 1551 1972 1606 16
1989 1549 2032 1624 ).
2057 1552 2229 1620 Quem
2259 1552 2439 1610 locum
2467 1557 2712 1629 plerique
2732 1561 3035 1632 accipiunt,
3069 1573 3129 1620 ut
3149 1543 3271 1636 quia
3294 1583 3411 1624 sero

119 1635 354 1706 nequitia:
371 1637 654 1694 saecularis
676 1638 966 1698 illecebras
987 1659 1142 1699 muro
1167 1644 1292 1699 vita:
1306 1645 1527 1700 vallavit
1547 1654 1704 1702 arter-
1807 1650 1970 1713 petite
1990 1658 2255 1716 suspenso
2272 1689 2286 1713 ,
2311 1645 2512 1704 Christi
2539 1666 2670 1706 crux
2690 1655 3002 1714 annuutiata
3035 1667 3148 1725 est,
3167 1635 3280 1729 quo
3299 1675 3417 1717 ser-

119 1742 222 1795 mo,
252 1737 305 1783 et
332 1729 581 1786 extendit
612 1732 864 1802 palmites
889 1734 1006 1806 ejus
1035 1752 1209 1808 usque
1235 1738 1300 1793 ad
1331 1754 1481 1795 mare
1508 1737 1696 1811 (Psal.
1804 1736 2084 1804 pcutinum
2109 1739 2369 1808 nequitia:
2398 1741 2658 1811 spiritalis
2687 1745 2837 1801 virus
2865 1743 2890 1782 ἀ
2919 1747 3196 1815 aboleret,
3224 1750 3411 1808 videa-

119 1839 258 1879 uxrx
285 1865 299 1891 ,
334 1823 441 1896 12)
474 1841 490 1880 :
530 1824 736 1881 Domini
766 1827 911 1883 enim
937 1839 1010 1884 est
1035 1840 1171 1885 terra
1197 1831 1215 1902 (
1231 1831 1379 1887 Ρδαι,
1411 1850 1579 1902 χχιιι,
1610 1836 1694 1908 1),
1731 1841 1779 1902 Β
1806 1837 1892 1882 tur
1917 1839 2128 1886 aStutus
2159 1831 2230 1886 ita
2255 1847 2377 1889 esse
2397 1833 2596 1890 debere
2619 1832 2760 1891 sicut
2778 1835 3058 1907 Christus,
3078 1842 3310 1913 simplex
3331 1845 3408 1900 si-

117 1911 304 1985 Ubique
327 1915 471 1972 Deus
494 1915 660 1972 Pater
688 1917 908 1988 colitur,
938 1920 1137 1992 ubique
1163 1921 1414 1980 Christus
1438 1925 1699 1982 Dominus
1801 1931 1892 1977 cut
1934 1922 2188 1995 Spiritus.
2242 1935 2265 1963 °
2311 1927 2392 1983 En
2440 1929 2536 1984 tibi
2580 1941 2891 2001 serpentem
2925 1934 3078 1990 illum
3121 1911 3211 2008 qui
3251 1949 3412 2010 caput

116 2008 372 2064 adorat-ar.
1800 2029 2018 2087 semper
2051 2018 2350 2086 custodiat,
2384 2019 2582 2076 lethale
2610 2023 2812 2079 vulnus
2845 2026 3116 2081 excludat.
3157 2008 3405 2085 Interro-

173 2102 254 2158 3t.
297 2103 419 2157 llaec
444 2111 535 2158 est
556 2112 741 2159 nostra
764 2104 1058 2161 vindemia.
1084 2106 1217 2162 Laeti
1242 2107 1405 2178 igitur
1427 2116 1589 2180 atque
1611 2123 1699 2166 se-
1799 2119 1953 2181 gatus
1976 2127 2006 2166 a
2029 2111 2233 2170 Judaris
2263 2125 2440 2170 utrum
2465 2115 2534 2171 de
2559 2117 2701 2173 ctelo
2726 2118 3030 2190 accepisset
3056 2130 3408 2192 potestatem,

113 2195 244 2262 curi,
290 2210 413 2266 pars
453 2197 726 2269 gremium
765 2212 922 2254 suum
958 2199 1168 2255 mitium
1213 2199 1469 2258 funiculis
1508 2213 1698 2260 oneret
1798 2204 2084 2274 reSpondit
2117 2222 2130 2259 :
2163 2205 2466 2276 Baptismus
2495 2206 2720 2264 Joannis
2748 2210 2887 2264 unde
2914 2222 3030 2266 est:
3064 2213 3127 2267 de
3147 2215 3308 2282 caelo,
3339 2232 3409 2271 an

113 2304 314 2345 uvarum
333 2332 349 2357 ,
376 2290 470 2346 alii
502 2291 750 2348 cmlestia
778 2307 1004 2348 munera
1031 2309 1129 2350 ore
1158 2293 1420 2363 libemus,
1451 2296 1697 2368 plerique
1799 2313 1863 2351 ea:
1888 2296 2178 2353 hominibus
2203 2299 2357 2370 (Luc.
2384 2317 2480 2369 xx,
2511 2299 2604 2373 4)?
2623 2312 2680 2357 ut
2705 2302 2836 2358 dum
2867 2302 3002 2359 illud
3034 2305 3100 2360 de
3127 2307 3266 2363 caelo
3287 2321 3409 2363 esse

113 2381 350 2438 bonarum
372 2383 657 2455 gressibus
683 2385 1022 2440 voluntatum
1045 2385 1213 2442 divini
1242 2387 1475 2444 fructum
1505 2405 1698 2447 mune-
1798 2404 2000 2461 negare
2029 2407 2134 2446 non
2159 2391 2461 2460 auderent,
2492 2393 2639 2465 ipsos
2664 2395 2918 2450 amentia:
2943 2396 3286 2463 confutaret,
3314 2401 3406 2469 qui

113 2474 176 2528 ris
206 2475 604 2545 exprimentes,
653 2476 879 2548 vestigia
919 2477 1205 2534 cothurnis
1248 2480 1390 2534 nuda
1431 2480 1689 2553 direptis,
1797 2481 1916 2552 eius
1944 2489 2224 2538 auctorem
2256 2493 2518 2552 negarent
2544 2501 2668 2540 esse
2691 2485 2760 2542 de
2786 2487 2949 2543 caelo.
2981 2488 3292 2544 Postulatus
3317 2491 3403 2545 tli-

113 2581 267 2626 musto
295 2569 498 2628 ﬂuente
529 2571 828 2644 tingamus;
865 2574 1017 2630 locus
1049 2574 1193 2630 enim
1225 2576 1277 2631 in
1307 2593 1416 2648 quo
1447 2588 1652 2635 stamus
1675 2621 1690 2648 ,
1797 2572 2056 2628 drachma
2098 2575 2294 2643 quaarit
2323 2574 2392 2630 de
2423 2575 2691 2644 imagine;
2735 2577 2841 2630 alia
2880 2579 3023 2631 enim
3063 2579 3239 2650 imago
3269 2580 3403 2648 Dei,

113 2670 235 2716 terra
263 2672 566 2720 sanctaest
585 2706 599 2734 ,
635 2675 691 2721 et
721 2666 844 2722 ideo
872 2667 1242 2724 calceamenta
1272 2671 1535 2726 solvenda
1566 2681 1694 2728 sunt
1795 2665 1898 2720 alia
1925 2667 2100 2736 imago
2125 2667 2308 2722 mundi
2333 2665 2354 2738 (
2376 2665 2567 2721 Μαιιίι·
2600 2683 2706 2721 XV"
2728 2708 2741 2733 ν
2764 2667 2836 2722 25
2856 2667 2895 2737 )·
2924 2667 3078 2724 Unde
3107 2681 3164 2726 ει
3189 2671 3280 2728 ille
3302 2687 3400 2728 "05

113 2755 294 2827 (Exod,
321 2774 408 2825 ιιι,
427 2757 503 2830 5)
527 2799 544 2824 ,
566 2766 624 2813 ut
644 2759 892 2829 spiritale
909 2761 1195 2833 vestigium
1218 2774 1584 2822 sacrosanctae
1604 2781 1694 2824 se-
1794 2758 2051 2815 admonet
2077 2775 2090 2812 :
2127 2759 2276 2815 Sicut
2307 2761 2628 2831 portavimus
2666 2761 2944 2832 imaginem
2990 2765 3180 2818 terreni
3221 2764 3368 2820 illius
3385 2808 3398 2831 ,

110 2847 179 2903 dis
201 2850 423 2906 tribunal
445 2851 780 2920 ascendens,
803 2853 1055 2924 corporei
1078 2870 1254 2911 nexus
1275 2855 1506 2914 vinculis
1526 2874 1693 2915 exua-
1792 2864 2054 2922 portemus
2081 2862 2129 2906 et
2156 2852 2435 2926 imaginem
2462 2855 2617 2925 hujus
2644 2853 2862 2909 caelestis
2889 2853 2950 2926 (Ι
2975 2856 3095 2910 Cor.
3124 2871 3199 2910 XV
3217 2897 3232 2922 ι
3263 2857 3334 2912 49
3355 2858 3396 2928 )-

112 2949 210 3009 tur;
234 2942 384 3000 decet
407 2945 559 3000 enim
596 2947 762 3000 totius
788 2945 938 3001 orbis
967 2945 1055 3002 hic
1071 2960 1194 3002 esse
1215 2947 1572 3018 vindemiam,
1599 2950 1689 3006 ubi
1865 2946 1954 3004 35.
1998 2946 2292 3017 Imaginem
2328 2946 2564 3002 Caesaris
2608 2961 2715 3001 non
2759 2947 2925 3002 habet
2952 2946 3232 3015 Christus.
3273 2952 3397 3022 quia

109 3035 255 3090 totius
282 3036 424 3092 orbis
451 3031 750 3092 est‘vinea.
1792 3041 1971 3113 imago
2001 3049 2087 3096 est
2107 3041 2226 3096 Dei.
2258 3040 2553 3112 Imaginem
2584 3039 2815 3096 Cmsaris
2847 3055 2953 3096 non
2985 3041 3395 3110 habet-Petrus,

110 3127 142 3164 "
173 3126 251 3182 52.
293 3127 430 3185 Ecce
460 3137 683 3199 tempus
698 3129 1066 3202 acceptabile,
1092 3146 1199 3202 quo
1221 3148 1328 3188 non
1361 3131 1689 3190 hiemalibus
1790 3137 1914 3207 quia
1930 3135 2100 3191 dixit:
2124 3134 2446 3204 Reliquimus
2461 3135 2658 3201 omnia,
2678 3145 2728 3189 et
2748 3137 2909 3190 secuti
2921 3151 3100 3191 sumus
3116 3136 3392 3211 te(Matt/t.

111 3220 321 3287 perﬁdia:
363 3221 654 3293 caligantis
693 3222 905 3290 pruinis
934 3239 1107 3280 annus
1148 3225 1325 3297 riget,
1357 3225 1386 3266 ιι
1416 3241 1519 3282 nec
1562 3227 1686 3285 altis
1715 3230 1760 3294 C
1793 3246 1924 3298 xu,
1957 3228 2088 3300 ΞΠ).
2129 3229 2311 3298 Imago
2358 3228 2591 3284 Caesaris
2631 3245 2736 3284 non
2789 3229 3059 3299 reperitur
3099 3231 3152 3285 in
3189 3231 3397 3288 Jacobo

72 3345 78 3352 -
113 3312 310 3371 nubibus
339 3315 594 3371 informis
624 3323 807 3371 crusta
843 3317 1194 3387 blasphemiae
1217 3359 1234 3387 ,
1264 3319 1388 3389 gelu
1417 3320 1684 3389 durante,
1793 3323 1883 3380 vel
1913 3323 2157 3389 Joanne,
2191 3321 2317 3392 quia
2343 3319 2442 3376 filii
2474 3321 2695 3376 tonitrui
2729 3329 2855 3377 sunt
2879 3319 3082 3394 (Marc.
3117 3338 3206 3389 ιιι,
3237 3322 3339 3394 l7)
3377 3341 3388 3379 :

110 3411 380 3466 concrescit
408 3428 421 3464 :
450 3409 556 3466 sed
607 3409 864 3480 procellis
899 3411 1170 3482 sacrilegii
1216 3411 1440 3468 liberata
1460 3454 1475 3479 ,
1517 3427 1688 3470 novos
1789 3413 1885 3471 sed
1911 3413 2182 3486 reperitur
2210 3412 2262 3467 in
2293 3411 2461 3478 mari,
2495 3411 2585 3466 ubi
2616 3411 2883 3468 dracones
2912 3412 2988 3467 illi
3020 3413 3270 3468 contritis
3299 3429 3392 3468 ca-

112 3494 287 3556 fructus
318 3511 460 3558 terra
502 3503 618 3572 jam
658 3502 911 3572 parturit.
949 3502 1146 3579 {Vere
1179 3504 1354 3572 parit;
1384 3505 1682 3561 dissensio-
1789 3507 1992 3579 pitibus
2012 3520 2179 3576 super
2205 3518 2400 3575 aquam
2419 3544 2434 3570 ,
2464 3512 2520 3558 et
2550 3504 2666 3574 ipse
2694 3503 2860 3560 draco
2883 3504 3060 3576 major
3086 3507 3390 3561 comminu-

111 3605 216 3648 num
237 3595 428 3666 quippe
454 3593 706 3650 omnium
733 3594 972 3663 procella
995 3594 1265 3652 deferbuit
1283 3639 1296 3662 ,
1316 3597 1494 3652 cuncti
1514 3611 1686 3652 smcu-
1789 3608 1874 3654 tus
1901 3607 2090 3668 caput,
2123 3596 2282 3652 datur
2302 3597 2355 3652 in
2387 3610 2569 3652 escam
2603 3597 2817 3667 populis
2841 3595 3162 3669 Ethiopum
3193 3602 3210 3672 (
3238 3598 3389 3656 Psat.

110 3682 218 3741 laris
242 3687 560 3758 cupiditatis
582 3687 808 3743 ardores
840 3699 1114 3759 aestusque
1144 3703 1334 3744 omnes
1357 3689 1551 3761 quibus
1583 3689 1686 3745 ΙιειοΔ
1787 3709 1988 3756 Lxxnr,
2021 3693 2143 3762 M).
2174 3690 2232 3747 Si
2262 3705 2390 3761 ergo
2429 3705 2536 3744 non
2571 3689 2762 3746 habuit
2790 3691 3080 3761 imaginem
3115 3693 3348 3748 Caesaris
3373 3736 3387 3760 ,

113 3779 180 3836 lia:
199 3783 414 3853 p0pulus
436 3804 539 3860 per
571 3783 810 3840 Judaica:
829 3784 988 3851 olim,
1013 3793 1065 3838 et
1085 3782 1301 3838 Arianae
1323 3784 1568 3853 proxime
1582 3799 1684 3840 εω-
1785 3801 1884 3842 cur
1923 3783 2072 3841 dedit
2114 3797 2338 3839 censum
2362 3782 2385 3835 ?
2414 3781 2532 3836 Non
2561 3780 2630 3836 de
2666 3797 2766 3836 suo
2796 3782 2981 3850 dedit,
3015 3784 3110 3839 sed
3155 3784 3392 3840 reddidit

110 3881 266 3938 vitatis
304 3882 556 3940 incendia
599 3878 962 3950 coquebatur,
1003 3891 1197 3932 sereno
1240 3875 1352 3947 jam
1389 3876 1682 3946 spiramine
1784 3875 1987 3932 mundo
2015 3871 2160 3944 quod
2183 3883 2302 3929 erat
2326 3871 2537 3926 mundi.
2567 3871 2634 3926 Et
2667 3881 2720 3926 tu
2747 3873 2791 3926 si
2817 3873 2899 3928 vis
2931 3889 3039 3928 non
3072 3889 3195 3929 esse
3217 3877 3390 3932 obno-

112 3981 472 4046 temperantur.
507 3973 706 4032 Sedata
733 3979 1028 4040 tempestas
1057 3977 1141 4024 est
1165 4008 1178 4030 ,
1205 3967 1498 4024 concordia
1526 3967 1680 4022 navi-
1782 3970 1906 4025 xius
1928 3967 2127 4024 Caesari
2144 4006 2160 4034 ,
2186 3966 2295 4022 noli
2321 3965 2521 4020 habere
2543 3980 2662 4036 quae
2689 3965 2877 4021 mundi
2905 3977 3030 4022 sunt
3058 3985 3071 4020 :
3098 3967 3192 4024 sed
3215 3968 3261 4023 si
3284 3968 3384 4022 ha-

108 4078 208 4137 gat,
232 4068 357 4126 ﬁdes
385 4069 602 4140 spirat:
631 4063 880 4121 certatim
910 4070 1086 4117 nauta:
1112 4068 1367 4131 repetunt
1389 4059 1517 4115 ﬁdei
1545 4073 1680 4130 quos
1781 4062 1882 4119 bes
1918 4061 2166 4127 divitias,
2213 4059 2485 4116 obnoxius
2528 4075 2587 4115 es
2630 4059 2856 4116 Caesari.
2898 4062 2953 4118 Si
2983 4062 3069 4117 vis
3095 4062 3230 4118 nihil
3271 4066 3384 4135 regi

109 4161 348 4231 reliquere
378 4161 594 4236 1502
625 4167 814 4230 portus
837 4201 853 4225 ,
887 4166 943 4212 et
968 4155 1144 4211 dulcia
1168 4153 1356 4224 patriis
1378 4151 1562 4209 oscula
1591 4152 1681 4207 lit-
1781 4153 1980 4210 debere
2001 4160 2237 4219 terreno,
2263 4151 2516 4222 relinque
2531 4152 2714 4208 omnia
2737 4161 2849 4221 tua,
2875 4161 3174 4225 etsequere
3194 4155 3384 4212 Chris-

109 4254 287 4310 toribus
308 4254 540 4326 afﬁgunt
560 4293 577 4320 ,
603 4251 862 4306 liberatos
884 4263 944 4304 se
967 4245 1227 4320 periculis
1243 4285 1258 4313 ,
1287 4244 1568 4302 absolutos
1585 4258 1676 4301 er-
1779 4254 1912 4302 tum.

109 4349 296 4405 roribus
323 4349 682 4421 gratulantes.

1851 4339 1942 4397 36.
1986 4339 2005 4411 (
2023 4339 2179 4397 Vers.
2211 4339 2344 4411 25.)
2376 4339 2445 4394 Et
2474 4339 2612 4395 bene
2641 4339 2793 4410 prius
2822 4355 2945 4411 qua:
2971 4339 3202 4398 Cxcsaris
3231 4354 3376 4410 sunt,

166 4441 246 4497 55.
262 4444 440 4509 Salve,
470 4443 626 4498 vinea
651 4448 803 4496 tanto
827 4437 991 4509 digna
1011 4437 1239 4494 custode
1267 4453 1280 4491 :
1311 4445 1362 4493 te
1385 4449 1493 4491 non
1518 4434 1676 4491 unius
1777 4435 1980 4491 Caesari
2029 4433 2306 4491 reddenda
2347 4432 2626 4490 decernit:
2671 4449 2847 4505 neque
2873 4435 3017 4490 enim
3043 4445 3222 4506 potest
3257 4453 3379 4493 esse

109 4531 337 4592 Nabuthae
356 4533 738 4608 sanguis,sed
761 4531 1240 4590 innumerabilium
1266 4529 1672 4601 prophetarum,
1779 4528 1901 4599 quis
1950 4528 2198 4596 Domini,
2238 4527 2344 4582 nisi
2391 4527 2540 4596 prius
2584 4528 2977 4584 renuntiaverit
3007 4527 3226 4583 mundo.
3269 4529 3376 4585 Sed

107 4636 151 4681 et
178 4630 339 4701 (quod
361 4640 444 4688 est
466 4627 737 4700 amplius)
770 4627 1044 4699 pretiosus
1063 4639 1224 4680 cruor
1244 4621 1455 4678 Domini
1482 4635 1675 4677 conse-
1701 4619 1753 4679 D
1779 4635 1972 4678 omnes
1993 4618 2366 4675 renuntiamus
2388 4620 2576 4676 verbis
2597 4661 2614 4688 ,
2643 4621 2736 4676 sed
2762 4635 2866 4674 non
2891 4634 3081 4673 omnes
3103 4621 3378 4675 renuntia-

107 4722 271 4778 cravit.
295 4723 386 4779 llle
415 4726 541 4780 licet
562 4739 670 4778 non
693 4720 968 4793 regalibus
991 4719 1152 4774 minis
1176 4719 1398 4773 territus
1418 4723 1672 4771 constan-
1780 4728 1902 4772 mus
1946 4711 2178 4775 all‘ectu;
2230 4726 2352 4765 nam
2401 4711 2525 4767 cum
2562 4709 2581 4748 τ
2624 4719 2966 4766 sacramenta
3009 4710 3375 4780 suscipimus,

109 4812 217 4869 tiam
245 4826 382 4872 metu
414 4815 704 4887 presserit,
739 4830 845 4869 non
878 4811 1114 4884 praemiis
1152 4808 1440 4865 uberrimis
1474 4822 1669 4877 provo-
1785 4803 1996 4879 1503
2044 4803 2440 4859 renuntiamus.
2483 4805 2655 4870 Quam
2685 4803 2869 4872 gravia
2899 4801 3109 4857 vincula
3146 4802 3376 4872 promit-

106 4939 268 4998 corpus
290 4930 521 4998 infusus,
553 4929 690 4983 velut
715 4926 770 4980 in
793 4925 930 4981 altas
955 4923 1206 4978 demissus
1233 4930 1487 4976 terrarum
1530 4933 1670 4972 scro-
1774 4915 1909 4983 bus,
1941 4926 1995 4970 ut
2016 4915 2078 4998 in
2125 4921 2300 4998 textu.
2330 4910 2440 4993 Nec
2471 4911 3214 4998 sane.male,_si”grandinem
3261 4928 3381 4998 qua:

113 4981 202 5061 bes',
227 4981 530 5069 aqualem:
559 4981 601 4983 Π
1772 4981 1992 5069 semper
2014 4985 2254 5069 frugibus
2283 4983 2440 5069 noxia
2464 4993 2568 5069 est,
2600 4982 2842 5038 informis
2867 4981 2956 5037 illa
2979 4990 3160 5037 crusta
3185 4984 3236 5037 in
3259 4983 3382 5038 altis

167 5054 200 5104 α’
214 5054 403 5125 omnes
426 5054 588 5134 Cedit”
619 5070 818 5142 rigare,
849 5067 1093 5134 tondere,
1124 5063 1250 5148 biss.
1280 5061 1403 5148 fere.
1439 5075 1662 5127 omnes,
1774 5054 2294 5148 nubi—[bus‘eonerﬁl‘a
2327 5054 2593 5148 deﬁgit}?-
2620 5125 2844 5148 “wmh
2924 5123 3062 5148 mh:

101 5138 295 5209 jugare;
314 5123 411 5196 sed
439 5123 724 5211 noiripau‘ci
750 5123 932 5209 legunt
954 5123 1260 5211 cum_'edit.._
1278 5132 1491 5188 tondere
1509 5123 1664 5211 ;‘ant.
1851 5140 1872 5168 ο
1901 5127 2104 5182 Omnes
2126 5127 2316 5211 “edit.3
2343 5134 2557 5211 .nrteres
2578 5125 2864 5211 “progerit.
2923 5123 3379 5211 [fierique-mss”

107 5195 600 5279 ᾗτιῖιιθηξεοιιιεῇἄενὲ
624 5195 938 5279 είιιιιοιινρτο
962 5208 1187 5279 tendere,
1217 5205 1333 5260 sive
1363 5195 1667 5269 extendere,
1773 5211 1968 5279 ueteres
2017 5197 2180 5279 parit.
2212 5195 2478 5279 Quidam,
2506 5195 2868 5279 pellit-1Com.
2901 5204 2954 5249 et
3001 5197 3088 5248 alii
3139 5195 3341 5279 aliquot
3365 5238 3378 5260 ,

106 5251 640 5338 ῐιῖἴέἱὶἷιιῖιίἰιῖῖὲξιῖ
668 5251 1346 5351 ὶ¹ίὲῖἷιὲἔθξίὶἔιῖὶῖ⁷νὲὶὲῖι
1365 5251 1667 5352 ﬁxisse:
1778 5251 2096 5352 veteratril-
2131 5251 2371 5352 Aptius.
2404 5251 2831 5352 unintelligitur
2879 5266 3381 5352 θεηδθψιςιιιῑιηξε.

107 5363 262 5423 operta
282 5395 296 5415 .
327 5336 488 5423 quam
497 5336 500 5337 ν
528 5336 716 5410 omnes
745 5352 877 5408 edit.
911 5336 1150 5423 aC'_tnss.
1181 5336 1390 5418 aliquoi
1423 5336 1664 5412 habent,
1773 5336 1969 5423 quibus
2019 5355 2126 5423 non
2164 5336 2429 5423 ambigue
2471 5336 2700 5392 Justinze
2729 5336 3032 5405 persecutio
3053 5377 3068 5405 ,
3099 5345 3258 5406 atque
3295 5351 3382 5392 se-

107 5411 182 5494 alii
205 5411 379 5494 plure's
429 5438 479 5480 et
508 5424 842 5494 antiquiores
882 5411 1494 5494 prazferunt_,_operata;
1521 5426 1577 5471 et
1603 5411 1666 5470 ea
1782 5411 2040 5494 cuta_pax
2062 5411 2441 5494 tle-signantur.

106 5478 297 5557 quidem
330 5478 463 5558 vox,
492 5496 536 5550 si
557 5478 702 5551 recta
731 5504 810 5548 est
838 5534 852 5558 ,
885 5478 1025 5545 idem
1069 5478 1334 5564 significat
1382 5478 1677 5564 atque__ex-
1806 5555 1818 5564 ⁸
1851 5478 2062 5564 {inissa
2087 5478 2580 5564 aliquotJabolerle
2625 5478 2905 5564 videatur,
2936 5487 3131 5533 astutos
3169 5478 3244 5531 ita
3283 5492 3388 5532 esse

106 5549 258 5627 culta,-
315 5566 407 5620 sed
454 5549 708 5622 veremur
767 5549 851 5620 ne,
888 5549 1202 5617 duriuscnle
1250 5569 1410 5615 sonet
1453 5549 1678 5614 auribus
1782 5555 1988 5633 debere,
2020 5554 2149 5608 sicut
2177 5549 2621 5633 ΕΙιροὶειρεἱηιριεω
2647 5550 2888 5633 spiritus.
2986 5619 3022 5633 Α
3070 5620 3081 5632 ο

108 5607 407 5689 eruditis?“
466 5607 696 5622 unum"
768 5607 835 5620 ’Ν
890 5607 1201 5617 ν””””’
1250 5607 1410 5615 nu"
1454 5607 1675 5614 "mn
1786 5607 1987 5679 "sui
2009 5607 2637 5701 mss._r_najqrinuniero,
2670 5607 2726 5674 et
2755 5620 2948 5688 pretio.
2983 5619 3212 5701 Quidam
3236 5632 3383 5686 vero,

166 5700 192 5739 δ
221 5688 336 5757 Era.
363 5717 417 5761 et
443 5722 556 5777 seq.
587 5707 719 5763 edit.
750 5721 873 5761 cum
917 5719 1047 5759 mss.
1083 5700 1392 5777 nonnullis,
1421 5715 1512 5754 nec
1544 5698 1676 5777 _alt_is
1779 5706 1836 5754 et
1859 5688 2264 5777 cunctae-edit;
2296 5688 2514 5777 Imitare
2539 5700 2586 5744 et
2611 5701 2662 5777 tu
2688 5701 2972 5777 δςῖρεηιειη
2994 5692 3165 5774 ξηυηιο
3241 5761 3274 5777 Δ,

108 5769 301 5830 nivibus.
331 5762 544 5834 Amerb'.
590 5762 710 5834 cum
741 5778 860 5832 aliis
891 5789 1022 5830 mss.
1055 5772 1302 5844 pluribus
1336 5762 1399 5827 ac
1442 5769 1673 5842 potiori-
1857 5766 1876 5806 τ
1907 5765 2156 5838 Intellige
2179 5771 2586 5821 sacramentum
2619 5762 2978 5832 baptismatis,
3004 5764 3185 5833 inquo
3205 5762 3396 5834 etiams

374 5869 644 5932 Paeon.
679 5869 801 5930 XV
814 5913 830 5930 .
2774 5852 2856 5910 20
