3920 6338
483 284 623 345 1807
1829 262 2073 326 SANCTI
2105 263 2432 324 AMBROSII
3639 259 3763 319 1808

480 405 539 459 in
561 399 774 474 lliyrico
803 395 1020 452 exsules
1050 390 1236 463 patriae
1261 387 1563 447 Gothorum
1587 383 1782 441 exsilia
1809 381 2078 474 fecerunt,
2111 387 2157 448 Α
2187 382 2318 438 nihil
2338 382 2546 438 habens
2569 382 2901 452 superfluum
2925 379 3068 452 quod
3096 378 3294 434 cadere
3314 377 3509 444 possit,
3537 374 3624 432 vel
3647 373 3764 432 nihil

479 503 536 548 et
565 471 805 547 nondum
837 495 922 543 est
956 486 1097 539 finis.
1133 484 1262 549 Qua:
1308 479 1552 534 omnium
1600 475 1796 542 fames,
1839 472 1958 528 lues
1991 487 2087 542 pa-

2221 478 2260 532 le
2283 475 2664 543 superioribus
2688 475 2984 532 virtutibus
3009 474 3331 538 amissurus,
3349 473 3556 542 integer
3576 471 3766 527 sobrie-

486 587 626 644 riter
656 585 814 638 boum
862 592 1022 650 atque
1080 575 1384 637 hominum,
1413 568 1706 639 eaeterique
1753 564 2003 637 pecoris;
2034 573 2090 618 ttt
2191 575 2326 635 tate,
2345 567 2501 624 fortis
2526 568 2579 623 in
2603 583 2756 638 pace,
2783 569 2876 640 qui
2899 581 3093 624 sensus
3112 580 3304 622 omnes
3320 578 3491 635 usque
3513 563 3568 619 in
3597 562 3764 631 finem,

479 682 644 738 etiam
674 676 764 747 qui
799 673 998 728 bellum
1057 684 1164 724 non
1194 666 1538 738 pertulimus,
1585 660 1877 730 debellatis
1907 668 2088 714 tamen
2191 669 2247 714 et
2277 658 2442 715 verba
2465 659 2760 714 custodiat.
3711 676 3717 680 ‘

486 788 588 828 nos
617 783 776 841 pares
802 763 990 821 fecerit
1049 758 1356 831 pestilentia
1383 759 1396 812 l
1428 757 1570 828 Ergo
1600 753 1726 824 quia
1781 753 1834 808 in
1889 765 2090 806 occasu
2267 751 3165 824 N.Pra3diceturEvangelium,ut
3188 749 3444 806 Steculum
3458 749 3766 806 destruatur.

475 864 661 921 seaculi
677 876 888 926 sumus,
908 855 1226 927 praecedunt
1239 851 1486 924 quaedam
1504 846 1858 920 aegritudines
1879 843 2086 900 mundi.

2221 848 2346 903 iicut
2371 848 2516 902 enim
2541 848 2822 917 praecessit
2850 847 2904 902 in
2937 847 3127 903 orbem
3155 854 3316 902 terrae
3344 843 3624 914 Evangelii
3653 860 3772 914 prae-

479 955 772 1030 A’Sgritudo
795 951 982 1009 mundi
1004 958 1091 1006 est
1121 949 1312 1014 fames,
1346 942 1613 1016 aegritudo
1639 940 1829 996 mundi
1856 946 1941 994 est
1959 952 2087 1010 pes-
2190 939 2392 996 dicatio
2413 939 2636 1010 (Matth.
2661 956 2811 1005 xxtv,
2838 937 2948 1011 14),
2979 940 3066 995 cui
3099 939 3210 1009 jam
3237 947 3293 994 et
3321 936 3487 994 Gothi
3518 947 3573 994 et
3603 941 3776 993 Arine-

483 1029 1001 1119 tilentia,:cgritudo
1031 1041 1220 1098 mundi
1251 1048 1337 1096 est
1359 1036 1691 1110 persecutio.

2221 1033 2268 1088 ιὶἱ
2296 1031 2668 1100 crediderunt,
2700 1041 2755 1088 et
2783 1030 2906 1087 ideo
2936 1030 3121 1087 mundi
3145 1030 3306 1085 ﬁnem
3325 1029 3608 1086 videmus:
3635 1029 3703 1085 ita
3732 1040 3777 1085 et

547 1148 636 1204 11.
665 1144 1000 1200 Suntautem
1022 1146 1080 1194 et
1104 1136 1205 1190 alia
1236 1135 1377 1190 bella
1406 1147 1528 1204 qua
1548 1131 1634 1186 vir
1660 1125 2090 1184 sustineteltris-
2191 1141 2224 1182 a
2270 1126 2391 1182 viro
2435 1125 2706 1197 Spirituali
2765 1125 3118 1197 Evangelium
3171 1123 3526 1197 praedicatur,
3579 1123 3776 1195 quando

472 1239 676 1301 tianus,
710 1234 1054 1290 diversarum
1101 1240 1321 1298 quoque
1353 1224 1541 1294 praelia
1561 1219 1945 1292 cupiditatum,
1975 1225 2089 1272 stu-
2191 1234 2386 1275 omnes
2415 1219 2704 1290 sapientia:
2735 1232 3058 1290 progressus
3079 1217 3108 1256 ι’
3135 1226 3190 1274 et
3225 1232 3421 1273 omnes
3452 1217 3671 1273 virtutes
3692 1219 3777 1274 ex-

471 1331 798 1397 dierumque
827 1322 1140 1385 conflictus,
1175 1317 1456 1385 multoque
1477 1314 1760 1384 graviores
1801 1304 2091 1364 domestici

2223 1313 2477 1384 equilur,
2547 1310 2804 1381 psallenti
2860 1321 3045 1366 mente
3095 1318 3151 1365 et
3196 1309 3417 1381 spiritu,
3447 1307 3774 1364 novissimam

473 1424 684 1488 hostes,
718 1434 878 1491 quam
905 1413 1180 1470 extranei.
1212 1410 1366 1466 Nunc
1390 1407 1620 1463 avaritia
1646 1403 1913 1468 stimulat,
1947 1412 2091 1456 nunc

2221 1410 2478 1462 lestruens
2507 1413 2742 1460 mortem
2769 1421 2787 1469 ι
2810 1413 2937 1460 tunc
2985 1404 3130 1459 enim
3160 1402 3308 1468 ﬁnis,
3356 1417 3486 1459 cum
3514 1400 3778 1457 tradiderit

469 1516 721 1575 accendit
770 1510 960 1578 libido,
989 1522 1133 1564 nunc
1178 1515 1357 1561 metus
1409 1510 1600 1567 terret,
1634 1513 1780 1554 nunc
1810 1493 2089 1552 iracundia
2192 1496 2246 1552 in
2275 1512 2343 1552 eo
2371 1495 2624 1551 Christus
2673 1511 2900 1566 regnum
2932 1496 3047 1552 Deo
3089 1503 3147 1550 et
3174 1493 3346 1560 Patri,
3371 1493 3634 1564 fueritque
3683 1493 3777 1549 iste

470 1614 732 1684 exagitat,
758 1623 901 1664 nunc
930 1602 1154 1660 ambitio
1209 1606 1415 1661 movet,
1457 1611 1602 1652 nunc
1644 1603 1855 1649 terrere
1879 1594 2092 1644 tentant
2192 1590 2468 1662 subjectus
2494 1591 2539 1644 ei
2573 1589 2662 1660 qui
2695 1589 2796 1644 sibi
2827 1588 3065 1658 subjecit
3097 1589 3300 1654 omnia,
3331 1595 3394 1642 ut
3417 1587 3489 1643 sit
3515 1587 3653 1643 Deus
3669 1602 3776 1644 om-

471 1677 742 1781 spiritalia
767 1699 1183 1772 nequitiae,qu:e
1211 1703 1337 1749 sunt
1365 1693 1418 1749 in
1450 1683 2088 1781 cmlestibus(Ephes.vt,
2192 1683 2305 1781 nia,
2347 1680 2711 1781 inuomnibns
2761 1680 2806 1750 (l
2836 1678 2958 1734 Cor.
2990 1694 3080 1781 xv,
3107 1678 3228 1781 ξε).
3288 1678 3359 1734 Ει
3383 1677 3777 1781 praedicabitur

474 1770 591 1872 ἡ).
625 1799 814 1869 Itaque
840 1770 994 1865 quasi
1024 1788 1351 1863 quibusdam
1379 1793 1606 1855 urgetur
1632 1779 1860 1853 proeliis,
1892 1786 1948 1832 et
1969 1773 2086 1846 qui-
2115 1778 2164 1838 Β
2192 1773 2546 1872 Evangelium
2602 1788 2700 1872 per
2767 1787 2962 1829 omnes
3015 1772 3264 1872 civitates
3297 1814 3361 1872 ,Α
3382 1770 3438 1826 id
3491 1778 3578 1872 est
3603 1813 3618 1836 ,
3661 1770 3777 1825 civi-

464 1869 698 1950 busdam
743 1897 906 1945 terra:
957 1882 1196 1940 motibus
1248 1878 1491 1950 quatitur
1536 1873 1755 1931 mobilis
1783 1869 1951 1924 animi
1978 1881 2079 1921 nu-

470 1986 640 2042 tantis
665 1982 918 2037 affectus.

2184 1877 2322 1926 tates
2348 1866 2553 1923 Iudaea:
2585 1885 2599 1922 :
2635 1864 2808 1920 Notus
2834 1866 2982 1920 enim
3009 1867 3065 1920 in
3092 1863 3285 1919 Judwa
3317 1863 3460 1919 Deus
3483 1863 3604 1936 (Ps.
3632 1880 3775 1931 uxr,
3815 1899 3818 1901 λ

2186 1961 2262 2031 1).
2306 1960 2460 2016 Tunc
2488 1961 2634 2016 enim
2661 1960 2915 2015 civitates
2961 1957 3304 2015 aediﬁcantur
3324 1957 3559 2028 ludam,
3582 1957 3774 2030 quando

545 2076 632 2131 19.
665 2073 771 2131 Sed
803 2070 994 2126 fortior
1047 2065 1220 2122 dicit:
1263 2063 1325 2118 Si
1369 2060 1652 2116 consistant
1703 2056 1975 2111 adversum
2003 2067 2082 2106 me
2182 2055 2446 2111 virtutum
2516 2054 2871 2108 fundamenta
2929 2061 3223 2124 ponuntur.

468 2177 663 2233 castra,
711 2180 814 2219 non
843 2159 1036 2216 timebit
1067 2173 1154 2212 cor
1184 2169 1355 2210 meum
1383 2168 1400 2219 ;
1425 2151 1470 2206 si
1519 2157 1761 2221 exsurgat
1808 2147 2083 2201 adversum

468 2276 551 2316 me
579 2256 842 2331 praelium,
873 2252 927 2306 in
954 2251 1048 2304 hoc
1076 2265 1169 2320 ego
1195 2245 1414 2316 sperabo
1446 2241 1564 2314 (Ps.
1594 2256 1742 2306 xxvr,
1771 2237 1853 2310 ὅ).
1880 2234 2080 2331 Stabin

467 2325 589 2409 acie
610 2349 792 2406 ferens
838 2342 982 2399 hosti
1030 2341 1250 2395 obvium
1305 2345 1514 2405 pectus,
1547 2331 1710 2388 etiam
1753 2334 1798 2385 si
1824 2330 1947 2398 quis
1976 2325 2084 2382 Go-

465 2446 570 2502 lias
594 2447 849 2510 exsurgat
881 2433 1091 2508 1507
1125 2429 1350 2484 immitis
1373 2436 1534 2495 atque
1563 2422 1860 2495 praecelsus
1881 2420 1925 2490 (l
1948 2417 2080 2510 Reg.

2256 2149 2440 2222 (Vers.
2471 2146 2589 2220 20.)
2621 2146 2751 2203 Cum
2799 2146 3034 2201 videritis
3078 2144 3398 2200 circumdari
3455 2144 3523 2200 ab
3575 2144 3777 2210 exercitu

2187 2241 2544 2297 Hierusalem.

2265 2314 2348 2368 l5.
2383 2314 2523 2369 Vere
2578 2313 2918 2370 Hierusalem
2966 2314 3035 2370 ab
3079 2312 3330 2369 exercitu
3363 2311 3591 2368 obsessa
3617 2321 3713 2376 est,
3735 2318 3781 2366 et

2185 2415 2498 2478 expugnata
2528 2423 2556 2460 a
2586 2407 2836 2462 Romano
2876 2407 3034 2462 duce.
3065 2405 3223 2462 Unde
3276 2404 3452 2462 Judaei
3476 2413 3782 2476 putaverunt

2189 2510 2316 2554 tunc
2371 2499 2566 2554 factum
2618 2500 3083 2555 abominationem
3132 2497 3521 2566 desolationis,
3567 2511 3630 2552 eo
3653 2495 3781 2568 quod

2185 2601 2349 2662 caput
2385 2593 2533 2662 porci
2563 2591 2616 2646 in
2647 2594 2912 2663 templum
2959 2592 3199 2662 jecerint
3246 2591 3547 2647 illudentes
3576 2588 3783 2645 Romani

2186 2684 2427 2740 Judaica:
2474 2685 2638 2739 ritum
2686 2685 3071 2740 observantius.
3131 2681 3288 2751 Quod
3335 2697 3440 2752 ego
3486 2696 3590 2737 nec
3616 2680 3781 2736 furens

2185 2779 2441 2835 dixerim.
2473 2779 2824 2835 Abominatio
2853 2780 2998 2835 enim
3040 2778 3422 2843 desolationis,
3453 2775 3783 2833 exsecrabilis

469 2555 606 2603 xvn,
637 2535 696 2604 4)
724 2550 740 2598 ;
767 2509 1087 2586 timentibus
1119 2535 1298 2578 tamen
1347 2519 1583 2585 caneris,
1623 2525 1886 2586 exsurget
1909 2509 2086 2567 hutni-

467 2631 540 2688 lis
568 2628 724 2700 quasi
753 2621 948 2688 David,
973 2617 1120 2689 regis
1145 2615 1408 2686 abjiciens
1433 2625 1582 2666 arma
1615 2609 1838 2671 terreni,
1864 2617 2087 2660 sumens

468 2723 597 2778 ﬁdei
631 2719 735 2774 tela
791 2715 1017 2776 leviora,
1051 2717 1106 2765 et
1137 2717 1162 2744 ει
1193 2704 1396 2766 triplici
1429 2711 1615 2775 sparto
1659 2699 1902 2771 jaculum
1935 2710 2085 2767 pura:

471 2808 830 2871 confessionis
853 2807 1193 2872 intorquens,
1229 2795 1596 2867 persecutoris
1627 2793 1876 2847 vulnerat
1903 2789 2053 2858 itnpu
2073 2815 2086 2826 -

392 2951 394 2954 ,
475 2870 1103 2967 dentiam,contemptor
1121 2888 2084 2959 minarum,negligenspotestatum,
2188 2873 2454 2928 θάνεηιυε
2481 2872 2812 2929 Antichristi
2836 2882 2960 2935 est:
3004 2887 3072 2927 eo
3099 2873 3244 2941 quod
3276 2872 3569 2942 sacrilegis
3605 2870 3786 2926 infaus-

473 2961 641 3056 él‘iam
666 2961 895 3048 “gneus
929 2961 1120 3056 “(quo
1149 2984 1398 3038 Christus
1421 2981 1699 3051 loquatur,
1725 2976 1870 3033 Αιίυί
1899 2973 2087 3029 curis-
2191 2966 2262 3019 tis
2291 2965 2554 3020 mentium
2611 2965 2872 3020 interiora
2935 2965 3150 3038 1508
3193 2965 3576 3020 contaminet:
3609 2961 3786 3019 sedens

475 3102 583 3157 tus,
616 3085 746 3142 alibi
775 3083 960 3146 Pater,
988 3055 1120 3132 alibi
1163 3075 1401 3145 Spiritus
1446 3071 1689 3141 loquitur
1742 3066 1938 3122 Patris.
1964 3064 2084 3120 Non
2184 3055 2339 3126 juxta
2365 3057 2648 3111 historiam
2682 3057 2734 3112 in
2769 3058 2992 3128 templo,
3028 3066 3087 3111 ιιι
3111 3058 3213 3112 sibi
3235 3057 3437 3112 divina:
3461 3055 3786 3154 vindieetso-

478 3143 794 3237 λῇέξοηιρηι
819 3143 955 3239 ista,
977 3168 1074 3226 sed
1118 3143 1443 3236 congruunt.
1468 3161 1627 3229 Quod
1658 3175 1799 3214 unus
1825 3157 2088 3228 loquitur,
2115 3166 2162 3229 ρ
2193 3150 2328 3205 lium
2358 3149 2665 3217 potestatis.
2716 3149 2878 3205 Juxta
2934 3149 3448 3220 interpretationem
3491 3157 3668 3204 autem
3693 3143 3787 3216 spi-

480 3282 596 3328 ιιποε
627 3269 923 3337 loquuntur
957 3259 1121 3331 ;quia
1152 3271 1252 3312 vox
1307 3269 1415 3309 una
1464 3262 1548 3308 est
1581 3250 1907 3328 Trinitatis.
1962 3247 2101 3304 Huic
2203 3242 2417 3299 ritaletn
2443 3243 2670 3312 pulchre
2695 3242 2975 3298 inducitur
2994 3252 3164 3312 stare,
3187 3257 3255 3298 eo
3274 3241 3420 3313 quod
3444 3243 3504 3297 in
3530 3239 3789 3297 affectibus

479 3332 816 3429 victori,-qui
846 3371 945 3410 suo
975 3351 1187 3408 Goliam
1225 3347 1408 3418 gladio
1441 3342 1755 3416 peretnerit,
1793 3341 1920 3396 dum
1956 3355 2102 3394 ntor-
2201 3339 2537 3407 singulorum
2571 3338 2864 3406 vestigium
2895 3337 3135 3407 perﬁdia:
3170 3352 3284 3393 suae
3308 3335 3642 3393 conﬁrmare
3661 3332 3789 3391 desi-

482 3465 592 3511 tetn
639 3428 983 3521 proCltristo
1034 3442 1260 3513 excipit,
1292 3438 1491 3508 fugatis
1545 3430 1878 3506 Allophylis,
1909 3447 2101 3488 occur-
2203 3429 2380 3497 deret,
2410 3445 2474 3484 ex
2504 3428 2804 3499 Scripturis
2826 3429 3110 3498 disputans
3138 3443 3261 3485 esse
3283 3443 3344 3484 se
3365 3428 3663 3486 Clu-istum,

483 3557 614 3606 rttnt
639 3541 968 3616 juvenculaa,
995 3537 1105 3592 illa:
1156 3533 1366 3604 scilicet
1395 3533 1540 3586 sicut
1567 3528 1786 3600 aquilae,
1815 3528 2060 3582 dicentes
2085 3543 2098 3579 :
2279 3525 2366 3579 iﬁ.
2392 3523 2543 3579 Tunc
2591 3522 3080 3594 approprinquabit
3126 3521 3395 3592 desolatio
3421 3561 3437 3588 ,
3497 3521 3741 3593 quoniam
3762 3533 3787 3571 a

484 3613 754 3699 Percussit
804 3632 937 3690 Saul
989 3632 1043 3684 in
1091 3626 1347 3691 millibus,
1392 3625 1560 3679 David
1588 3624 1644 3677 in
1673 3622 1848 3676 decem
1877 3619 2104 3675 millibus
2203 3635 2331 3674 vera
2363 3618 2628 3688 religione
2658 3617 2904 3688 plerique
2929 3617 3067 3688 lapsi
3091 3632 3279 3672 errore
3306 3615 3636 3672 desciscent.
3659 3613 3790 3670 Tunc

487 3738 530 3806 (l
587 3735 715 3805 (leg.
765 3728 1018 3795 xvnt,7).
1055 3722 1212 3791 Quod
1243 3719 1442 3775 indicio
1495 3726 1602 3783 est,
1655 3715 1894 3770 victores
1919 3712 2106 3769 smculi
2205 3713 2310 3769 erit
2353 3710 2564 3766 Domini
2621 3713 2758 3777 dies,
2792 3711 2938 3780 quod
2991 3711 3158 3766 etiam
3207 3711 3512 3780 Apostolus
3539 3709 3790 3768 evidenter

487 3801 827 3904 principibus
870 3819 1151 3876 anteferri.
1189 3813 1434 3883 Denique
1484 3809 1714 3865 mortuis
1754 3807 1996 3904 regibus,
2049 3806 2102 3860 in
2205 3802 2770 3904 exposuitdicenslll
2813 3802 2993 3904 Thess.
3024 3813 3135 3904 iret
3179 3801 3338 3904 δρας),
3367 3817 3481 3860 non
3518 3801 3787 3859 timendum

491 3895 818 3998 perpetuum
844 3922 1116 3986 martyres
1145 3923 1371 3978 regnum
1417 3903 1661 3961 caelestis
1683 3901 1871 3972 gratiae
1896 3899 2106 3955 honore
2207 3911 2330 3952 esse
2357 3896 2516 3951 nobis
2539 3897 2692 3966 quasi
2721 3896 2887 3951 instet
2911 3895 3028 3951 dies
3062 3895 3276 3950 Domini
3303 3912 3316 3960 ;
3341 3910 3411 3951 ne
3449 3896 3576 3968 quis
3599 3909 3690 3951 nos
3717 3907 3791 3948 se.

490 3988 823 4073 succedunt;
855 4015 912 4062 et
939 4005 1016 4060 illi
1042 4003 1176 4056 fiunt
1201 3998 1499 4069 supplices,
1529 3996 1582 4050 hi
1614 3993 1852 4066 patroni.
2208 3991 2372 4046 ducat
2421 3991 2535 4046 ullo
2584 3991 2788 4046 modo:
2849 3990 3105 4061 quoniam
3158 3989 3262 4045 nisi
3307 3992 3528 4048 venerit
3554 3988 3790 4046 discessio

571 4107 662 4161 l3.
715 4103 809 4156 Est
849 4109 903 4153 et
957 4097 1094 4149 alius
1151 4091 1323 4147 Goliae
1363 4089 1577 4159 gladius
1627 4086 1670 4159 (ι
1715 4086 1846 4159 Reg.
1875 4098 1991 4148 xxt,
2023 4083 2105 4152 9),
2210 4083 2466 4152 primum,
2498 4092 2554 4138 et
2581 4082 2851 4137 revelatus
2877 4083 3037 4137 fuerit
3057 4082 3219 4137 homo
3253 4085 3489 4152 peccati,
3519 4083 3658 4158 ﬁlius
3686 4094 3790 4152 per-

499 4196 645 4253 alittd
689 4190 888 4248 diaboli
944 4187 1152 4248 telum,
1197 4195 1380 4236 sermo
1427 4177 1639 4234 scilicet
1701 4175 2107 4240 haereticorum,
2211 4175 2431 4231 ditionis
2459 4217 2472 4244 ,
2501 4176 2592 4246 qui
2621 4175 2982 4241 adversatur,
3013 4183 3070 4230 et
3117 4174 3399 4230 extollitur
3443 4190 3609 4246 supra
3650 4185 3791 4228 omne

501 4305 662 4363 quem
697 4285 778 4339 vir
803 4281 1033 4363 psallere
1055 4278 1239 4332 sciens
1268 4273 1488 4343 arripit,
1515 4281 1573 4326 ut
1596 4271 1970 4326 adversarium
1999 4269 2112 4322 vin-
2211 4267 2354 4337 quod
2386 4268 2584 4322 dicitur
2615 4267 2780 4333 Dens,
2807 4276 2901 4322 aut
2943 4266 3090 4338 quod
3117 4267 3356 4334 colitur;
3405 4269 3481 4323 ita
3511 4276 3570 4324 ut
3597 4269 3647 4322 in
3673 4275 3789 4321 teme

507 4357 618 4448 cat,
670 4357 1032 4433 audiensdtic
1075 4369 1243 4436 bella,
1280 4382 1387 4423 non
1441 4365 1672 4442 patiens,
1735 4378 1836 4419 nec
1882 4361 2112 4432 alicujus

507 4485 671 4533 vento
720 4467 982 4525 doctrinae
1031 4462 1250 4518 mobilis
1312 4459 1584 4528 inquietus
1615 4455 1834 4529 (Ephcs.
1868 4470 1940 4521 tv,
1995 4453 2109 4524 id),

2211 4362 2305 4433 plo
2325 4362 2422 4417 Dei
2449 4360 2657 4426 sedeat,
2683 4360 2982 4418 ostendens
3002 4376 3062 4416 se
3089 4368 3366 4431 tamquam
3393 4363 3470 4417 sit
3501 4362 3660 4418 Dens.

2291 4453 2375 4508 17.
2410 4452 2554 4523 Ergo
2573 4452 2789 4508 sedebit
2817 4451 2870 4506 in
2895 4451 3099 4520 templo
3120 4492 3136 4518 ,
3169 4452 3298 4507 etin
3324 4453 3533 4524 templo
3557 4450 3786 4508 interiore

508 4571 763 4631 nesciens
790 4567 986 4618 famem
1009 4558 1183 4614 'verbi
1209 4555 1388 4628 (Amos
1419 4567 1538 4618 vttt,
1592 4549 1708 4620 ll),
1735 4558 1788 4605 et
1816 4549 2112 4618 Scriptura:
2140 4565 2188 4626 ο
2214 4547 2554 4612 ιιιιᾱωοτυηι,
2584 4547 2674 4618 qui
2699 4547 2976 4602 Christum
3010 4547 3315 4616 negabunt:
3365 4547 3420 4602 in
3454 4547 3655 4618 templo
3695 4557 3786 4600 non

507 4665 746 4726 coelestis
768 4658 1018 4715 ubertate
1049 4650 1296 4716 satiatus,
1321 4647 1412 4717 qui
1442 4644 1597 4700 vanis
1619 4642 1936 4698 hcereticum
1961 4641 2109 4695 voci-

511 4763 612 4818 bus
662 4758 1043 4826 personantem
1093 4743 1364 4798 lacessere
1414 4753 1521 4795 non
1569 4734 1906 4792 reformidet.
1958 4733 2110 4790 Tunc

509 4852 598 4923 qui
623 4857 705 4904 est
734 4842 1002 4904 infirmus,
1031 4839 1308 4904 exspectet
1343 4847 1357 4895 ;
1393 4845 1461 4884 ne
1493 4826 1867 4898 pra-judicium
1896 4825 2111 4881 ets-teris

507 4919 987 5007 faciatcongressu
1031 4925 1246 4998 impari.
1285 4923 1475 4978 Veniat
1502 4920 1696 4986 David,
1747 4919 1834 4975 etii
1863 4919 2112 4975 Christus

507 5055 571 5093 os
603 5032 808 5104 aperiat
846 5026 912 5082 ad
940 5019 1240 5092 eloquendo
1265 5015 1522 5088 mysteria
1556 5028 1572 5070 '.
1613 5013 1795 5070 veniat
1817 5013 1907 5068 ille
1949 5013 2113 5067 Naza-

510 5145 651 5187 rtcus
692 5122 890 5195 (Jurlic.
941 5132 1050 5182 xvi,
1095 5113 1207 5183 Π),
1237 5109 1389 5180 cujus
1421 5108 1648 5178 capillus
1674 5123 1782 5162 non
1809 5105 1990 5171 cadat,
2022 5105 2111 5162 vel

1010 5229 1228 5286 Vicinos,
1267 5225 1357 5276 tibi
1383 5223 1514 5273 nulla
1535 5224 1616 5272 sit.

630 5302 856 5354 Tia-ritus.
891 5295 1096 5356 Signum
1118 5282 1246 5354 quod
1274 5287 1537 5351 perhibent
1562 5297 1676 5334 esse
1699 5285 1858 5334 crucis
1879 5282 1992 5344 Dei,

793 5398 900 5474 Hoc
920 5391 1115 5480 sigrium
1139 5385 1314 5480 mediis
1337 5379 1579 5480 frontibus
1599 5383 1832 5480 additum,

809 5469 1103 5534 cunctarum
1124 5477 1365 5539 pecudum
1391 5478 1530 5522 certa
1551 5469 1684 5520 salus
1705 5469 1811 5520 fuit.

506 5596 777 5652 Cmterum
822 5600 944 5656 quae
973 5580 1294 5656 Ambrosius
1333 5574 1402 5655 de
1432 5573 1829 5656 dissensionum
1877 5572 1984 5656 fine
2032 5580 2113 5656 at-

501 5645 1151 5735 qrnon—animo'relaxando
1199 5645 1498 5735 superiorej
1529 5645 1668 5735 libr?
1718 5645 2094 5735 memorabat,

497 5714 694 5790 damon
735 5731 968 5783 obscure
1001 5719 1234 5790 probant
1270 5714 1438 5772 illum
1467 5714 1536 5770 de
1567 5714 1731 5771 rebus
1752 5715 1864 5784 jam
1900 5723 2097 5786 practe-

501 5805 622 5862 ritis
639 5802 728 5857 hic
755 5799 1047 5854 disserere.

2213 4642 2534 4706 inviolabili,
2565 4641 2660 4697 sed
2681 4641 3007 4712 corruptelae
3030 4641 3268 4696 obnoxio
3296 4683 3310 4709 ,
3340 4641 3490 4712 quod
3511 4652 3602 4696 aut
3649 4635 3789 4711 perfi-

2212 4734 2317 4789 ἀίω
2345 4733 2580 4788 involvat
2621 4735 2774 4788 ruina
2803 4775 2818 4799 ,
2847 4741 2943 4787 aut
2973 4731 3270 4788 iracundia:
3306 4733 3393 4787 vis
3423 4732 3681 4795 subruat,
3709 4737 3788 4784 aut

2212 4825 2568 4895 cupiditatum
2602 4823 2740 4895 ignis
2785 4833 2996 4879 exurat.
3036 4824 3100 4878 Et
3145 4823 3284 4880 bene
3311 4833 3442 4880 tunc
3471 4826 3650 4881 veniet
3686 4820 3788 4877 dies

2214 4916 2451 4982 Domini,
2481 4926 2534 4970 et
2565 4915 2956 4972 hrcviabunlur
2984 4914 3099 4970 dies
3131 4924 3352 4985 propter
3378 4911 3784 4989 electoswattlt.

2215 5024 2362 5073 xxiv,
2392 5008 2486 5078 2:2)
2518 5024 2534 5058 ι
2573 5008 2829 5078 quoniam
2859 5007 3002 5063 sicut
3055 5007 3260 5077 primus
3295 5007 3561 5063 adventus
3599 5001 3784 5060 Domini

2217 5107 2439 5172 propter
2470 5099 2780 5155 redimenda
2824 5110 3083 5169 peccata,
3127 5099 3200 5155 ita
3242 5107 3298 5155 et
3350 5099 3622 5156 secundus
3674 5110 3783 5167 pro.

2295 5225 2318 5252 η
2349 5217 2695 5286 Allegoricws
2714 5214 2996 5270 Trinitatis
3017 5214 3290 5271 confessio
3304 5213 3646 5270 describitur.
3672 5212 3784 5268 Por-

2220 5303 2284 5343 ro
2307 5303 2466 5342 voces
2495 5287 2624 5352 illae,
2653 5287 2850 5356 triplici
2874 5301 3051 5358 sparto
3085 5287 3327 5358 jaculum
3339 5287 3662 5358 intorquens,
3689 5296 3781 5358 non

2222 5358 2433 5414 hastam
2482 5351 2766 5427 designarit
2795 5351 3165 5420 amentatam.
3213 5356 3309 5412 sed
3355 5351 3588 5427 lapidem
3638 5351 3779 5427 funda

2220 5444 2543 5493 excussum;
2578 5423 2836 5497 quidquid
2881 5429 3024 5483 enim
3049 5427 3282 5497 iacimus
3306 5469 3323 5494 ,
3373 5423 3481 5482 non
3514 5423 3779 5497 improprie

2213 5500 2454 5570 jaculum
2488 5501 2861 5570 nominamus:
2895 5510 3128 5570 spartum
3155 5514 3284 5570 vero
3315 5499 3532 5568 ponitur
3555 5514 3647 5568 pro
3682 5497 3778 5564 ipsa

2220 5569 2381 5624 funda
2412 5586 2426 5635 ;
2465 5585 2530 5626 eo
2553 5570 2695 5640 quod
2727 5569 2891 5624 funda
2943 5578 3156 5624 texatur
3196 5585 3227 5624 e
3257 5569 3531 5636 funiculis,
3573 5581 3700 5639 quos
3724 5575 3778 5617 ex

2208 5641 2303 5711 illo
2346 5641 2542 5696 frutice
2571 5647 2785 5696 veteres
2811 5641 3266 5711 contorquebant.

2275 5710 2304 5750 b
2348 5712 2513 5766 Edit..
2546 5723 2594 5767 et
2631 5728 2805 5768 omnes
2837 5710 3036 5783 formas
3060 5713 3267 5766 virtutis
3292 5728 3313 5778 ;
3350 5725 3510 5777 mss.,
3543 5718 3589 5765 et
3623 5718 3773 5764 omnes

2203 5783 2435 5838 virtutes.
