3920 6310
133 302 269 360 1809
309 253 316 257 .

1083 301 1446 360 EXPOSITIO
1485 301 1744 360 EVANG.
1787 302 1938 360 SEC.
1979 299 2136 361 LUC.
2178 299 2308 359 LIB.
2377 301 2444 360 Χ.

3272 304 3414 363 1810

132 429 242 490 pter
267 430 293 459 ι
325 419 669 492 reprimenda
699 418 917 487 delicta,
949 434 1018 476 ne
1045 418 1231 492 plures
1253 419 1493 491 perfidiae
1522 433 1710 475 errore
1735 419 1792 480 Δ
1815 434 1922 489 que
1956 419 2215 475 Dominus
2244 428 2328 476 est
2357 419 2570 475 locutus
2591 462 2605 486 ,
2638 429 2692 474 et
2722 420 2846 476 ideo
2878 435 2978 477 nec
3008 419 3081 476 illi
3111 434 3295 476 errare
3324 434 3422 489 po-

132 515 433 661 latiaslifll'iinc
456 603 960 676 pseudoprophetze,
982 612 1111 659 tunc
1138 604 1326 660 fames.
1345 603 1551 676 Repete
1577 603 1712 659 mihi

129 698 251 754 Elite
275 705 545 769 tempora,
560 698 871 754 etinvenies
889 706 1014 753 tunc
1038 697 1331 768 prophetas
1351 697 1708 765 confusionis,

127 801 244 848 tunc
265 791 506 858 Iezabel,
530 803 652 848 tunc
675 790 891 857 famem,
911 803 1035 847 tunc
1061 791 1366 847 ariditatem
1391 799 1570 846 terrm.
1595 789 1708 858 Qua

126 884 354 940 ratione?
398 885 539 950 Quia
582 885 932 939 abundaverat
961 884 1201 954 iniquitas
1227 927 1240 950 ,
1274 885 1548 956 refrixerat
1587 883 1711 937 cha-

127 975 242 1032 ritas
290 975 474 1048 (Matt.
513 993 638 1033 mv
663 1020 678 1044 ,
712 977 823 1046 i2).
860 976 1103 1049 Denique
1149 976 1323 1048 justus
1362 976 1415 1031 in
1445 976 1666 1032 deserto
1692 1016 1708 1042 ,

128 1070 330 1141 iniquus
369 1070 424 1126 in
455 1086 624 1142 regno
650 1080 756 1128 est.

190 1162 272 1218 19.
302 1162 398 1218 Est
422 1163 564 1218 alius
591 1163 961 1220 Antichristus
993 1173 1184 1220 auctor
1212 1162 1370 1234 hujus
1395 1205 1411 1232 ,
1459 1163 1708 1220 diabolus

126 1255 334 1324 scilicet,
357 1257 451 1328 qui
483 1273 658 1313 meam
685 1257 1044 1326 Hierusalem,
1077 1273 1252 1314 meam
1276 1257 1536 1323 animam,
1559 1266 1708 1314 certe

127 1351 341 1406 animam
365 1350 508 1420 Dei,
551 1349 784 1407 animam
810 1351 1093 1422 pacificum
1118 1351 1375 1408 obsidere
1422 1352 1628 1406 nitatur
1675 1348 1704 1389 ι)

127 1457 223 1498 sua:
251 1443 756 1515 legionisexercitu.
785 1444 908 1499 Non
937 1454 1014 1499 est
1040 1444 1184 1500 enim
1219 1443 1518 1499 colluctatio
1562 1442 1722 1498 nobis‘

126 1537 348 1590 adversus
376 1553 585 1593 carnem
606 1548 653 1594 et
680 1539 983 1611 sanguinem
1004 1555 1024 1594 :
1051 1539 1141 1593 sed
1160 1539 1405 1594 adversus
1433 1538 1706 1609 principa-

125 1639 197 1683 tus
221 1637 264 1684 et
285 1639 583 1699 potestates,
617 1631 869 1687 adversus
897 1632 1076 1686 mundi
1103 1632 1260 1702 hujus
1288 1645 1538 1698 rectores,
1564 1641 1703 1685 tene-

126 1724 314 1778 brarum
359 1726 550 1780 harum
578 1725 804 1796 (Ephes.
842 1743 926 1792 vt,
961 1725 1072 1797 t2).
1122 1725 1276 1782 Tunc
1315 1734 1402 1782 est
1439 1725 1705 1782 discessio

1823 522 2062 570 tuerunt.
2094 514 2115 536 '
2143 513 2243 583 Qui
2283 515 2442 586 igitur
2471 515 2740 585 quadrare
2770 516 2972 586 poterit
3009 515 3279 572 discordia
3329 514 3417 570 lit-

1823 614 1934 660 tera
1943 622 2058 660 rum
2074 607 2098 659 ?

1887 695 1980 752 25.
2020 696 2127 752 Sed
2159 698 2281 768 quia
2314 697 2384 752 ibi
2416 697 2614 753 bellum
2642 709 2764 765 est,
2795 707 3185 755 convertamur
3208 697 3275 752 ad
3306 697 3421 767 spi-

1815 788 1979 842 ritum
2013 788 2199 858 pacis;
2235 789 2340 843 Pax
2383 789 2527 844 enim
2567 791 2704 845 dixit
2733 809 2746 846 :
2779 789 2972 846 Mulier
2999 807 3112 844 cum
3155 792 3417 861 parturit,

1813 882 2078 936 tristitiam
2109 883 2256 936 habet
2277 925 2291 948 ,
2321 884 2443 954 quia
2466 885 2600 938 venit
2627 885 2756 939 hora
2783 888 2896 958 ejus
2920 901 2939 940 :
2966 902 3084 939 eum
3124 898 3294 939 autem
3323 899 3414 954 pe—

1815 975 2004 1043 pererit
2026 1017 2041 1040 ,
2061 978 2178 1046 jam
2207 973 2226 1012 ί
2260 991 2363 1030 ηοιι
2395 977 2627 1030 meminit
2656 978 2900 1031 tristitia’.
2947 977 3168 1033 Habetis
3215 978 3411 1032 iterum

1813 1065 1955 1136 quod
1987 1066 2260 1135 subjecit:
2296 1066 2363 1120 Et
2399 1083 2487 1121 vos
2515 1069 2670 1123 modo
2705 1069 2910 1138 quidem
2946 1070 3205 1124 tristitiam
3247 1067 3412 1123 habe-

1811 1158 1908 1226 tis,
1947 1159 2135 1213 iterum
2163 1169 2336 1214 autem
2365 1161 2542 1215 videbo
2571 1178 2690 1229 vos,
2719 1172 2766 1216 et
2804 1165 3042 1234 gaudebit
3069 1180 3158 1218 eor
3189 1173 3412 1218 vestrum

1812 1249 2009 1319 (Joan.
2040 1267 2160 1317 xvi,
2199 1251 2265 1306 2t
2306 1263 2354 1306 et
2396 1253 2542 1324 22);
2578 1263 2634 1308 ut
2663 1250 2996 1311 'ostenderet
3045 1255 3411 1326 perfectorum

1810 1359 1930 1400 esse
1958 1346 2165 1422 laetari;
2193 1357 2388 1403 nutare
2414 1347 2753 1404 infirmorum
2773 1391 2788 1416 ,
2819 1349 2973 1420 quasi
2999 1349 3176 1404 adhuc
3206 1351 3412 1406 incerta

1810 1438 2189 1493 metuentium.
2221 1439 2329 1494 Sed
2369 1447 2426 1495 et
2455 1439 2542 1496 hic
2582 1441 2635 1496 in
2669 1442 3041 1511 superioribus
3069 1441 3202 1496 dixit
3229 1458 3242 1494 :
3273 1437 3416 1494 Ede-

1809 1528 1931 1583 bant
1956 1539 2003 1583 et
2031 1529 2263 1585 bibebant
2288 1547 2306 1586 .'
2345 1531 2600 1587 nubebant
2619 1577 2632 1599 ,
2664 1543 2711 1586 et
2740 1550 2927 1588 uxores
2964 1534 3214 1588 ducebant
3243 1531 3409 1605 (Luc.

1810 1634 1919 1674 xvu
1945 1662 1959 1684 ,
1989 1619 2086 1690 27)
2111 1663 2126 1687 ,
2160 1620 2390 1690 ligautes
2419 1623 2631 1679 scilicet
2649 1639 2709 1678 se
2737 1624 2789 1678 in
2816 1623 2954 1678 hanc
2983 1625 3146 1678 vitam
3169 1665 3184 1690 ,
3214 1631 3269 1677 et
3300 1622 3413 1676 sol-

1808 1711 2179 1767 licitudinihus
2208 1714 2558 1770 saecularibus
2583 1715 2903 1770 vincientes.
2937 1714 3031 1769 Ha:
3069 1720 3197 1768 sunt
3225 1713 3410 1783 itaque

124 1832 231 1873 cum
267 1819 442 1874 anima
475 1835 506 1874 a
552 1835 613 1876 se
661 1822 778 1890 ipsa
805 1821 1096 1876 desciscit.
1124 1830 1178 1876 et
1209 1835 1396 1876 rursus
1427 1836 1547 1874 cum
1597 1820 1687 1875 Do

1807 1812 2151 1875 pragnantes
2199 1806 2395 1875 quibus
2438 1822 2518 1860 vae
2555 1805 2754 1862 dicitur
2780 1848 2793 1870 ,
2836 1822 2958 1877 qute
3005 1807 3248 1860 arvinam
3293 1817 3408 1858 sua:

128 1909 307 1965 minum
334 1912 569 1983 cogitat,
600 1913 782 1969 tremit
812 1924 973 1982 atque
1001 1913 1266 1968 turbatur.
1320 1926 1340 1950 ο
1381 1912 1536 1968 Tunc
1577 1927 1701 1968 cum

125 2003 359 2060 interiora
401 2006 775 2063 Antichristus
806 2017 953 2063 tenet
988 2026 1001 2062 :
1036 2009 1211 2064 donec
1242 2007 1309 2062 de
1339 2007 1518 2064 medio
1568 2007 1659 2063 liat
1682 2049 1698 2074 ,

125 2095 357 2166 iniustitia
385 2099 648 2165 exsultat,
674 2099 931 2171 iniquitas
964 2109 1175 2172 regnat.
1205 2099 1360 2155 Tunc
1390 2099 1525 2155 lides
1554 2116 1697 2169 rara,

127 2197 177 2242 ut
219 2189 325 2260 ipse
360 2191 517 2261 quasi
565 2191 894 2248 addubitans
950 2193 1212 2247 Dominus
1263 2191 1502 2248 dixerit:
1558 2191 1702 2248 Tunc

125 2281 306 2336 veniens
328 2283 472 2352 ﬁlius
498 2284 748 2352 hominis,
793 2285 1042 2356 numquid
1071 2283 1096 2322 ἀ
1121 2286 1340 2340 inueniet
1359 2285 1514 2356 fidem
1545 2303 1700 2357 super

127 2386 293 2432 terram
318 2377 469 2450 (Luc.
498 2395 654 2446 xvut,
685 2381 765 2452 8),
795 2381 880 2436 vel
903 2381 956 2435 in
990 2392 1176 2435 nostra
1207 2381 1393 2451 utique
1418 2391 1586 2449 terra,
1613 2380 1698 2436 vel

126 2467 170 2521 in
213 2469 335 2525 orbe
373 2471 684 2527 terrarum?
728 2471 818 2527 Sic
848 2481 903 2527 et
956 2472 1125 2530 alibi:
1168 2472 1426 2528 Dominus
1474 2474 1699 2546 respexit

125 2574 258 2628 super
284 2561 417 2632 ﬁlios
461 2564 756 2628 hominum,
784 2565 829 2619 si
875 2574 948 2618 est
977 2564 1271 2636 intelligens
1299 2577 1388 2619 aut
1433 2567 1696 2636 requirens

126 2649 270 2707 Deum
288 2655 458 2725 (Psal.
486 2673 605 2724 stu,
636 2657 695 2728 2)
722 2676 734 2712 ε
754 2657 871 2713 Non
890 2658 1012 2728 quia
1034 2658 1244 2713 dubitet
1264 2659 1426 2724 Deus,
1452 2660 1546 2715 sed
1567 2660 1694 2730 quia

125 2747 183 2801 ita
211 2764 320 2806 rara
347 2754 452 2808 erit
481 2753 536 2807 in
570 2753 884 2808 hominibus
909 2753 1138 2820 fides,ut
1160 2754 1454 2808 secundum
1478 2754 1693 2822 opinio-

121 2855 224 2896 nem
250 2842 522 2902 hominum
562 2846 844 2902 videretur
873 2863 996 2903 esse
1019 2846 1396 2903 dubitandum.

178 2939 256 2997 20.
292 2943 428 3014 Ergo
456 2943 684 3014 quando
732 2944 784 2998 in
831 2944 1013 2999 medio
1045 2943 1233 3012 templi
1285 2951 1369 2998 est
1398 2941 1645 2997 diabolus
1674 2983 1690 3008 ,

120 3030 355 3091 desolatio
395 3036 834 3092 abominationis
887 3045 1007 3101 est,
1059 3036 1358 3092 secundum
1415 3034 1690 3089 Danielem

120 3125 406 3194 prophetam
435 3126 613 3200 (Dan.
641 3126 822 3198 ts,27)
851 3142 1006 3182 :cum
1025 3139 1206 3183 autem
1227 3126 1519 3197 unicuique
1541 3125 1693 3180 labo-

1805 1898 1985 1952 carnis
2033 1898 2362 1966 extendant,
2392 1909 2448 1954 et
2481 1899 2675 1969 quibus
2716 1900 3028 1954 intimorum
3069 1911 3288 1969 gressus
3327 1895 3408 1966 pi-

1804 2000 2019 2062 grescat
2062 1991 2364 2048 animorum
2391 2033 2406 2059 ,
2441 1993 2612 2048 elfetaa
2640 1993 2900 2048 virtutum
2929 2035 2943 2059 ,
2978 1994 3208 2063 letteque
3247 1991 3409 2046 vitio-

1805 2102 1945 2142 rum.

1873 2178 1965 2234 24.
2005 2179 2111 2235 Sed
2145 2194 2245 2236 nec
2273 2181 2379 2250 illic
2405 2190 2748 2252 pra-gnantes
2791 2177 3264 2235 condemnationis
3302 2191 3404 2233 ex-

1802 2283 1981 2331 sortes
2003 2285 2167 2342 sunt,
2202 2290 2324 2346 quae
2349 2275 2401 2329 in
2433 2275 2698 2330 honorum
2725 2283 2944 2329 actuum
2973 2272 3252 2328 molimine
3273 2285 3405 2326 con-

1800 2366 2033 2433 stitutat,
2065 2367 2296 2423 necdum
2326 2368 2538 2439 aliquos
2565 2368 2801 2437 suscepti
2833 2366 3018 2435 Operis
3045 2365 3245 2421 dedere
3276 2379 3402 2435 pro-

1800 2471 2011 2513 cessus.
2035 2456 2175 2515 Sunt
2195 2459 2340 2514 enim
2368 2470 2420 2515 et
2448 2475 2568 2531 quae
2597 2459 2666 2515 de
2697 2459 2791 2513 Dei
2825 2459 3017 2513 timore
3043 2458 3394 2527 concipiunt,

1800 2565 1920 2620 qua:
1947 2550 2132 2606 dicunt
2157 2569 2170 2605 :
2201 2551 2280 2606 De
2307 2553 2490 2606 timore
2518 2562 2606 2606 tuo
2651 2555 2978 2621 concepimus
3021 2561 3069 2604 et
3114 2550 3396 2620 parturivi-

1799 2658 1911 2697 mus
1956 2641 2134 2713 (Esai.
2160 2659 2318 2710 xxvt,
2351 2644 2464 2714 18).
2493 2644 2599 2699 Sed
2633 2637 2744 2699 non
2770 2659 2958 2700 omnes
2987 2643 3203 2713 pariunt
3224 2685 3239 2705 ,
3287 2659 3397 2698 non

1798 2751 1989 2790 omnes
2021 2735 2282 2806 perfecti,
2314 2751 2422 2791 non
2452 2751 2642 2791 omnes
2671 2745 2898 2807 possunt
2925 2735 3109 2792 dicere
3136 2752 3148 2789 :
3180 2734 3400 2804 Peperi—

1797 2843 1910 2881 mus
1939 2827 2174 2896 spiritum
2196 2829 2380 2882 salutis
2407 2830 2461 2882 in
2489 2838 2623 2882 terra
2645 2844 2663 2883 :
2689 2845 2792 2883 non
2817 2844 3007 2884 omnes
3036 2827 3218 2884 Marite
3238 2869 3252 2893 ,
3274 2843 3396 2899 qua:

1797 2921 1864 2975 de
1891 2920 2094 2991 Spiritu
2125 2931 2314 2976 sancto
2347 2921 2620 2976 Christum
2653 2923 2964 2990 concipiant
2985 2963 2999 2987 ,
3030 2921 3266 2976 Verbum
3299 2937 3397 2991 pa-

1795 3013 1961 3068 riant.
1991 3013 2134 3069 Sunt
2159 3014 2302 3069 enim
2331 3028 2452 3083 quae
2475 3013 2781 3068 abortivum
2806 3013 3100 3068 excludant
3126 3012 3358 3067 Verbum
3379 3053 3393 3075 ,

1795 3115 2084 3177 antequam
2117 3107 2333 3177 pariant
2363 3124 2374 3160 :
2409 3117 2534 3161 sunt
2563 3121 2684 3176 qua:
2713 3105 2766 3159 in
2807 3116 2966 3161 utero
2995 3103 3268 3160 Christum
3301 3105 3396 3158 ha—

118 3217 235 3270 tanti
276 3196 470 3274 Christi
546 3196 833 3290 praesentia
879 3219 1139 3290 spiritalis
1187 3196 1449 3282 illuxerit,
1483 3218 1690 3273 tollitur
1717 3197 1761 3261 C
1797 3197 2113 3290 δεθηίιεθά
2159 3212 2282 3253 eum
2317 3197 2557 3252 ηθηάυῖη
2596 3198 2965 3253 formaverunt
2989 3240 3003 3263 ι
3036 3198 3231 3267 Quibus
3260 3196 3397 3252 ⁸1ἱαὶ-

118 3305 302 3380 iniquus
321 3313 573 3378 emedio,
591 3324 644 3368 et
659 3313 847 3384 incipit
871 3313 1321 3384 regnarejnstitia
1337 3328 1457 3383 qua:
1468 3327 1686 3390 omnem

116 3397 322 3480 fidelium
348 3406 632 3462 mentibus
654 3415 881 3463 evacuat
912 3407 1296 3478 principatum.

170 3492 250 3548 2t.
290 3495 383 3553 Est
421 3501 596 3556 etiam
642 3501 833 3554 tertius
882 3497 1290 3564 Autichristus,
1344 3507 1433 3552 aut
1481 3497 1641 3552 Arius
1667 3541 1681 3565 ,

122 3583 304 3660 1509
325 3598 417 3645 aut
441 3590 722 3647 Sabellius
747 3608 761 3655 ;
797 3592 964 3646 immo
988 3606 1178 3646 omnes
1207 3599 1335 3645 sunt
1365 3590 1683 3646 Antichristi

119 3675 193 3743 Qui
211 3694 364 3748 prava
386 3697 486 3739 nos
508 3683 964 3752 interpretatione
987 3684 1272 3738 seducunt.
1326 3683 1394 3738 Et
1423 3683 1546 3738 ideo
1593 3685 1684 3753 qui

122 3764 220 3836 legit
239 3771 485 3845 intelligat
507 3773 987 3848 (Matth.xxtv,i5)
1015 3791 1028 3828 :
1054 3775 1144 3844 qui
1170 3775 1442 3842 intelligit,
1469 3790 1574 3830 non
1597 3791 1684 3830 sc-

118 3855 341 3932 ducatur,
369 3877 425 3922 ut
452 3867 646 3923 credat
673 3865 804 3922 falsa
838 3881 934 3936 pro
960 3867 1125 3933 veris,
1176 3882 1325 3921 more
1363 3868 1549 3938 utique
1579 3867 1679 3922 Ju-

117 3950 348 4026 dzeorum,
398 3963 488 4031 qui
541 3975 736 4016 verum
779 3959 1052 4016 Christum
1107 3968 1481 4029 negaverunt;
1536 3961 1680 4017 unde

118 4057 424 4123 consequens
444 4055 548 4110 erit
578 4063 636 4109 ut
654 4053 881 4110 credant
909 4069 1097 4109 verum
1129 4069 1251 4109 esse
1278 4054 1366 4124 qui
1395 4053 1560 4108 falsus
1573 4064 1676 4108 est:

115 4137 178 4193 sic
201 4151 249 4196 et
271 4143 479 4216 Ariani,
510 4148 883 4220 quod’negant
903 4147 1121 4204 Christo
1142 4191 1156 4215 ,
1207 4148 1544 4204 Antichristo
1569 4163 1677 4204 non

117 4234 373 4300 negabunt.

176 4325 338 4398 (Vers.
361 4331 477 4406 23.)
519 4331 612 4388 γω
638 4333 745 4389 illis
780 4349 894 4404 quae
919 4333 970 4387 in
1012 4342 1156 4388 utero
1196 4334 1416 4402 habent,
1445 4344 1492 4389 et
1522 4333 1677 4388 ubera

113 4416 216 4472 dant
239 4421 287 4476 in
307 4424 406 4480 illis
429 4426 647 4482 diebus!

169 4511 249 4567 εἰ.
287 4516 423 4589 Ergo
473 4520 762 4590 conceptio
801 4519 1097 4574 criminosa
1136 4517 1262 4573 est?
1310 4518 1469 4588 Atqui
1515 4516 1674 4573 liberi

1796 3300 1921 3346 tur:
1956 3289 2142 3346 Filioli
2169 3294 2268 3346 mei
2293 3332 2308 3358 ,
2340 3309 2465 3363 quos
2491 3293 2674 3345 iterum
2715 3292 2981 3364 parturio,
3014 3293 3176 3344 donec
3205 3291 3393 3360 forme-

1793 3393 1876 3439 tur
1901 3382 2138 3439 Christus
2169 3385 2221 3439 in
2250 3385 2388 3439 vobis
2429 3383 2626 3454 (Galat.
2655 3400 2738 3449 tv,
2776 3383 2887 3454 19).
2923 3383 3067 3453 Ergo
3093 3383 3185 3454 qui
3215 3382 3393 3438 adhuc

1792 3478 1846 3534 in
1895 3487 2050 3534 utero
2079 3487 2242 3544 sunt,
2283 3481 2660 3548 parturiuntur
2699 3475 2855 3547 quasi
2898 3475 3243 3545 imperfecti:
3279 3476 3390 3544 jam

1791 3572 1866 3626 illi
1914 3571 2295 3641 perfectiores,
2328 3572 2523 3642 quibus
2553 3571 2756 3627 dicitur
2787 3587 2801 3625 :
2835 3569 2945 3642 Ego
2977 3585 3067 3624 vos
3096 3584 3187 3641 per
3218 3567 3392 3623 Evan-

1787 3665 1982 3737 gelium
2014 3664 2173 3736 genui
2201 3665 2242 3736 (Ι
2276 3661 2398 3718 Cor.
2426 3679 2507 3728 tv,
2542 3663 2654 3730 15).

1858 3756 1952 3812 25.
1994 3757 2147 3811 Multi
2179 3765 2360 3826 patres
2395 3771 2489 3825 per
2531 3754 2884 3824 Evangelium
2907 3794 2923 3820 ,
2955 3764 3007 3809 et
3049 3752 3232 3808 multa:
3272 3767 3388 3808 ma-

1787 3859 1902 3906 tres
1930 3869 2046 3919 quu'
2077 3850 2356 3906 Christum
2388 3849 2624 3919 pariunt.
2659 3847 2791 3916 Quis
2817 3847 2948 3901 mihi
2990 3847 3152 3916 igitur
3181 3845 3384 3901 Christi

1786 3953 2054 3999 monstret
2101 3941 2396 4012 parentes?
2433 3939 2553 4009 Ipse
2600 3939 2958 4001 monstravit,
2991 3937 3221 3992 dicens:
3256 3937 3388 4004 Quae

1783 4038 1914 4092 mihi
1944 4047 2018 4092 est
2046 4044 2245 4101 mater,
2277 4044 2370 4088 aut
2398 4034 2485 4106 qui
2513 4033 2834 4103 fratres
2869 4032 2970 4097 Qui
2999 4032 3177 4101 fecerit
3205 4032 3388 4086 uolun-
3431 4092 3441 4096 _

1783 4139 1937 4184 tatem
1969 4127 2147 4182 Patris
2173 4128 2273 4182 mei
2298 4127 2387 4197 qui
2415 4126 2469 4180 in
2495 4125 2636 4180 ca'lis
2663 4133 2737 4179 est
2761 4165 2776 4192 ,
2809 4124 2922 4192 ipse
2946 4124 3075 4178 mihi
3117 4133 3164 4177 et
3190 4126 3382 4195 frater,
3439 4117 3442 4120 ’

1781 4231 1831 4278 et
1855 4238 2032 4289 soror,
2066 4231 2112 4274 et
2139 4231 2302 4274 mater
2331 4227 2404 4274 est
2443 4217 2660 4289 (Matth.
2692 4233 2768 4272 xu
2791 4259 2805 4282 ,
2834 4215 2906 4272 48
2933 4226 2980 4271 et
3005 4216 3120 4287 50).
3155 4215 3262 4271 Fac
3291 4231 3387 4270 vo-

1743 4306 2044 4372 ‘luntatem
2081 4313 2260 4368 Patris
2283 4353 2300 4380 ,
2330 4319 2390 4366 ut
2426 4308 2626 4364 Christi
2676 4317 2851 4380 mater
2892 4309 2988 4362 sis.
3023 4307 3204 4364 Multae
3247 4322 3384 4363 cou-

1779 4414 2046 4477 ceperunt
2069 4403 2344 4460 Christum
2370 4443 2383 4468 ,
2415 4411 2472 4456 et
2503 4416 2608 4454 non
2639 4408 2964 4470 genuerunt.
3001 4399 3144 4468 Ergo
3171 4399 3386 4470 1510

1779 4520 1902 4576 qua:
1934 4505 2077 4575 parit
2113 4499 2382 4572 justitiam
2407 4539 2422 4565 ,
2450 4497 2725 4552 Christum
2756 4497 2895 4565 parit
2920 4512 2932 4546 :
2962 4509 3083 4564 qua:
3111 4495 3256 4563 parit
3295 4507 3382 4546 sa-

114 4607 302 4669 przemia
344 4582 662 4680 nuptiarum
681 4619 827 4666 sunt.
862 4610 930 4665 Et
971 4610 1244 4680 quomodo
1272 4582 1460 4666 Sara-tn
1494 4611 1675 4665 Domi-

1802 4597 2038 4652 tientiam
2066 4635 2081 4659 ,
2125 4591 2403 4649 Christum
2456 4589 2635 4658 parit:
2679 4602 2797 4656 qua:
2843 4583 3075 4655 parturit
3115 4582 3377 4651 verbum,

112 4707 196 4750 nus
231 4697 540 4770 benedixit,
574 4710 631 4758 et
670 4704 917 4773 peperit?
947 4701 1232 4771 Quomodo
1262 4703 1414 4756 Anna
1455 4703 1670 4767 oravit,

111 4796 156 4838 et
191 4792 402 4857 genuit?
427 4794 712 4862 Quomodo
739 4795 940 4851 Rachel
971 4794 1109 4850 tilios
1150 4793 1434 4849 benedicta
1479 4807 1668 4848 susce-

114 4877 491 4955 Pithumquid
537 4895 861 4943 erraverunt
903 4889 1216 4958 prophetae,
1257 4885 1512 4957 quoniam
1559 4886 1669 4942 Do-

111 4961 263 5021 minus
308 4983 488 5027 errare
531 4987 638 5029 non
683 4973 900 5044 potuit?
944 4971 1050 5029 Sed
1100 4973 1154 5027 in
1199 4969 1482 5042 prophetis
1526 4985 1666 5042 quo-

172 5105 206 5180 ᾖ.
229 5098 362 5180 Edit.
401 5103 705 5180 Amerb._et_
733 5104 890 5161 Rom.
922 5119 1044 5162 cum
1074 5105 1274 5180 paucis
1297 5120 1429 5161 mss.
1461 5112 1670 5177 prapter

111 5167 380 5226 redimenda
405 5175 614 5232 delicta.
639 5177 813 5232 Minus
840 5167 1145 5232 commode.

169 5236 193 5276 δ
235 5241 349 5298 Mss.
381 5243 494 5301 fere
523 5248 594 5320 ad
617 5264 781 5303 unum
807 5290 822 5312 ,
867 5247 1143 5320 suwilegis
1181 5247 1428 5320 exercitu.
1470 5245 1669 5320 Melius

113 5314 267 5392 tamen
305 5326 507 5392 cuncta:
537 5319 667 5392 edit.
694 5360 710 5384 ,
735 5334 844 5374 suae
881 5314 1121 5392 legionis
1169 5319 1418 5374 exercitu.
1468 5317 1668 5392 Facilis

111 5386 284 5460 quippe
302 5386 616 5457 scriptorum
633 5391 815 5460 lapsus
829 5386 1005 5460 triutir
1006 5390 1403 5445 elementorum
1421 5391 1665 5446 omissio.

173 5462 193 5488 ε
228 5453 342 5510 Vet.
373 5453 503 5513 edit.
525 5475 586 5516 ac
608 5453 764 5529 pauci
790 5475 948 5526 mss.,
964 5459 1112 5515 Tunc
1133 5478 1249 5515 eum
1272 5462 1367 5515 iste
1378 5460 1669 5516 Antichris-

113 5527 182 5604 tua
203 5532 320 5604 tenet
343 5544 368 5604 :_
398 5529 557 5604 donec
595 5527 658 5586 de
683 5531 851 5604 medio
897 5532 988 5601 ﬁat
1007 5573 1020 5592 ,
1042 5533 1251 5604 justitia
1281 5532 1478 5604 exulat.
1506 5533 1661 5589 Hom.

111 5585 238 5647 Tunc
259 5585 745 5657 Antichristustenet
767 5619 786 5657 .-
817 5585 941 5656 duin
958 5585 1182 5674 'jitinna
1223 5585 1423 5674 exulat.
1446 5585 1668 5674 etiam

115 5675 241 5749 mssa
269 5683 452 5749 magno
480 5685 748 5749 consensu
780 5672 1064 5749 nobiscum
1094 5672 1332 5749 faciunt;
1367 5673 1469 5728 nisi
1520 5672 1663 5744 quod

113 5743 482 5871 partiam,
516 5743 566 5799 in
591 5743 912 5813 quibusdam
941 5752 1146 5798 tantum
1175 5744 1437 5814 legiturin
1462 5743 1663 5802 te.'non

419 5822 471 5866 υ,
669 5836 672 5840 .

153 5817 263 5860 (1νο
298 5817 449 5866 an“!
460 5842 471 5864 ι
669 5836 672 5840 ’

1777 4688 2049 4745 Christum
2094 4684 2344 4754 parturit.

1847 4781 1938 4836 26.
1984 4780 2081 4834 Est
2123 4781 2287 4833 etiam
2318 4791 2439 4845 qua:
2470 4771 2757 4845 parturivit
2797 4770 3118 4841 iniustitiam
3141 4810 3156 4836 ,
3186 4777 3242 4826 et
3282 4783 3377 4840 pe-

1775 4873 1914 4944 perit
1960 4869 2321 4940 iniquitatem.
2355 4867 2477 4921 lstis
2502 4881 2582 4919 vae
2613 4861 3016 4934 praegnantibus
3037 4903 3053 4929 ,
3091 4875 3209 4932 quae
3255 4875 3376 4916 θοι-ο

1774 4981 1909 5036 pore
1965 4975 2198 5034 graves,
2246 4960 2312 5014 ad
2362 4956 2703 5013 evadendum
2761 4955 3060 5025 periculum
3112 4953 3378 5025 pigriores

1843 5094 1871 5135 ἀ
1911 5095 2041 5152 Mss.
2078 5093 2350 5160 nonnulli,
2384 5093 2602 5148 inveniet
2629 5107 2811 5164 pacem
2827 5106 2980 5161 super
2999 5099 3209 5145 terram.

1849 5199 1872 5226 ε
1904 5187 2053 5243 Edit.
2078 5187 2206 5242 Era.
2232 5195 2289 5241 et
2332 5184 2460 5241 Gill.
2487 5183 2541 5239 in
2573 5184 2906 5254 margineﬁac
2935 5181 3094 5236 Rom.
3138 5183 3190 5236 in
3224 5191 3372 5240 textu

1772 5276 1896 5318 cum
1931 5273 2065 5315 mss.
2105 5254 2412 5321 nonnullis,
2449 5255 2589 5322 Quid
2616 5253 2793 5328 ergo}:
2804 5253 3022 5328 Errare“
3037 5255 3221 5328 poterit
3261 5256 3374 5308 dis-

1773 5332 1956 5387 cordia
1983 5329 2315 5384 litterarum?
2338 5328 2555 5382 Eaedem
2592 5323 2722 5380 edi't.
2754 5325 2880 5378 Era.
2904 5332 2960 5379 et
2984 5323 3110 5378 Gill.
3141 5325 3192 5377 in
3226 5332 3375 5380 textu

1773 5420 1897 5458 cum
1930 5401 2153 5456 Atnerb.
2191 5397 2533 5468 maximaque
2569 5405 2724 5466 parte
2753 5393 3243 5468 mss.Quid__(mss.
3273 5397 3376 5450 ali-

1772 5485 1938 5546 quot,
1969 5469 2117 5546 quis)
2157 5469 2417 5546 quadrare
2447 5465 2998 5546 poteritudiscordiam
3041 5465 3372 5546 litterarum?

1773 5538 2251 5614 Elegantins'vero
2293 5538 2469 5595 Cnrb.’
2506 5547 2562 5595 et
2606 5539 2696 5593 alii
2726 5538 2943 5607 quidam
2966 5577 2980 5602 ,
3013 5551 3151 5606 quos
3197 5541 3370 5593 secuti

1769 5629 2046 5741 8mfmllgdit.
2077 5694 2129 5738 et
2162 5682 2318 5754 pauci
2361 5696 2528 5748 mss.,
2571 5697 2673 5735 non
2710 5677 2939 5754 meminit
2982 5693 3255 5754 pressurae.
3297 5677 3368 5735 Et

1772 5758 2023 5822 subiecit;
2054 5754 2145 5811 alii
2163 5748 2371 5821 magno
2401 5763 2674 5811 consensu
2705 5760 2761 5806 ut
2792 5764 2893 5806 nos
2922 5748 2977 5806 ln
3008 5748 3176 5806 testu.
