3920 6328
130 259 258 327 ιειδ
1045 269 1410 331 exposmo
1450 249 1705 333 cvm.
1748 247 1898 336 sic.
1939 253 2097 336 ch.
2139 277 2271 336 ue.
2313 279 2438 335 x.“
3223 287 3392 359 sisit

128 385 288 439 serltlo
327 377 406 436 bis
444 377 665 436 acutus:
695 386 750 437 et
788 375 917 438 neat
957 381 1113 454 Signa‘
1149 377 1365 441 diversa
1399 379 1454 442 it’t‘
1483 373 1600 444 sole
1637 381 1694 446 et
1719 391 1774 454 Α
1797 375 1969 447 veteri
2001 375 2391 449 Testamento:
2426 369 2494 449 In
2517 373 2780 472 alumna,
2810 377 3008 474 inquit,
3041 377 3191 456 nubi:
3213 381 3394 474 lioque-

129 479 239 532 luua
260 485 311 532 et
352 475 542 533 stellis.
695 565 699 566 ν
761 565 765 566 γ
1033 557 1066 566 η
1617 561 1620 566 Ξ
1798 484 1947 537 batur
1972 483 2040 537 ad
2064 501 2149 539 eos
2179 479 2354 554 (Psal.
2384 467 2570 553 xcvtit,
2605 481 2682 561 7).
2713 477 2814 545 Per
2837 467 3060 566 liioy'sen
3087 467 3290 564 utique
3325 473 3405 550 lo-

189 570 267 625 57.
306 567 435 636 Quae
480 569 628 640 signa
677 565 974 627 secundum
1024 563 1335 629 Matthteuin
1371 565 1696 662 (evidentius
1794 575 2083 662 quehatur,
2108 594 2205 650 per
2228 565 2412 635 desum
2437 565 2608 647 Nave,
2648 583 2741 653 qui
2780 563 2951 641 solem
2982 587 3406 662 statuit(Jasue

129 664 511 733 exprimuntur:
541 661 708 730 Tunc,
742 663 948 736 inquit,
976 666 1056 721 sol
1082 659 1472 737 obscurabitur,
1501 678 1546 723 et
1569 670 1695 723 luna
1796 685 1855 743 x_,
1888 656 2018 742 42);
2072 680 2129 726 ut
2173 673 2434 742 plenio’ris
2475 669 2695 731 luminis
2746 667 3024 748 acciperet
3072 656 3398 738 claritatem.

130 773 215 810 non
243 753 381 808 dabit
404 753 572 809 lumen
601 772 746 810 suum
769 799 782 824 ,
808 765 858 812 et
887 747 1050 814 stella:
1074 761 1259 850 cadent
1287 759 1502 832 (Matth.
1529 767 1692 830 χχιιι,
1797 757 1944 832 Ergo
1979 759 2193 835 Mayses
2230 774 2285 819 et
2330 763 2491 820 Iesus
2533 767 2703 846 nubes
2734 747 2881 823 sunt.
2912 769 3112 855 Aspice
3139 773 3264 843 quia
3298 768 3402 828 viri

129 850 235 919 29).
266 848 512 904 Plurimis
555 848 700 904 enim
741 865 771 904 a
804 849 1062 922 religione
1107 843 1519 921 deficientibus,
1548 855 1694 910 clara“
1799 854 1974 908 sancti
1997 849 2179 934 (nubes
2221 863 2370 924 sunt,
2405 856 2495 928 q'ui
2543 842 2682 914 sicut
2721 860 2895 917 nubes
2926 842 3135 930 volant,
3158 842 3215 934 et
3244 866 3404 934 quasi

132 944 247 1000 fides
273 943 642 998 Obscurabitur
673 945 814 1001 nube
853 944 1129 1018 perfidiae;
1163 945 1285 1018 quia
1332 947 1465 1003 mihi
1491 950 1572 1004 sol
1603 950 1700 1005 ille"
1797 933 2068 1002 columbm
2090 962 2212 1003 cum
2247 947 2433 1019 pullis.
2472 935 2648 1021 Super
2677 946 2764 1007 me
2793 947 2963 1009 nubes
3011 953 3139 1010 sunt
3185 933 3398 1021 Esaias,

130 1037 342 1092 caelestis
370 1037 486 1091 m'ea
517 1035 620 1092 fide
643 1033 730 1093 vel
762 1038 1056 1105 minuitur,
1086 1042 1172 1096 vel
1213 1050 1463 1112 augetur,
1492 1042 1696 1109 Quem-
1800 1041 2076 1107 Ezechiel,
2108 1043 2198 1110 qui
2225 1042 2354 1097 mihi
2377 1041 2476 1112 per
2495 1043 2790 1100 Clterubim
2814 1056 2869 1102 et
2891 1047 3180 1118 Seraphim
3201 1051 3403 1104 sancti—

131 1128 390 1183 adtnodttm
413 1128 458 1182 si
488 1125 705 1199 plurimi
734 1125 916 1186 radios
946 1131 1203 1187 mundani
1232 1133 1363 1188 solis
1391 1133 1694 1202 aSpiCiant,
1799 1125 1968 1189 tatem
2024 1133 2224 1190 divitue
2279 1129 2565 1191 Trinitatis
2621 1121 2912 1194 ostendunt
2959 1141 3128 1214 (Esai.
3184 1159 3276 1209 ιιι,
3321 1143 3400 1214 8).

132 1237 215 1291 pro
236 1230 380 1291 captu
411 1221 641 1277 videntis
671 1234 761 1278 aut
790 1223 1045 1293 pallidior
1071 1226 1149 1280 sol
1181 1223 1424 1292 videtur,
1457 1219 1549 1281 aut
1587 1228 1699 1283 cla-
1801 1225 1987 1282 Nubes
2018 1238 2145 1282 sunt
2169 1244 2358 1284 omnes
2389 1231 2672 1300 propheta:
2703 1249 2716 1285 :
2765 1234 2818 1286 in
2849 1233 2934 1288 his
2978 1217 3212 1292 nubibus
3256 1213 3401 1292 venit

133 1316 265 1369 rior:
299 1311 371 1367 ita
412 1312 516 1383 prd
541 1311 839 1371 devotione
883 1315 1158 1372 credentis
1203 1317 1496 1387 unicuique
1541 1313 1701 1388 Spiri-
1802 1317 2072 1374 Christus.
2107 1320 2266 1375 Venit
2295 1322 2346 1374 in
2386 1322 2529 1377 nube
2557 1323 2607 1377 in
2635 1319 2876 1380 Cantieis
2919 1329 3290 1391 canticorum,
3321 1343 3407 1383 se-

136 1409 222 1463 tale
247 1409 415 1464 lumen
459 1408 777 1464 infunditur.
814 1410 882 1465 Et
920 1397 1372 1492 quemadmodum
1407 1405 1699 1468 menstruis
1802 1411 1931 1468 rena
1962 1415 2127 1482 nube,
2157 1426 2210 1470 et
2235 1415 2429 1486 Sponsi
2462 1415 2741 1492 refulgens
2762 1418 2943 1473 laetitia
2975 1419 3150 1492 (Cant.
3176 1437 3260 1488 tu,
3291 1400 3404 1490 li).

134 1500 353 1557 cursibus
397 1497 518 1556 luna
553 1499 636 1557 vel
669 1510 825 1558 terrze
872 1505 1125 1574 oppositu
1167 1518 1290 1559 cum
1341 1491 1502 1559 fuerit
1547 1520 1578 1559 e
1608 1513 1700 1560 re-
1803 1497 1967 1562 Venit
2011 1516 2067 1562 et
2109 1510 2158 1561 in
2187 1509 2327 1563 nube
2378 1491 2482 1563 levi
2535 1510 2849 1567 incarnatus
2881 1527 2947 1567 ex
2986 1491 3241 1583 Virgine;
3274 1515 3406 1569 vidit

132 1593 267 1665 gione
291 1594 417 1649 solis
440 1636 456 1660 ,
494 1595 772 1650 vanescit:
805 1585 885 1650 sic
929 1606 984 1651 et
1033 1607 1216 1651 sancta
1253 1583 1493 1652 Ecclesia
1521 1639 1535 1663 ,
1579 1593 1699 1652 cum
1805 1601 1947 1655 enim
1977 1603 2237 1672 propheta
2271 1603 2409 1656 sicut
2440 1602 2639 1658 nubem
2666 1605 2856 1660 venire
2885 1606 2954 1661 ab
2982 1605 3210 1662 Oriente
3230 1589 3404 1678 (Emi.

133 1687 294 1742 lumini
321 1687 528 1743 ctele'sti
559 1688 687 1742 vitia
715 1689 896 1744 carnis
927 1688 1198 1745 obsistunt
1219 1732 1233 1756 ,
1267 1688 1506 1762 fulgores
1532 1681 1701 1746 divini
1804 1708 1922 1757 tux,
1951 1691 2026 1764 l).
2071 1694 2137 1748 Et
2180 1695 2317 1749 bene
2340 1695 2516 1751 levem
2543 1696 2739 1751 nubem
2771 1679 2944 1762 dixit,
2977 1714 3141 1770 quam
3191 1710 3408 1755 terrena

133 1781 323 1836 luminis
348 1781 414 1837 de
441 1779 646 1837 Christi
677 1783 843 1839 radiis
875 1783 1086 1856 1512
1108 1783 1212 1838 non
1243 1793 1421 1854 potest
1450 1781 1703 1842 mutuari.
1733 1781 1782 1842 B
1816 1784 1940 1840 vitia
1971 1803 2078 1840 non
2110 1797 2422 1855 gravarent.
2448 1787 2586 1844 Vide
2617 1790 2841 1857 nubem,
2884 1790 2938 1846 in
2971 1806 3133 1862 quam
3175 1793 3410 1863 Spiritus

132 1872 243 1927 Nam
273 1873 321 1927 in
351 1875 825 1943 persecutionibus
854 1871 1036 1943 lucem
1071 1874 1168 1932 Dei
1204 1878 1352 1933 solus
1383 1879 1702 1949 pleramque
1807 1883 2030 1935 sanctus
2052 1881 2391 1950 supervenit,
2439 1871 2494 1937 et
2534 1882 2705 1938 virtus
2744 1884 3012 1940 Altissimi
3063 1886 3417 1941 obumbravit

134 1981 266 2022 amor
291 1968 408 2022 vitae
436 1967 601 2038 hujus
632 1968 891 2024 excludit.
1812 1959 1970 2042 (Lac;
1997 1987 2040 2037 r,-
2071 1972 2188 2046 55).

192 2061 270 2117 58.
312 2059 486 2118 Stella:
511 2063 732 2129 cadent,
767 2061 848 2118 illi
880 2063 1066 2136 utique
1093 2063 1512 2120 tesurrectiOnis
1535 2065 1706 2135 gloria
1878 2047 1970 2120 43.
2011 2063 2146 2120 Cum
2202 2081 2332 2137 ergo
2394 2060 2713 2139 apparuerit
2767 2058 3017 2124 Christus
3069 2070 3120 2124 in
3172 2069 3411 2126 nubibus

131 2155 223 2224 jam
246 2155 528 2223 micantes,
563 2153 639 2210 illi
664 2153 769 2211 viri
792 2155 932 2211 sicut
960 2146 1248 2211 luminaria
1273 2156 1326 2210 in
1360 2147 1562 2211 Smculo
1587 2157 1713 2210 ver;
1809 2153 2026 2229 (Matth.
2054 2155 2202 2226 x'xtv,
2227 2143 2344 2230 30),
2369 2141 2903 2238 i513concident
2925 2176 2983 2216 se
3006 2140 3206 2238 'i‘ribus
3230 2171 3410 2228 terrm;

134 2248 239 2303 bum
281 2249 400 2302 vitai!
432 2250 782 2304 continentes
804 2292 819 2315 ,
860 2243 937 2304 illi
979 2250 1076 2304 viri
1117 2249 1187 2305 de
1233 2239 1430 2320 quibus
1469 2247 1705 2305 Abrahae
1809 2259 1895 2306 est
1919 2251 2063 2305 enim
2110 2248 2326 2322 quidam
2358 2255 2492 2308 ordo
2523 2235 2836 2319 criminum,
2865 2239 2921 2309 et
2946 2235 3124 2311 series
3156 2265 3410 2326 peccato-

137 2340 312 2395 dictum‘
338 2341 420 2396 est
439 2383 452 2406 ,
485 2341 620 2412 quia‘
639 2341 780 2397 sicut
801 2339 999 2398 coelum
1030 2333 1203 2411 fulget-
1223 2348 1279 2397 et
1309 2325 1480 2397 Stellae
1501 2385 1516 2407 ,
1549 2343 1628 2396 sic
1653 2337 1711 2398 et
1813 2357 1953 2407 rum,
1985 2358 2105 2412 quze
2131 2335 2335 2398 Christi
2361 2339 2656 2399 dirimatur
2679 2337 2940 2402 adventu.

139 2441 295 2488 semen
316 2431 429 2504 ejus
460 2429 622 2507 (Gen.
652 2449 779 2502 xm,
819 2427 930 2506 16)".
956 2425 1712 2518 Excider‘itergoh‘omin'ibus’
1885 2431 2062 2506 (Vers.
2097 2433 2190 2501 ΞΟ,
2223 2421 2339 2506 30.)
2382 2418 2560 2491 Videte
2585 2419 2863 2520 ﬁcttlneam
2889 2423 2946 2491 et.
2972 2431 3149 2492 omne}
3172 2425 3383 2516 arbores
3401 2473 3422 2500 ι

140 2527 425 2597 patriarChte
452 2571 467 2596 ,
519 2527 776 2583 excident
831 2523 1116 2598 prophetae
1137 2570 1153 2595 ,
1209 2519 1256 2582 si
1313 2514 1707 2598 persecutionis
1813 2545 1931 2583 cum
1975 2530 2271 2600 producunt
2294 2531 2410 2602 jam
2456 2545 2520 2583 ea:
2547 2545 2602 2583 se
2629 2514 2856 2599 {inlitum
2880 2572 2895 2596 ,
2927 2521 3070 2584 scitis
3099 2514 3226 2601 quia
3254 2547 3418 2602 prope

139 2613 376 2676 acerbitas
400 2619 750 2678 cenvalescat
775 2639 790 2676 :
821 2629 942 2692 quae
972 2627 1185 2692 oportet
1217 2619 1370 2687 fieri,
1403 2619 1580 2677 donec
1608 2619 1709 2676 Ec-
1813 2630 1886 2676 est
1914 2621 2086 2675 testas.
2373 2691 2379 2698 ι
2406 2693 2414 2700 ⁸

141 2705 296 2769 clesite
322 2715 376 2769 iii
411 2713 669 2772 bmttilnts
699 2713 958 2770 virtutum
986 2754 1002 2780 ,
1055 2713 1108 2768 in
1155 2713 1380 2784 singulis
1426 2702 1715 2783 plenitudo
1883 2707 1975 2767 4'4.
2017 2711 2244 2767 Diverso
2287 2712 2503 2782 quidem
2552 2707 2750 2782 mede,
2777 2701 2832 2769 in
2864 2705 3030 2769 unum
3060 2723 3240 2771 tamen
3286 2730 3416 2771 con-

143 2798 451 2874 cumuletnr';
481 2809 562 2863 sic
595 2805 741 2863 enim
767 2793 1067 2878 probantur
1099 2802 1227 2860 boni
1253 2848 1269 2872 ,
1299 2805 1380 2860 sie'
1406 2795 1710 2875 produntur
1811 2821 2032 2862 currere
2061 2805 2274 2860 videtur
2304 2797 2770 2877 Evangelistarum
2802 2798 3103 2875 sententia;
3136 2789 3420 2865 Matthacus

145 2899 331 2956 inﬁrmi.
358 2885 504 2974 Ergo
527 2902 669 2959 varii
696 2901 1004 2957 animorum
1031 2911 1197 2956 mstus
1222 2902 1290 2955 ita
1310 2914 1502 2971 graves
1522 2903 1707 2966 erunt,
1813 2902 1958 2957 enim
1993 2901 2058 2956 de
2108 2901 2222 2955 sola
2248 2883 2388 2956 divit
2412 2895 2682 2982 ﬁculnea,
2714 2895 2835 2957 eum
2870 2916 3057 2957 ramus
3102 2901 3223 2972 ejus
3265 2911 3422 2959 tener

147 3000 195 3046 ut
215 2985 518 3050 deﬂetorum
545 2987 899 3049 multitudine
931 2985 1073 3048 male
1120 2992 1382 3056 consciis,
1412 2991 1574 3064 futuri
1623 2991 1710 3060 ju-
1813 2992 1978 3047 fuerit
2012 2989 2228 3064 (Matth.
2261 3008 2413 3058 xxxv,
2443 2991 2535 3064 5'2)
2569 2991 2584 3046 ε’
2613 2987 2701 3046 hic
2726 2991 2795 3048 de
2826 2993 3112 3048 arboribus
3143 2994 3417 3050 omnibus.

147 3076 447 3156 diciinieft't‘,
474 3087 624 3142 Sacri
653 3086 706 3140 in
736 3086 894 3140 nobis
938 3085 1028 3140 ros
1081 3079 1243 3140 fontis
1290 3063 1554 3150 arescat,‘
1593 3079 1720 3140 siet
1779 3153 1784 3162 ε
1816 3085 2012 3140 Verum
2040 3077 2152 3140 sive
2181 3099 2304 3139 cum
2353 3063 2560 3139 fructus
2609 3071 2666 3166 in
2700 3085 2951 3142 omnibus
2997 3086 3220 3142 virescit
3255 3088 3418 3141 arbo-

148 3177 266 3232 eaitn
295 3180 530 3248 perfidia,
563 3173 702 3234 ﬁdes
734 3175 900 3234 rorat.
1741 3176 1794 3238 C'
1819 3179 2059 3245 ribus,et
2084 3175 2311 3235 fiettlnea
2339 3177 2564 3233 fecunda
2589 3178 2699 3248 jam
2730 3178 2911 3244 ﬂoret,
2932 3169 2990 3234 ut
3029 3180 3208 3234 omnis
3237 3167 3420 3250 lingua

209 3263 614 3343 (Vers.26,27.)
637 3261 1204 3326 Namvirtntesiucwlo'
1224 3268 1672 3324 commovebuntur
1693 3266 1718 3324 Ξ
1818 3271 2140 3328 confiteatur
2171 3272 2303 3336 Deo,
2332 3271 2630 3327 confitente
2655 3273 2816 3326 etiam
2847 3271 3052 3342 populo
3075 3253 3392 3327 .lud'morum'
3407 3290 3422 3337 ;

151 3359 570 3421 et'tt‘t‘tic’vt‘debun‘t'
603 3363 803 3420 Filium
826 3354 1051 3419 hominis
1074 3366 1356 3418 venientem
1385 3366 1439 3418 in
1471 3364 1712 3419 nubibus.
1819 3380 2042 3436 sperare
2089 3364 2299 3420 Domini
2347 3363 2611 3420 debemus
2651 3365 2971 3428 adventum,
3002 3381 3108 3435 quo
3148 3374 3424 3434 tamquam

210 3459 289 3514 39.
330 3460 579 3516 Fortasse
607 3459 1068 3530 quemadmodum
1113 3459 1323 3513 Domini
1371 3465 1718 3528 exspectatur
1822 3457 2159 3528 temporibus
2180 3455 2384 3514 aestivis
2420 3457 2836 3540 resurrectionis
2869 3458 3072 3513 fructus
3102 3465 3423 3540 metemur]:

155 3551 425 3619 adventus;
458 3552 517 3609 u't
545 3543 670 3624 ejus
698 3553 984 3620 prmscntia'
1020 3553 1073 3606 in
1108 3557 1226 3606 tot‘o‘
1254 3545 1347 3606 fiat
1367 3549 1450 3606 vel
1485 3541 1717 3606 hominis
1823 3554 1940 3608 sive
1982 3567 2102 3608 eum
2152 3552 2325 3607 levem
2374 3537 2734 3622 fragilemque
2769 3537 3089 3619 iactantiam
3121 3550 3285 3606 homo
3317 3537 3423 3606 ini-

156 3637 266 3701 orbe
298 3645 381 3702 vel
407 3637 620 3714 mundi,
649 3655 769 3716 qna:
795 3637 850 3699 ﬁt
881 3643 1068 3716 utique
1094 3645 1148 3698 in
1179 3643 1569 3712 Singulis,cum
1599 3655 1718 3697 om-
1827 3645 2048 3716 quitatis
2100 3656 2374 3715 tamquam
2408 3643 2537 3698 folia
2565 3642 2871 3716 Synagogae
2903 3659 3116 3711 ramus,
3147 3644 3425 3710 induerit,

159 3729 292 3795 nibus
315 3731 593 3799 affectibus
629 3743 936 3810 receperint
960 3739 1236 3794 Christum
1267 3757 1279 3792 :
1313 3739 1394 3794 sic
1417 3739 1580 3792 etiam
1616 3738 1724 3791 vir-
1826 3740 2097 3809 conjicere
2143 3738 2406 3793 debemus
2449 3738 2891 3806 apprOpinquare
2933 3737 3196 3806 judicium
3230 3754 3244 3790 :
3298 3733 3422 3790 nam

161 3839 280 3891 totes
321 3835 572 3893 emlorum
607 3835 848 3890 adventu
898 3833 1102 3888 domini
1133 3831 1395 3887 Salutaris
1437 3833 1506 3885 ae‘
1548 3830 1723 3884 reditu
1829 3844 2180 3886 renumerare
2225 3827 2386 3883 fidem
2443 3829 2742 3893 Dominus,
2770 3837 2824 3882 et
2874 3827 3222 3897 delinquendi
3265 3829 3425 3882 finem

163 3919 444 3996 (P’sal.xt*u,
476 3929 605 4001 lli),
656 3937 740 3983 est
768 3911 910 3982 enim
957 3924 1223 3980 virtutum
1262 3917 1544 3988 Dominus,
1591 3937 1726 3992 aug-
1831 3921 2026 3980 afferre
2056 3920 2294 3976 festinat.
2564 4001 2566 4006 Ι
3287 4001 3290 4004 Ι

163 4025 374 4075 mentum
393 4023 585 4092 gratiae
604 4017 1012 4089 ConseQuantur
1036 4029 1261 4071 necesse
1281 4025 1387 4080 est,
1415 4009 1469 4068 et
1492 4013 1730 4084 plenitu-
1905 4015 1998 4070 45.
2043 4011 2324 4083 Duplicem
2356 4011 2520 4080 igitur
2550 4009 2720 4065 habet
2749 4005 2976 4079 ﬁguram
3018 4007 3134 4063 luec
3161 4007 3428 4095 ficulnea,

164 4109 269 4164 dine
288 4105 575 4169 divinitatis
600 4112 825 4182 propius
848 4124 907 4165 se
931 4108 1248 4164 infund'ente
1277 4118 1620 4162 moveantur.
1834 4108 1921 4164 vel
1951 4123 2074 4162 cum
2102 4105 2236 4161 dura
2267 4105 2592 4172 mitescunt,
2620 4103 2705 4158 vel
2733 4118 2856 4158 eum
2886 4111 3106 4173 peccata
3135 4102 3434 4156 luxuriant.

224 4193 304 4260 40‘.
329 4203 461 4262 Sunt
481 4209 647 4262 etiam
672 4206 898 4261 virtutes
918 4205 1184 4259 caelorum
1201 4216 1324 4272 quae
1343 4204 1599 4256 enarrant
1618 4200 1734 4270 glo-
1836 4202 1970 4258 Nam
2005 4217 2099 4272 per
2121 4199 2280 4255 fidem
2319 4198 2655 4254 credentium
2709 4213 2829 4268 quae
2872 4197 3098 4252 arebant
3143 4205 3312 4263 ante,
3339 4194 3439 4250 flo-

172 4294 282 4351 rlam
306 4299 393 4354 Dci
436 4287 1347 4371 (PsallXVlllJ),QuaepleniOre
1373 4287 1571 4350 Christi
1587 4291 1732 4348 infu-
1837 4285 2036 4352 rebunt
2066 4311 2079 4348 :
2111 4293 2290 4364 et‘per
2316 4293 2546 4368 gratiam
2585 4281 2912 4346 delictorum
2958 4279 3275 4360 peccatores
3324 4289 3446 4368 glo-

173 4389 1336 4462 siouemeveantur,virtutesspirita‘les,qua:
1353 4379 1738 4444 vid'entChris-
1841 4385 2169 4445 ria'bunlur:
2205 4387 2276 4442 ibi
2307 4388 2517 4441 fructus
2565 4381 2648 4441 est
2680 4384 2841 4453 fidei,
2876 4384 2963 4439 hic
3010 4373 3253 4454 perfidiae
3284 4383 3446 4462 lasei-

174 4485 483 4542 tum.Docnit
513 4489 616 4543 nes
643 4484 811 4542 D‘aVid
842 4481 1396 4554 qu'eniadmodmn'ltte
1416 4491 1739 4537 moveantur
1843 4484 1947 4537 via.
2003 4473 2259 4536 Fructum
2304 4480 2435 4534 mihi
2480 4477 2728 4534 ficulnete
2797 4478 3055 4548 agricolae
3124 4477 3440 4546 Evangelici

175 4574 391 4633 virtutes}.
427 4580 652 4636 dicens:
685 4568 924 4632 Accedite
971 4573 1044 4631 ad
1083 4591 1221 4642 eum,
1267 4585 1316 4630 et
1358 4576 1730 4631 illuminamini
1847 4573 2002 4648 (Luc.
2036 4590 2170 4638 xnt,
2200 4573 2256 4644 9)
2281 4572 2490 4626 cultura
2527 4570 2822 4640 promittit,
2855 4569 3146 4637 desperare
3196 4584 3303 4622 non
3350 4567 3449 4623 de-

178 4670 1742 4746 (Psal.xxxm,6).DocuiteliamPaulus(IlCor.ttt,16)quc
1845 4670 2144 4735 bemus,si
2196 4665 2342 4720 foliis
2391 4666 2637 4720 ficulnea:
2692 4672 3005 4733 peccatores
3053 4675 3116 4716 se
3167 4669 3445 4731 tanttptam

182 4767 1139 4831 imadnmdumchristumvitleas;eum
1157 4767 1301 4820 enim
1317 4764 1744 4820 conversu‘sfue-
1849 4761 2056 4817 fraudis
2107 4767 2258 4814 veste
2286 4767 2573 4821 texerunt;
2619 4766 2680 4810 ut
2715 4754 3115 4809 conscientiam
3160 4753 3460 4806 vetarent:

183 4859 642 4928 risadbominam',
666 4861 907 4916 aufem-ur
924 4861 1192 4925 velamen,
1211 4858 1426 4926 ctiides
1443 4857 1744 4912 Christum.
1850 4867 1980 4924 ergo
2010 4852 2136 4906 folia
2165 4855 2418 4918 suspecta
2449 4850 2576 4903 sine
2601 4845 2798 4902 fruetu.
2822 4844 2983 4901 Tales
3009 4854 3195 4901 vestes
3217 4842 3456 4915 paradisi

244 4949 326 5006 41.
366 4953 524 5011 Vides
561 4945 712 5009 illum
761 4955 814 5009 in
861 4941 1113 5007 nubibus.
1164 4947 1280 5005 Non
1326 4950 1574 5019 equidem
1622 4960 1750 5018 puto
1854 4948 2074 5003 exsules
2103 4946 2302 4999 habent
2326 4941 2480 5014 (Gen.
2508 4959 2590 5006 ut,
2614 4937 2694 5020 7).
2782 5015 2786 5018 ⁵

186 5041 315 5112 quod
370 5046 420 5100 in
476 5049 707 5119 caligine
780 5045 1075 5101 tenebrosa
1135 5054 1188 5097 et
1239 5015 1464 5098 horrore
1533 5015 1760 5110 pluviali-
1927 5039 2081 5109 (Cap.
2114 5037 2356 5091 XXll.—-—
2388 5035 2540 5090 Vers.
2573 5015 2696 5105 λιθ.)Χ
2733 5015 2870 5087 Ecce
2908 5030 3288 5087 introeuntibus
3317 5028 3461 5119 vobis

188 5135 411 5194 Christus
433 5118 718 5203 adveniat;
744 5139 914 5194 nubes
935 5137 1080 5191 enim
1102 5135 1617 5204 quandovidentur,
1643 5146 1756 5188 etes
1860 5134 1914 5187 in
1962 5131 2250 5195 civitatem,
2283 5137 2516 5183 occurret
2583 5125 2725 5180 vobis
2751 5124 2905 5180 Itonia
2961 5123 3267 5187 (tmp'ltot'a‘m
3310 5118 3465 5192 certe

195 5221 288 5284 lum
319 5233 492 5302 utique
517 5233 767 5303 caliganti
799 5232 1028 5285 horrore
1054 5229 1366 5283 subtexunt.
1392 5221 1463 5281 Et
1482 5223 1762 5296 quomodo’
1864 5216 2096 5298 portans.
2941 5291 2946 5295 _
3415 5291 3418 5294 ἢ

202 5334 245 5370 ιιι
275 5321 378 5375 sole
409 5327 583 5392 posuit
605 5323 1013 5381 tabernaculum
1029 5336 1184 5377 suum
1205 5305 1382 5391 (Paul.
1419 5333 1568 5382 xvut,
1593 5303 1674 5387 6),
1719 5317 1764 5373 si
1938 5315 2028 5372 46.
2070 5316 2275 5369 Bonum
2304 5322 2388 5369 est
2412 5309 2760 5368 considerare
2791 5310 2879 5366 ubi
2927 5308 3188 5364 Dominus
3216 5316 3242 5344 ιι
3266 5305 3467 5377 pascha

205 5411 429 5477 pluvialis
475 5417 578 5470 erit
605 5417 720 5486 ejus
747 5415 1050 5472 adventus?
1869 5409 2049 5464 faciat.
2084 5403 2730 5464 Secundumbh‘tthteum
2761 5403 2928 5458 habes
2959 5419 2976 5458 :
3006 5399 3092 5455 ιω
3113 5401 3169 5455 in
3211 5401 3470 5455 civitatem

267 5504 350 5558 η.
386 5507 487 5562 Sed
515 5519 639 5563 Sunt
664 5510 831 5564 nubes
879 5523 1034 5578 mue,
1067 5507 1188 5577 quia
1241 5506 1317 5561 sic
1365 5506 1611 5575 oportet,
1653 5512 1767 5580 (ξω-ι
1871 5502 1941 5557 ad
1971 5497 2242 5572 quemdam
2270 5497 2486 5570 (Matth.
2523 5511 2668 5561 xxvr,
2705 5495 2813 5566 1'8).
2848 5495 3087 5552 Primum
3128 5496 3468 5565 majestatem

211 5593 344 5650 festis
369 5600 624 5657 oblexunt
651 5601 889 5672 mysterii
913 5599 1218 5656 claritatem
1252 5618 1264 5653 :
1299 5611 1425 5654 sunt
1452 5599 1622 5654 nubes
1650 5613 1772 5668 qua:
1874 5599 2173 5655 divinitatis
2199 5597 2446 5651 adverte.
2485 5587 2630 5648 Cum-
2653 5593 2936 5662 discipulis
2967 5594 3204 5662 loquitur
3225 5633 3239 5656 ,
3282 5600 3338 5644 et.
3365 5589 3480 5657 jam

215 5699 324 5744 rure
347 5693 525 5760 gratim
552 5680 812 5765 apii-inlis
840 5694 1180 5748 bumeseant.
1225 5692 1428 5761 Aspice
1471 5691 1669 5746 nubem
1719 5691 1774 5744 in
1881 5692 2028 5745 novit
2075 5689 2200 5760 quid
2249 5688 2374 5742 alibi
2424 5688 2500 5742 sit
2542 5686 2801 5740 futurum.
2835 5683 3045 5739 Deinde
3095 5685 3468 5754 dignationem

282 5813 304 5840 “
349 5805 467 5862 Mss.
498 5810 758 5877 nonnulli,
781 5807 849 5862 ad
879 5811 1069 5879 pascha
1093 5806 1253 5878 (untts
1273 5804 1327 5857 in
1353 5800 1566 5873 pascha)
1588 5801 1771 5855 veniat.
