3920 6330
450 210 588 267 1815

1739 205 1984 264 SANCTI
2027 206 2349 264 AMBROSII

3606 203 3746 261 18ιῦ

442 328 562 398 ejus
609 326 861 392 intuere;
894 324 1023 396 quia
1054 333 1175 381 non
1195 339 1428 396 persona
1468 323 1656 380 divitis
1684 332 1775 378 aut
1805 323 2046 394 potentis
2073 329 2466 398 Aproventus.
2515 320 2768 377 Omnium
2813 320 3206 377 elementorum
3249 318 3546 376 substantia
3570 361 3587 385 ,
3637 334 3751 376 cte-

445 420 666 491 eligitur
701 436 716 474 :
747 417 842 475 sed
895 433 1103 490 pauper
1149 417 1411 484 ambitur,
1444 425 1499 473 et
1526 424 1811 487 angustum
1860 417 2050 485 hospi-

445 513 582 569 tium
625 512 880 584 pauperis
921 512 1116 583 amplis
1156 512 1418 566 nobilium
1471 511 1680 566 aedibus
1724 509 2045 565 antefertur.

445 607 561 674 Ite,
594 608 801 679 inquit,
835 607 904 660 ad
945 606 1248 677 quemdam.
1283 604 1530 671 Sciebas,
1560 605 1819 671 Domine,
1849 619 2048 659 nomen

450 701 569 772 ejus
589 742 604 768 ,
629 709 656 737 α
699 698 854 768 cujus
881 699 1094 753 sciebas
1143 698 1527 764 ministerium,
1560 697 1773 753 sciebas
1803 695 2052 751 ministe-

444 793 585 849 rium
635 791 792 862 cujus
844 791 1054 847 scirbas
1110 806 1400 846 occursum
1437 808 1450 846 :
1482 789 1577 846 sed
1627 789 1748 844 ideo
1797 787 1916 844 sine
1954 803 2051 843 no-

447 884 592 939 mine
639 883 987 954 designatur,
1025 892 1084 938 ut
1135 883 1388 954 ignobilis
1436 883 1754 938 aestimetur.
1790 880 1930 936 Nihil
1964 882 2050 936 hic

445 976 845 1044 compositum,
902 975 993 1030 ubi
1064 991 1172 1030 non
1235 975 1560 1046 exprimitur
1629 989 1892 1044 persona,
1948 974 2050 1052 sed

445 1081 630 1124 causa.
681 1068 993 1124 Secundum
1037 1069 1275 1123 Marcum
1325 1081 1544 1135 autem,
1598 1067 1861 1140 Lagenam
1903 1085 2051 1140 aqute

446 1170 660 1230 portans
687 1159 885 1233 (Marc.
910 1177 1022 1227 xiv,
1055 1161 1168 1232 l5).
1201 1160 1298 1216 llic
1322 1175 1451 1232 ergo
1473 1160 1735 1230 apostolis
1761 1160 2050 1216 mandatur

444 1253 778 1325 sequendus.

514 1348 606 1402 47.
655 1347 835 1419 (Vers.
866 1348 964 1411 ll,
1018 1347 1134 1418 12.)
1176 1348 1238 1402 Ει
1291 1347 1570 1418 quomodo
1621 1345 2051 1417 paterfamilias?

445 1437 518 1495 Ut
565 1453 830 1508 agnoscas
857 1439 1161 1494 sanctitatis
1187 1440 1563 1496 definitionem
1593 1453 1748 1506 esse,
1779 1456 1886 1493 non
1917 1453 2049 1494 ceu-

444 1549 560 1589 sus.
589 1533 877 1601 Quomodo
903 1533 930 1572 b
957 1537 1009 1588 in
1042 1532 1418 1605 superioribus
1450 1533 1658 1590 habens
1683 1542 1912 1588 stratum
1947 1547 2054 1588 ma-

442 1627 649 1699 gnum?
678 1626 751 1683 Ut
779 1642 1032 1697 magnum
1073 1627 1325 1682 meritum
1358 1628 1478 1697 ejus
1525 1626 1809 1692 advertas,
1841 1627 1894 1680 itt
1940 1640 2051 1696 quo

2151 415 2258 468 lum
2280 455 2296 481 ,
2325 428 2442 478 aer,
2472 427 2641 480 mare,
2673 421 2729 468 et
2761 420 2904 467 terra
2942 420 2994 466 te
3026 410 3280 467 reddunt.
3313 410 3392 467 Te
3428 411 3750 482 prophetico

2150 519 2408 577 percussa
2440 514 2608 572 tactu,
2635 513 2696 560 ut
2730 504 3027 560 sitientium
3074 504 3282 574 rigares
3309 503 3472 575 corda
3519 505 3753 576 populo-

2153 616 2296 666 rum,
2330 601 2536 655 vomuit
2578 610 2732 671 petra
2777 598 2977 670 (Exod.
3013 614 3150 666 xvtt,
3183 596 3241 670 6)
3271 617 3284 652 :
3320 607 3396 666 te,
3428 613 3546 654 cum
3578 597 3653 653 de
3678 599 3753 652 la-

2151 701 2268 749 tere
2317 691 2616 748 Salvatoris
2661 707 3012 763 crumperes,
3059 705 3412 761 percussores
3459 690 3752 758 viderunt,

2151 799 2206 844 et
2247 787 2597 844 crediderunt
2629 786 2813 859 (Joan.
2847 802 2970 854 tux,
3000 788 3094 854 54)
3126 804 3140 842 :
3169 795 3225 842 et
3271 785 3395 841 ideo
3445 801 3753 857 regenera-

2153 881 2316 935 tionis
2361 889 2558 935 nostra!
2604 881 2672 936 de
2702 880 2874 935 tribus
2903 895 3007 934 una
3055 893 3115 934 es
3142 879 3405 944 testibus;
3461 886 3574 933 tres
3604 879 3751 934 enim

2151 983 2320 1030 testes
2346 985 2494 1040 sunt,
2525 988 2682 1044 aqua,
2715 973 2958 1043 sanguis,
2993 981 3049 1028 et
3074 972 3299 1041 spiritus
3328 971 3373 1044 (l
3403 971 3562 1028 Joan.
3595 988 3651 1039 v,
3673 973 3751 1042 8).

2153 1068 2302 1136 Aqua
2333 1067 2401 1121 ad
2428 1065 2708 1122 lavacrum
2730 1107 2747 1131 ,
2774 1068 2996 1137 sanguis
3037 1064 3104 1120 ad
3131 1064 3364 1136 pretium
3386 1105 3402 1132 ,
3433 1064 3660 1135 spiritus
3687 1064 3752 1118 ad

2152 1163 2630 1218 resurrectionem.

2222 1252 2404 1325 (Vers.
2436 1252 2554 1321 29.)
2582 1252 2654 1307 Et
2683 1270 2779 1325 ego
2807 1253 3014 1325 quidem
3039 1252 3260 1324 dispono
3287 1251 3452 1319 vobis,
3479 1251 3613 1306 sicut
3643 1249 3750 1303 dis-

2153 1346 2326 1416 posuit
2352 1343 2480 1399 mihi
2510 1343 2670 1400 Pater
2697 1361 2838 1399 meus
2867 1360 3105 1414 regnum.

2223 1438 2314 1494 49.
2358 1438 2601 1508 Regnum
2653 1438 2751 1493 Dei
2802 1453 2907 1492 non
2959 1445 3045 1491 est
3094 1436 3162 1492 de
3208 1435 3310 1491 hoc
3359 1434 3585 1490 mundo.
3639 1431 3749 1488 Non

2153 1547 2282 1602 ergo
2310 1529 2630 1601 atqualitatis
2673 1529 2880 1606 homini
2909 1529 2974 1584 ad
3003 1530 3171 1584 Deum
3193 1570 3207 1594 ,
3240 1529 3336 1585 sed
3382 1527 3751 1584 similitudinis

2153 1629 2430 1684 aemulatio
2455 1637 2566 1695 est;
2598 1629 2748 1684 solus
2797 1629 2940 1684 enim
2969 1627 3216 1684 Christus
3243 1637 3331 1685 est
3375 1628 3533 1699 plena
3580 1627 3755 1698 imago

440 1719 708 1774 Dominus
755 1733 878 1774 cum
928 1719 1210 1790 discipulis
1263 1719 1578 1776 sublimium
1625 1720 1883 1773 virtutum
1930 1719 2049 1788 ejus
2080 1721 2126 1780 Β
2156 1720 2292 1786 Dei,
2328 1732 2554 1791 propter
2599 1735 2912 1792 expressam
2948 1722 2999 1776 itt
3043 1736 3102 1776 se
3134 1731 3373 1792 paternas
3419 1718 3754 1775 claritudinis

440 1814 806 1870 delectatione
853 1813 1243 1885 requiesceret.
1278 1813 1497 1869 Utinam
1549 1827 1682 1884 ergo
1734 1811 1869 1867 mihi
1913 1827 2048 1866 con-

442 1906 619 1977 tingat
669 1903 987 1974 amphoram
1035 1920 1190 1974 aquze
1241 1913 1494 1973 portare,
1525 1901 2052 1976 contingat1516.

446 1998 694 2069 lagenam
742 2013 898 2068 aqum
941 2006 1190 2068 portare,
1225 2011 1386 2068 quam
1421 2004 1600 2066 portat
1629 1995 2048 2066 paterfamilias,

441 2089 654 2145 habens
700 2089 753 2143 in
781 2087 1155 2158 superioribus
1200 2096 1430 2142 stratum
1475 2101 1749 2158 magnum.
1783 2085 1927 2155 Quid
1969 2095 2054 2141 est

446 2182 592 2236 enim
621 2181 923 2249 amphora,
956 2179 1059 2234 nisi
1087 2189 1108 2218 ο
1153 2192 1406 2235 mensura
1432 2177 1756 2248 perfectior?
1787 2176 1904 2232 Non
1937 2192 2053 2232 me-

444 2276 662 2331 diocres
691 2275 784 2346 qui
831 2288 1140 2329 mensuram
1190 2272 1410 2328 habent.
1455 2272 1699 2343 Denique
1744 2271 2049 2325 Dominus:

447 2367 508 2423 Μ
516 2385 780 2436 ensuram,
813 2367 1007 2436 inquit,
1054 2366 1242 2421 bonam
1271 2375 1575 2421 commotam
1605 2407 1620 2432 ,
1650 2367 2054 2436 superﬂuentem

448 2461 642 2516 dabunt
669 2460 810 2514 vobis
841 2459 995 2532 (Luc.
1031 2475 1114 2527 v1,
1139 2456 1262 2530 58).

521 2556 613 2610 48.
654 2553 789 2609 Nam
820 2553 889 2609 de
915 2568 1052 2624 aqua
1083 2553 1215 2624 quid
1245 2553 1469 2624 loquar?
1492 2553 1668 2623 Super
1692 2566 1889 2624 aquam
1929 2560 2055 2606 ante

446 2648 597 2720 ipsos
629 2647 815 2703 mundi
844 2647 1056 2702 natales
1083 2654 1325 2713 sanctus,
1362 2656 1418 2700 ut
1449 2646 1676 2717 legitur,
1713 2645 1948 2715 Spiritus
1967 2633 2056 2698 fe-

445 2741 668 2796 rebatur
695 2739 849 2813 (Gen.
882 2756 933 2805 ι,
959 2739 1041 2810 2).
1075 2738 1124 2795 0
1151 2754 1290 2809 aqua
1310 2780 1324 2803 ,
1353 2755 1473 2809 qua:
1504 2741 1740 2794 humano
1769 2751 2054 2806 aspersum

445 2835 748 2904 sanguine,
797 2841 860 2887 ut.
909 2822 1258 2902 praesentium
1306 2834 1646 2904 lavacrorum
1694 2832 1864 2902 figura
1913 2847 2052 2901 prte-

447 2903 704 2989 cederet,
736 2923 923 2978 orbem
968 2932 1239 2979 terrarum
1273 2924 1450 2980 lavisti
1477 2926 1490 2978 ι
1521 2903 1570 2980 ό
1610 2939 1749 2994 aqua
1769 2964 1785 2990 ,
1814 2940 1935 2995 quae
1969 2938 2057 2977 sa-

445 3027 788 3073 cramentum
821 3017 1025 3072 Christi
1055 3033 1176 3072 esse
1207 3018 1490 3084 meruisti,
1520 3035 1641 3089 quae
1676 3019 1825 3073 lavas
1851 3017 2051 3085 omnia,

2155 1813 2418 1868 unitatem
2455 1832 2468 1868 :
2498 1813 2678 1884 justus
2703 1825 2883 1869 autem
2915 1815 3078 1870 homo
3105 1813 3169 1868 ad
3203 1813 3492 1885 imaginem
3527 1812 3631 1868 Dei
3655 1822 3752 1877 est,

2156 1907 2199 1961 si
2232 1918 2452 1977 propter
2498 1907 2815 1962 imitandam
2866 1908 3065 1963 divinae
3089 1907 3525 1963 conversationis
3570 1905 3753 1960 simili-

2157 1998 2397 2054 tudinem
2447 1999 2708 2054 mundum
2756 1999 2898 2054 hunc
2931 1999 3022 2053 Dei
3069 1997 3380 2067 cognitione
3409 2006 3751 2058 contemnat.
3787 2050 3808 2054 -

2158 2092 2577 2162 voluptatesque
2617 2100 2862 2146 terrenas
2915 2089 3064 2145 verbi
3113 2089 3209 2145 Dei
3257 2090 3619 2163 perceptione
3663 2087 3755 2142 de-

2155 2185 2372 2256 spiciat,
2401 2200 2511 2257 quo
2532 2185 2728 2240 alimur
2759 2186 2814 2239 in
2845 2184 3042 2249 vitam;
3073 2183 3216 2240 unde
3245 2192 3300 2240 et
3328 2196 3533 2252 corpus
3561 2179 3754 2236 Christi

2157 2277 2370 2333 edimus
2394 2277 2500 2348 (De
2520 2293 2724 2347 conseq.
2747 2275 2870 2330 dist.
2901 2274 2960 2342 2,
2985 2291 3104 2345 cap.
3131 2274 3199 2329 In
3221 2275 3426 2345 quibus,
3453 2273 3482 2344 §
3509 2271 3753 2342 Corpus),

2159 2379 2217 2426 ut
2247 2369 2368 2425 vitae
2400 2377 2620 2425 aeterna:
2650 2369 2923 2439 possimus
2947 2382 3070 2423 esse
3121 2365 3430 2438 participes.
3459 2364 3582 2420 Non
3621 2364 3755 2420 enim

2160 2464 2331 2518 victus
2357 2472 2410 2518 et
2443 2471 2603 2533 potus
2635 2461 2791 2518 nobis
2821 2463 3029 2531 praemii
3063 2461 3184 2516 loco
3215 2459 3514 2530 spondetur
3564 2467 3620 2514 et
3663 2457 3756 2512 ho-

2159 2556 2310 2610 noris
2335 2595 2351 2621 ,
2383 2555 2479 2610 sed
2523 2555 2948 2610 communicatio
2987 2543 3177 2624 gratia:
3220 2553 3460 2609 ccelestis
3503 2560 3566 2607 et
3595 2551 3712 2605 vitm
3741 2567 3752 2602 :

2159 2662 2339 2718 neque
2386 2646 2675 2702 duodecim
2725 2646 2907 2701 throni
2947 2638 3220 2715 tamquam
3250 2645 3429 2715 aliqua
3461 2641 3758 2712 corporalis

2158 2750 2285 2794 sunt
2313 2739 2651 2809 receptacula
2679 2737 2942 2794 sessionis
2968 2736 3152 2807 (Vera.
3185 2737 3310 2809 30);
3344 2735 3440 2792 sed
3470 2736 3602 2804 quia
3629 2735 3758 2788 sicut

2157 2832 2454 2888 secundum
2511 2831 2749 2887 divinam
2797 2829 3206 2885 similitudinem
3256 2827 3466 2899 judicat
3508 2825 3757 2882 Christus

2157 2929 2466 2996 cognitione
2512 2926 2760 2982 cordium
2787 2967 2803 2993 ,
2853 2940 2957 2980 non
2990 2923 3415 2996 interrogatione
3457 2919 3754 2980 factorum.

2165 3021 2377 3095 1515
2429 3019 2686 3075 virtutem
2733 3033 3089 3075 remunerans
3113 3059 3128 3083 ,
3157 3018 3610 3087 impietatemque
3637 3027 3756 3068 con-

448 3126 553 3167 nec
582 3111 812 3166 lavaris!
847 3109 928 3165 Tu
955 3110 1148 3178 incipis
1195 3109 1368 3179 prima
1390 3151 1404 3175 ,
1440 3120 1494 3165 tu
1525 3111 1766 3179 comples
1811 3109 2050 3180 perfecta
2081 3115 2128 3180 C
2157 3113 2423 3167 demuans
2456 3129 2469 3166 :
2501 3113 2572 3166 ita
2613 3120 2669 3166 et
2695 3111 2929 3182 apostoli
2969 3111 3028 3176 in
3054 3109 3322 3181 judicium
3371 3107 3625 3178 spiritale
3655 3104 3757 3161 for-

451 3206 732 3279 mysteria.
769 3208 810 3260 A
859 3216 910 3262 te
955 3205 1312 3276 principium,
1346 3206 1398 3259 in
1447 3214 1500 3260 te
1540 3204 1665 3260 ﬁnis
1701 3225 1714 3260 :
1746 3205 1830 3259 vel
1879 3204 2057 3274 potius

449 3309 509 3354 tu
563 3299 694 3354 facis
741 3308 799 3353 ut
847 3299 1008 3354 finem
1061 3299 1389 3354 nesciamus.
1441 3297 1545 3353 Per
1596 3306 1649 3352 te
1693 3296 1834 3352 fetor
1859 3296 2056 3352 tabida:

453 3391 636 3445 carnis
665 3391 950 3458 aboletur,
983 3399 1039 3446 et
1065 3391 1352 3459 pereuntia
1383 3389 1489 3444 situ
1536 3389 1744 3444 viscera
1775 3387 1801 3426 ἀ
1831 3403 2056 3459 asperso

452 3484 588 3548 sale,
621 3484 672 3537 in
704 3485 930 3538 multam
962 3494 1254 3538 servantur
1279 3493 1517 3540 aetatem.
1552 3483 1656 3537 Per
1687 3494 1738 3537 te
1775 3481 2056 3536 arentibus

451 3584 587 3630 testu
616 3575 944 3644 corporibus
984 3575 1158 3630 dulcis
1203 3575 1268 3630 ad
1299 3577 1529 3646 gratiam
1550 3618 1565 3642 ,
1595 3574 1851 3630 salutaris
1878 3573 1942 3629 ad
1977 3575 2056 3630 vi-

448 3679 594 3736 tam,
637 3671 818 3725 suavis
879 3670 946 3724 ad
997 3669 1332 3740 voluptatem
1395 3681 1554 3742 potus
1599 3670 1920 3726 infunditur.
1974 3671 2054 3726 Tu

449 3776 647 3817 nomen
699 3761 978 3832 praphetis
1026 3772 1082 3818 et
1125 3763 1424 3830 apostolis,
1455 3773 1509 3817 tu
1559 3778 1754 3818 nomen
1784 3763 2055 3819 Salvatori

447 3852 647 3908 dedisti
681 3871 693 3907 :
731 3854 810 3908 illi
844 3856 1015 3909 nubes
1035 3854 1161 3911 coeli
1191 3854 1362 3927 (Esai.
1398 3872 1486 3923 ιι,
1509 3854 1626 3927 8),°
1651 3856 1731 3910 illi
1758 3858 1836 3910 sal
1870 3856 2054 3912 mundi

452 3945 672 4017 (Matth.
704 3963 770 4014 v,
810 3947 920 4019 15),
969 3947 1074 4002 iste
1114 3947 1237 4002 fons
1282 3949 1406 4003 vita:
1452 3957 1534 4003 est
1583 3947 1764 4021 (Joan.
1799 3964 1904 4014 vn,
1935 3949 2052 4019 58).

455 4037 589 4105 Quae
637 4040 910 4093 montibus
951 4055 1136 4109 pressa
1185 4055 1291 4094 non
1323 4040 1595 4095 clauderis
1619 4083 1634 4106 ,
1668 4056 1789 4110 quae
1818 4041 2058 4112 scopulis

451 4128 597 4182 illisa
628 4143 733 4182 non
768 4128 1055 4197 frangetis,
1088 4145 1208 4199 quae
1246 4131 1406 4184 terris
1451 4132 1628 4186 infusa
1683 4148 1789 4188 non
1819 4133 2008 4190 delicis
2040 4152 2053 4187 :

451 4219 549 4274 sed
596 4218 802 4273 intimis
849 4215 1150 4276 scaturiens
1198 4224 1387 4287 venis,
1419 4233 1513 4278 aut
1556 4225 1804 4294 spiritum
1850 4227 2055 4283 inclusa

448 4308 669 4365 vitalem
701 4309 932 4375 inhalas,
963 4320 1056 4367 aut
1080 4326 1304 4367 succum
1331 4312 1507 4368 infusa
1540 4315 1770 4370 fertilem
1809 4327 2054 4387 priestas,

460 4398 480 4438 ί
505 4409 598 4457 aut
622 4402 798 4472 rigatu
820 4403 1102 4474 superfusa
1135 4405 1201 4460 ad
1254 4407 1599 4462 commodum
1631 4407 2053 4476 subministras;

2161 3214 2375 3260 mantur
2418 3206 2861 3260 remuneratione
2909 3202 3066 3270 lidei,
3095 3211 3149 3258 et
3191 3200 3577 3256 exsecratione
3605 3197 3756 3269 perfi-

2159 3298 2265 3354 diae
2289 3341 2304 3364 ,
2338 3299 2534 3353 virtute
2563 3313 2810 3354 errorem
2851 3297 3271 3368 redarguentes,
3303 3293 3612 3364 sacrilegos
3639 3291 3753 3348 odio

2161 3399 2572 3462 persequentes.

2231 3483 2319 3538 50.
2360 3481 2756 3539 Convertamur
2802 3483 2996 3554 igitur,
3027 3488 3082 3538 et
3130 3493 3419 3536 caveamus
3447 3494 3521 3535 ne
3557 3479 3610 3535 in
3637 3493 3750 3550 per-

2159 3575 2421 3630 ditionem
2458 3576 2636 3646 aliqua
2687 3576 2830 3630 inter
2861 3590 2963 3630 nos
2990 3574 3058 3630 de
3086 3572 3407 3644 praelatione
3440 3573 3615 3642 possit
3641 3584 3752 3626 esse

2156 3666 2468 3730 Contentio;
2501 3666 2547 3721 si
2589 3667 2734 3722 enim
2777 3665 3183 3723 contendebant
3211 3664 3478 3735 apostoli,
3513 3679 3622 3720 neu
3659 3679 3748 3718 ex-

2157 3759 2427 3814 cuszttioni
2474 3758 2818 3826 obtenditur,
2870 3759 2964 3814 sed
3018 3758 3260 3814 cautioni
3307 3758 3652 3828 proponitur.
3697 3755 3747 3811 Si

2159 3850 2353 3906 Petrus
2399 3850 2691 3921 aliquando
2735 3850 3108 3918 convertitur,
3139 3851 3228 3920 qui
3271 3850 3340 3904 ad
3373 3849 3607 3919 primam
3653 3849 3748 3902 Do-

2159 3944 2290 3999 mini
2321 3953 2541 4000 secutus
2581 3953 2662 4000 est
2692 3959 2879 4000 vocem
2907 3944 3124 4017 (Matth.
3155 3960 3208 3998 tv
3227 3985 3241 4010 ,
3268 3943 3394 4014 20),
3423 3946 3547 4015 quis
3583 3951 3748 4016 potest

2157 4038 2343 4094 dicere
2366 4039 2476 4093 cito
2524 4052 2584 4093 se
2615 4051 2736 4094 esse
2775 4036 3146 4092 conversum?
3186 4037 3329 4093 Cave
3373 4053 3506 4108 ergo
3550 4037 3744 4108 jactan-

2158 4133 2323 4196 tiam,
2371 4147 2503 4188 cave
2529 4133 2822 4197 smculutn;
2853 4131 2943 4186 ille
2969 4132 3112 4186 enim
3160 4129 3494 4186 confirmare
3536 4130 3742 4202 jubetur

2156 4225 2356 4281 fratres
2404 4239 2534 4282 suos
2575 4226 2666 4296 qui
2695 4225 2830 4280 dixit
2864 4243 2878 4279 :
2916 4224 3102 4280 Omnia
3151 4225 3476 4291 dimisimus,
3504 4234 3555 4281 et
3599 4222 3741 4278 secuti

2156 4337 2332 4374 sumus
2363 4330 2410 4374 te
2430 4319 2583 4394 (Luc.
2609 4336 2765 4389 xvnt,
2796 4320 2915 4393 28).

2231 4415 2321 4470 5|.
2366 4415 2570 4471 Deinde
2597 4416 2965 4473 contuendum
2993 4425 3077 4472 est
3103 4417 3229 4488 quia
3259 4428 3285 4464 κ
3313 4432 3422 4474 non
3453 4419 3632 4472 omnis
3654 4414 3739 4470 ho-

451 4510 524 4553 ue
550 4496 767 4552 siccatis
793 4498 1071 4554 exinanita
1101 4497 1390 4566 vitalibus,
1422 4501 1696 4557 solemnes
1725 4513 1884 4574 neget
1915 4513 2055 4559 terra
2082 4498 2138 4558 l)
2163 4507 2519 4564 norilicentiae
2564 4508 2746 4566 studio
2793 4508 3068 4566 humilitas
3098 4508 3387 4577 deﬁnitur;
3419 4520 3576 4582 potes
3607 4509 3736 4567 enim

425 4666 427 4668 ’
525 4674 553 4703 ιι
590 4663 665 4720 Ita
696 4663 884 4720 decem
923 4677 1056 4719 mss.
1106 4664 1348 4722 melioris
1389 4674 1554 4721 notae.
1601 4666 1743 4732 Alii,
1781 4678 1834 4722 et
1881 4667 2040 4736 edit.,

451 4737 601 4808 cujus
625 4736 819 4791 sciebas
840 4737 1202 4804 ministerium,
1234 4740 1386 4810 cujus
1412 4738 1608 4792 sciebas
1637 4754 1926 4793 occursum.

531 4807 557 4847 ι)
596 4806 776 4862 lnnuit
808 4808 1126 4862 Ambrosius
1153 4817 1388 4864 veterem
1434 4809 1889 4865 consuetudinem
1934 4826 2018 4866 cce

451 4878 618 4935 nandi
665 4879 717 4932 in
759 4877 953 4933 aedium
999 4887 1151 4946 parte
1192 4879 1491 4948 superiori;
1538 4880 1678 4935 unde
1706 4883 2042 4937 coeunculum

453 4950 638 5023 Marco
658 4965 769 5015 xw,
790 4949 876 5023 l_5,
896 4948 1094 5023 dicitur
1107 4953 1326 5023 ἀνώγεον
1347 4969 1359 5004 :
1379 4967 1482 5022 qua
1505 4951 1573 5023 de
1603 4966 1660 5009 re
1681 4952 1906 5007 consule
1927 4952 2045 5008 Cri-

452 5021 796 5096 ticossacros
818 5021 874 5075 in
900 5035 1024 5075 eum
1044 5021 1245 5096 locum,
1271 5021 1497 5079 necnon
1527 5021 1838 5079 Struchium
1865 5025 2040 5096 Antiq.

450 5093 650 5147 conviv.
679 5090 770 5147 lib.
805 5107 864 5156 ll,
891 5106 1010 5162 cap.
1042 5091 1130 5146 14.

526 5172 550 5201 ε
591 5164 793 5245 Omnes
818 5164 1208 5234 propemodum
1242 5179 1398 5245 mss.,
1444 5181 1691 5245 mensura
1734 5165 2005 5235 perfectior
2029 5210 2043 5232 ,

448 5248 555 5288 non
595 5235 907 5288 mediocrem
956 5250 1248 5289 mensuram
1297 5237 1525 5291 habens?
1578 5237 1823 5292 Potiores
1867 5250 2045 5294 tamen

454 5305 561 5358 hoc
589 5306 712 5360 loco
740 5305 993 5359 videntur
1013 5306 1145 5361 edit.

525 5371 552 5410 ἀ
578 5377 766 5450 Quum
787 5390 854 5431 ex
886 5376 986 5450 hoc
1015 5378 1153 5450 loco,
1189 5385 1299 5450 tum
1328 5392 1393 5433 ex
1415 5376 1686 5450 Origenis,
1719 5379 2006 5450 Augustini
2029 5422 2045 5447 ,

452 5445 771 5522 et_alioru_m
803 5445 1127 5522 testimoniis
1153 5445 1537 5522 antiquitatem
1559 5452 1696 5505 ritus
1723 5445 1869 5522 illius
1895 5493 1910 5514 ,
1940 5445 2048 5522 quo

456 5515 536 5568 sal
561 5517 966 5572 catechumenis
990 5520 1040 5574 in
1063 5535 1126 5574 os
1157 5520 1430 5586 inseritur,
1453 5523 1692 5576 ostendit
1717 5521 1834 5578 Jos.
1885 5515 2043 5578 Vice-

454 5597 641 5660 come_s
667 5588 733 5660 de
752 5588 921 5659 Antiq.
949 5588 1107 5660 Bnpt.
1131 5591 1221 5646 rit.
1245 5607 1308 5644 ac
1328 5607 1533 5647 acrem.
1568 5592 1664 5647 lib.
1691 5607 1753 5658 tt,
1801 5607 1921 5660 cap.
1948 5594 2042 5649 42.

533 5609 641 5640 mes
667 5609 731 5640 ae
752 5609 921 5659 antrq.
949 5609 1107 5660 Dttpt.
1131 5609 1221 5646 rtt.
1245 5609 1308 5644 ac
1328 5609 1533 5647 acrem.
1568 5609 1664 5647 Ill).
1691 5609 1753 5658 II,
1801 5609 1859 5648 ca
1908 5634 1921 5649 .
1948 5609 2042 5649 42.

533 5665 555 5689 ·
598 5656 845 5727 Plerique
881 5673 1036 5722 mss.,
1083 5662 1173 5716 ille
1210 5662 1290 5716 sal
1339 5664 1604 5734 (nonnulli
1659 5664 1749 5718 ille
1797 5609 2046 5736 saibator)

2153 4669 2335 4723 mundi
2363 4685 2382 4723 :
2410 4679 2465 4723 tu
2487 4671 2600 4740 fons
2627 4669 2742 4723 vitae
2763 4684 2837 4733 es,
2860 4685 2994 4737 quae,
3023 4678 3131 4724 etc.

2230 4739 2248 4778 τ
2291 4740 2418 4794 Mss.
2445 4739 2551 4796 non
2603 4741 2780 4808 pauci,
2810 4748 2867 4795 et
2895 4748 3011 4795 ant.
3029 4740 3187 4807 edit.,
3211 4751 3301 4794 aut
3326 4740 3552 4811 rigatunt
3573 4757 3735 4811 super-

2152 4811 2369 4884 fusaad
2399 4811 2722 4884 commodum
2739 4812 3115 4878 subministras,
3132 4828 3192 4867 ne
3203 4812 3409 4866 siccatis
3433 4816 3728 4876 examinata,

2153 4881 2257 4938 etc.
2281 4881 2425 4954 Edit.
2448 4881 2605 4937 Rom.
2637 4882 2761 4937 hinc
2784 4891 2990 4954 tantum
3010 4884 3268 4950 espuuxit
3286 4887 3725 4954 prtepositionem,

2152 4969 2312 5024 quam
2343 4953 2486 5009 forte
2512 4954 2710 5008 melius
2734 4968 2856 5008 cum
2893 4953 3163 5023 adjectivo
3210 4954 3626 5023 conjunxisset,
3677 4962 3730 5007 ut

2151 5033 2298 5080 esset
2321 5024 2735 5088 adcommodum,
2787 5041 2885 5094 pro
2913 5025 3298 5079 accommodum
3316 5067 3331 5088 ,
3360 5034 3418 5080 ut
3442 5043 3583 5082 nunc
3609 5024 3728 5082 scri-

2155 5095 2354 5153 bimus.
2388 5096 2516 5151 Mss.
2552 5109 2689 5151 vero
2738 5095 2924 5166 plures
2956 5111 3019 5150 ac
3069 5097 3310 5166 potiores
3339 5097 3614 5153 nobiscum
3661 5095 3729 5150 fa-

2155 5169 2324 5223 ciunt.
2352 5166 2427 5224 Ita
2453 5181 2613 5238 porro
2645 5167 2821 5239 locum
2852 5167 3208 5236 interpretare
3233 5167 3370 5239 acsi
3399 5168 3622 5239 legeres,
3653 5174 3729 5220 aut

2155 5239 2324 5309 rigatu
2364 5239 2640 5309 superfusa
2670 5238 2738 5291 ad
2781 5239 3052 5293 utilitatem
3076 5239 3208 5294 illud
3234 5238 3589 5296 subministras
3610 5281 3625 5307 ,
3673 5253 3726 5292 ne

2156 5311 2389 5365 videlicet
2409 5351 2422 5375 ,
2465 5319 2573 5364 etc.

2233 5391 2257 5427 8
2296 5382 2497 5437 Omnes
2540 5379 2674 5452 edit.
2695 5423 2710 5447 ,
2742 5396 2846 5435 non
2875 5383 3041 5436 omnis
3081 5381 3489 5452 honorificentite
3516 5381 3723 5452 studium

2156 5453 2465 5507 humilitatis
2510 5451 2719 5518 (Rom.,
2752 5452 3044 5523 humilitas)
3071 5451 3333 5522 deﬁnitur.
3377 5453 3570 5523 Scripti
3613 5451 3720 5507 cod.

2152 5538 2349 5594 magno
2381 5539 2608 5578 numero
2631 5568 2645 5591 ,
2678 5533 2736 5578 ut
2766 5539 2865 5579 nos
2887 5525 2942 5578 in
2971 5522 3140 5582 textu.
3182 5525 3311 5579 Post
3357 5522 3518 5582 voces
3560 5534 3720 5594 autem

2151 5593 2451 5650 non’omnis
2501 5595 2926 5663 honoriﬁcentius,
2956 5593 3461 5666 subiutelligendum
3491 5607 3589 5663 est,
3617 5593 3722 5648 aliis

2155 5666 2452 5722 exhibenda:
2465 5682 2484 5731 ;
2507 5666 2960 5735 quemadmodum
2982 5664 3259 5737 sequentia
3275 5667 3494 5738 planum
3517 5668 3715 5724 faciunt:
