3920 6310
121 276 253 332 illi?

1091 270 1457 328 EXPOSITIO
1496 269 1750 329 EVANG.
1793 269 1941 330 SEC.
1986 271 2136 330 LUC.
2181 271 2308 328 LIB.
2352 272 2420 329 Χ.

3245 276 3385 334 1818

114 388 312 446 deferre
350 387 504 443 alicui
533 394 755 458 prepter
783 385 966 441 ειηοιιΙί
1003 387 1252 457 gratiam,
1286 385 1542 458 potentia:
1567 401 1682 441 me-
1714 388 1766 448 Α
1791 401 1952 456 quam
1981 396 2246 459 susceptae
2294 388 2362 443 ad
2392 397 2603 460 tempus
2653 387 2981 445 infirmitatis
3021 389 3312 454 inclinant.
3345 400 3401 447 et

113 493 244 550 tum,
274 482 615 550 utilitatisque
656 480 980 534 contttitum.
1009 479 1121 535 Tua
1161 479 1448 535 aedificatio
1488 478 1686 549 quaeri.

101 584 217 640 'lur,
245 591 348 630 non
369 573 592 630 alterius
619 571 795 628 honor
821 591 834 627 :
867 583 923 628 et
954 572 1078 628 ideo
1102 589 1208 628 una
1237 573 1398 627 datur
1429 571 1682 626 omnibus

110 669 265 724 forma
293 667 604 732 sententim,
638 676 695 720 ut
723 675 828 721 n0n
858 665 926 721 de
955 665 1270 736 przelatione
1293 665 1556 736 jactantia
1588 664 1680 732 sit,

107 759 191 816 sed
218 759 282 816 de
308 758 607 814 humilitate
633 760 945 820 contentio;
975 773 1150 830 eoque
1183 773 1242 814 se
1272 758 1532 812 Dominus
1561 773 1685 826 pro-

109 852 240 924 ponit
263 851 598 907 imitandum.
623 851 927 922 Egebamus
949 851 1210 915 omnium,
1238 852 1352 922 ipse
1376 851 1678 916 nullormn;

106 955 153 999 et
181 954 349 1000 tamen
380 945 608 1015 prtchuit
636 960 698 998 se
727 944 1046 999 humilitatis
1074 954 1350 999 auctorem
1371 987 1384 1012 ,
1419 959 1544 998 cum
1575 944 1685 998 dis-

105 1035 278 1106 cipulis
307 1035 654 1091 ministraret.
687 1034 841 1102 Quod
869 1036 1056 1106 utique
1083 1051 1190 1090 non
1224 1034 1455 1090 faciebat
1496 1035 1682 1091 studio

105 1129 358 1195 utilitatis,
391 1128 486 1184 sed
517 1130 911 1185 exercitatione
942 1131 1182 1186 virtutis.

163 1221 243 1276 52.
288 1219 469 1291 (Vers.
503 1221 620 1292 3t.)
651 1220 845 1276 Petrus
889 1230 1070 1278 autem
1121 1222 1228 1278 etsi
1275 1221 1472 1293 spiritu
1503 1235 1684 1292 prom-

104 1324 212 1386 ptus
233 1357 247 1380 ,
270 1315 515 1385 corporis
545 1325 722 1370 tamen
751 1315 929 1372 adhuc
961 1316 1208 1372 inﬁrmus
1234 1315 1431 1372 aﬁ'eclu
1472 1315 1685 1370 denun-

104 1409 244 1462 tiatur
270 1407 554 1462 Dominum
601 1417 930 1478 negaturus;
966 1425 1142 1480 neque
1171 1409 1314 1463 enim
1347 1418 1576 1486 poterat‘
1601 1409 1684 1463 di-

102 1502 221 1555 vina!
243 1501 600 1570 constantiam
635 1501 956 1556 intentionis
984 1517 1223 1573 :cquare.
1255 1503 1442 1557 Passio
1469 1501 1682 1556 Domini

101 1597 299 1651 aemulos
330 1595 526 1663 habet,
557 1609 712 1666 pares
744 1612 847 1650 non
882 1596 1062 1650 habet.
1097 1595 1171 1651 lta
1203 1612 1312 1651 non
1341 1595 1683 1666 reprehendo

100 1687 222 1758 qttod
271 1688 524 1758 negavit,
575 1688 737 1742 laudo
779 1687 922 1759 quod
972 1687 1139 1744 ﬁevit.
1183 1688 1340 1743 Aliud
1391 1703 1682 1744 commune

1787 481 2048 534 naturalis
2075 495 2294 536 sensum
2326 480 2553 552 cupiunt
2582 481 2908 553 detorquere
2949 483 3255 538 sementim.
3284 482 3399 553 Ego

1785 580 1965 627 autem
1997 587 2104 628 non
2154 573 2330 629 solum
2367 573 2737 630 excusandum
2771 590 2877 630 non
2907 584 3074 646 puto,
3107 575 3204 630 sed
3232 575 3395 630 etiam

1786 679 2051 735 nusquam
2082 668 2254 736 magis
2297 668 2553 738 pietatem
2592 667 2710 738 ejus
2743 668 3190 740 maiestatemque
3226 667 3399 723 demi-

1784 773 1908 824 ror;
1942 760 2124 814 minus
2149 761 2294 815 enim
2325 760 2631 816 contulerat
2661 760 2826 827 mihi;
2859 761 2959 816 nisi
2992 775 3172 814 meum
3204 775 3394 816 susce-

1787 851 1954 921 pisset
1985 851 2263 908 affectum.
2301 853 2442 924 Ergo
2474 869 2570 922 pro
2603 867 2688 908 me
2717 851 2911 916 doluit,
2940 851 3030 922 qui
3062 866 3157 921 pro
3181 865 3240 904 se
3259 849 3394 905 nihil

1787 943 1973 999 habuit
2023 943 2165 1014 quod
2213 944 2426 1000 doleret
2476 961 2489 998 :
2537 955 2593 1000 et
2641 952 2978 1014 sequestrata
3031 943 3395 999 delectatione

1786 1034 2087 1090 divinitatis
2128 1045 2378 1101 aeternae,
2405 1035 2566 1091 taedio
2598 1051 2731 1090 meae
2765 1034 3094 1091 inﬁrmitatis
3133 1033 3389 1090 afﬁcitur.

1785 1126 2032 1196 Suscepit
2059 1127 2204 1182 enim
2236 1127 2506 1182 tristitiam
2551 1142 2726 1183 meam
2753 1168 2768 1193 ,
2800 1137 2857 1180 ttt
2888 1125 3021 1182 tnilti
3054 1141 3208 1180 suam
3240 1125 3391 1181 laeti-

1787 1221 1916 1274 tiam
1945 1219 2233 1298 largiretur
2259 1238 2270 1274 :
2312 1228 2369 1276 et
2399 1219 2641 1291 vestigiis
2673 1221 2872 1274 nostris
2903 1218 3188 1275 descendit
3220 1234 3389 1290 usque

1785 1310 1852 1366 ad
1885 1313 2075 1368 mortis
2108 1324 2407 1367 aerumnam
2433 1353 2448 1375 ,
2479 1321 2534 1367 ιιι
2562 1327 2662 1367 nos
2689 1312 2803 1367 suis
2835 1311 3079 1383 vestigiis
3103 1320 3391 1368 revocaret

1785 1405 1852 1459 ad
1880 1405 2066 1460 vitam.
2102 1405 2455 1461 Conﬁdenter
2480 1421 2610 1477 ergo
2670 1406 2942 1462 tristitiam
2973 1405 3195 1461 nomino
3219 1446 3233 1467 .
3265 1406 3388 1476 quia

1788 1512 2006 1554 crucem
2036 1497 2314 1568 prmdico;
2351 1514 2526 1569 neque
2553 1497 2696 1554 enim
2729 1498 2967 1568 speciem
3003 1498 3390 1554 lncarnationis

1787 1595 2049 1663 suscepit,
2086 1595 2179 1649 sed
2210 1594 2512 1650 veritatem.
2537 1593 2736 1649 Debuit
2765 1609 2894 1663 ergo
2923 1603 2978 1648 et
3006 1592 3248 1648 dolorem
3267 1607 3386 1647 sus-

1785 1688 1988 1758 cipere,
2022 1696 2080 1742 ut
2109 1688 2354 1744 vinceret
2387 1689 2682 1754 tristitiam,
2714 1703 2820 1744 non
2852 1687 3186 1744 excluderet.
3206 1686 3391 1758 Neque

101 1779 400 1836 conditionis
439 1789 556 1848 est,
593 1781 740 1836 aliud
783 1781 1020 1850 speciale
1048 1781 1282 1836 virtutis.
1317 1782 1379 1836 Et
1425 1781 1548 1836 ideo
1593 1781 1677 1834 in-
1709 1783 1757 1845 Β
1784 1781 1928 1835 enim
1959 1780 2159 1835 habent
2187 1779 2519 1835 fortitudinis
2550 1779 2766 1835 laudem
2792 1821 2808 1847 ,
2835 1779 2927 1850 qui
2950 1789 3228 1850 stuporem
3269 1794 3387 1834 ma-

100 1875 300 1928 struitur
319 1873 383 1928 ad
410 1874 734 1935 cavendum.
763 1889 868 1928 non
899 1875 1112 1944 cogitur
1143 1873 1209 1928 ad
1240 1873 1568 1943 negandum.

154 1965 321 2036 (Vers.
350 1966 470 2038 56.)
505 1967 611 2033 Qui
638 1984 772 2021 nunc
803 1967 977 2034 habet,
1012 1968 1206 2037 inquit,
1235 1967 1502 2020 sacculum
1532 1965 1680 2019 tollat

97 2058 303 2113 similiter
327 2070 372 2114 et
399 2077 583 2131 peram
616 2075 633 2113 :
661 2070 707 2114 et
741 2059 831 2131 qui
858 2076 960 2113 non
1008 2057 1188 2126 habet,
1221 2059 1406 2113 vendat
1453 2058 1678 2112 tunicam

97 2167 242 2219 suam,
271 2161 318 2205 et
343 2161 477 2206 emat
512 2152 612 2206 sibi
639 2151 901 2224 gladium.

153 2244 232 2298 53.
271 2243 314 2298 0
341 2244 596 2312 Domine,
625 2259 724 2299 cur
752 2259 936 2300 eruere
966 2259 1052 2299 me
1081 2243 1240 2314 jubcs
1265 2243 1502 2314 gladium
1529 2285 1543 2308 ,
1587 2244 1675 2312 qui

99 2334 232 2391 ferire
258 2350 338 2391 me
363 2335 670 2407 prohibes?
698 2334 808 2390 Cttr
837 2336 1039 2392 habere
1072 2338 1318 2406 praecipis
1341 2379 1356 2404 ,
1382 2353 1540 2407 quem
1581 2354 1674 2393 ve-

99 2435 163 2480 tas
199 2428 406 2498 promi?
448 2428 570 2484 Nisi
618 2429 758 2484 forte
804 2438 861 2483 ιιι
911 2429 983 2484 sit
1029 2438 1212 2500 parata
1255 2429 1537 2497 defensio,
1567 2446 1674 2486 non

99 2517 210 2574 ultio
255 2521 596 2584 necessaria;
630 2531 686 2576 et
730 2521 918 2575 videar
967 2522 1210 2591 potuiSse
1259 2522 1549 2587 vindicari,
1579 2524 1674 2578 sed

97 2611 323 2667 noluisse.
352 2611 465 2668 Lex
502 2622 688 2668 tamen
718 2612 947 2667 referire
975 2628 1080 2666 non
1112 2623 1254 2667 vetat
1279 2655 1292 2677 ,
1325 2623 1380 2668 et
1411 2615 1530 2669 ideo
1560 2613 1672 2668 for-

99 2710 217 2758 tasse
243 2702 397 2760 Petro
427 2705 573 2759 duos
622 2704 832 2775 gladios
879 2703 1127 2760 offerenti
1165 2721 1176 2758 :
1211 2705 1357 2760 Satis
1388 2716 1463 2760 est
1488 2705 1668 2774 (Vers.

97 2792 194 2863 38),
220 2793 378 2863 dicis,
410 2797 574 2866 quasi
617 2796 832 2851 licuerit
863 2811 1031 2866 usque
1078 2796 1144 2851 ad
1195 2797 1583 2867 Evangeliutn;
1616 2807 1672 2853 ιιι

98 2885 156 2943 sit
188 2890 232 2943 in
259 2889 392 2962 Lege
434 2891 720 2961 tequitatis
749 2891 1017 2957 eruditio,
1053 2891 1104 2944 in
1141 2891 1429 2961 Evangelio
1461 2891 1671 2947 bonita-

100 2980 156 3034 tis
178 2981 437 3051 perfectio.

153 3072 228 3128 5i.
260 3073 435 3146 (Vers.
461 3076 588 3144 57.)
617 3074 800 3130 Multis
843 3075 946 3130 hoc
992 3074 1232 3146 iniquum
1280 3075 1527 3130 videtur:
1573 3075 1668 3130 sed

1781 1875 1865 1943 gis
1902 1873 2187 1928 vulnerum
2232 1873 2632 1944 tulerintquam
2660 1873 2942 1928 dolorem:
2991 1873 3161 1927 Homo
3182 1873 3387 1926 enimin

1784 1967 1962 2040 plaga,
1985 1977 2030 2020 et
2053 1967 2238 2033 sciens,
2265 1966 2459 2036 inqttit,
2488 1970 2626 2036 ferre
2650 1965 2973 2034 inﬁrmitates
2995 1963 3161 2034 (Esai.
3189 1962 3386 2034 Lttt,3).

1854 2063 1946 2117 57.
1971 2060 2082 2117 Nos
2109 2063 2222 2116 vult
2250 2061 2467 2117 erudire
2489 2101 2504 2127 ,
2535 2069 2594 2116 ut
2634 2061 2760 2131 quia
2791 2061 2843 2115 in
2874 2059 3077 2129 Joseph
3117 2059 3389 2114 didicera-

1782 2172 1903 2212 mus
1934 2171 2208 2212 carcerem
2239 2172 2344 2211 non
2376 2158 2567 2211 timere
2589 2197 2604 2222 ,
2650 2165 2881 2210 mortem
2907 2153 3125 2208 vincere
3149 2153 3390 2208 discere-

1781 2270 1901 2308 mus
1933 2255 1984 2308 in
2026 2253 2280 2309 Christo:
2316 2266 2369 2309 et
2405 2253 2548 2324 quod
2600 2261 2684 2309 est
2713 2253 2948 2324 amplius
2973 2294 2987 2318 ,
3023 2251 3383 2323 quemadmo-

1780 2345 1907 2400 dum
1943 2345 2139 2401 l'uturae
2159 2347 2350 2402 mortis
2365 2347 2682 2403 mmstitiam
2701 2348 3065 2402 vinceremus.
3093 2345 3381 2413 Quomodo

1781 2441 1925 2494 enim
1954 2449 2006 2494 te
2032 2440 2370 2496 imitaremur
2396 2483 2410 2507 ,
2444 2440 2668 2494 Domine
2695 2439 2821 2494 Jesu
2849 2480 2863 2502 ,
2895 2438 2996 2492 nisi
3025 2451 3382 2507 sequeremur

1781 2541 1839 2587 ut
1870 2533 2164 2597 hominem,
2204 2534 2304 2588 nisi
2335 2542 2606 2588 mortuum
2635 2532 2988 2587 crederemus
3013 2572 3028 2595 ,
3060 2529 3162 2584 nisi
3194 2529 3383 2584 vulne-

1778 2639 1834 2679 ra
1868 2624 2238 2679 vidissemus?
2282 2623 2745 2692 Quemadmodunt
2781 2621 3034 2691 discipuli
3085 2620 3375 2676 crederent

1777 2715 1943 2772 fuisse
1975 2721 2325 2783 moriturum,
2357 2717 2458 2771 nisi
2485 2714 2738 2770 morituri
2773 2713 3050 2768 tristitiam
3079 2711 3378 2780 comperis-

1776 2809 1944 2865 sent?
1988 2809 2095 2864 Sed
2127 2809 2304 2864 adhuc
2329 2808 2628 2874 dormiunt,
2659 2816 2714 2862 et
2743 2806 2995 2862 nesciunt
3024 2806 3211 2862 dolere
3233 2847 3246 2870 ,
3281 2821 3381 2875 pro

1774 2904 1970 2974 quibus
2013 2901 2261 2958 Christus
2291 2901 2547 2965 dolebat;
2594 2901 2666 2954 ita
2721 2901 2865 2955 enim
2917 2899 3182 2970 legimus:
3240 2897 3375 2965 Quia

1775 3007 1984 3068 peccata
2023 3007 2199 3050 nostra
2253 3004 2444 3065 portat,
2473 3003 2519 3048 et
2574 3009 2668 3064 pro
2716 2992 2861 3046 nobis
2903 2991 3042 3046 dolet
3097 2989 3262 3063 (Ibid.
3293 2987 3374 3059 4).

1777 3089 1939 3144 Doles
1987 3103 2115 3159 ergo
2142 3130 2157 3154 ,
2209 3087 2435 3142 Domine
2458 3128 2474 3153 ,
2532 3103 2637 3140 tton
2674 3096 2797 3150 tua,
2832 3083 2927 3140 sed
2963 3099 3078 3138 mea
3110 3082 3330 3136 vulnera
3360 3100 3372 3136 :

100 3180 185 3221 non
215 3169 417 3240 iniquus
447 3170 739 3238 Dominus,
769 3174 859 3242 qui
887 3187 1010 3226 eum
1033 3187 1092 3228 se
1118 3183 1298 3242 posset
1327 3172 1533 3237 ulcisci.
1560 3189 1670 3226 nm-
1698 3174 1742 3236 C
1776 3195 1882 3235 non
1914 3188 2059 3234 tuam
2094 3190 2346 3244 mortem,
2374 3178 2466 3233 sed
2489 3187 2730 3231 nostram
2768 3177 3138 3229 inﬁrmitatem
3165 3190 3177 3226 :
3201 3184 3250 3227 et
3279 3187 3377 3226 nos

101 3258 177 3315 luit
199 3263 470 3320 immolari.
509 3266 611 3332 Est
637 3266 779 3319 enim
812 3265 1022 3335 gladius
1049 3266 1310 3336 Spiritalis
1337 3307 1350 3330 ,
1387 3279 1441 3320 ιιι
1469 3267 1671 3322 vendas

100 3355 444 3421 patrimonium
466 3400 480 3424 ,
513 3372 671 3412 emas
698 3359 945 3424 verbum,
979 3373 1087 3428 quo
1117 3359 1258 3413 nuda
1283 3360 1476 3413 mentis
1509 3374 1672 3429 pene-

102 3448 230 3504 tralia
272 3453 603 3506 vestiuntur.
661 3451 758 3506 Est
807 3453 968 3506 etiam
1016 3453 1228 3523 gladius
1275 3455 1576 3522 passionis,
1613 3463 1671 3508 ut

101 3552 236 3594 exuas
277 3557 468 3614 corpus
493 3584 509 3610 ,
550 3551 606 3598 et
636 3543 925 3598 immolata:
984 3544 1165 3599 carnis
1209 3547 1418 3600 exuviis
1461 3555 1672 3601 etnatur

100 3631 175 3686 tibi
201 3636 326 3690 sacri
349 3651 555 3691 corona
588 3637 834 3708 martyrii
866 3655 878 3689 :
911 3637 1056 3707 quod
1105 3654 1168 3691 ex
1198 3637 1670 3693 benedictionibus

103 3721 364 3783 Dominicis
391 3729 655 3800 colligere
683 3741 838 3799 potes
856 3771 870 3793 ,
901 3730 990 3800 qui
1021 3745 1286 3784 summam
1309 3731 1550 3786 omnium
1575 3746 1667 3786 co-

101 3831 277 3888 ronam,
301 3823 346 3876 si
377 3825 497 3893 quis
531 3823 967 3892 persecutionem
1020 3825 1250 3893 patiatur
1278 3839 1377 3894 pro
1418 3824 1624 3894 justitia
1648 3867 1660 3889 ,

101 3913 392 3979 praedicavit.
425 3917 673 3986 Denique
706 3927 762 3972 ιιι
804 3917 947 3972 scias
994 3917 1120 3988 quia
1147 3917 1214 3971 de
1245 3919 1496 3987 passione
1523 3918 1670 3972 locu-

102 4010 172 4058 tus
199 4016 302 4075 est,
347 4025 412 4064 ne
446 4009 699 4065 turbaret
746 4009 1138 4080 discipulorum
1176 4009 1390 4080 1516
1418 4009 1625 4063 animos
1651 4050 1666 4076 ,

102 4092 155 4147 de
177 4100 550 4171 seexemplutn
585 4100 833 4170 protulit,
859 4099 1046 4154 dicens
1076 4117 1092 4153 :
1125 4101 1380 4165 Quoniam
1407 4099 1504 4154 hoc
1533 4100 1670 4171 quod

102 4189 316 4257 scriptum
345 4204 450 4259 est,
483 4203 688 4263 oportet
719 4192 928 4262 impleri
957 4193 1009 4246 in
1042 4208 1152 4259 me,
1181 4191 1319 4263 quod
1344 4201 1389 4246 et
1418 4208 1534 4245 cum
1582 4193 1667 4246 in-

121 4282 228 4336 ustis
255 4283 524 4356 deputatus
557 4295 652 4339 est.

159 4373 235 4429 55.
274 4377 445 4434 Movet
498 4391 678 4435 tamen
723 4379 900 4434 adhuc
931 4379 1076 4451 quod
1123 4379 1262 4434 duos
1301 4377 1512 4448 gladios
1553 4379 1667 4433 dis-

102 4465 236 4533 cipuli
279 4472 664 4540 protulerunt;
715 4489 783 4528 ne
831 4475 972 4527 forte
1017 4488 1180 4526 unum
1229 4473 1390 4538 novi,
1436 4471 1666 4526 alterum

103 4563 277 4618 veteris
318 4565 650 4621 Testamenti
678 4609 692 4632 ,
732 4567 930 4638 quibus
959 4566 1220 4620 adversus
1247 4565 1446 4620 diaboli
1491 4579 1668 4618 arma-
1691 4557 1746 4618 D

103 4665 203 4709 mur
221 4657 467 4715 insidias?
486 4661 728 4730 Denique
749 4661 882 4716 dicit
906 4661 1164 4715 Dominus
1194 4676 1206 4712 :
1234 4660 1377 4715 Satis
1398 4669 1490 4726 est,
1509 4661 1659 4730 quasi

103 4745 214 4802 nihil
252 4751 381 4807 desit
407 4753 456 4809 ei
479 4797 495 4821 ,
523 4769 684 4825 quem
729 4756 1012 4824 utriusque
1041 4754 1374 4810 Testamenti
1415 4755 1662 4812 doctrina

105 4843 350 4898 munierit.

163 4933 325 5000 (Vera.
351 4937 456 5006 42,
490 4941 606 5013 4⁸5.)
644 4939 833 5008 Pater,
861 4942 907 4996 si
951 4941 1197 5012 possibile
1231 4950 1338 5009 est,
1372 4940 1594 5012 transfer
1639 4957 1670 4997 a

106 5037 173 5076 me
197 5029 393 5084 calicem
421 5032 596 5086 istum.

165 5115 243 5170 56.
285 5119 497 5192 Haerent
523 5123 766 5196 plerique
794 5124 898 5180 hoc
925 5124 1066 5191 loco,
1091 5133 1116 5162 ἰ
1141 5126 1231 5196 qui
1263 5125 1536 5182 tristitiam
1567 5127 1670 5183 Sa-

108 5200 269 5264 lutaris
313 5212 377 5266 ad
421 5224 796 5284 argumentum
844 5217 1046 5272 inolitre
1089 5219 1269 5288 potius
1310 5233 1338 5271 a
1367 5219 1669 5291 principio,

175 5334 196 5406 τ
233 5327 528 5406 llisAverbis
559 5337 888 5406 castigantur
911 5335 1316 5406 Apollinaristre
1341 5378 1355 5401 ,
1385 5337 1476 5406 qui
1532 5348 1671 5394 teste

111 5389 554 5476 ξηῑνιιαηιοιιωιι.
587 5389 859 5471 nam}...
889 5389 983 5472 35:
1036 5389 1664 5476 stitiaatér'esn'.;.;:

111 5462 287 5549 debant
336 5475 500 5549 etiam_
538 5462 854 5549 divinitatem
901 5462 1095 5532 Clinia
1149 5462 1354 5549 passam
1384 5462 1494 5536 esse
1510 5462 1538 5535 Li
1552 5462 1672 5536 iant

113 5532 539 5622 {titletttt‘aitﬁ
572 5549 670 5622 'l:l_t.
705 5551 758 5622 in
787 5548 1118 5622 Matthteum,
1150 5532 1179 5602 ξι
1206 5532 1672 5620 άυίιυιιέέιιιηῖιᾶἐ

115 5602 258 5663 batur
278 5613 324 5666 in
347 5612 566 5672 Cltristo
594 5602 948 5675 l'erbumresse
963 5602 1077 5675 loco
1087 5602 1397 5675 animae-.1:
1417 5602 1671 5679 dimisit:

113 5690 213 5786 tif
229 5683 294 5786 ἷἷῖ
302 5686 377 5786 ,άῖ
381 5688 512 5786 [ἶξὲυ
517 5693 786 5786 'I‘J’E'Ii'ff
789 5700 868 5786 '1':
875 5690 1036 5786 .θαῖἷῖ
1039 5708 1068 5786 Ξ
1071 5691 1129 5786 ff
1134 5707 1302 5786 1⁴¹⁷¹ις¹ζ⁴ἰ
1307 5695 1354 5786 (ἶ
1357 5709 1409 5786 ΓῙ
1411 5695 1673 5786 ⁸1³,Ψῖζὲ

118 5757 206 5802 nec
231 5759 326 5808 tota
353 5759 494 5814 serie
524 5757 782 5818 orationis
805 5757 1176 5818 confirmatur.
1211 5757 1401 5819 Falsus
1428 5771 1512 5820 est
1541 5779 1670 5834 ergo

1775 3271 2163 3328 mstimavimus
2209 3280 2261 3326 te
2302 3285 2426 3326 esse
2458 3271 2512 3324 in
2553 3269 2832 3324 doloribus
2855 3309 2868 3329 ,
2899 3283 3022 3320 cum
3051 3275 3106 3319 tu
3136 3281 3240 3318 non
3277 3279 3376 3334 pro

1777 3373 1830 3422 te
1853 3408 1866 3432 ,
1895 3365 1989 3420 sed
2021 3382 2116 3435 pro
2148 3380 2235 3420 me
2266 3365 2516 3429 doleres;
2570 3363 2873 3417 inﬁrmatus
2921 3361 3066 3415 enim
3120 3375 3180 3414 es
3201 3400 3214 3426 ,
3274 3357 3374 3414 sed

1776 3467 1998 3529 propter
2041 3466 2260 3529 peccata
2319 3467 2501 3512 nostra
2561 3453 2832 3527 (Ibid.5)
2876 3471 2889 3510 :
2949 3469 3054 3508 non
3106 3453 3232 3522 quia
3287 3452 3375 3506 illa

1775 3551 1869 3606 tibi
1903 3550 2186 3606 infirmitas
2207 3557 2326 3606 erat
2355 3565 2420 3604 ex
2467 3549 2626 3604 Patre
2652 3557 2926 3616 assumpta
2955 3587 2969 3608 ,
3017 3544 3110 3600 sed
3143 3559 3240 3614 pro
3289 3558 3376 3598 me

1773 3653 2062 3712 suscepta;
2092 3644 2216 3713 quia
2247 3641 2376 3696 mihi
2409 3641 2661 3711 proderat
2692 3649 2748 3693 ut
2773 3638 3013 3694 eruditio
3063 3637 3209 3707 pacis
3242 3651 3369 3690 nos-

1775 3747 1871 3793 trte
1902 3747 2045 3792 esset
2066 3738 2116 3791 in
2151 3747 2219 3804 te,
2255 3746 2308 3791 et
2341 3737 2512 3789 livore
2539 3747 2631 3788 tuo
2653 3733 2875 3787 vulnera
2911 3744 3094 3786 nostra
3119 3745 3366 3784 sanares.

1845 3828 1933 3885 58.
1969 3829 2075 3884 Sed
2104 3829 2231 3900 quid
2266 3829 2461 3883 mirum
2509 3828 2553 3880 si
2597 3841 2693 3896 pro
2733 3824 2983 3880 omnibus
3023 3824 3235 3885 doluit,
3281 3822 3372 3891 qui

1774 3936 1872 3992 pro
1901 3936 2009 3976 uno
2029 3919 2214 3976 ﬂevit?
2234 3921 2298 3975 Et
2329 3918 2456 3988 quid
2481 3922 2676 3972 mirum
2698 3917 2740 3970 si
2768 3916 3061 3971 moriturus
3081 3927 3178 3983 pro
3199 3913 3374 3968 omni-

1771 4013 1875 4070 bus
1899 4013 2124 4077 taedeat,
2150 4013 2241 4082 qui
2271 4011 2533 4066 Lazarum
2575 4009 3026 4065 ressuscitaturus
3070 4005 3376 4076 illacrymat

1776 4109 1954 4183 (Joan.
1993 4124 2072 4174 XI,
2097 4108 2225 4180 55)?
2255 4107 2360 4162 Sed
2387 4115 2440 4162 et
2471 4106 2543 4161 ibi
2572 4106 2671 4176 pia:
2702 4104 2908 4158 sororis
2932 4101 3190 4173 Iacrymis
3227 4113 3377 4154 com-

1771 4210 2059 4268 movetur;
2094 4203 2215 4269 quia
2243 4209 2478 4257 mentem
2513 4200 2800 4254 humanam
2843 4197 3134 4268 tangcbant
3160 4213 3172 4249 :
3203 4201 3258 4249 et
3289 4191 3376 4246 hic

1771 4298 1880 4352 alto
1893 4307 2148 4367 operatur
2162 4294 2578 4367 all'ectu;ntqnia
2597 4295 2648 4347 in
2665 4307 2831 4346 carne
2845 4306 2938 4347 sua
2956 4296 3174 4360 peccata
3191 4295 3372 4342 nostra

1774 4391 2074 4462 perimebat
2097 4432 2112 4457 ,
2139 4405 2431 4446 mmrorem
2456 4384 2892 4458 quoque1517
2924 4385 3121 4438 anima:
3144 4389 3370 4443 nostrae,

1771 4500 1883 4540 suae
1906 4486 2100 4539 animae
2128 4498 2330 4539 maeror
2374 4482 2640 4537 aboleret.
2681 4480 2747 4533 Et
2779 4479 3010 4532 fortasse
3041 4475 3164 4530 ideo
3203 4472 3374 4528 tristis

1771 4587 1874 4642 est,
1909 4577 2033 4647 quia
2064 4584 2187 4646 post
2214 4576 2345 4630 Adae
2394 4574 2602 4644 lapsum
2633 4571 2726 4626 tali
2762 4571 2991 4624 transitu
3043 4566 3199 4622 nobis
3251 4573 3372 4621 erat

1773 4686 1839 4726 ex
1871 4669 1973 4725 hoc
1998 4669 2200 4724 sarculo
2231 4666 2622 4730 recedendum,
2656 4674 2716 4718 ut
2741 4663 2878 4717 mori
2927 4669 3072 4717 esset
3106 4671 3367 4715 necesse:

1771 4761 1915 4817 Deus
1935 4762 2069 4816 enim
2089 4771 2301 4814 mortem
2324 4769 2427 4812 nan
2448 4758 2570 4827 fecit
2595 4799 2610 4824 ,
2640 4772 2732 4810 nec
2768 4755 2976 4809 laetatur
3018 4753 3072 4805 in
3125 4749 3373 4821 perditio-

1771 4871 1838 4910 ne
1864 4855 2092 4908 vivorum
2145 4851 2305 4924 (Sap.
2337 4867 2372 4917 ι,
2411 4850 2534 4922 l5);
2587 4858 2643 4905 et
2670 4848 2795 4904 ideo
2833 4845 3038 4902 fastidit
3084 4843 3226 4916 quod
3253 4842 3371 4913 ipse

1776 4965 1882 5005 non
1915 4949 2064 5006 fecit.

1845 5041 1935 5097 59.
1981 5041 2224 5110 Denique
2266 5039 2385 5094 ait:
2418 5037 2673 5110 Transfer
2719 5053 2752 5091 a
2796 5050 2878 5089 me
2915 5033 3130 5088 calicem
3176 5031 3330 5085 istum
3355 5067 3372 5095 ,

1773 5135 1928 5206 quasi
1963 5133 2125 5190 homo
2161 5141 2392 5188 mortem
2438 5143 2732 5196 recusans,
2780 5127 2934 5200 quasi
2969 5127 3109 5181 Deus
3149 5133 3374 5179 senten-

1776 5228 1906 5283 tiam
1931 5240 2083 5282 suam
2107 5240 2364 5292 servans;
2393 5232 2608 5296 oportet
2639 5223 2783 5278 enim
2814 5220 2951 5277 mori
2998 5232 3098 5274 nos
3148 5215 3374 5278 smettlo,

1775 5343 2112 5398 Maldonatus
2161 5343 2204 5396 si
2231 5342 2297 5396 ad
2355 5342 2567 5398 huncce
2595 5340 2775 5395 locum
2829 5337 3110 5409 respexit,
3144 5352 3266 5391 cum
3304 5337 3372 5409 in

1773 5428 1894 5485 cap.
1937 5430 2069 5469 xxvr
2100 5413 2336 5468 Matthrei
2363 5413 2580 5483 scripsit
2603 5409 2877 5485 Ambrosii
2901 5408 3222 5485 auctoritate
3243 5408 3370 5485 olim

1774 5479 2049 5541 exstitisse
2083 5486 2169 5556 qui
2195 5495 2436 5555 negarent
2476 5479 2647 5556 ueram
2675 5483 2728 5535 in
2753 5480 2960 5556 Christo
3009 5479 3190 5556 fuisse
3214 5481 3377 5556 tristi-

1776 5558 1922 5612 tiam.
1948 5551 2145 5612 Veruin
2170 5551 2389 5625 quidem
2421 5564 2506 5610 est
2533 5553 2668 5608 infra
2701 5552 2926 5624 reperiri
2970 5551 3226 5606 nonnulla
3256 5552 3375 5621 qui-

1775 5627 1879 5684 bus
1907 5627 2182 5682 Manichzei
2213 5627 2486 5682 Christum
2520 5639 2647 5679 vere
2677 5637 2894 5693 passum
2941 5637 3063 5678 esse
3116 5631 3377 5694 negantes

1779 5700 2232 5771 perstringuntur,
2267 5697 2361 5752 sed
2397 5696 2498 5752 hoc
2529 5695 2725 5760 obiter,
2760 5709 2822 5750 ac
2847 5695 2949 5751 levi
2971 5708 3157 5749 manu.
