3920 6312
156 322 282 378 1821
1117 318 1481 378 EXPOSITIO
1518 316 1778 379 EVANG.

1818 320 1967 381 SEC.
2012 324 2166 384 LUC.
2208 328 2343 385 LIB.
2385 330 2453 386 x.

3284 340 3428 397 182?.

151 435 453 508 prophetica
497 435 640 492 dicta
681 437 1069 494 demonstrans
1110 437 1291 505 (Ειαὶ.
1323 450 1499 508 xxxv,
1546 438 1645 512 10)
1675 445 1733 495 et
1756 438 1813 501 Α
1837 450 1923 496 est
1954 440 2250 501 vulnerari.
2288 444 2367 502 Illi
2404 445 2552 520 iusto
2595 458 2823 508 mortem
2868 450 3173 511 inferebant
3202 472 3217 510 ι
3244 471 3430 526 persc-

153 530 312 601 ipos,
338 528 387 584 si
405 536 816 597 convertantur,
850 542 1013 601 posse
1031 531 1243 597 sanari,
1274 530 1365 601 qui
1392 529 1449 585 in
1481 530 1735 602 passione

154 620 353 685 Domini
397 621 667 677 vulnerati
709 630 881 690 sunt;
937 636 1006 678 eo
1047 622 1191 693 quod
1240 634 1405 679 omne
1448 629 1731 693 peccatum

152 714 268 772 ﬁdei
290 714 562 787 mysteriis
587 716 863 773 abluatur.

213 808 299 864 67.
338 806 506 862 Tollit
555 822 688 879 ergo
740 808 938 865 Petrus
1001 820 1211 865 aurem.
1255 808 1437 878 Quare
1488 807 1732 865 Petrus?

148 898 274 969 Quia
317 900 436 971 ipse
469 908 557 956 est
624 901 717 972 qui
764 902 977 972 accepit
1026 901 1209 958 claves
1254 901 1411 973 regni
1463 900 1728 958 caelorum

148 992 352 1064 (lculi.
397 1008 521 1059 xvt,
550 993 644 1065 l9)
687 1012 703 1048 :
733 994 828 1051 ille
856 995 1005 1052 enim
1035 995 1362 1051 condemnat
1384 1036 1399 1063 ,
1431 995 1522 1066 qui
1550 1005 1606 1051 et
1634 994 1731 1049 ab—

108 1082 115 1093 ’
146 1088 323 1154 solvit;
351 1087 607 1158 quoniam
635 1087 781 1145 idem
810 1099 868 1147 et
898 1090 1102 1163 ligandi
1131 1098 1187 1147 e‘t
1222 1090 1473 1147 solvendi
1499 1091 1728 1160 adeptus

146 1189 221 1237 est
244 1189 569 1251 potestatem
590 1181 807 1256 (lbid.).
834 1182 1002 1240 Tollit
1026 1194 1208 1239 autem
1236 1198 1424 1240 aurem
1457 1183 1599 1240 male
1623 1198 1725 1239 au-

150 1275 334 1330 dientis
364 1292 377 1329 :
408 1274 554 1329 tollit
593 1285 774 1331 autem
795 1275 977 1347 gladio
1005 1276 1241 1348 Spiritali
1281 1290 1470 1332 aurem
1498 1275 1726 1333 interio—

148 1382 254 1424 rem
274 1368 416 1424 male
437 1368 817 1441 intelligentia.

208 1459 421 1532 1519
444 1461 539 1518 68.
584 1461 888 1518 Caveamus
934 1474 1006 1518 ne
1047 1463 1137 1518 cui
1183 1461 1413 1518 tollatur
1453 1460 1719 1517 auricula.

146 1552 346 1624 Legitur
372 1554 560 1623 passio
582 1553 798 1613 Domini
832 1572 846 1609 :
879 1556 927 1610 si
962 1554 1030 1611 ad
1060 1553 1403 1611 divinitatem
1430 1555 1549 1623 ejus
1580 1550 1724 1611 refe-

142 1647 297 1701 rimus
322 1645 696 1703 infirmitatem
717 1661 1000 1718 corporea:
1023 1648 1314 1718 passionis,
1330 1645 1605 1702 exciditur
1625 1659 1723 1700 ao-

141 1743 315 1811 ricula,
336 1749 393 1799 et
414 1742 692 1798 exciditur
707 1759 736 1797 a
754 1742 941 1810 Petro,
958 1745 1054 1814 qui
1088 1757 1197 1798 non
1224 1743 1417 1812 paSsus
1446 1750 1531 1798 est
1559 1739 1719 1797 Chri-

1837 541 2087 589 cutorum
2117 535 2343 593 vulnera
2373 536 2477 595 iste
2502 541 2767 599 sanabat.’

1907 624 1931 697 (
1946 624 2110 709 V‘ers.
2138 626 2233 695 54,
2264 627 2380 703 55.)
2413 626 2604 689 Petrus
2625 651 2743 691 vero
2766 638 3074 708 sequebatur
3093 657 3125 696 a
3150 642 3325 714 longe.

1905 718 1996 775 72.
2038 718 2107 776 Et
2137 720 2277 780 bene
2300 738 2329 779 a
2361 722 2521 796 longe
2551 728 2898 799 sequebatur,
2914 731 3027 803 jam
3057 735 3304 805 proxime
3332 750 3429 793 ne-

1831 818 2093 886 gaturus;
2125 830 2303 887 neque
2342 818 2487 875 enim
2538 838 2733 894 negare
2783 824 3086 895 potuisset,
3129 826 3179 885 si
3215 828 3433 885 Christo

1831 907 2124 977 proximus
2152 907 2495 967 adbmsisset.
2534 912 2642 969 Sed
2688 913 2920 971 fortasse
2942 926 3000 972 et
3034 919 3087 972 in
3127 918 3233 974 hoc
3274 920 3432 977 nobis

1830 1000 2068 1055 maxima
2099 1000 2169 1057 sit
2197 1001 2559 1062 admiratione
2583 1007 2940 1078 reverendus,
2970 1011 3114 1083 quod
3140 1010 3426 1070 Dominum

1828 1106 1936 1149 non
1966 1093 2220 1166 reliquit,
2255 1094 2418 1154 etiam
2449 1115 2570 1154 cum
2597 1101 2837 1157 timeret.
2870 1100 3044 1161 Metus
3076 1116 3281 1163 natura:
3309 1118 3427 1178 cst,

1828 1200 1961 1244 cura
2014 1188 2253 1259 pietatis.
2300 1190 2554 1255 Alienum
2580 1236 2595 1259 ,
2626 1193 2769 1266 quod
2818 1196 2973 1253 timet
3005 1214 3019 1251 :
3050 1214 3206 1255 suum
3233 1242 3251 1268 ,
3281 1201 3424 1270 quod

1830 1295 1938 1336 non
1968 1280 2128 1352 fugit.
2159 1282 2316 1353 Quod
2356 1284 2633 1356 sequitur,
2665 1284 2976 1343 devotionis
3004 1306 3018 1343 :
3052 1286 3195 1360 quod
3221 1302 3382 1361 negat
3408 1334 3424 1359 ,

1826 1373 2569 1448 obreptionis._Commune,
2619 1380 2761 1454 quod
2795 1381 3037 1439 labitur:
3073 1381 3241 1452 ﬁdei,
3287 1386 3431 1456 quod

1827 1471 2080 1538 poenitet.
2113 1466 2238 1524 Jam
2273 1466 2325 1525 in
2374 1469 2538 1526 domo
2585 1471 2848 1544 principis
2896 1474 3240 1532 sacerdotum
3290 1475 3430 1548 ignis

1824 1560 2053 1617 ardebat
2087 1576 2102 1619 :
2133 1562 2369 1619 accessit
2418 1561 2611 1621 Petrus
2638 1608 2652 1628 ,
2686 1575 2743 1621 ut
2782 1566 3115 1623 calcfaceret
3160 1583 3260 1635 se;
3306 1570 3433 1640 quia

1824 1656 2010 1711 clauso
2029 1655 2280 1725 Domino,
2306 1657 2460 1712 calor
2480 1660 2680 1715 mentis
2700 1658 2862 1716 etiam
2894 1658 2946 1716 in
2971 1659 3090 1731 ipso
3109 1660 3424 1719 refrixerat.

1897 1750 1986 1808 75.
2019 1749 2200 1825 (Vcrs.
2225 1752 2341 1825 56.)
2364 1751 2503 1823 Quid
2531 1753 2633 1812 sibi
2656 1755 2771 1811 vult
2789 1752 2931 1824 quod
2958 1755 3130 1827 prima
3155 1772 3279 1811 eum
3302 1771 3451 1828 pro--

139 1845 271 1892 sum
300 1803 641 1906 prophetam
673 1803 942 1891 aestimari
1021 1834 1121 1891 sed
1153 1803 1247 1891 Dei
1284 1834 1482 1890 Filium
1532 1832 1713 1889 docuit

1908 1803 1985 1808 ___
2021 1803 2037 1825 κ
2065 1803 2071 1806 .
2098 1803 2199 1808 -__-
2228 1803 2338 1825 --η
2371 1803 2500 1823 η---
2531 1803 2633 1812 -.--
2668 1803 2931 1824 .--μνη
3158 1803 3278 1811 -....-
3324 1803 3401 1812 ..-

1826 1843 1907 1901 dit
1936 1842 2139 1899 ancilla
2160 1887 2174 1912 ,
2207 1842 2421 1920 1520
2443 1862 2569 1903 cum
2595 1849 2694 1903 viri
2736 1850 2925 1919 utique
2952 1803 3123 1919 inagis
3162 1803 3429 1919 οιιηιιριι-

143 1927 276 1984 ﬁdeli
296 1927 653 1987 confessione
682 1929 911 1999 signari.
943 1928 1090 1998 Ergo
1118 1941 1246 1983 cum
1280 1927 1511 1998 legimus
1546 1925 1719 1982 teneri

138 2019 311 2076 losum
332 2061 348 2087 ,
377 2034 679 2076 caveamus
706 2035 779 2076 ne
804 2020 874 2077 ab
900 2021 1088 2093 aliquo
1111 2019 1399 2076 audiamus
1420 2059 1436 2083 ,
1477 2026 1533 2075 et
1562 2027 1721 2088 pute-

138 2129 247 2169 mus
286 2126 410 2171 eum
436 2113 740 2171 semiudum
769 2114 1106 2171 divinitatem
1138 2112 1309 2170 teneri
1329 2153 1345 2181 ,
1380 2100 1552 2170 teneri
1578 2111 1720 2167 invi—

135 2214 268 2275 tm),
294 2210 465 2265 teneri
500 2210 664 2280 quasi
693 2208 992 2266 infirmum.
1022 2208 1264 2266 Tenetur
1288 2205 1509 2279 quidem
1536 2247 1551 2273 ,
1578 2216 1633 2260 et
1662 2213 1720 2259 ut

136 2301 260 2359 dixit
292 2300 529 2361 Joannes
572 2304 759 2376 (locu.
808 2319 939 2361 xvm
964 2346 980 2374 ,
1015 2304 1143 2378 l2),
1175 2304 1377 2375 ligatur
1418 2303 1715 2360 secundum

139 2398 366 2467 carperis
391 2400 727 2455 veritatem:
754 2398 854 2456 sed
880 2413 965 2455 vae
991 2400 1100 2456 illis
1126 2400 1218 2470 Qui
1242 2400 1410 2470 ligant
1433 2397 1713 2455 Verbum!

141 2489 309 2562 Ligaut
347 2490 495 2548 enim
542 2494 643 2565 qui
682 2492 1062 2553 tantummodo
1107 2493 1387 2549 Christum
1438 2492 1715 2550 hominem

140 2595 311 2656 putant
337 2603 353 2641 :
382 2588 549 2660 ligant
574 2598 605 2628 ιι
624 2589 721 2660 qui
750 2588 1048 2661 praescium
1073 2605 1182 2643 nun
1221 2597 1433 2659 putant,
1471 2589 1563 2660 qui
1594 2603 1714 2642 om-

140 2680 455 2750 nipotentem
478 2696 599 2737 non
619 2680 979 2737 conﬁtentur.
1000 2681 1140 2737 Itala
1164 2682 1380 2738 vincula
1405 2681 1713 2737 indecorum

139 2770 312 2840 quibus
330 2786 436 2828 non
459 2773 750 2830 Christum
773 2774 962 2845 ligant,
987 2774 1084 2830 sed
1113 2773 1323 2845 seipsos
1353 2774 1599 2847 alligant.
1627 2772 1716 2829 Li-

140 2872 280 2933 gatur
300 2875 476 2922 autem
520 2867 583 2923 iu
627 2866 795 2921 domo
821 2880 933 2923 non
963 2867 1037 2938 pii
1077 2867 1305 2938 alicujus
1334 2873 1389 2923 et
1412 2867 1544 2943 justi
1571 2908 1587 2935 ,
1619 2866 1715 2923 sed

143 2958 189 3011 in
211 2957 363 3015 demo
384 2962 611 3031 Caiphae
641 2959 833 3035 (loco.
867 2977 956 3031 xt,
1000 2963 1127 3037 50),
1160 2961 1264 3019 hoc
1292 2971 1379 3020 est
1402 3005 1417 3031 ,
1463 2963 1517 3019 in
1551 2962 1712 3032 impia

138 3048 309 3117 domo;
339 3054 427 3108 ubi
452 3055 631 3110 etiam
674 3055 973 3111 moriturus
1004 3071 1103 3127 pro
1136 3055 1387 3112 omnibus
1412 3054 1712 3128 propheta-

141 3150 230 3245 ιη’.
257 3145 419 3215 Quam
454 3157 713 3205 amentes
738 3149 903 3220 igitur
940 3149 1033 3221 qui
1072 3148 1337 3206 beneficia
1367 3151 1548 3205 divina
1577 3163 1711 3203 con-
1735 3180 1782 3245 ρ

141 3237 353 3306 fitentur,
376 3250 435 3297 et
459 3242 866 3300 beneﬁciorum
888 3250 1167 3300 auctorem
1195 3254 1598 3316 persequuntur
1621 3246 1641 3300 f

198 3329 277 3385 09.
318 3331 448 3389 Ideo
471 3347 673 3388 aurem
696 3333 974 3403 perdunt,
1016 3334 1141 3404 quia
1172 3335 1528 3409 perdiderunt
1553 3336 1709 3392 audi-

142 3433 214 3476 lus
239 3426 559 3495 protractum.
611 3426 873 3483 Auditum
917 3428 1075 3483 multi
1103 3444 1210 3484 non
1242 3430 1470 3496 habent,
1496 3433 1586 3502 qui
1612 3431 1709 3486 ha-

140 3515 332 3576 berese
357 3522 611 3577 credunt.
664 3521 723 3577 ln
762 3522 1011 3578 Ecclesia
1035 3536 1226 3578 omnes
1274 3522 1510 3591 habent,
1553 3531 1708 3599 extra

144 3606 413 3668 Ecclesium
442 3628 555 3669 non
585 3613 811 3669 habent.
843 3616 957 3669 Aut
976 3613 1215 3671 fortasse
1256 3615 1382 3671 ideo
1411 3630 1595 3671 aurem
1621 3625 1708 3672 tu-

141 3697 221 3765 lit;
247 3716 310 3758 ne
347 3705 589 3776 amplius
629 3703 1017 3775 delinquerent
1045 3706 1365 3773 audientes,
1402 3709 1493 3781 qui
1524 3709 1708 3765 audita

143 3805 339 3853 servare
361 3813 467 3854 non
494 3808 740 3870 possent.
777 3799 868 3857 Sic
896 3808 953 3854 et
980 3800 1269 3871 aliquando
1291 3803 1534 3859 confudit
1565 3803 1708 3861 Deus

144 3883 331 3958 linguas
348 3894 749 3967 exatrnetttium
767 3901 993 3959 turrem,
1019 3908 1093 3949 ne
1110 3906 1173 3949 se
1195 3893 1468 3963 audirent,
1488 3886 1549 3952 et
1569 3910 1709 3967 opus

142 3993 239 4033 tua:
260 3982 549 4053 impietatis
578 3994 849 4056 augerent
875 3984 1031 4057 (Gen.
1062 4002 1149 4054 ιι,
1183 3987 1267 4061 7).

202 4069 283 4127 '10.
318 4074 756 4146 comprehende,
784 4078 837 4133 si
854 4086 1016 4149 potes
1032 4121 1047 4146 ,
1075 4080 1354 4150 quomodo
1374 4079 1443 4136 ad
1469 4080 1707 4139 dexterae

142 4163 368 4223 salutaris
394 4176 663 4224 attactum
682 4168 854 4241 fugiat
895 4170 1073 4237 dolor,
1106 4181 1158 4227 et
1189 4172 1412 4229 vulnera
1453 4188 1563 4229 non
1594 4189 1707 4232 me-

144 4251 427 4315 dicamento
460 4256 489 4301 ι
515 4273 747 4330 aspersa
766 4302 784 4329 ,
821 4260 923 4316 sed
952 4269 1107 4317 tactu
1137 4261 1372 4319 obducta
1405 4272 1702 4320 sanentur.

142 4343 469 4415 Maiorem
511 4368 679 4409 suum
716 4353 882 4410 illius
907 4355 1191 4425 agnoscit,
1242 4363 1297 4411 et
1339 4357 1705 4428 operatricem

144 4454 277 4499 suam
326 4447 539 4505 Domini
599 4465 827 4506 insuum
882 4450 1133 4521 sequitur
1191 4465 1367 4518 caro;
1432 4453 1706 4523 quomodo

1822 1934 2028 1993 tuerint
2058 1952 2451 2009 recognoscere
2478 1956 2492 2005 ;
2517 1937 2622 1995 nisi
2646 1948 2704 1995 ut
2730 1947 2785 1994 et
2807 1939 2909 1996 istc
2936 1954 3099 1996 sexus
3123 1952 3146 1981 ο
3172 1956 3431 2012 peccasse

1822 2029 1875 2087 in
1906 2044 2095 2088 necem
2125 2033 2338 2088 Domini
2364 2030 2665 2099 videretur,
2695 2043 2756 2087 ut
2785 2042 2840 2089 et
2871 2030 2976 2090 iste
3004 2048 3166 2089 sexus
3193 2033 3426 2089 redime-

1819 2132 1972 2181 retur
2002 2142 2098 2197 per
2136 2126 2348 2181 Domini
2394 2124 2742 2198 passionem?
2771 2126 2835 2181 Et
2862 2126 2984 2181 ideo
3011 2126 3208 2182 mulier
3238 2141 3421 2182 resur-

1822 2218 2088 2273 rccﬁonis
2133 2218 2334 2288 accipit
2374 2217 2543 2290 prima
2575 2217 2896 2291 mysterium
2928 2214 3111 2290 (Joau.
3145 2233 3213 2271 xx
3234 2259 3249 2284 ,
3286 2218 3375 2283 l7)
3404 2259 3421 2287 ,

1820 2319 1877 2368 et
1932 2311 2185 2369 mandata
2226 2311 2509 2381 custodit;
2559 2323 2617 2367 ut
2662 2314 2903 2367 veterem
2955 2308 3428 2383 praevaricationis

1819 2405 2063 2463 aboleret
2093 2413 2361 2463 errorem.

1890 2498 1979 2555 74.
2018 2498 2199 2571 (Vers.
2234 2499 2356 2572 57.)
2400 2497 2592 2559 Petrus
2635 2513 2764 2571 ergo
2793 2492 3041 2568 proditus
3092 2500 3295 2568 negat;
3326 2510 3420 2568 po-

1816 2606 2009 2648 namus
2032 2594 2178 2655 enim
2208 2607 2437 2663 negasse
2468 2590 2689 2651 Petrum
2715 2631 2734 2657 ,
2764 2589 2888 2661 quia
2936 2588 3071 2645 dixit
3108 2584 3367 2644 Dominus
3399 2604 3412 2642 :

1819 2686 1919 2742 Ter
1947 2704 2026 2744 me
2059 2688 2268 2760 negabis
2300 2684 2521 2755 (Matth.
2554 2701 2682 2741 xxvi
2702 2727 2717 2754 ,
2746 2681 2878 2758 δικ
2909 2681 2977 2739 Ει
3007 2684 3155 2739 malo
3184 2696 3414 2753 negasse

1814 2780 2036 2837 Petrum
2064 2822 2078 2848 ,
2107 2794 2267 2850 quam
2308 2776 2595 2834 Dominum
2629 2775 2912 2835 fefellisse.
2970 2775 3113 2845 Quid
3158 2773 3418 2846 negavit?

1814 2872 1971 2946 Quod
2009 2873 2258 2947 promisit
2299 2875 2539 2930 incaute.
2606 2871 2960 2929 Dcvotioncm
3009 2869 3414 2934 consideravit,

1814 2984 1925 3025 non
1956 2970 2196 3040 respexit
2216 2968 2609 3024 conditionem.
2638 2967 2926 3025 Mulctatus
2952 3008 2970 3035 ,
2998 2965 3129 3037 quia
3167 2964 3307 3020 dixit
3350 2976 3413 3019 se

1813 3063 2050 3121 animam
2076 3075 2281 3132 ponere
2305 3059 2487 3136 (Joan.
2521 3075 2656 3130 xm,
2689 3060 2782 3131 57)
2811 3076 2824 3114 :
2856 3058 2999 3130 quod
3030 3073 3138 3117 non
3163 3057 3415 3113 humana:

1815 3150 2170 3223 infirmitatis,
2195 3153 2290 3210 sed
2317 3153 2515 3209 divinae
2551 3160 2636 3209 est
2661 3152 2962 3227 potestatis.
2986 3150 3123 3208 Cum
3156 3160 3262 3206 tam
3290 3165 3414 3222 gra-

1817 3261 1935 3301 vem
1960 3244 2608 3323 imprudentissermonis
2623 3244 2882 3300 mulctam
2900 3242 3085 3313 luerit,
3107 3252 3306 3313 quanta
3334 3248 3420 3298 est

1813 3354 1976 3412 poena
2010 3336 2249 3417 perfidiae
2271 3339 2284 3393 !
2759 3342 2761 3346 ‘

1886 3432 1976 3489 75.
2019 3432 2123 3490 Ubi
2158 3441 2336 3491 tamen
2367 3443 2529 3506 negat
2557 3430 2788 3488 Petrus?
2818 3429 2934 3489 Non
2966 3429 3020 3486 in
3048 3439 3235 3489 monte
3261 3472 3279 3497 ,
3305 3444 3413 3486 non

1813 3530 1868 3587 in
1893 3529 2120 3603 templo,
2148 3546 2255 3587 non
2278 3529 2331 3584 in
2366 3544 2461 3586 sua
2487 3528 2650 3583 domo
2677 3544 2690 3582 :
2718 3526 2814 3583 sed
2846 3526 2898 3585 iu
2922 3525 3178 3601 prtetorio
3199 3524 3416 3581 Inda-o-

1814 3639 1965 3693 rum,
1999 3625 2053 3679 in
2084 3623 2250 3679 domo
2282 3621 2547 3693 principis
2572 3618 2943 3677 sacerdotum.
2979 3618 3054 3674 lbi
3087 3626 3250 3688 negat
3273 3658 3290 3686 ,
3324 3616 3413 3687 ubi

1812 3716 2021 3779 veritas
2037 3733 2143 3770 non
2171 3724 2256 3771 est
2301 3732 2323 3773 ε.
2350 3716 2421 3771 ibi
2455 3722 2646 3786 negat,
2675 3713 2763 3769 ubi
2787 3710 3037 3767 Christus
3066 3717 3288 3780 captus,
3324 3709 3416 3763 ubi
3520 3710 3525 3711 “

1812 3809 1969 3865 Jesus
2000 3809 2196 3879 ligatus
2224 3817 2328 3862 est.
2357 3806 2521 3877 Quid,
2546 3806 2649 3861 nisi
2672 3810 2908 3869 erraret,
2928 3817 3093 3872 quem.
3118 3800 3416 3883 intromisit

1811 3903 2069 3969 ostiaria,
2104 3901 2460 3971 interrogavit
2499 3899 2721 3953 ostiaria
2769 3895 2952 3967 (Joau.
2989 3909 3161 3960 xvttt,
3193 3894 3281 3961 17)
3307 3934 3327 3958 ,
3353 3902 3411 3949 et

1811 3995 2035 4053 ostiaria
2079 3993 2427 4051 Judaeorum?
2457 3991 2592 4048 Male
2625 3990 2734 4047 Eva
2765 3987 2975 4045 induxit
3020 3986 3193 4043 Adam
3217 4029 3233 4053 ,
3267 3986 3412 4041 ciale

1811 4084 2360 4149 Petruutintroduxjt
2390 4084 2614 4141 femina.
2656 4082 2766 4139 Sed
2796 4081 2889 4143 ille
2935 4082 2988 4135 in
3033 4080 3288 4151 paradiso
3326 4079 3407 4133 Ia-

1809 4179 1987 4248 bitur,
2021 4178 2111 4234 ubi
2141 4195 2247 4241 nou
2281 4177 2566 4234 veniabilis
2593 4177 2753 4247 culpa
2783 4193 2796 4231 :
2832 4174 2921 4231 hic
2949 4174 3010 4230 in
3030 4173 3284 4244 praztorio
3312 4171 3408 4229 lu-

1808 4274 2093 4342 dazorum,
2141 4271 2239 4339 ubi,
2273 4269 2516 4330 difﬁcilis
2573 4268 2914 4327 innocentia.
2961 4266 3047 4323 Illi
3091 4266 3417 4323 interdictus

1808 4365 1993 4437 lapsus
2016 4407 2037 4439 ι
2078 4361 2214 4425 huic
2253 4363 2542 4439 praedictus
2573 4377 2750 4419 error.
2786 4361 2879 4420 Ille
2919 4360 3253 4435 conmiissus
3282 4357 3411 4414 huic

1809 4459 2219 4531 praeiudicavit,
2249 4457 2338 4514 hic
2366 4457 2515 4514 illum
2546 4457 2793 4513 resolvit.

498 4557 641 4613 οΡυθ
684 4557 849 4599 9m
883 4552 1109 4600 0'83"?!”
1161 4545 1447 4602 ἲπεῑεηῐτη·
1510 4546 1599 4603 Sic
1648 4555 1787 4634 etp
1879 4555 1968 4612 76.
2010 4551 2438 4617 Considetemus
2486 4550 2654 4607 etiam
2722 4562 2832 4619 quo
2891 4547 2944 4603 iu
3013 4552 3167 4602 statu
3225 4551 3419 4615 neget.

144 4626 255 4683 alibi
289 4645 427 4689 eaeo
455 4634 539 4690 illi
562 4636 744 4703 eius,
772 4636 888 4692 luto
911 4649 1077 4707 supra
1123 4637 1314 4693 oculos
1359 4639 1518 4706 illito,
1546 4639 1700 4709 quasi

143 4715 189 4770 iu
210 4731 443 4780 naturam
466 4727 710 4797 redierit,
735 4729 1063 4786 reformatur
1083 4729 1261 4798 (Ῑοαη.
1293 4747 1370 4798 Ix,
1394 4732 1474 4803 6).
1504 4731 1703 4789 lubere

144 4817 328 4883 potuit,
358 4821 451 4877 sed
490 4824 709 4893 operari
736 4825 958 4891 maluit;
995 4833 1053 4881 ut
1094 4840 1492 4895 cognoscamus
1524 4828 1709 4899 ipsum

144 4919 251 4980 esse
271 4913 409 4982 quie
425 4916 556 4972 limo
584 4925 747 4974 terrae
775 4919 1028 4990 corporis
1051 4919 1296 4975 membra
1335 4920 1509 4976 nostri
1536 4921 1713 4989 variis,

145 5008 253 5067 apta
269 5003 514 5063 formavit
537 5010 773 5077 officiis,
807 5018 864 5066 et
903 5011 1095 5083 infuso,
1124 5012 1314 5085 vigore
1341 5014 1539 5071 mentis
1579 5017 1697 5069 ani-

146 5096 305 5151 litavit.

205 5192 284 5249 Tt.
324 5195 593 5256 Venerunt
610 5218 741 5275 ergo
766 5211 820 5259 et
840 5203 1374 5275 comprehenderunt
1401 5222 1552 5273 eum,
1578 5222 1700 5281 gra-

145 5283 247 5340 vius
271 5291 485 5358 perituri
521 5297 682 5352 studii
707 5298 790 5353 sui
816 5297 991 5353 fructu
1019 5317 1034 5353 :
1063 5315 1163 5363 nec
1194 5300 1591 5359 intellexerunt
1618 5304 1704 5360 iu-

146 5371 307 5436 feiiecs
331 5389 663 5459 mysterium,
688 5394 1065 5466 nec‘veucrati
1084 5402 1209 5447 sunt
1236 5403 1342 5449 tam
1373 5395 1698 5454 clementem

146 5469 336 5536 pietatis
359 5477 625 5554 affectum,
656 5484 802 5555 quod
821 5486 985 5540 etiam
1014 5485 1201 5543 hostes
1221 5501 1349 5544 suos
1374 5504 1481 5545 non
1512 5505 1702 5562 passus

153 5658 430 5779 τθῖηνῗξξ·
453 5668 1021 5779 αξξὲἀξξὶηςξξιιῴᾞέ
1030 5683 1349 5779 Emta-
1366 5692 1469 5731 uan
1490 5687 1694 5747 putant.

194 5734 1003 5837 ³ὲ¹ἓᾶθξ¹λτ’τυξερετίεεηίνπθιδη
1025 5734 1241 5828 amt
1265 5820 1301 5837 ..
1412 5819 1462 5837 ..

266 5801 347 5865 Sic
374 5801 475 5863 vet.
500 5801 630 5875 cuii.
649 5801 702 5870 ei
724 5828 857 5871 mss.
884 5801 1071 5891 paucis
1093 5801 1354 5891 exceptis,
1377 5819 1463 5875 ubi
1492 5834 1589 5893 pro
1616 5837 1699 5887 as-

1812 4647 2041 4720 Frigus,
2096 4646 2307 4716 inquit,
2351 4654 2457 4700 erat
2488 4642 2664 4715 (Ibid.
2718 4638 2830 4711 i8).
2863 4639 2921 4699 Si
2975 4650 3189 4711 tempus
3224 4639 3411 4694 consi-

1809 4742 2066 4798 deremus
2088 4780 2104 4806 ,
2146 4739 2319 4811 frigus
2345 4753 2467 4801 esse
2512 4751 2621 4793 non
2673 4742 2887 4807 poterat
2924 4750 2940 4789 :
2968 4734 3063 4793 sed
3095 4733 3263 4801 frigus
3295 4738 3415 4786 erat

1809 4835 1902 4890 ubi
1926 4833 2085 4889 .lcsus
2106 4848 2214 4889 non
2245 4830 2662 4905 agnoscebatur,
2692 4828 2784 4884 ubi
2815 4841 2925 4885 non
2954 4817 3073 4883 erat
3102 4826 3195 4894 (uti
3227 4827 3409 4880 lucem

1809 4927 2035 4995 videret,
2070 4927 2158 4981 ubi
2186 4924 2483 4996 negabatur
2510 4924 2649 4995 ignis
2679 4936 3030 4978 consumens.
3053 4920 3246 4991 Frigus
3278 4933 3419 4988 ergo.

1808 5032 1929 5079 erat
1954 5020 2178 5086 mentis,
2205 5034 2314 5077 non
2341 5018 2610 5088 corporis.
2634 5016 2882 5086 Denique
2912 5013 2981 5071 ad
3002 5014 3275 5071 carbones
3301 5020 3413 5065 sta-

1807 5117 1907 5177 bat
1920 5118 2137 5181 Petrus,
2166 5113 2289 5183 quia
2316 5110 2537 5183 algehat
2559 5108 2751 5166 affectu
2778 5108 2972 5183 (Marc.
2995 5122 3105 5173 xtv,
3131 5106 3244 5176 54).
3271 5104 3419 5162 Mala

1805 5212 2025 5267 ﬂamma
2063 5206 2323 5264 Iudaica:
2368 5206 2509 5272 urit,
2541 5220 2648 5259 non
2702 5202 2968 5260 calefacit.
3001 5200 3175 5257 Malus
3221 5199 3419 5263 focus,

1806 5304 1897 5374 qui
1946 5301 2234 5375 quamdam
2264 5300 2426 5355 etiam
2454 5306 2766 5352 sanctorum
2823 5292 3099 5349 mentibus
3128 5288 3404 5358 fuliginem

1803 5398 2008 5456 erroris
2032 5396 2273 5466 aSpergit
2298 5435 2313 5460 ,
2363 5392 2513 5463 juxta
2543 5404 2705 5462 quem
2734 5389 2898 5445 etiam
2933 5386 3085 5443 Petri
3118 5384 3410 5441 interiores

1805 5492 1949 5548 oculi
1997 5489 2316 5560 eaiigarunt.
2366 5487 2446 5541 illi
2476 5484 2619 5541 oculi
2654 5498 2760 5539 non
2790 5482 2971 5538 carnis
3013 5490 3068 5536 et
3098 5478 3379 5549 sanguinis
3399 5517 3424 5545 λ

1811 5693 1983 5749 pereo,
2006 5677 2206 5747 legitur
2233 5690 2540 5748 matrerm:
2567 5673 2715 5730 unde
2738 5674 2895 5729 Rom.
2929 5672 3062 5729 edit.
3091 5670 3311 5728 videtur
3338 5669 3417 5726 fc-

1811 5750 1956 5806 cissc
1986 5765 2174 5805 vocem
2201 5765 2516 5818 compressa.

1891 5833 1913 5862 ο
1968 5823 2096 5881 Mss.
2123 5822 2349 5897 aliquot,
2377 5821 2701 5899 prmessiue
2728 5820 2782 5874 in
2808 5832 2929 5874 nece
2948 5858 2961 5884 ,
2992 5828 3098 5883 etc.
