3920 6356
443 283 590 342 1825
1747 277 1994 336 SANCTI
2035 278 2103 335 Al

2211 277 2367 335 {OSII

447 401 547 460 sed
575 399 716 459 oculi
746 400 967 466 mentis.
1000 400 1195 472 quibus
1223 396 1501 454 Christum
1533 397 1770 453 videbat.
2067 399 2117 461 Α
2147 411 2269 454 cum
2317 397 2451 453 .Iesu
2496 396 2780 454 Nazarene
2824 396 3038 462 fuisset,
3081 397 3156 452 ait
3196 415 3211 454 :
3259 397 3459 453 Nescio
3498 398 3743 455 hominem

519 494 610 550 77.
640 493 796 549 Dicet
847 491 1079 562 aliquis:
1110 490 1188 544 Tu
1239 489 1552 545 Judmorum
1580 489 1742 545 etiam
1775 489 2046 545 elementa
2153 489 2370 561 (Matth.
2411 506 2556 556 xxvn,
2600 490 2716 562 72).
2757 490 2871 546 Hoc
2903 491 3046 546 idem
3083 501 3138 546 et
3165 493 3219 546 in
3251 492 3414 547 tertia
3446 507 3588 548 voce
3612 504 3747 549 uter-

451 585 828 645 condemnas?
850 585 966 640 Non
989 583 1298 640 condemno
1323 585 1620 648 elementa,
1643 584 1767 654 quia
1795 598 1904 638 non
1924 591 2051 638 sunt
2153 599 2280 655 que,
2308 583 2376 638 de
2405 583 2603 654 quibus
2632 583 3035 654 proposuimus,
3070 585 3436 654 evangelista;
3467 599 3591 640 cum
3616 585 3748 656 jura-

448 680 761 737 Judzeorum
785 721 800 746 ,
828 688 854 716 ⁸
886 678 980 733 sed
1009 678 1244 733 Christi:
1273 678 1368 734 sed
1397 679 1499 733 alia
1527 688 1614 734 est
1656 693 1818 749 quam
1849 679 2053 734 conde-
2156 684 2340 731 mento
2391 677 2536 731 enim
2582 666 2934 749 respondisse
2981 687 3296 746 posuerunt,
3344 678 3479 748 quia
3529 680 3751 735 nesciret

456 787 620 840 mno,
654 773 871 827 ﬂamma
922 771 1181 842 perﬁdite.
1228 772 1377 827 IIanc
1430 771 1702 828 ﬁammam
1747 771 2053 828 condemno
2157 768 2457 824 hominem.
2498 769 2567 823 Et
2606 770 2746 825 bene
2775 770 2989 841 negavit
3022 769 3322 837 hominem,
3359 786 3529 842 quem
3563 771 3753 828 sciebat

454 864 769 922 Judazorum
789 906 805 928 ,
831 863 1014 919 divina
1036 873 1254 919 secutus
1270 864 1486 919 oracula
1507 882 1521 930 ;
1542 865 1673 920 dicit
1700 865 1844 920 enim
1875 865 2058 918 Domi-
2159 861 2351 918 Deum.
2381 863 2622 933 Denique
2649 863 2738 918 ubi
2762 863 3143 934 jusjurandum
3166 873 3271 929 est,
3298 873 3466 918 cauta
3489 866 3755 934 responsio

452 975 594 1017 nus:
630 959 913 1030 Argentum
938 968 1160 1012 oestrum
1189 960 1464 1030 reprobum
1488 969 1563 1014 est
1586 959 1804 1032 (Jerem.
1829 975 1904 1026 τι,
1936 958 2053 1028 50).
2160 965 2264 1010 est.
2306 955 2438 1009 Nam
2477 956 2581 1010 etsi
2622 957 2837 1026 negavit
2874 957 3086 1020 Petrus,
3123 970 3228 1010 non
3259 965 3444 1010 tamen
3479 955 3754 1026 pejeravit;

457 1053 516 1110 Si
542 1060 824 1124 argentum
851 1052 1168 1108 Judzeorum
1221 1054 1511 1122 reprobum
1542 1064 1658 1120 est,
1713 1065 1767 1110 et
1796 1053 1946 1109 focus
1974 1056 2061 1108 re.
2163 1049 2285 1120 quia
2328 1064 2429 1104 nec
2473 1049 2737 1104 Dominus
2782 1052 3150 1119 pejeraturum
3193 1064 3314 1104 esse
3339 1060 3755 1106 memoraverat.

453 1145 659 1216 probus
685 1145 996 1202 Iudaeorum
1025 1155 1128 1202 est.
1161 1145 1405 1217 Denique
1445 1146 1568 1202 foco
1594 1157 1649 1202 et
1676 1162 1808 1201 auro
1835 1146 2055 1203 Judaeo-
2163 1140 2319 1210 Quod
2361 1142 2406 1196 si
2437 1142 2489 1197 iu
2516 1141 2680 1197 Petro
2707 1142 2930 1198 dubium
2958 1150 3063 1207 est,
3092 1156 3254 1212 quam
3289 1142 3658 1213 periculosum
3687 1152 3759 1198 est

460 1254 582 1296 rum
618 1248 780 1312 caput
823 1239 978 1295 vituli
1009 1239 1295 1310 ﬁguratum
1329 1249 1414 1297 est
1462 1239 1670 1312 (Exod.
1699 1257 1888 1309 χχχιι,
1927 1241 2060 1313 Si),
2161 1235 2580 1307 jusjurandum!

462 1331 568 1388 hoc
594 1343 713 1400 est,
747 1333 1012 1405 sacrilegii
1046 1335 1397 1405 principatus.
2240 1332 2330 1386 85.
2368 1329 2606 1387 Jonnnes
2643 1341 2822 1386 autem
2862 1330 2942 1386 sic
2979 1330 3190 1400 posuit,
3227 1329 3494 1401 quoniam
3550 1329 3762 1385 interro-

537 1424 626 1480 78.
662 1424 770 1480 Sed
809 1426 1092 1481 videamus
1123 1427 1354 1496 negandi
1387 1436 1668 1494 tenorem,
1720 1443 1882 1499 quem
1927 1428 2069 1483 inter
2170 1434 2328 1495 gatus
2370 1424 2440 1478 ab
2481 1423 2676 1479 ancilla
2726 1423 2941 1491 Petrus,
2985 1433 3164 1478 utrum
3210 1437 3277 1477 ex
3308 1421 3599 1493 discipulis
3633 1431 3762 1476 esset

466 1516 831 1587 evangelistas
859 1516 1019 1573 video
1043 1533 1166 1574 esse
1187 1519 1483 1574 diversum.
1517 1521 1592 1575 Ita
1625 1535 1822 1576 novum
1854 1519 1953 1576 fuit
1977 1521 2072 1577 Pe-
2175 1515 2320 1570 illius
2369 1515 2627 1582 hominis.
2669 1515 2844 1587 prima
2891 1529 3026 1568 V068
3061 1513 3419 1584 responderit
3459 1533 3474 1569 ε
3524 1513 3640 1568 Non
3666 1531 3762 1568 sum

469 1619 612 1665 trum
667 1612 912 1681 potuisse
967 1627 1195 1682 peccare
1218 1655 1232 1679 ,
1285 1623 1344 1669 ut
1383 1623 1669 1684 peccatum
1693 1615 1811 1684 ejus
1863 1630 1964 1670 nec
2005 1614 2072 1670 ab
2177 1605 2357 1677 (Joau.
2399 1621 2552 1671 xvnt,
2587 1606 2700 1677 17).
2732 1605 2850 1660 Non
2880 1605 3024 1659 enim
3057 1614 3175 1659 erat
3205 1604 3451 1659 hominis
3480 1605 3760 1674 apostolus,

467 1703 823 1774 evangelistis
873 1706 1108 1775 potuerit
1139 1697 1564 1778 comprehendi.
1623 1709 1808 1780 Itaque
1853 1707 2071 1764 Petrum
2178 1701 2268 1770 qui
2305 1709 2424 1755 erat
2450 1699 2676 1756 Christi.
2713 1699 2957 1769 Denique
2989 1709 3042 1753 et
3072 1698 3271 1753 Paulus
3299 1697 3545 1752 hominis
3569 1706 3765 1766 aposto-

475 1797 728 1868 prodcnti
778 1799 992 1855 ancillae
1017 1800 1160 1871 quod
1212 1817 1280 1856 ex
1311 1802 1421 1857 illis
1475 1810 1622 1857 esset
1651 1802 1743 1872 qui
1775 1816 1898 1856 cum
1944 1801 2078 1857 Jesu
2109 1800 2155 1860 Β
2184 1794 2292 1849 lum
2319 1808 2380 1849 se
2408 1809 2530 1849 esse
2554 1793 2792 1864 negavit,
2816 1792 3009 1847 dicens
3034 1809 3046 1843 :
3073 1790 3275 1845 Paulus
3304 1790 3580 1862 apostolus
3599 1805 3691 1843 non
3708 1791 3762 1842 ab

473 1889 704 1946 Galilteo
731 1900 909 1954 erant,
947 1891 1120 1961 prima
1148 1907 1282 1948 voce
1311 1893 1597 1948 Matthaeus
1626 1894 1806 1963 posuit
1856 1909 2082 1964 rcspon-
2186 1892 2501 1956 hominibus,
2534 1908 2697 1960 neque
2732 1906 2822 1959 per
2848 1888 3131 1955 hominem,
3169 1888 3261 1942 sed
3291 1903 3388 1959 per
3409 1884 3591 1941 Jesum
3615 1883 3766 1938 Chris-

473 1983 659 2040 disse:
713 1983 905 2040 Nescio
949 1986 1076 2055 quid
1119 1985 1261 2041 dicas
1300 1985 1520 2058 (Matth.
1579 2001 1704 2041 xxvn
1730 2028 1745 2054 ,
1779 1986 1908 2058 70).
1967 1986 2082 2042 Hoc
2185 1993 2311 2047 tum,
2350 1994 2396 2038 et
2431 1983 2593 2038 Deum
2625 1982 2834 2038 Patrem
2856 1981 3055 2054 (Colat.
3088 1997 3128 2047 ι,
3159 1978 3235 2051 I).
3269 1979 3383 2034 Sed
3417 1993 3486 2034 ne
3515 1977 3764 2032 videretur

475 2078 642 2133 etiam
667 2077 878 2132 Marcus
909 2078 1106 2150 (Marc.
1140 2095 1258 2147 xlv,
1302 2079 1419 2150 68),
1462 2081 1550 2149 qui
1601 2091 1823 2135 secutus
1852 2090 1936 2134 est
1985 2079 2084 2134 Pe-
2188 2080 2498 2150 ambiguum
2539 2077 2757 2148 aliquod
2799 2075 3192 2132 incarnationis
3230 2072 3471 2137 afferre,
3509 2069 3762 2140 subjecit:

479 2177 620 2224 trum
645 2211 661 2236 ,
691 2177 747 2224 et
773 2185 839 2225 ex
874 2171 990 2240 ipso
1021 2171 1195 2240 potuit
1217 2175 1246 2217 b
1269 2171 1447 2227 verius
1490 2186 1845 2240 cognoscere.
1899 2172 2080 2226 Prima
2190 2171 2292 2236 Qui
2327 2171 2593 2225 suscitavit
2631 2185 2748 2223 eum
2773 2183 2804 2222 a
2833 2168 3051 2222 mortuis
3074 2165 3304 2236 (lbid.);
3341 2175 3400 2218 ut
3434 2171 3489 2219 et
3518 2162 3763 2218 hominem

479 2279 584 2319 vox
617 2264 866 2335 negantis
891 2275 970 2319 est
996 2265 1174 2329 Petri;
1206 2280 1309 2335 qua
1335 2275 1516 2320 tamen
1546 2282 1650 2320 non
1678 2281 1876 2336 negare
1904 2265 2086 2319 Domi-
2188 2263 2406 2328 credas,
2451 2278 2575 2318 cum
2619 2262 2788 2316 Deum
2818 2270 2945 2315 ante
2972 2257 3290 2315 credideris.
3323 2256 3484 2325 Quod
3514 2254 3636 2309 alibi
3656 2267 3765 2321 quo-

483 2371 635 2422 num,
663 2356 758 2411 sed
788 2371 814 2409 a
840 2356 1148 2427 proditione
1175 2372 1234 2412 se
1263 2372 1549 2427 separasse
1576 2357 1822 2416 mulieris
1844 2357 2081 2412 videtur.
2188 2373 2293 2427 que
2339 2356 2532 2412 eodem
2577 2367 2769 2411 tenore
2810 2353 3072 2419 custodit,
3124 2351 3212 2407 ubi
3257 2351 3397 2406 dicit
3425 2368 3439 2404 :
3486 2348 3626 2404 Unus
3648 2348 3762 2402 enin:

503 2437 520 2448 “
560 2452 770 2524 1521
805 2451 894 2508 79.
935 2451 1074 2520 Quid
1115 2461 1293 2507 tamen
1329 2453 1628 2523 negaverit,
1661 2450 1971 2507 considera.
2007 2452 2086 2506 Ex
2190 2450 2353 2517 Deus,
2393 2460 2440 2505 et
2472 2468 2606 2505 unus
2647 2450 2902 2504 mediator
2935 2447 3028 2503 Dei
3064 2456 3112 2502 et
3141 2447 3413 2500 hominum
3444 2446 3589 2498 homo
3613 2440 3764 2496 Chris-

483 2543 593 2600 illis
625 2546 808 2614 utique
835 2559 895 2600 se
921 2559 1064 2611 esse,
1095 2545 1186 2615 qui
1218 2559 1341 2600 cum
1368 2544 1496 2600 .Iesu
1519 2544 1745 2600 Galilzeo
1772 2553 1950 2611 erant,
1979 2544 2084 2612 vel,
2191 2554 2272 2600 tus
2291 2543 2444 2615 Jesus
2473 2543 2515 2613 (l
2548 2543 2682 2598 Tim.
2708 2559 2770 2608 ιι,
2799 2541 2877 2613 5).
2907 2541 3066 2596 Prius
3096 2540 3284 2610 utique
3311 2539 3658 2594 mediatoretn
3686 2534 3760 2589 Dei

484 2647 543 2694 ut
570 2639 780 2695 Marcus
808 2641 988 2710 posuit
1029 2637 1219 2712 (lbid.,
1251 2639 1368 2710 67),
1398 2655 1522 2695 cum
1563 2638 1692 2694 Jesu
1721 2638 2025 2693 Nazareno.
2063 2649 2084 2678 ο
2194 2651 2354 2708 quam
2396 2635 2677 2690 hominum
2725 2634 2935 2706 1522
2981 2631 3342 2702 nuncupavit;
3387 2645 3493 2686 non
3534 2628 3667 2684 enim
3695 2633 3762 2680 sat

421 2717 426 2720 ’
483 2730 753 2802 Numquid
797 2732 1015 2803 negavit
1058 2746 1180 2787 cum
1223 2732 1319 2786 Dei
1363 2732 1530 2787 fuisse
1560 2747 1619 2786 se
1650 2731 1825 2786 Filio?
1865 2731 1978 2787 Hoc
2005 2739 2091 2786 est
2193 2739 2275 2785 est
2304 2737 2593 2798 utrumque
2618 2727 2867 2795 credere,
2898 2726 2998 2780 nisi
3027 2725 3152 2781 ﬁdei
3177 2723 3316 2779 ordo
3339 2731 3603 2778 servetur.

485 2823 668 2878 dicere
704 2841 717 2877 :
749 2823 944 2879 Nescio
978 2823 1259 2879 Galilccum
1284 2865 1298 2890 ,
1333 2825 1514 2878 nescio
1542 2823 1903 2889 Nazarenam,
1925 2838 2086 2894 quem
2265 2820 2356 2876 84.
2401 2819 2708 2876 Concordat
2748 2820 2910 2890 igitur
2946 2818 3144 2888 ubique
3185 2815 3505 2886 responsio;
3547 2827 3659 2868 nam
3685 2810 3758 2881 qui

489 2912 582 2966 Dei
631 2911 826 2966 Filium
876 2915 1022 2968 novi.
1075 2914 1318 2969 Habeant
1359 2915 1605 2971 homines
1645 2917 1891 2970 locorum
1930 2931 2092 2971 voca-
2193 2913 2328 2968 dixit
2370 2931 2381 2966 :
2423 2911 2611 2967 Nescio
2641 2912 2920 2978 hominem,
2949 2926 3160 2976 aequum
3189 2917 3313 2965 erat
3344 2918 3400 2964 ut
3434 2909 3757 2975 interrogatus

488 3004 638 3070 bula,
689 3004 780 3059 Dei
824 3003 950 3059 Filii
990 3007 1160 3076 patria
1205 3022 1312 3061 non
1351 3017 1532 3076 potest
1576 3009 1897 3077 nuncupari,
1937 3009 2092 3078 cujus
2195 3016 2374 3061 utrum
2402 3016 2542 3061 esset
2565 3021 2628 3061 ex
2659 3004 2938 3074 discipulis
2960 3001 3446 3078 hominis,diceret
3473 3015 3486 3053 :
3516 2998 3629 3053 Non
3648 3013 3759 3051 sunt.

489 3097 833 3167 maiestatem
859 3096 1012 3152 locus
1041 3097 1220 3153 nullus
1247 3097 1493 3153 includit.
1529 3099 1595 3153 Et
1617 3111 1673 3153 ut
1693 3100 1844 3176 scias
1875 3099 1978 3154 hoc
2003 3115 2093 3156 ve-
2199 3103 2381 3174 Itaque
2414 3119 2520 3159 non
2552 3103 2752 3158 Christi
2779 3102 3105 3173 discipulum
3135 3117 3195 3157 se
3225 3101 3466 3171 negavit,
3495 3096 3586 3154 sed
3611 3091 3758 3150 homi-

488 3204 610 3244 rum
651 3203 794 3257 esse,
838 3188 1002 3244 etiam
1040 3190 1294 3259 exemplo
1331 3191 1620 3259 probatur;
1653 3205 1778 3244 nam
1809 3190 1938 3245 alibi
1969 3207 2089 3246 cum
2120 3191 2163 3252 C
2196 3199 2280 3252 nis
2311 3197 2529 3266 negavit
2557 3212 2681 3253 esse
2700 3196 3044 3266 discipulum.
3080 3195 3265 3265 Itaque
3293 3205 3348 3248 et
3373 3193 3562 3249 Petrus
3581 3197 3630 3244 et
3651 3186 3761 3240 Pan-

491 3283 854 3354 interrogaret
893 3283 1151 3338 Dominus
1188 3284 1487 3353 discipulos
1520 3300 1533 3337 :
1569 3284 1734 3352 Quem
1773 3285 1956 3339 dicunt
1986 3302 2094 3341 esse
2198 3291 2285 3346 Ius
2318 3290 2592 3345 hominem
2619 3298 2977 3360 negaverunt,
3011 3303 3170 3358 quem
3199 3286 3296 3341 Dei
3331 3285 3524 3341 Filium
3548 3277 3757 3336 lateban-

493 3375 721 3430 homines
759 3371 958 3430 Filium
995 3375 1255 3431 hominis?
1295 3376 1398 3430 Alii
1428 3375 1624 3442 Eliam,
1651 3378 1746 3432 alii
1776 3377 2093 3434 Hieremiam
2199 3390 2305 3436 tur.
2333 3381 2488 3448 Quod
2515 3383 2684 3436 sensit
2711 3380 2926 3446 Petrus,
2956 3391 3010 3434 et
3041 3379 3237 3435 Paulus
3263 3376 3559 3447 expressit;
3585 3371 3695 3425 hinc
3717 3378 3760 3422 et

493 3466 772 3533 dixerunt,
814 3478 904 3521 aut
944 3484 1104 3522 unum
1147 3468 1212 3522 de
1250 3469 1514 3541 prophetis
1548 3468 1767 3536 (Matth.
1806 3487 1916 3538 xvr,
1961 3473 2048 3540 15)
2079 3489 2090 3525 :
2197 3475 2292 3531 ille
2328 3475 2574 3544 profecit.
2615 3474 2783 3530 Error
2815 3474 2992 3538 Petri,
3025 3471 3273 3526 doctrina
3305 3471 3561 3541 iustorum
3587 3466 3760 3519 cst:ct

495 3557 690 3614 Petrus
738 3569 918 3614 autem
964 3561 1041 3614 ait
1087 3577 1102 3613 :
1148 3559 1227 3614 Tu
1275 3578 1327 3615 es
1367 3561 1602 3615 Christus
1645 3561 1820 3618 Filius
1862 3565 1957 3619 Dei
1995 3565 2094 3618 vivi
2203 3570 2450 3624 titubatio
2479 3569 2645 3634 Petri,
2674 3570 2914 3623 omnium
2945 3574 3095 3637 petra
3121 3577 3225 3622 est.
3257 3565 3500 3634 Denique
3518 3572 3665 3629 super
3683 3569 3760 3607 un-

495 3647 685 3720 (Μήτι,
730 3649 844 3719 16).
888 3650 1159 3721 Numquid
1201 3661 1254 3706 et
1285 3652 1357 3706 ibi
1388 3654 1629 3722 negavit,
1660 3654 1784 3723 quia
1813 3652 2091 3710 Christum
2198 3662 2295 3717 das
2317 3662 2532 3728 titubat,
2563 3661 2656 3715 sed
2692 3661 2970 3716 dexteram
2999 3659 3220 3729 porrigit
3246 3655 3468 3712 Christo
3497 3671 3509 3707 :
3538 3652 3585 3706 in
3608 3652 3760 3703 monte

493 3755 602 3796 non
643 3741 879 3798 hominis
911 3742 1129 3809 Filium,
1161 3743 1256 3798 scd
1292 3744 1382 3798 Dei
1410 3744 1600 3798 maluit
1620 3745 1911 3800 conﬁteri?
1937 3745 2096 3804 Certe
2200 3755 2367 3820 cadit,
2394 3755 2491 3810 sed
2518 3755 2726 3810 levatur
2751 3771 2778 3807 ιι
2803 3752 3038 3810 Christo.
3068 3751 3345 3808 Titubavit
3372 3749 3579 3820 quidem
3599 3743 3759 3797 Petrus

491 3833 622 3903 quid
667 3833 755 3890 hic
793 3845 1048 3906 putamus
1086 3837 1422 3908 ambiguum,
1461 3837 1604 3907 quod
1644 3839 1808 3894 etiam
1849 3839 2098 3896 Christus
2201 3848 2253 3902 in
2296 3847 2452 3913 mari,
2485 3845 2512 3882 ιι
2549 3846 2642 3902 sed
2683 3846 2980 3901 ambulavit
3013 3844 3224 3918 (Matth.
3273 3859 3384 3905 xlv,
3425 3839 3534 3911 50).
3563 3831 3759 3891 Firmior

496 3927 784 3998 Ιποδεινίιῖ
2203 3940 2451 3996 titubatio
2481 3940 2647 4005 Petri,
2679 3955 2840 4010 quam
2878 3948 3064 3994 nostra
3093 3950 3176 3994 est
3203 3935 3498 3993 ﬁrmitudo.
3526 3931 3595 3988 Ibi
3621 3925 3754 3987 cadit,

566 4019 657 4075 80.
692 4022 757 4076 Et
787 4021 932 4078 aliud
955 4023 1163 4090 accipe.
1190 4023 1561 4094 Interrogatus
1584 4023 1726 4080 enim
1760 4024 1958 4082 Petrus
1987 4045 1998 4079 :
2031 4026 2102 4081 Et
2203 4048 2313 4104 quo
2339 4033 2517 4087 nullus
2538 4031 2783 4088 ascendit
2817 4051 2829 4086 :
2862 4033 2935 4087 ihi
2958 4040 3132 4097 nutat,
3162 4032 3252 4087 ubi
3275 4044 3437 4087 nemo
3456 4023 3686 4082 ambulat.
3707 4017 3758 4071 Et

492 4121 548 4168 tu
593 4130 661 4168 ea:
705 4114 812 4167 illis
860 4131 935 4179 es,
983 4118 1073 4185 qui
1115 4133 1228 4169 cum
1265 4116 1393 4170 Jesu
1430 4116 1649 4172 Galilazo
1689 4128 1834 4172 erant
1867 4117 2114 4190 (Matth.
2203 4133 2382 4178 tamen
2420 4125 2558 4179 inter
2584 4124 2756 4179 undas
2792 4125 2916 4179 licet
2953 4123 3168 4190 titubet,
3210 4139 3317 4178 non
3360 4119 3753 4178 labiturtnuial.

494 4219 644 4271 xx",
694 4203 827 4275 69)?
877 4205 1113 4260 Verbum
1159 4208 1483 4263 :etcrnitatis
1525 4209 1752 4280 refugit;
1798 4225 1906 4264 non
1951 4210 2097 4266 enim
2204 4231 2311 4271 non
2340 4216 2522 4272 cadit:
2553 4215 2746 4281 ﬂuitat,
2783 4232 2890 4272 nou
2921 4217 3311 4287 prtecipitatur.
3343 4216 3408 4271 Et
3433 4213 3477 4270 si
3499 4207 3688 4269 cecidit,
3713 4202 3755 4255 in

495 4307 674 4364 erant,
717 4298 810 4368 qui
836 4314 959 4355 esse
990 4309 1296 4371 cteperunt,
1329 4300 1436 4356 hoc
1455 4311 1540 4357 est
1571 4301 1796 4358 dicere:
1826 4302 1921 4358 Ille
1951 4304 2101 4360 solus
2205 4318 2390 4364 monte
2430 4320 2606 4365 tamen
2646 4309 2844 4365 cecidit
2881 4328 2893 4363 :
2936 4310 3032 4366 sed
3070 4309 3280 4365 felicius
3305 4309 3398 4364 ille
3423 4303 3608 4363 cecidit
3626 4309 3755 4368 quam

493 4398 633 4456 erat,
663 4395 753 4460 qui
785 4391 838 4445 in
870 4391 1138 4462 principio
1165 4402 1284 4448 erat
1314 4393 1498 4466 (Joen.
1527 4409 1568 4460 ι,
1598 4391 1676 4465 1).
1704 4393 1951 4465 Denique
1977 4395 2054 4450 ait
2085 4417 2098 4452 :
2139 4435 2144 4438 -
2205 4402 2294 4458 alii
2326 4412 2590 4458 steterunt
2619 4421 2632 4457 :
2657 4403 2868 4459 felicius
2891 4403 3109 4469 cecidit,
3134 4418 3292 4473 quem
3316 4402 3558 4459 Christus
3576 4388 3752 4450 levavit.

497 4483 623 4538 Non
659 4501 774 4539 sum
813 4502 941 4559 ego;
981 4487 1128 4542 illius
1164 4497 1248 4542 est
1281 4487 1426 4543 enim
1466 4487 1736 4565 essetqui
1759 4503 1975 4559 semper
1993 4498 2097 4545 est.
2280 4495 2370 4551 85.
2409 4494 2610 4551 Iterum
2642 4505 2822 4552 autem
2849 4497 3235 4568 interrogatum
3264 4494 3407 4566 quod
3433 4509 3495 4548 ex
3519 4481 3754 4554 discipulis

499 4576 652 4635 Unde
673 4588 729 4635 et
751 4579 964 4653 Moyses
984 4582 1062 4636 ait
1091 4600 1101 4634 :
1131 4581 1233 4649 Qui
1262 4586 1355 4648 est,
1384 4581 1522 4636 misit
1543 4597 1624 4635 me
1643 4579 1844 4654 (Exod.
1873 4597 1954 4649 tn,
1982 4581 2098 4654 14).
2209 4588 2327 4660 ejus
2348 4599 2516 4655 esset,
2542 4589 2781 4645 Joannes
2808 4589 3027 4660 scripsit
3049 4603 3277 4660 negasse
3298 4587 3476 4662 (Joan.
3501 4594 3640 4641 XVIII,
3659 4572 3752 4643 25).

569 4669 664 4725 81.
694 4670 904 4742 Rursus
933 4687 1055 4728 cum
1093 4681 1381 4744 urgeretur
1406 4671 1552 4744 quod
1584 4689 1651 4729 ex
1680 4673 1789 4728 illis
1818 4683 1985 4740 esset,
2019 4689 2106 4729 se—
2130 4675 2184 4735 1)
2212 4680 2279 4735 Et
2303 4680 2440 4736 heue
2466 4680 2699 4750 negavit,
2723 4680 2936 4752 qniaex
2965 4681 3082 4752 ejus
3104 4679 3390 4736 dicebatur
3419 4690 3533 4732 esse
3551 4667 3752 4736 discipu-

495 4763 730 4818 cundum
778 4765 1018 4821 Marcum
1057 4767 1272 4837 negavit
1297 4765 1494 4838 (Mart.
1529 4781 1646 4832 xw,
1673 4767 1797 4833 70);
1853 4776 1911 4822 ut
1958 4768 2102 4822 scias
2211 4771 2301 4840 iis,
2348 4787 2508 4843 quem
2552 4772 2828 4830 hominem
2877 4773 2930 4828 in
2981 4773 3354 4844 superioribus
3389 4775 3511 4825 sunt
3550 4757 3750 4818 locuti.c

499 4856 889 4928 evangelistam
917 4859 1132 4914 veritati
1164 4874 1324 4930 quam
1347 4859 1536 4929 gratia:
1558 4858 1682 4929 plus
1710 4857 1928 4914 dedisse
1960 4879 1972 4912 :
2001 4859 2100 4915 sed
2209 4861 2344 4918 Nam
2378 4873 2432 4918 et
2461 4865 2622 4920 tertio
2651 4865 2794 4934 quod
2823 4877 2948 4918 cum
2981 4863 3075 4918 illo
3104 4865 3256 4919 visus
3289 4855 3456 4924 esset,
3484 4849 3754 4928 negatihe‘

502 4958 684 5006 tamen
724 4952 940 5023 negavit
979 4968 1048 5008 ex
1087 4951 1196 5007 illis
1224 4967 1282 5006 se
1321 4966 1463 5014 esse,
1490 4965 1596 5006 non
1626 4949 1906 5006 Christum
1939 4965 2104 5021 nega—
2210 4954 2316 5011 hoc
2341 4956 2408 5010 de
2437 4955 2811 5027 superioribus
2837 4956 3153 5012 derivatur:
3178 4955 3310 5011 Cum
3335 4953 3427 5008 illo
3445 4960 3591 5021 quem
3614 4935 3754 4996 homi-

497 5043 599 5102 yit.
640 5042 868 5114 Negavit
907 5044 1186 5100 hominum
1229 5043 1528 5107 consortia,
1572 5057 1681 5096 non
1719 5041 1817 5097 Dei
1848 5043 2100 5112 gratiam.
2208 5062 2332 5102 nem
2361 5048 2705 5118 nuncupatis,
2727 5063 2835 5103 non
2857 5049 2926 5102 fui
2955 5066 2968 5100 :
2993 5047 3089 5104 sed
3116 5063 3146 5102 a
3175 5047 3267 5103 Dei
3291 5046 3426 5102 Filio
3445 5055 3544 5099 non
3564 5027 3747 5093 recessi-

502 5135 792 5207 Ncgavetit
833 5151 900 5191 ex
947 5136 1054 5192 illis
1094 5151 1156 5192 se
1197 5150 1344 5201 esse,
1382 5134 1476 5207 qui
1515 5148 1637 5190 cum
1665 5133 1892 5190 Galilteo
1923 5142 2103 5201 erant,
2277 5139 2368 5194 86.
2421 5139 2594 5196 Lucas
2633 5155 2848 5212 quoque
2886 5138 3106 5210 scripsit
3148 5139 3367 5194 Petrum
3410 5129 3748 5198 interrogatum

505 5246 612 5288 non
646 5231 868 5302 negavit
891 5247 1011 5288 cum
1041 5230 1136 5287 Dei
1168 5229 1330 5286 Filio.
2208 5243 2388 5290 utrum
2427 5250 2495 5292 ex
2534 5236 2642 5292 illis
2671 5243 2840 5301 esset,
2885 5234 3233 5305 respondisse
3273 5234 3440 5305 prima
3462 5238 3582 5282 voce
3615 5238 3625 5273 :
3652 5213 3748 5270 Non

571 5325 662 5381 82.
711 5325 951 5396 Denique
991 5325 1288 5380 secundum
1329 5323 1641 5380 Matthzeum
1665 5324 1914 5395 proditus
1951 5325 2097 5396 quod
2207 5329 2325 5384 novi
2345 5328 2514 5383 illum.
2546 5328 2615 5384 Et
2635 5329 2772 5385 bene
2792 5328 2948 5384 dixit.
2979 5327 3350 5384 Tcmerarium
3371 5322 3554 5395 quippe
3573 5307 3749 5372 εἴθιθθί

2214 5443 2411 5499 Filium
2434 5444 2459 5498 ?

2282 5489 2528 5571 Ean-mes
2553 5514 2713 5582 edit.,
2745 5516 2834 5570 sed
2861 5515 3140 5570 ambulavit
3165 5514 3393 5584 ﬁrmior.
3412 5498 3645 5584 Titabatio
3665 5489 3745 5546 Pe:

2211 5588 2282 5640 tri
2310 5597 2488 5642 nostra
2517 5596 2590 5641 est
2612 5586 2898 5656 ﬁrmitudo.
2928 5587 3053 5642 Mss.
3088 5582 3269 5642 autem
3301 5594 3358 5656 ut
3383 5582 3432 5636 itt
3461 5582 3716 5656 teXII‘l-m"

2283 5638 2490 5712 etiam.
2520 5638 3052 5715 euit'saa'tn'sas
3089 5638 3267 5725 asa;
3295 5638 3428 5712 Nam
3469 5640 3590 5716 quod
3622 5638 3742 5690 temo

2206 5742 2324 5782 cum
2351 5729 2443 5784 illo
2472 5743 2526 5781 se
2551 5728 2708 5794 fuisse
2728 5730 2950 5801 negavit.

3614 283 3740 339 1821

567 5453 596 5529 ’ξ
621 5445 680 5529 In
710 5459 842 5529 mss.
869 5459 976 5500 non
1002 5443 1186 5514 paucis
1217 5484 1233 5510 ,
1280 5456 1382 5498 nec
1412 5440 1686 5498 interioris
1732 5449 1874 5497 nota:
1898 5482 1914 5510 ,
1948 5439 2106 5497 deest

505 5515 605 5624 mi
855 5628 870 5652 ,
898 5585 1196 5640 secundum
1217 5585 1493 5641 hominum
1516 5583 1792 5655 iudicandi
1815 5589 2104 5655 consuetu-

509 5657 730 5723 dinem;
783 5656 982 5723 alioqui
1007 5657 1151 5728 enim
1201 5671 1356 5728 aeque
1400 5652 1531 5713 vera
1559 5663 1687 5711 sunt
1739 5652 1923 5711 omnia
1979 5668 2102 5724 quae

508 5728 848 5796 scripserunt
871 5726 1238 5796 evangelista.

585 5787 760 5854 "Mss.
802 5787 1069 5864 nonnulli,
1113 5795 1362 5867 numquid
1408 5792 1608 5867 negavit
1644 5807 1759 5851 eum
1804 5787 1905 5850 Del
1942 5791 2101 5864 fuisse
