3920 6364
132 298 252 356 i835

1043 294 1402 353 EXPOSITIO
1442 292 1697 350 EVANG.
1740 290 1888 349 SEC.
1935 289 2092 350 LUC.
2134 289 2262 348 LIB.
2306 291 2373 348 Χ.

3240 301 3263 358 1
3274 299 3380 359 826

127 411 305 467 diceret
321 407 434 480 quia
449 416 1012 480 noverateum,quem
1026 411 1430 468 menshumana
1452 427 1559 468 non
1581 427 1677 482 po-
1701 414 1758 475 Α
1783 406 2128 463 verecundiae
2165 404 2498 462 confitentur
2532 424 2544 461 :
2577 405 2832 481 lacrytute
2869 409 3082 467 veniam
3125 427 3228 469 non
3263 431 3384 484 pos-

126 513 213 559 test
229 502 688 573 comprehendere.
712 503 881 558 Nemo
899 506 1035 560 enim
1053 507 1191 560 novit
1205 504 1426 575 Filium,
1449 508 1549 562 nisi
1574 505 1679 562 Pa-

128 606 193 649 ter
213 593 232 666 (
253 593 510 659 Matt/cxi,
539 593 654 664 27).
678 593 888 651 Rursus
913 597 1147 653 secunda
1179 611 1314 655 voce
1332 639 1349 666 ,
1378 598 1678 654 secundum

125 686 298 742 Lucam
320 684 454 742 idem
473 684 664 742 Petrus
692 686 766 740 ait
785 704 799 741 :
822 685 946 742 Non
962 704 1076 742 sum
1092 704 1207 759 ego.
1227 688 1408 744 Maluit
1429 688 1682 752 videlicet

126 793 179 835 se
195 792 394 850 negare,
410 792 570 848 quam
586 775 887 834 Christum.
911 777 1020 835 Aut
1041 780 1166 852 quia
1180 780 1464 837 videbatur
1481 796 1682 854 negare

124 874 299 931 Christi
325 872 654 941 societatem,
686 874 871 947 utique
897 891 958 931 se
986 876 1225 947 negavit.
1265 876 1427 934 Certe
1463 892 1586 933 eum
1612 876 1682 933 de

127 966 320 1023 homine
338 975 512 1038 negat,
543 966 599 1021 in
626 965 824 1026 Filium
852 970 1100 1040 peccavit
1127 970 1383 1038 hominis,
1407 980 1466 1026 ut
1495 971 1682 1028 remit-

127 1069 307 1114 teretur
331 1057 400 1126 ei,
425 1072 538 1128 non
580 1058 634 1114 in
665 1058 925 1130 Spiritum
959 1069 1226 1116 sanctum.
1251 1062 1439 1119 Tertio
1469 1078 1684 1135 quoque

128 1151 478 1222 interrogatus,
491 1152 596 1206 ait:
615 1149 667 1205 Ν
671 1152 805 1207 escio
821 1152 948 1224 quid
969 1152 1136 1221 dicas,
1155 1152 1258 1210 hoc
1271 1163 1377 1222 est,
1400 1153 1684 1226 sacrilegia

128 1252 284 1299 vestra
315 1243 513 1300 nescio.

187 1336 264 1391 87.
296 1335 397 1392 Sed
429 1351 525 1392 nos
551 1352 896 1407 excusemus,
923 1349 949 1378 ει
971 1341 1087 1412 ipse
1113 1355 1221 1396 non
1249 1340 1556 1407 excusavit;
1578 1355 1682 1396 non

128 1429 251 1485 enim
275 1429 398 1485 satis
427 1442 509 1485 est
540 1431 781 1487 involuta
829 1435 1114 1505 responsio
1143 1435 1454 1492 confitentis
1475 1435 1682 1503 Jesum,

129 1521 207 1576 sed
236 1532 407 1590 aperta
437 1524 728 1580 confessio.
762 1526 900 1594 Quid
941 1527 1164 1596 prodest
1190 1529 1354 1583 verba
1387 1528 1684 1595 involvere,

129 1614 166 1668 si
189 1613 342 1670 videri
364 1616 444 1672 vis
467 1615 798 1688 denegasse?
822 1618 893 1674 lat
921 1619 1250 1676 ideoPetrus
1277 1638 1383 1678 non
1413 1623 1482 1678 de
1503 1622 1691 1678 indus-

130 1708 213 1760 tria
232 1710 302 1762 sic
332 1709 676 1778 respondisse
722 1711 1024 1780 inducitur;
1054 1715 1179 1784 quia
1211 1722 1400 1788 postea
1433 1718 1688 1773 recorda-

1787 500 1979 567 tulaut,
2025 509 2080 556 et
2126 508 2425 557 merentur.
2456 499 2639 556 Inveni
2669 515 2768 556 cur
2795 503 3028 560 tacuerit
3068 503 3283 571 Petrus,
3316 521 3385 564 ne

1784 601 1894 649 tam
1923 593 2033 648 cito
2057 592 2229 648 veniae
2256 591 2447 662 petitio
2478 593 2600 664 plus
2617 592 2939 651 offenderet.
2973 597 3117 652 Ante
3145 597 3384 656 ﬂendum

1783 697 1888 754 est,
1920 688 1998 742 sic
2022 686 2376 759 precandum.

1857 780 1948 836 89.
1979 781 2143 838 Bonae
2172 781 2450 854 lacrymaa,
2483 797 2604 853 qua:
2631 782 2817 838 lavant
2863 783 3102 855 culpam.
3139 783 3387 857 Denique

1783 889 1922 946 quos
1948 875 2106 932 Jesus
2133 875 2380 946 respicit,
2421 877 2658 947 plorant.
2691 876 2916 948 Negavit
2957 877 3135 950 primo
3168 878 3385 948 Petrus,

1786 977 1840 1022 et
1870 982 1977 1024 non
2009 967 2196 1035 ﬂevit;
2231 968 2356 1039 quia
2377 983 2491 1023 non
2513 979 2829 1040 respexerat
2857 953 3139 1026 Dominus.
3162 970 3389 1043 Negavit

1787 1059 2053 1125 secundo,
2077 1075 2188 1114 non
2217 1058 2402 1127 ﬂevit;
2433 1060 2558 1132 quia
2594 1059 2772 1117 adhuc
2800 1076 2909 1117 non
2939 1073 3254 1135 respexerat
3283 1065 3390 1121 Do-

1788 1153 1989 1208 minus.
2021 1151 2248 1224 Ncgavit
2275 1163 2332 1210 et
2357 1155 2545 1223 tertio,
2575 1157 2814 1226 respexit
2837 1155 3016 1224 Jesus,
3047 1169 3102 1214 et
3122 1157 3213 1214 ille
3241 1173 3390 1214 ama-

1789 1247 2007 1304 rissime
2049 1246 2218 1304 ﬂevit.
2264 1247 2521 1320 Respice,
2581 1249 2810 1306 Domine
2857 1250 3010 1316 Jesu,
3055 1259 3117 1306 ut
3156 1251 3392 1308 sciamus

1789 1351 2037 1397 nostrum
2064 1340 2286 1398 .deflere
2330 1353 2636 1413 peccatum,
2685 1343 2868 1400 lavare
2912 1343 3188 1399 delictum.
3237 1343 3394 1401 Unde

1789 1433 1954 1489 etiam
2010 1435 2194 1504 lapsus
2241 1445 2555 1490 sanctorum
2603 1433 2749 1492 utilis
2787 1453 2800 1489 :
2841 1435 2978 1491 nihil
3028 1435 3165 1492 mihi
3209 1437 3396 1492 nocuit

1791 1527 1936 1596 quod
1967 1527 2180 1598 negavit
2202 1526 2420 1594 Petrus,
2449 1528 2654 1599 profuit
2679 1528 2824 1599 quod
2858 1529 3186 1584 emendavit.
3221 1530 3396 1589 Didici

1792 1634 1987 1676 cavere
2017 1619 2253 1691 alloquia
2283 1620 2642 1691 perfidorum.
2675 1621 2869 1678 Petrus
2894 1621 3037 1678 inter
3061 1621 3279 1680 Judaeos
3298 1639 3396 1681 ne-

1793 1713 1961 1784 gavit,
1994 1713 2250 1770 Salomon
2276 1713 2638 1771 contubernio
2677 1714 2865 1787 gentili
2893 1715 3158 1788 deceptus
3189 1719 3395 1776 erravit

131 1807 200 1853 tus
219 1811 313 1868 eSt,
341 1811 393 1856 et
423 1812 600 1858 tamen
623 1802 790 1859 ﬂevit.
823 1804 1010 1862 Maluit
1036 1808 1180 1862 enim
1207 1809 1322 1877 ipse
1345 1825 1500 1864 suum
1529 1825 1690 1866 accu-
1718 1820 1768 1882 Β
1794 1807 1886 1880 (Ill
1910 1807 2041 1880 Reg.
2077 1823 2153 1872 x1,
2185 1805 2265 1876 4).

129 1906 232 1947 sare
256 1905 548 1962 peccatum,
581 1907 639 1950 ut
668 1896 1060 1966 justiﬁcaretur
1091 1899 1330 1969 fatendo,
1365 1917 1526 1972 quam
1567 1918 1690 1974 gra-

128 1998 320 2041 varetur
345 1989 594 2058 negando
623 2007 636 2042 :
667 1987 850 2046 Justus
876 1993 1013 2046 enim
1051 1994 1107 2047 in
1136 1995 1392 2066 principio
1421 2006 1690 2052 accusator

128 2088 190 2132 est
216 2079 288 2132 sui
319 2077 500 2150 (Prov.
531 2097 685 2146 xvnt,
721 2082 840 2154 l7);
869 2093 923 2139 et
950 2083 1074 2141 ideo
1102 2084 1270 2142 ﬂevit.

187 2169 265 2224 88.
296 2171 466 2239 Quare
493 2171 684 2229 ﬂevit?
713 2174 848 2244 Quia
891 2177 1046 2247 culpa
1075 2178 1317 2250 obrepsit
1347 2181 1396 2235 ei
1429 2198 1440 2234 :
1470 2197 1571 2252 ego
1597 2197 1689 2237 sn.

128 2262 200 2318 leo
225 2266 365 2333 ﬂere,
416 2268 462 2322 si
515 2267 674 2338 culpa
721 2269 853 2325 mihi
899 2270 1063 2338 desit,
1097 2272 1198 2327 hoc
1228 2281 1332 2340 est,
1365 2274 1412 2328 si
1461 2290 1565 2330 non
1605 2291 1693 2332 me

129 2358 399 2424 vindicem,
451 2361 499 2416 si
544 2376 650 2416 non
707 2345 981 2417 obtineam
1035 2363 1174 2433 quod
1230 2365 1475 2436 improbe
1514 2367 1692 2439 cupio.

134 2449 316 2522 1523
342 2451 535 2507 Petrus
561 2453 738 2508 doluit
759 2464 815 2510 et
843 2455 1016 2522 ﬂevit;
1045 2458 1168 2526 quia
1193 2459 1397 2513 erravit
1422 2468 1478 2514 ut
1509 2459 1691 2517 homo.

131 2539 274 2597 bNon
318 2545 537 2601 invenio
565 2546 694 2616 quid
741 2546 961 2614 dixerit,
995 2548 1218 2604 invenio
1248 2550 1394 2620 quod
1443 2551 1695 2608 ﬂeverit:

129 2635 369 2709 lacrymas
407 2641 532 2710 ejus
577 2640 722 2711 lego,
769 2642 1195 2698 satisfactionem
1247 2659 1353 2698 non
1390 2645 1511 2716 lego
1555 2646 1698 2702 :sed

131 2732 252 2800 quod
275 2732 489 2790 defendi
522 2750 628 2790 non
654 2743 855 2806 potest,
891 2736 1035 2791 ablui
1067 2745 1263 2806 potest.
1299 2738 1504 2794 Lavent
1528 2739 1704 2811 lacry-

132 2839 220 2877 ma:
247 2825 525 2892 delictum,
564 2827 710 2896 quod
738 2843 872 2884 voce
902 2828 1076 2899 pudor
1103 2840 1188 2885 est
1215 2829 1483 2886 confiteri.
1517 2832 1586 2887 Et
1614 2847 1706 2886 ve-

132 2915 222 2972 nite
247 2918 346 2990 (Cf.
377 2919 516 2995 Aug.
551 2920 640 2975 lib.
670 2922 775 2976 ide
809 2920 990 2977 Gratia
1017 2923 1232 2990 Christi,
1275 2942 1393 2996 cap.
1426 2925 1517 2992 45)
1549 2926 1707 2982 ﬂetus

133 3012 415 3077 consulunt,
463 3022 524 3069 et
575 3015 936 3071 verecundiae.
987 3015 1270 3088 Lacrymae
1317 3018 1434 3072 sine
1481 3017 1707 3075 horrore

136 3103 324 3174 culpam
347 3107 649 3179 loquuntur
682 3125 695 3163 :
728 3108 982 3181 lacryma:
1014 3111 1220 3165 crimen
1261 3110 1380 3166 sine
1409 3111 1711 3168 offensione

1869 1900 1960 1956 90.
1994 1899 2168 1956 Flevit
2211 1913 2343 1970 ergo
2383 1909 2439 1955 et
2479 1900 2821 1957 amarissime
2850 1901 3062 1969 Petrus,
3096 1914 3117 1942 ο
3140 1902 3291 1960 ﬂevit
3316 1912 3377 1960 ut

1797 1993 2052 2064 laerymis
2095 2008 2254 2048 suum
2285 2001 2470 2062 posset
2494 1991 2679 2048 lavare
2699 1992 2955 2048 delictqu
2990 2003 3086 2050 :et
3132 2006 3188 2050 tu
3233 1997 3278 2052 si
3310 2012 3402 2054 ve-

1797 2085 1944 2140 niam
1977 2087 2057 2139 vis
2083 2083 2305 2150 mereri,
2350 2082 2501 2138 dilue
2541 2083 2806 2154 lacrymis
2833 2085 3049 2155 culpam
3083 2096 3229 2142 tuam
3262 2104 3276 2142 :
3307 2102 3402 2143 eo-

1799 2176 1924 2233 dem
1959 2185 2259 2241 momcnto,
2287 2175 2479 2231 eodem
2523 2183 2770 2245 tempore
2800 2176 3024 2246 respicit
3053 2184 3104 2232 te
3132 2175 3402 2234 Christus.

1801 2268 1859 2325 Si
1890 2269 1942 2323 in
1972 2267 2155 2338 aliquo
2186 2265 2213 2304 ά
2248 2267 2478 2322 fortasse
2511 2266 2741 2333 labaris;
2773 2269 2897 2338 quia
2921 2278 3258 2326 secretorum
3287 2281 3405 2327 tuo-

1811 2376 1930 2417 rum
1968 2359 2173 2416 assistit
2205 2361 2380 2426 testis,
2414 2359 2636 2429 respicit
2667 2368 2727 2414 ut
2766 2361 3074 2419 recorderis
3101 2371 3158 2419 et
3185 2364 3404 2422 fatearis

1805 2466 2074 2511 errorem.
2124 2452 2341 2508 Imitare
2386 2452 2607 2508 Petrum
2654 2452 2926 2509 dicentem
2971 2455 3099 2511 alibi
3134 2457 3403 2532 tertioq(6,

1805 2567 1856 2622 q.
1897 2551 1945 2612 Ι.
1975 2566 2094 2618 cap.
2131 2548 2347 2602 Imitare
2386 2545 2623 2618 Petrum)
2659 2563 2672 2599 :
2699 2544 2941 2612 Domine,
2971 2557 3024 2601 tu
3045 2550 3146 2604 scis
3173 2551 3297 2618 quia
3319 2550 3407 2605 di-

1808 2643 1912 2713 ligo
1941 2652 1988 2696 te
2009 2639 2189 2712 (Joan.
2220 2654 2332 2704 xxi,
2359 2637 2472 2709 15).
2509 2637 2725 2693 Etenim
2753 2638 2878 2708 quia
2902 2641 3063 2696 tertio
3091 2653 3406 2714 negaverat,

1813 2735 1973 2792 tertio
2001 2733 2290 2789 confitetur
2320 2749 2334 2786 :
2365 2731 2462 2787 sed
2489 2734 2704 2802 negavit
2734 2733 2789 2786 in
2821 2744 2999 2801 nocte,
3031 2734 3323 2794 confitetur
3353 2739 3410 2795 in

1812 2828 1900 2884 die
1926 2825 2032 2899 (Cf.
2066 2828 2202 2897 Aug.
2231 2825 2320 2880 lib.
2352 2840 2370 2879 ι
2405 2824 2468 2879 de
2505 2823 2690 2880 Gratia
2715 2823 2932 2894 Christi,
2964 2843 3080 2898 cap.
3113 2827 3230 2900 45).

1885 2921 1973 2976 9|.
2012 2917 2138 2974 Haec
2180 2921 2361 2973 au'tem
2391 2916 2512 2971 ideo
2539 2917 2743 2986 scripta
2774 2926 2922 2984 sunt,
2967 2929 3026 2972 ut
3058 2920 3294 2979 sciamus
3321 2940 3417 2983 ne-

1816 3013 2019 3069 minem
2044 3011 2248 3080 jactare
2266 3025 2325 3064 se
2346 3009 2544 3064 debere
2569 3026 2583 3074 ;
2608 3024 2732 3063 nam
2761 3009 2808 3064 si
2832 3009 3026 3066 Petrus
3054 3021 3077 3050 θ
3101 3011 3284 3084 lapsus
3304 3028 3410 3086 est,

1818 3106 1942 3178 quia
1985 3104 2123 3160 dixit
2153 3121 2166 3156 :
2199 3101 2313 3156 Etsi
2343 3102 2437 3156 alii
2456 3101 2796 3156 scandalizati
2813 3103 3005 3173 fuerint
3029 3104 3084 3158 in
3115 3115 3183 3174 te,
3203 3125 3295 3181 ego
3316 3127 3419 3167 non

197 3253 217 3281 "
237 3247 429 3304 Omnes
465 3249 628 3305 cdit..
669 3248 922 3304 Dominus
956 3251 1067 3318 ipse
1106 3266 1206 3304 non
1241 3251 1526 3306 excusavit.
1559 3251 1631 3306 At
1662 3252 1714 3305 in
1742 3254 1787 3317 (ς
1822 3249 1934 3320 lego
1969 3245 2154 3300 :undc
2187 3243 2534 3320 manifestum
2579 3255 2663 3299 est
2701 3246 3109 3317 satisfactionem
3158 3248 3245 3304 hic
3273 3253 3420 3309 aliud

136 3333 249 3372 mss.
281 3322 552 3376 omittitur
598 3319 876 3384 Dominus,
911 3331 967 3376 ut
997 3322 1106 3392 ipse
1150 3322 1217 3376 ad
1257 3322 1478 3377 Petrum
1513 3324 1716 3378 refcra-

139 3394 414 3464 tur:quod
464 3394 642 3462 magis
683 3394 816 3447 scite
865 3392 1114 3463 congruit
1164 3409 1285 3447 cum
1331 3395 1712 3464 sequentibus.

101 3465 109 3471 '
137 3462 384 3517 (la-terum
415 3473 550 3519 sunt
571 3465 661 3535 qui
693 3462 1211 3532 Ambrosiouostro,
1241 3465 1382 3535 quod
1411 3462 1561 3519 Petri
1595 3482 1718 3533 pec-

139 3542 297 3589 catum
329 3537 492 3591 nimis
536 3537 752 3591 elevare
801 3545 1026 3590 conatus
1070 3537 1162 3598 sit,
1211 3536 1344 3590 vitio
1381 3546 1629 3602 vertant;
1665 3538 1716 3590 iu

140 3606 311 3729 auibus
356 3608 631 3678 reperitur
673 3607 838 3662 Guill.
881 3607 1062 3663 Estius
1105 3607 1190 3662 vir
1228 3609 1430 3677 pietate
1457 3609 1609 3677 juxta
1656 3623 1720 3664 ac

174 3678 361 3729 octrina
389 3683 592 3729 clarus.
629 3678 718 3729 Sic
747 3687 924 3729 autem
957 3678 1079 3729 ille:
1106 3677 1184 3729 De
1211 3680 1500 3729 neaatione-
1523 3679 1719 3729 innuit.

174 3678 361 3732 octrina
389 3677 592 3734 clarus.
629 3678 718 3733 Sic
747 3687 924 3732 autem
957 3678 1079 3732 ille:
1106 3677 1184 3732 De
1211 3680 1501 3748 negatione,
1523 3679 1719 3748 inquit,

143 3749 284 3821 multo
311 3759 688 3821 commentatur
715 3749 1107 3804 Ambrosius....
1141 3759 1187 3804 et
1219 3752 1289 3802 ita
1321 3751 1552 3821 loquitur
1575 3751 1722 3821 quasi

145 3815 314 3894 Petrus
343 3821 586 3894 negando
619 3820 881 3894 Christum
919 3838 1021 3874 non
1052 3824 1331 3889 peccaverit
1373 3815 1556 3894 saltem
1585 3815 1723 3875 inor-

147 3890 320 3944 taliter.
362 3890 468 3948 Sid
499 3893 702 3963 videtur
726 3891 1026 3946 Ambrosius
1072 3909 1250 3947 revera
1280 3909 1493 3963 peccare
1519 3893 1574 3946 in
1602 3899 1720 3956 hoc,

145 3963 264 4030 quod
290 3974 562 4035 peccatum
592 3962 737 4018 Petri
754 3981 847 4032 pro
869 3980 968 4032 quo
995 3964 1087 4018 ille
1112 3965 1249 4033 ﬂevit
1278 3962 1474 4028 amare,
1508 3965 1723 4016 nimium

147 4034 380 4089 extenuet.
412 4034 675 4090 Fatemur
703 4035 916 4104 quidem
945 4035 1243 4090 cavendum
1277 4049 1398 4089 esse
1419 4035 1636 4088 nedum
1670 4035 1721 4088 in

148 4106 441 4161 excusando
471 4107 665 4161 eodem
699 4113 918 4174 peccato
949 4121 1168 4176 operam
1201 4105 1484 4175 plusjusto
1508 4107 1724 4159 anxiam

152 4176 402 4247 ponimus,
448 4177 726 4233 Christum
778 4179 1092 4232 mendacem
1144 4177 1235 4247 qui
1268 4177 1396 4231 illud
1432 4177 1722 4246 praedixit:

152 4243 354 4318 Petrum
397 4264 529 4304 vero
572 4248 810 4316 ineptum
861 4249 952 4318 qui
984 4248 1055 4303 ob
1094 4243 1225 4304 illud
1273 4243 1450 4318 ipsum
1495 4248 1725 4303 amaris-

152 4317 273 4398 sitne
294 4319 460 4403 ﬂevit,
488 4319 860 4403 ostendamus.
882 4317 1108 4403 verum,
1135 4335 1264 4403 pace
1287 4317 1428 4374 docti
1451 4319 1560 4402 viri.
1579 4320 1730 4374 dixe-

153 4389 327 4456 rimus,
365 4391 458 4460 qui
508 4400 676 4445 totam
725 4391 861 4445 hanc
898 4389 1174 4446 Ambrosii
1218 4392 1726 4445 commentationem

157 4464 398 4532 attentius
427 4462 641 4532 legerit,
669 4462 802 4516 nihil
830 4461 929 4531 ipsi
959 4473 1231 4527 occurret,
1257 4462 1400 4517 unde
1422 4462 1545 4532 jure
1570 4472 1732 4530 queat

155 4531 342 4603 colligi,
376 4531 526 4588 Petri
569 4544 848 4603 peccatum
890 4542 1079 4588 sancto
1112 4533 1328 4588 Doctori
1375 4531 1480 4587 neu
1514 4533 1615 4587 nisi
1641 4548 1733 4587 ve-

159 4601 288 4656 niale
329 4608 506 4660 visum
537 4601 722 4660 fuisse.
762 4605 976 4660 Etenim
1024 4605 1166 4658 inter
1216 4604 1459 4658 mortalia
1503 4605 1728 4660 crimina

157 4673 288 4728 aliud
313 4675 420 4730 alio
449 4675 623 4731 levius
651 4687 768 4742 est;
799 4675 942 4730 unde
968 4676 1172 4744 putavit
1199 4676 1516 4730 Ambrosius
1539 4676 1640 4730 sibi
1673 4676 1735 4727 li—

159 4757 293 4812 cere,
328 4757 387 4800 ut
417 4746 642 4802 honoris
667 4761 828 4803 causa
857 4745 1116 4817 quidquid
1141 4746 1208 4817 ad
1233 4747 1580 4801 minuendum
1603 4745 1734 4817 tanti

161 4818 378 4888 apostoli
413 4828 688 4888 peccatum
723 4816 900 4873 facere
925 4827 1125 4888 posset,
1157 4816 1210 4872 id
1232 4820 1472 4871 oratorio
1499 4816 1733 4888 modoiin

162 4887 387 4943 medium
411 4887 650 4945 afferret.
687 4890 755 4944 Et
789 4887 937 4944 certe
975 4905 1040 4943 ex
1074 4888 1194 4943 aliis
1229 4888 1480 4943 Patribus
1510 4903 1614 4944 non
1643 4887 1738 4942 dc-

166 4956 374 5040 fuerunt
415 4962 507 5030 qui
549 4960 695 5017 Petri
724 4959 1097 5040 defensionem
1137 4959 1313 5040 adhuc
1345 4969 1599 5030 urgerent
1649 4974 1739 5040 ar—

167 5029 396 5094 dentius,
429 5029 553 5087 eum
581 5049 686 5088 non
733 5035 899 5088 semel
923 5032 1127 5102 justum
1155 5033 1316 5086 etiam
1346 5029 1465 5100 post
1494 5029 1739 5102 negatio-

167 5115 282 5173 nem
323 5117 520 5159 vocare
568 5111 998 5173 perseverantes.
1048 5102 1187 5158 Vide
1233 5103 1481 5157 eumdem
1531 5101 1740 5155 Estium

169 5170 352 5226 Annot.
390 5175 444 5227 in
469 5170 758 5247 _priecipua
808 5191 869 5247 ac
905 5175 1117 5247 fdi/ficit.
1171 5173 1233 5229 S.
1269 5173 1464 5244 Script.
1496 5173 1645 5237 loca,
1690 5175 1743 5226 in

169 5255 282 5312 cap.
313 5260 445 5299 xxvr
468 5243 663 5302 Matth.
689 5261 830 5302 vers.
858 5246 946 5303 70.

238 5322 265 5360 δ
287 5324 426 5379 Nihil
450 5336 634 5396 agunt,
661 5327 750 5397 qui
782 5325 885 5381 hoc
904 5327 1197 5381 abutuntur
1225 5325 1366 5397 loco,
1396 5333 1452 5379 ut
1483 5322 1752 5397 paeniten-

176 5394 257 5448 tia:
284 5394 714 5463 sacrantentalis,
743 5397 810 5452 de
836 5412 939 5465 qua
969 5397 1054 5452 hic
1072 5397 1222 5451 nullo
1250 5396 1410 5451 modo
1433 5395 1629 5463 agitur,
1656 5409 1750 5450 ne-

175 5466 481 5522 ccssitatem
510 5479 771 5524 conentur
796 5470 1031 5523 elevare.
1053 5469 1264 5522 Etenim
1297 5482 1393 5537 per
1431 5467 1750 5536 satisfactio-

177 5551 290 5590 nem
335 5554 669 5610 nequaquam
719 5538 1006 5610 significari
1047 5539 1440 5594 confessionem
1485 5547 1750 5600 nostram,

180 5617 268 5660 aut
298 5619 505 5676 partem
525 5612 638 5680 ejus
663 5620 984 5675 extremam,
1019 5620 1203 5679 aperte
1225 5611 1604 5680 demonstrant
1632 5623 1754 5678 quae

179 5689 497 5747 sequuntur.
533 5679 663 5735 Nam
705 5681 1155 5750 quemadmodum
1185 5681 1368 5745 verba,
1399 5679 1538 5734 ablui
1566 5688 1754 5750 potest,

182 5754 490 5825 referuntur
511 5753 573 5807 ad
605 5749 862 5823 lacrgmas
907 5755 1016 5825 ejus
1045 5754 1156 5825 lego
1175 5768 1194 5825 ς
1237 5753 1313 5825 sic
1340 5752 1467 5825 ista,
1498 5749 1586 5804 sed
1618 5749 1758 5820 quod

183 5820 386 5893 defendi
432 5839 534 5877 non
574 5820 757 5895 potest,
805 5820 1191 5894 pertinent'ad
1215 5823 1617 5892 satisfactionem
1657 5837 1757 5876 non

1823 3315 1929 3374 nou
1979 3333 2122 3384 esse,
2172 3316 2274 3370 nisi
2327 3315 2698 3370 defensionem
2730 3334 2742 3368 :
2771 3315 2878 3387 quo
2907 3327 3064 3386 pacto
3108 3321 3424 3380 satisfacere

1821 3390 2052 3459 objectis
2093 3387 2436 3459 criminibus,
2476 3388 2617 3459 idem
2649 3397 2733 3442 est
2758 3398 2924 3457 atque
2949 3389 3161 3459 objecta
3193 3393 3422 3451 crimina

1821 3457 2055 3535 diluere,
2085 3475 2181 3535 seu
2200 3457 2467 3535 refellere.
2475 3458 2597 3535 ﬁed
2615 3473 2713 3513 nec
2725 3461 2885 3535 etiam
2905 3457 3208 3535 sequentia,
3230 3479 3425 3535 nempe

1823 3533 2016 3588 Lavent
2045 3531 2176 3604 (vel,
2210 3539 2267 3583 ut
2290 3529 2424 3604 edit.
2467 3528 2593 3584 Gill.
2649 3545 2713 3604 ac
2743 3529 2902 3584 Rom.
2933 3528 3000 3586 et‘
3018 3547 3122 3587 ms.
3154 3532 3314 3604 Reg.,
3343 3528 3424 3592 t'a.

1823 3607 1966 3674 vant)
1998 3601 2243 3676 lacrymte
2265 3601 2532 3676 delictum,
2559 3603 2696 3676 quod
2722 3615 2842 3656 voce
2872 3603 3041 3670 pudor
3069 3616 3140 3658 est
3163 3601 3424 3676 confiteri,

1823 3671 2072 3731 vocalem
2115 3671 2516 3746 confessionem
2549 3672 2738 3746 saltem
2791 3681 3060 3746 secretam
3096 3671 3423 3746 excludunt;

1825 3747 1960 3802 nihil
1992 3746 2138 3800 enim
2179 3743 2320 3796 aliud
2355 3741 2442 3818 hic
2487 3742 2814 3818 ostenditur,
2848 3742 3101 3818 nisi‘cum
3140 3748 3234 3818 qui
3261 3741 3426 3818 grave

1825 3821 2032 3874 crimen
2071 3814 2462 3886 perpetraverit
2507 3827 2537 3865 a
2569 3813 3032 3886 lacrymis_ordiri
3064 3813 3427 3876 debere'con-

1826 3883 2135 3945 versionem
2160 3902 2174 3950 ;
2202 3885 2280 3938 sic
2308 3898 2539 3950 namque
2572 3885 2802 3937 tacuisse
2828 3883 3070 3950 Petrmn,
3096 3902 3160 3939 ne
3181 3897 3286 3942 tam
3323 3892 3427 3947 cito

1830 3903 2135 3945 versroncm
2160 3902 2174 3950 ;
2202 3899 2280 3938 src
2308 3899 2428 3937 nam
2475 3899 2539 3936 ue
2572 3899 2802 3937 tacuisse
2829 3899 3070 3950 Petrum,
3096 3902 3160 3939 ne
3181 3899 3286 3942 tam
3323 3899 3423 3947 cito

1830 3957 2207 4036 veniwpetitio
2238 3956 2358 4036 plus
2385 3899 2689 4036 agenderet.
2714 3954 2859 4036 'Ante.
2888 3955 3142 4036 ﬂendum,
3175 3969 3282 4014 etc.
3317 3960 3423 4016 lla-

1829 4047 1933 4100 que
1960 4029 2024 4084 ad
2057 4026 2478 4103 ecclesiasticam
2499 4026 2759 4103 temporis
2781 4027 2899 4103 sui_d
2922 4026 3272 4103 _iscip-linam,
3313 4048 3424 4103 qua

1832 4096 2153 4172 pmnitentes
2172 4096 2366 4172 delicta
2392 4096 2648 4172 privatim
2659 4097 2816 4172 prius
2845 4096 3062 4153 deﬂere
3072 4096 3422 4172 jubebantur,

1831 4166 1990 4244 quam
2009 4171 2073 4244 ad
2105 4168 2391 4239 petendam
2416 4166 2911 4244 reconciliationem
2941 4166 3268 4244 accederent
3292 4166 3428 4230 allul

1833 4238 1931 4299 dit.
1966 4243 2087 4298 Oris
2108 4238 2288 4295 autem
2313 4238 2708 4298 confessionem
2740 4244 2792 4293 in
2825 4239 2982 4295 Petro
3004 4239 3223 4299 disertis
3249 4248 3429 4304 verbis

1834 4331 1938 4371 non
1954 4310 2384 4388 semelagunscit
2394 4309 2452 4364 S.
2470 4307 2690 4388 Doctor,
2706 4326 2827 4365 cum
2851 4325 3037 4380 supra,
3065 4328 3212 4368 tium.
3242 4331 3428 4388 super.

1834 4387 2008 4456 inquit
2037 4403 2050 4438 :
2086 4380 2274 4438 Maluit
2305 4382 2440 4456 enim
2464 4380 2578 4447 ipse
2599 4397 2746 4434 suum
2779 4397 3026 4436 accusare
3062 4380 3346 4454 peccatum,
3373 4400 3432 4444 ut

1825 4451 2204 4530 justiﬁcaretur
2226 4451 2461 4530 fatendo,
2479 4464 2964 4530 Aquam‘gravaretur
2980 4451 3247 4530 negando;
3267 4451 3430 4530 etin-

1836 4521 1937 4595 lra,
1961 4521 2110 4583 num.
2129 4526 2200 4581 90
2226 4521 2244 4578 Ξ
2271 4524 2330 4579 Si
2353 4523 2408 4576 in
2437 4521 2612 4595 aiiquo
2637 4521 2859 4595 fortasse
2889 4521 3426 4595 labarisrespt'cit...”

1837 4612 1893 4654 ut
1915 4592 2198 4654 recorderis
2226 4604 2274 4648 et
2300 4593 2514 4667 fatearis
2543 4609 2786 4667 errorem.
2816 4592 3295 4667 l_mi_tare_Petrum,-
3317 4609 3426 4658 etc,

1760 4687 1815 4746 D
1841 4672 2031 4746 Afl'erri
2077 4663 2553 4746 possunt_et.aliae_
2571 4663 2797 4746 hujusce
2826 4663 3430 4746 locihsolutiones'quas

2492 4733 2503 4744 ο

1843 4743 2026 4796 videre
2074 4733 2158 4793 est.
2185 4735 2326 4806 apud
2367 4733 2580 4858 Magist.
2627 4735 2876 4816 Sentent.
2925 4734 3019 4790 lib.
3067 4751 3145 4802 tv,
3181 4733 3430 4809 distfﬂ,

1843 4813 1872 4858 8
1895 4812 2016 4858 .fmn
2041 4809 2353 4858 secundum:
2386 4804 2465 4858 Bo
2511 4842 2523 4854 .
2555 4805 2765 4858 Pullum
2799 4821 2852 4858 in
2893 4821 2944 4858 γι
2974 4806 3257 4858 Sentent.:
3292 4813 3426 4858 llum

1895 4804 2523 4886 Ιαηιξβειιηᾶῳηϋὶοὺ.
2555 4805 2765 4860 Pullum
2799 4805 2863 4886 i_n_
2893 4821 2944 4860 γι
2974 4806 3259 4886 δθηιιξιιι.έ
3291 4804 3428 4886 Ιιυεξ

1896 4886 1986 4938 iet.
2023 4883 2118 4936 lib.
2164 4897 2200 4935 ιι
2232 4879 2294 4932 de
2336 4876 2600 4958 Sacram,
2635 4892 2757 4958 pag.
2803 4875 2893 4958 1},
2940 4891 3084 4958 cap.“
3109 4877 3174 4934 de
3220 4875 3432 4956 Confes-

1843 4956 2006 5021 sione,
2040 4962 2184 5017 etc.;
2223 4947 2373 5005 card.
2407 4946 2660 5022 Bellarm.
2700 4947 2766 5022 de
2811 4946 3125 5022 Ptenit/lih.
3147 4966 3246 5017 ut;
3275 4946 3347 5022 et,
3375 4965 3435 5013 ut

1845 5017 2003 5081 alios
2033 5025 2368 5084 omittamus,
2414 5017 2557 5086 apud
2604 5019 2662 5072 ι).
2707 5018 3020 5089 Dicuysium
3065 5017 3438 5083 Sammart'ba-

1847 5112 1977 5220 2;?
2008 5104 2236 5220 ιιτὲεέξιιιι
2263 5091 2466 5148 Gallice
2496 5089 2723 5161 scripto,
2763 5089 2826 5145 de
2850 5088 3120 5161 (ἐριθίαι,
3151 5107 3273 5166 pag.
3305 5097 3433 5168 551,

1983 5184 2012 5220 ρ
2171 5203 2184 5217 .

1845 5169 1950 5224 557
1983 5175 2038 5221 ct
2060 5169 2184 5220 567.

1928 5251 1949 5278 ο
1974 5237 2141 5292 Flevit
2169 5244 2224 5289 ut
2263 5233 2531 5304 lacrymis,
2563 5247 2734 5304 usque
2761 5231 2828 5288 ad
2873 5232 3048 5305 eodem
3078 5248 3354 5305 momento,
3384 5241 3438 5297 in

1853 5326 1986 5366 mss.
2022 5309 2160 5363 bene
2205 5305 2390 5360 multis
2419 5305 2829 5369 desiderantur;
2851 5304 2946 5359 sed
2975 5318 3098 5361 cum
3138 5304 3441 5368 habeantur

1856 5382 1909 5436 in
1941 5377 2235 5442 uormullis,
2268 5387 2322 5431 et
2344 5375 2555 5430 cunctis
2581 5376 2712 5431 edit.
2734 5390 2831 5430 nec
2852 5391 2959 5430 non
2989 5376 3291 5447 pleniorem
3316 5397 3444 5440 sen-

1853 5469 1975 5509 sum
2004 5449 2264 5511 elliciaut,
2292 5462 2352 5502 ea
2385 5462 2490 5500 non
2534 5448 2839 5516 putavimus
2863 5447 2982 5502 loco
3005 5451 3295 5506 movenda.

1930 5522 1956 5561 ἀ
1981 5523 2109 5578 Mss.
2133 5529 2256 5575 octo
2281 5533 2386 5570 non
2409 5517 2608 5572 infirme
2635 5527 2796 5579 notae,
2816 5521 3040 5587 fortasse
3065 5519 3294 5578 laboras.
3321 5525 3442 5583 Non

1856 5597 2030 5660 male;
2056 5592 2231 5647 laboro
2260 5589 2405 5663 enim
2437 5604 2543 5644 non
2576 5603 2702 5644 raro
2728 5589 2960 5663 sumitur
2991 5603 3089 5663 pro
3113 5607 3179 5647 eo
3203 5597 3344 5663 quod
3361 5609 3447 5653 est

1858 5668 1924 5722 de
1949 5658 2118 5721 salute
2163 5660 2447 5733 periclitor,
2497 5669 2556 5715 ut
2603 5658 2745 5729 apud
2774 5658 2961 5714 Horat.
2991 5659 3085 5716 lib.
3132 5678 3172 5730 ι,
3203 5658 3307 5723 ode
3334 5668 3404 5723 27
3430 5686 3446 5724 :

2259 5740 2448 5800 Quanta
2473 5737 2666 5790 laboras
2688 5739 2737 5788 in
2758 5736 2998 5802 Charybdi
3017 5738 3030 5784 l

1937 5830 1957 5854 υ
1983 5817 2125 5873 Edil.
2163 5813 2348 5877 Rotn.,
2395 5809 2572 5884 lapsus
2612 5819 2711 5878 est,
2755 5810 2845 5881 qui
2872 5809 3025 5867 dixit.
3057 5812 3191 5872 Alite
3217 5825 3283 5876 ac
3322 5833 3459 5882 mss.
