3920 6332
525 290 661 352 1851

1889 286 1970 344 SA
1980 281 2138 341 NCTl
2177 281 2500 341 AMBliOSll

3682 283 3794 342 1851

514 416 699 464 menta
723 404 1003 476 deposuit;
1029 410 1088 459 ut
1103 403 1245 459 scias
1263 400 1416 472 quasi
1441 399 1716 458 hominem
1739 414 1956 472 passum
1971 415 2115 466 esse,
2146 399 2197 459 Α
2227 395 2608 467 triumphalem
2636 395 2862 466 praeibat
2893 395 3033 451 bona
3061 409 3255 467 pompa
3293 394 3689 466 resurgentium
3717 396 3794 451 de-

519 512 629 553 non
679 497 832 568 quasi
889 497 1058 552 Deum
1106 508 1326 566 regem:
1357 492 1462 549 etsi
1504 502 1794 564 utrumque
1837 492 2126 562 Christus,

517 589 674 660 quasi
703 587 981 644 hominem
1014 595 1218 652 tamen,
1271 599 1379 641 non
1424 585 1580 656 quasi
1621 584 1790 641 Deum
1823 585 1976 641 cruci
2005 601 2129 644 esse

517 683 799 739 sufﬁxum.
822 680 930 738 Sed
960 679 1164 736 milites
1192 694 1299 735 non
1331 677 1504 735 Judaei
1522 678 1702 734 sciunt
1727 694 1836 750 quo
1858 687 2124 750 tempore,

515 776 695 848 qualia
721 775 1285 846 vestimentaﬂhristo
1312 775 1661 831 conveniant.
1693 783 1719 811 α
1743 773 1958 830 Judicio
1971 775 2127 845 quasi

517 869 690 924 victor
718 868 955 926 assistit:
985 866 1052 924 ad
1082 867 1392 939 passionem
1420 877 1695 938 tamquam
1728 881 1876 933 reus,
1905 865 2128 924 humilis

519 963 688 1020 venit.

590 1053 714 1109 109.
755 1051 912 1108 Nune
958 1051 1219 1124 quoniam
1261 1060 1527 1122 tropaeum
1551 1050 1666 1120 jam
1698 1049 1967 1117 vidimus,
1998 1066 2126 1106 cur-

516 1161 638 1204 rum
664 1161 820 1203 suum
847 1146 1212 1218 triumphator
1238 1145 1528 1201 ascendat:
1557 1159 1656 1200 nec
1685 1144 1944 1200 arborum
1975 1154 2125 1200 trun-

518 1241 631 1306 cis,
663 1249 757 1296 aut
785 1238 1125 1310 quadriiugis
1157 1237 1414 1309 plaustris
1452 1237 1736 1292 manubias
1786 1236 1854 1292 de
1907 1237 2124 1292 mortali

519 1331 679 1388 hoste
717 1332 1006 1403 quaesitas,
1063 1331 1158 1386 sed
1206 1329 1445 1400 patibulo
1472 1328 1780 1399 triumphali
1828 1328 2125 1399 suspendat

514 1426 728 1497 captiva
760 1424 829 1480 de
849 1423 1050 1479 saeculo
1073 1423 1269 1493 spolia.
1302 1421 1418 1476 Non
1447 1420 1534 1477 hic
1562 1421 1824 1476 revinctis
1854 1431 1972 1492 post
2008 1429 2119 1476 ter-

514 1531 643 1587 gum
671 1514 908 1572 brachiis
929 1524 1141 1586 gentes,
1175 1529 1275 1570 nec
1295 1514 1597 1571 excisarum
1618 1515 1828 1569 urbium
1859 1514 2120 1585 imagines

517 1609 823 1675 cernimus,
873 1608 1306 1680 oppidorumque
1335 1615 1619 1678 captorum
1665 1608 1984 1673 simulacra,
2026 1618 2121 1663 aut

512 1703 782 1759 submissa
805 1711 1084 1771 captorum
1124 1685 1310 1772 regum
1336 1700 1474 1755 colla
1502 1701 1782 1768 miramur,
1810 1699 1996 1770 quales
2021 1699 2120 1754 hu-

514 1811 800 1854 manorum
821 1796 998 1851 solent
1025 1794 1238 1866 species
1259 1809 1382 1850 esse
1405 1793 1836 1864 triumphorum;
1873 1808 1974 1849 nec
1999 1794 2116 1850 vic-
2147 1806 2194 1867 Β

513 1889 669 1944 tori:e
699 1888 962 1943 terminos
984 1886 1221 1957 regionis
1243 1885 1351 1940 fine
1379 1884 1702 1941 distinctos:
1744 1885 1839 1939 sed
1889 1895 2115 1940 ovantes

513 1981 744 2051 populos
775 1979 1077 2046 nationum,
1106 1979 1368 2048 quaesitos
1395 1995 1501 2033 non
1533 1979 1602 2034 ad
1624 1977 1977 2049 supplicium,
2019 1978 2116 2034 sed

513 2073 582 2129 ad
607 2073 908 2142 praemium,
937 2087 1094 2142 reges
1125 2071 1312 2128 liberis
1358 2071 1644 2128 ali'ectibus
1669 2072 1980 2140 adorantes,
2015 2087 2116 2128 vo-

511 2162 761 2219 luntariis
797 2163 959 2218 urbes
1013 2161 1206 2217 studiis
1258 2161 1493 2230 deditas,
1542 2170 1596 2218 et
1626 2163 1681 2217 in
1723 2163 1914 2219 melius
1946 2164 2114 2219 refor-

511 2267 686 2314 matas
719 2258 978 2329 imagines
1004 2256 1351 2329 oppidorum.
1385 2273 1520 2329 quas
1546 2273 1653 2313 non
1682 2257 1710 2296 ι)
1729 2258 1883 2314 fucus
1896 2274 2117 2330 expres-

507 2350 638 2406 serit
667 2391 682 2417 ,
713 2348 810 2404 sed
836 2349 1055 2405 devotio
1079 2349 1408 2404 coloraverit
1435 2349 1560 2404 fidei
1588 2369 1600 2402 ε
1631 2365 1782 2405 arma
1812 2392 1826 2418 ,
1858 2351 2112 2405 victoria-

511 2457 742 2513 rumqne
760 2441 881 2512 jura
913 2449 1026 2497 toto
1048 2441 1184 2497 orbe
1204 2442 1500 2508 currentia,
1517 2443 1788 2512 captivum
1815 2441 2115 2513 principem

511 2534 722 2601 mundi,
748 2543 802 2590 et
822 2534 1128 2605 Spiritualia
1153 2534 1408 2604 nequitiae
1430 2550 1549 2605 qua:
1565 2542 1694 2590 sunt
1715 2535 1765 2588 in
1783 2534 2116 2600 caelestibus,

468 2628 470 2631 ’
507 2626 818 2684 obedientia
843 2626 995 2682 vocis
1028 2627 1276 2682 humana:
1307 2627 1562 2696 imperio,
1603 2627 1850 2683 subditas
1874 2627 2121 2682 domina-

505 2719 684 2776 tiones
706 2719 1089 2790 variarumque
1107 2719 1370 2774 virtutum
1395 2721 1632 2789 species,
1659 2735 1764 2773 non
1794 2719 2006 2786 sericis,
2022 2719 2118 2775 sed

507 2813 752 2868 moribus
772 2814 1093 2868 emicantes.
1125 2812 1315 2883 Fulget
1341 2814 1588 2881 castitas,
1617 2813 1749 2868 fides
1777 2813 2123 2883 splendet,et

507 2902 695 2958 induta
728 2904 920 2959 mortis
949 2903 1160 2959 exuviis
1190 2903 1411 2960 devotio
1439 2903 1776 2960 fortitudinis
1793 2904 1905 2974 jam
1938 2920 2124 2960 resur-

505 2996 603 3067 git.
634 2996 786 3054 Unus
808 2999 901 3054 Dei
935 2996 1240 3066 triumphus
1269 2998 1401 3053 fecit
1430 3015 1624 3055 omnes
1646 3015 1815 3070 prope
1832 3001 1944 3070 jam
1972 3012 1994 3040 ο
2020 3001 2119 3056 Ιιο-

506 3089 684 3145 mines
714 3087 1076 3158 triumphare,
1107 3103 1242 3144 crux
1276 3087 1513 3144 Domini.

2229 488 2561 544 functorum.
2589 487 2742 544 Solet
2765 487 2928 544 etiam
2952 487 3141 544 titulus
3161 487 3567 559 subjugatarum
3587 487 3794 558 gentium

2229 597 2515 638 numerum
2565 581 2873 652 designare.
2926 579 3012 637 Sit
3054 580 3109 636 in
3154 580 3266 636 illis
3305 581 3598 652 triumphis
3637 581 3797 638 ordine

2227 675 2460 745 quodam
2488 675 2695 747 digesta
2715 673 3042 732 miserabilis
3081 674 3442 742 devictarum,
3484 673 3796 745 pereuntium

2225 769 2623 826 contumeliosa
2643 767 2930 840 captivitas
2953 769 3234 826 nationum
3259 786 3272 824 :
3302 769 3393 825 hic
3425 767 3798 839 redemptarum

2226 859 2469 932 gentium
2501 871 2692 916 vernat
2716 861 2890 932 gratia
2918 879 2932 916 :
2961 859 3110 932 digni
3133 869 3288 916 tanto
3308 857 3588 931 triumpho
3597 860 3798 930 jugales,

2226 960 2286 1008 ut
2315 956 2537 1021 caelum,
2563 962 2730 1020 terra,
2764 954 2955 1023 maria,
2985 953 3196 1011 inferna
3227 969 3256 1008 a
3285 944 3598 1025 corruptela
3615 963 3801 1010 mutenc

2227 1057 2315 1102 tur
2343 1047 2412 1102 ad
2443 1047 2695 1118 gratiam.

2299 1139 2425 1194 112.
2483 1138 2752 1196 Scrihitur
2779 1145 2960 1195 autem
3004 1148 3027 1177 ο
3059 1137 3270 1206 titulus,
3318 1149 3374 1195 et
3402 1154 3568 1210 super
3614 1154 3799 1195 crucem

2224 1231 2467 1301 ponitur,
2515 1245 2622 1285 non
2664 1231 2801 1284 infra
2838 1244 3086 1295 crucem;
3133 1230 3258 1301 quia
3299 1230 3619 1301 principium
3663 1245 3802 1301 super

2223 1322 2483 1378 humeros
2507 1321 2646 1392 ejus.
2679 1321 3009 1391 Principium
3038 1331 3219 1377 autem
3252 1322 3380 1392 quid
3408 1330 3513 1389 est,
3556 1321 3655 1377 nisi
3682 1336 3802 1378 sem-

2223 1414 2438 1484 piterna
2467 1415 2640 1468 virtus
2665 1413 2804 1484 ejus,
2834 1423 2997 1485 atque
3021 1413 3323 1469 divinitas?
3349 1413 3510 1471 Unde
3531 1423 3585 1469 et
3602 1415 3708 1486 ipse
3731 1415 3801 1470 in-

2224 1512 2538 1576 terrogatus
2564 1503 2687 1576 quis
2715 1514 2883 1573 esset,
2916 1505 3198 1576 respondit
3223 1523 3235 1559 :
3287 1504 3634 1578 Principium,
3662 1507 3742 1579 qui
3764 1517 3800 1562 et

2222 1599 2417 1669 loquor
2445 1598 2608 1652 vobis.
2640 1597 2907 1668 Legamus
2931 1599 3078 1654 hunc
3109 1597 3361 1653 titulum:

2292 1689 2472 1758 Iesus,
2512 1688 2708 1759 inquit,
2741 1688 3053 1743 Nazarenus
3071 1705 3164 1744 rex
3182 1687 3514 1744 Judworum.

2300 1781 2425 1836 115.
2461 1781 2656 1836 Merito
2685 1795 2847 1851 supra
2877 1796 3094 1836 crucem
3124 1781 3339 1849 titulus;
3399 1781 3529 1852 quia
3579 1795 3679 1838 non
3724 1781 3803 1836 bo-

2223 1872 2372 1928 mani
2397 1873 2664 1943 corporis,
2685 1872 2782 1928 sed
2805 1871 3002 1929 divinae
3025 1873 3310 1944 poteSIatis
3332 1882 3417 1930 est
3443 1889 3664 1944 regnum
3683 1875 3801 1946 quod

2219 1965 2387 2021 habet
2415 1964 2690 2022 Christus.
2725 1965 2918 2022 Merito
2942 1981 3104 2037 supra
3146 1981 3365 2021 crucem
3420 1967 3644 2032 titulus;
3694 1965 3798 2036 quia

2220 2062 2351 2118 licet
2377 2063 2431 2118 in
2459 2077 2623 2118 cruce
2648 2070 2768 2117 erat
2801 2061 3063 2117 Dominus
3094 2060 3254 2118 Jesus
3272 2103 3286 2128 ,
3313 2076 3481 2132 super
3505 2075 3713 2118 crucem
3734 2069 3802 2115 ta-

2221 2171 2346 2210 men
2401 2155 2547 2226 regis
2599 2156 2887 2224 majestate
2929 2155 3200 2210 radiabat.
3258 2154 3476 2210 Vermis
3535 2156 3588 2210 in
3644 2169 3801 2220 cruce,

2221 2248 2532 2304 scarabazus
2555 2248 2607 2302 in
2636 2263 2803 2304 cruce
2834 2265 2846 2300 :
2879 2257 2936 2303 et
2958 2247 3134 2302 bonus
3151 2246 3353 2303 vermis
3383 2247 3474 2318 qui
3505 2247 3656 2302 haesit
3680 2247 3727 2301 in
3748 2245 3800 2301 lic

2219 2355 2353 2410 gno,
2387 2340 2566 2395 bonus
2595 2340 2906 2395 scarabzeus
2931 2340 3023 2410 qui
3052 2340 3309 2395 clamavit
3358 2356 3391 2395 e
3433 2340 3598 2410 ligno.
3629 2338 3646 2377 ί
3674 2338 3792 2408 Quid

2219 2431 2522 2488 clamavit?
2545 2431 2788 2497 Domine,
2815 2449 2877 2487 ne
2906 2441 3106 2488 statuas
3129 2433 3237 2486 illis
3267 2433 3364 2487 hoc
3385 2441 3668 2503 peceatum.
3694 2431 3798 2488 Cla-

2223 2527 2394 2580 mavit
2420 2524 2661 2580 latroni:
2697 2522 2870 2578 Hodie
2899 2540 3100 2579 mecum
3144 2525 3249 2579 eris
3299 2525 3351 2578 in
3403 2525 3662 2595 paradiso.
3697 2522 3798 2578 Cla-

2230 2620 2401 2675 mavit
2428 2619 2583 2690 quasi
2613 2620 2922 2674 scarabteus
2951 2635 2964 2671 :
2995 2617 3160 2684 Deus,
3205 2617 3347 2672 Deus
3373 2633 3538 2684 meus,
3570 2632 3716 2689 quare
3736 2632 3798 2670 me

2230 2712 2549 2784 dereliquisti
2573 2712 2597 2766 ?
2627 2711 2694 2766 Et
2723 2711 2895 2766 bonus
2917 2711 3247 2780 scarabaeus,
3279 2710 3376 2782 qui
3396 2711 3567 2766 lutum
3582 2711 3797 2780 corporis

2224 2808 2397 2862 nestri
2428 2816 2555 2861 ante
2596 2805 2829 2861 informe
2877 2819 2942 2860 ac
2998 2805 3210 2876 pigrum
3264 2806 3528 2860 virtutum
3575 2803 3796 2861 versabat

2224 2897 2470 2968 vestigiis
2503 2916 2517 2952 :
2548 2895 2727 2952 bonus
2753 2898 3080 2965 scarabmus,
3111 2897 3202 2967 qui
3257 2896 3328 2953 de
3377 2909 3620 2953 stercore
3663 2894 3797 2966 erigit

2224 3006 2542 3062 pauperem.
2597 2990 2786 3046 Erexit
2828 2989 3094 3055 Paulum,
3145 2989 3236 3059 qui
3281 2990 3579 3045 mstimatus
3628 2997 3700 3045 est
3749 2996 3796 3040 ut

2225 3095 2470 3141 stercora
2499 3102 2510 3138 :
2545 3085 2718 3140 erexit
2745 3094 2799 3140 et
2829 3083 2931 3141 Job
2955 3085 3046 3155 qui
3069 3083 3296 3140 sedebat
3325 3085 3377 3139 in
3408 3092 3660 3141 stercore.
3693 3071 3791 3136 Non

583 3179 708 3234 110.
743 3177 769 3216 ἀ
820 3179 1010 3235 Refert
1059 3194 1190 3250 ergo
1221 3180 1568 3237 considerare
1621 3182 1796 3252 qualis
1823 3185 1837 3252 [η
1851 3182 2116 3238 ascendit.
2147 3199 2192 3262 ρ
2225 3178 2521 3235 mediocris
2548 3194 2678 3249 ergo
2708 3179 2915 3234 titulus.

504 3270 720 3328 Nudum
744 3272 934 3328 video:
974 3273 1098 3328 talis
1143 3286 1272 3342 ergo
1299 3273 1562 3328 ascendat
1586 3272 1682 3343 qui
1703 3275 1962 3330 saeculum
1993 3276 2106 3330 vin-

499 3377 626 3418 cere
649 3373 835 3432 parat;
860 3374 917 3417 ut
940 3364 1125 3419 saeculi
1157 3363 1474 3432 adjumenla
1524 3379 1632 3420 non
1665 3376 1896 3436 quaerat.
1930 3365 2118 3422 Victus

502 3464 587 3511 est
609 3455 778 3513 Adam
805 3458 898 3525 qui
935 3456 1264 3510 vestimenta
1292 3457 1583 3526 quaesivit:
1627 3456 1754 3511 vicit
1795 3458 1886 3513 ille
1913 3460 2005 3528 qui
2037 3467 2118 3513 te-

501 3555 761 3618 gumenta
783 3547 1052 3617 deposuit.
1074 3546 1142 3602 Et
1165 3547 1286 3602 talis
1299 3549 1545 3603 ascendit
1562 3549 1751 3619 quales
1776 3565 1874 3604 nos
1897 3560 2117 3608 auctore

499 3638 635 3706 Deo,
652 3648 841 3695 natura
865 3640 1120 3694 formavit
1143 3657 1156 3696 :
1183 3640 1302 3694 talis
1321 3639 1375 3694 in
1401 3642 1616 3714 1528
1629 3642 1882 3714 paradiso
1913 3644 2117 3713 primus

500 3731 667 3788 homo
710 3732 973 3788 habitavit
1002 3774 1016 3799 ,
1050 3732 1173 3788 talis
1205 3731 1271 3787 ad
1304 3734 1619 3804 paradisum
1652 3733 1816 3789 homo
1845 3735 2114 3792 secundus

498 3825 740 3882 intravit.
770 3825 920 3881 Etut
967 3841 1074 3882 non
1102 3825 1206 3882 sibi
1239 3826 1378 3896 soli,
1413 3828 1508 3883 sed
1549 3829 1804 3885 omnibus
1845 3831 2106 3898 vinceret,

498 3933 692 3974 manus
722 3919 986 3987 extendit,
1028 3935 1136 3990 quo
1167 3921 1350 3974 omnia
1383 3919 1627 3977 traheret
1656 3921 1724 3977 ad
1747 3937 1837 3988 se;
1878 3930 1936 3976 ut
1961 3922 2106 3978 nodo

499 4012 693 4067 mortis
713 4021 903 4079 exuta,
921 4012 1053 4082 jugo
1075 4011 1201 4066 fidei
1231 4027 1519 4082 suspensa,
1548 4015 1866 4071 caelestibus
1891 4031 1956 4071 ea
1985 4031 2105 4086 qua:

497 4107 651 4178 prius
682 4115 841 4160 erant
867 4114 1084 4160 terrena
1117 4107 1373 4162 sociaret.

572 4200 697 4254 111.
723 4197 1033 4269 (Vers.58.)
1057 4199 1327 4254 Scrihitur
1356 4201 1518 4255 etiam
1545 4203 1736 4257 titulus
1759 4221 1771 4254 :
1797 4204 1939 4258 solet
1964 4220 2102 4274 pra:-

2295 3271 2418 3328 114.
2463 3272 2581 3341 Ipse
2607 3281 2789 3326 autem
2822 3270 3002 3326 crucis
3032 3270 3211 3338 locus,
3240 3281 3263 3317 ε
3290 3270 3374 3326 vel
3431 3274 3486 3326 in
3529 3268 3716 3336 medio,
3743 3274 3793 3322 ut

2220 3364 2554 3435 cormpicuus
2603 3364 2896 3422 omnibus:
2939 3364 3023 3420 vel
3077 3378 3242 3434 supra
3275 3363 3445 3429 Adae,
3495 3372 3553 3418 ut
3605 3358 3790 3417 Hebraei

2221 3456 2520 3527 disputant,
2547 3457 2903 3526 sepulturam.
2922 3455 3271 3526 Congruebat
3291 3457 3494 3526 quippe
3512 3463 3568 3509 ut
3593 3454 3662 3510 ibi
3687 3452 3789 3507 vita:

2221 3559 2420 3604 nostra:
2490 3546 2743 3618 primitiae
2806 3547 3165 3611 locarentur,
3223 3545 3315 3602 ubi
3365 3548 3585 3602 fuerant
3623 3544 3786 3600 mortis

2218 3646 2465 3702 exordia.

2289 3740 2415 3795 115.
2459 3736 2485 3774 ιι
2517 3737 2841 3793 Dividuntur
2867 3739 3208 3804 vestimenta,
3237 3736 3361 3791 aliis
3383 3736 3532 3791 aliud
3553 3742 3687 3791 sorte
3706 3733 3784 3786 de-

2213 3832 2424 3899 fertur;
2476 3831 2569 3885 Dei
2627 3830 2772 3885 enim
2831 3831 3054 3900 spiritus
3107 3844 3214 3884 non
3268 3831 3503 3883 humana
3555 3825 3781 3898 Opinione

2213 3923 2716 3996 comprehenditur,
2738 3922 2832 3978 sed
2850 3921 3002 3993 quasi
3025 3920 3256 3992 quodam
3279 3929 3479 3976 eventu
3503 3919 3780 3988 inopinatus

2213 4019 2472 4074 illabitur.
2531 4017 2598 4071 Et
2642 4015 2872 4072 fortasse
2901 4015 3101 4071 milites
3154 4014 3243 4068 isti
3301 4025 3531 4084 quatuor
3562 4012 3776 4080 Evange-

2211 4112 2459 4167 listarum
2490 4110 2761 4166 habebant
2788 4118 2976 4181 typum
3006 4150 3020 4174 ,
3066 4107 3159 4179 qui
3203 4109 3542 4177 scripserunt
3567 4107 3776 4168 titulum,

2211 4219 2372 4274 quem
2396 4220 2588 4260 omnes
2609 4203 2873 4275 legamus.
2895 4202 3040 4273 Lego
3060 4202 3276 4256 titulum
3299 4202 3446 4272 regis
3471 4201 3771 4260 Iudaeorum,

495 4292 695 4350 cedere
751 4307 944 4364 pompa
995 4293 1260 4359 victores;
1319 4304 1376 4349 at
1424 4309 1556 4352 vero
1611 4311 1830 4352 currum
1886 4299 2098 4354 Domini
2129 4289 2326 4352 Deum
2357 4296 2480 4368 lego
2513 4314 2528 4352 :
2557 4297 2798 4371 Regnum
2845 4311 3014 4350 meum
3065 4294 3280 4368 1529
3331 4311 3436 4349 non
3482 4304 3556 4350 est
3597 4294 3656 4348 de
3696 4292 3776 4346 hoc

545 4490 598 4524 ια
631 4479 830 4536 Eadem
852 4478 983 4534 edit.
1006 4477 1191 4551 Rom.,
1219 4479 1251 4532 ,1
1261 4479 1433 4534 udicio
1458 4479 1592 4533 enim
1616 4480 1669 4534 in
1693 4495 1930 4551 purpura
1951 4481 2100 4550 quasi

499 4553 661 4608 uictor
709 4551 924 4619 assistit,
955 4549 1023 4604 ad
1048 4550 1342 4618 passionem
1381 4566 1499 4606 vero
1536 4551 1590 4604 in
1632 4549 1740 4606 suis
1781 4549 2096 4606 vestimentis

501 4624 648 4695 quasi
659 4639 814 4695 reus,
838 4620 1062 4695 humilis.
1077 4621 1233 4695 venit.

569 4695 597 4733 ι)
623 4694 822 4758 Fucus,
853 4694 1070 4762 pr0prie
1091 4692 1360 4762 quoddam
1377 4692 1538 4765 rubei
1563 4694 1764 4750 coloris
1789 4711 1964 4765 genus
1991 4704 2094 4754 est;

496 4765 594 4823 sed
617 4766 704 4820 hic
733 4766 854 4820 laxe
896 4765 1127 4837 minuitur
1179 4779 1276 4837 pro
1301 4763 1492 4837 colore
1539 4765 1684 4837 onmi
1716 4763 1824 4836 quo
1860 4768 2098 4837 pictores

499 4845 747 4902 utuntur,
777 4845 835 4890 ut
863 4835 1002 4903 apud
1025 4835 1222 4907 llorat.
1259 4835 1354 4890 lib.
1386 4836 1603 4907 ttt,~ode
1631 4837 1688 4902 5,
1725 4835 1822 4907 pro
1851 4835 2098 4907 qualibet

494 4911 730 4964 tinctura
759 4923 862 4977 qua
893 4906 1206 4962 inliciuntur
1249 4907 1432 4976 panni.
1465 4904 1737 4962 Cmternni
1769 4904 1885 4962 non
1907 4909 2092 4963 indili-

496 4991 691 5051 genter
743 4979 845 5033 hoc
891 4978 1376 5051 ethsequentibus
1423 4978 1696 5051 humeris
1738 4995 1801 5034 ea
1859 4995 2086 5046 percur-

496 5047 707 5114 runtur,
755 5064 876 5120 qua:
937 5047 1079 5120 olim,
1115 5049 1169 5102 in
1214 5048 1508 5120 triumphis
1559 5050 1789 5105 Romani
1837 5051 2093 5107 observa-

494 5120 646 5177 bant.
675 5119 956 5190 Dequibns
978 5119 1144 5174 multa
1167 5119 1442 5190 Sigonius,
1472 5120 1731 5190 Rosinus,
1763 5120 2091 5179 Laurentius

389 5225 396 5230 -
493 5200 552 5250 et
571 5191 684 5247 alii.

492 5311 514 5323 ,,
571 5276 595 5303 ο
627 5261 812 5327 Edit.,
867 5261 1096 5315 homines
1143 5260 1580 5332 triumphatores;
1631 5279 1762 5318 mss.
1793 5304 1808 5328 ,
1858 5263 2090 5318 homines

495 5333 851 5403 triumphare;
877 5333 971 5386 sed
1003 5333 1067 5405 in_
1084 5333 1407 5405 quibusdam
1453 5335 1775 5389 omittuntur
1797 5344 2089 5405 sequentes

492 5405 616 5460 duae
646 5401 806 5458 voces
829 5444 844 5469 ,
876 5419 1005 5456 crux
1032 5401 1260 5458 Domini.

562 5473 591 5513 ἀ
618 5475 776 5556 83m.
806 5474 962 5540 edit.,
993 5472 1176 5556 Refert
1198 5491 1314 5529 vero
1351 5474 1679 5556 considerare
1708 5476 1856 5548 (quia
1893 5493 2084 5556 secun-

489 5546 616 5618 dum
648 5543 908 5618 Marcum,
936 5543 1293 5618 cruciﬁgentes
1318 5561 1437 5600 eum
1464 5543 1754 5602 diviserunt
1780 5549 2082 5605 vestimenta

487 5615 822 5690 ejus)“qu_alis
851 5629 1055 5690 crucem
1082 5615 1348 5690 ascendat.

562 5698 586 5724 °
605 5684 813 5742 Eadem
843 5685 970 5740 edit.
996 5685 1178 5749 Rom.,
1205 5684 1406 5743 Titulus
1431 5690 1582 5742 etiam
1600 5691 1884 5744 secundum
1911 5690 2076 5744 Joan-

480 5772 620 5827 nem,
649 5765 694 5810 et
721 5771 879 5825 supra
915 5771 1110 5810 crucem
1141 5758 1392 5826 ponitur;
1428 5769 1484 5814 ut
1513 5760 1678 5829 afﬁxo
1720 5764 1861 5816 cruci
1901 5763 2070 5816 chiro-

2204 4482 2426 4552 grapho,
2457 4480 2593 4550 quod
2613 4490 2722 4536 erat
2754 4479 3070 4552 contrarium
3109 4477 3276 4542 nobis,
3319 4479 3571 4552 sententia
3605 4484 3772 4552 vetusta

2203 4547 2443 4608 cessaret.
2468 4547 2538 4608 Et
2563 4553 2700 4607 infra
2727 4570 2739 4605 :
2773 4551 2976 4606 Titulus
3004 4558 3174 4604 autem
3193 4559 3302 4604 erat
3334 4549 3616 4605 secundum
3631 4547 3771 4601 Joano

2204 4639 2318 4678 nem
2347 4641 2365 4678 .'
2405 4625 2435 4679 J
2445 4641 2558 4679 esus
2593 4621 2896 4679 Nazarenus
2926 4620 3409 4685 RexJudaaorum;
3456 4636 3604 4690 quem
3643 4615 3772 4671 multi

2199 4691 2506 4766 Judazorum
2531 4696 2782 4766 legerunt.
2811 4693 3067 4764 Legamus
3089 4694 3247 4766 igitur
3269 4702 3315 4746 et
3338 4707 3454 4746 nos.
3497 4690 3631 4762 Lego
3663 4691 3770 4742 titu-

2199 4765 2306 4839 lum
2335 4769 2492 4839 regis,
2525 4765 2632 4823 etc.

2274 4836 2291 4875 ί
2321 4833 2461 4894 Edit.
2497 4839 2682 4902 Rom.,
2713 4837 2887 4903 Pater,
2918 4836 3116 4892 dimitte
3144 4833 3250 4889 illis
3275 4847 3295 4897 ;
3331 4833 3429 4888 hoc
3464 4843 3568 4900 est,
3597 4848 3652 4887 ne
3677 4840 3768 4886 sta-

2195 4915 2312 4964 tuas
2341 4911 2447 4964 illis
2474 4909 2572 4963 hoe
2601 4921 2883 4980 peceatum.

2269 4991 2292 5027 ὅ
2319 4973 2657 5045 Ambrosius,
2678 4995 2904 5052 qumsua
2927 4977 3192 5052 modestia
3225 4985 3331 5043 est,
3364 4977 3497 5052 nihil
3535 4973 3764 5052 hocloco

2194 5049 2405 5106 definit.
2455 5042 2655 5108 Harum
2683 5042 2864 5107 autem
2892 5050 3217 5120 opinionum
3250 5042 3617 5120 po’sterioriem
3649 5042 3765 5120 Malo

2193 5120 2428 5177 donatus
2453 5124 2506 5178 in
2536 5138 2656 5190 cap.
2682 5139 2827 5177 xxvii
2861 5113 3122 5184 Matthaei,
3176 5113 3394 5186 citatis,
3442 5119 3533 5190 qui
3577 5119 3641 5190 ab
3687 5113 3759 5168 illa

2192 5196 2430 5262 stabant,
2450 5189 2684 5264 antiquis
2699 5193 2973 5258 Patribus,
2993 5189 3761 5264 opinioncm‘vocatnmltorum

2190 5260 2422 5319 veterum
2462 5260 2776 5335 scriptorum
2828 5260 3135 5318 auctoritate
3180 5260 3422 5335 nobilem.
3453 5261 3662 5335 _Verum
3705 5269 3758 5309 ea

2191 5337 2372 5391 minus
2413 5332 2612 5407 placuit
2643 5345 2834 5407 sancto
2865 5335 3217 5407 Hieronymo,
3252 5333 3346 5407 qui
3385 5332 3615 5407 priorem
3660 5341 3761 5407 am:

2191 5407 2380 5478 plexos
2409 5393 2492 5462 est
2515 5410 2568 5462 in
2597 5423 2718 5478 cap.
2744 5423 2772 5462 v
2799 5393 3102 5462 Ezechielis
3129 5421 3141 5457 :
3175 5393 3230 5458 et
3259 5393 3399 5459 i'tem'
3421 5403 3475 5459 in
3510 5416 3626 5472 cap.
3651 5414 3677 5452 v
3699 5393 3755 5450 ad

2187 5477 2476 5604 ﬁliifilii:
2501 5549 2636 5606 edit.
2664 5549 2803 5616 sola,
2848 5547 3141 5603 Dioidentes
3160 5561 3282 5601 vero
3319 5546 3612 5616 vestimenta
3648 5540 3752 5616 ejus

2185 5620 2434 5676 miserunt
2459 5631 2639 5676 sortes.
2673 5609 2823 5688 Quod
2852 5636 2942 5674 nec
2982 5619 3223 5688 mysterio
3265 5627 3434 5672 vacat.
3628 5609 3747 5688 uti!!!

2183 5691 2351 5762 aliud,
2386 5703 2490 5747 ore.
2539 5685 2840 5746 Infra—vero
2876 5699 2999 5762 post
3025 5685 3061 5744 ι
3094 5703 3306 5757 versus,
3341 5689 3428 5759 qui
3457 5685 3748 5756 scripserunt

2183 5761 2541 5834 Evangelium.
