3920 6310
474 274 615 335 £835

1825 272 1904 333 SA
1914 274 2069 334 NCT!
2099 275 2429 336 AMBROSII

3630 276 3755 340 1856

465 396 677 453 tudiues
716 395 842 450 vita:
871 403 1072 452 nostrae
1110 407 1209 465 pro
1251 392 1501 463 corporis
1540 393 1728 465 utique
1758 393 2071 451 conditione
2096 406 2152 469 Α
2176 413 2278 455 nec
2306 413 2406 473 ego
2433 397 2758 456 erubescam
2787 397 2945 456 fateri
2977 398 3122 473 quod
3147 398 3395 459 Christus
3418 414 3529 463 non
3566 400 3771 461 erubuit

471 487 738 560 suscepit.
770 488 1014 557 Denique
1044 487 1161 556 ipse
1193 484 1269 539 ait
1300 503 1315 541 :
1342 484 1611 540 Dederunt
1632 486 1689 541 in
1713 502 1883 541 escam
1912 503 2076 543 meam

475 578 547 649 fel
566 620 584 648 ,
610 590 657 634 et
684 580 741 632 in
767 578 856 633 siti
885 594 1000 633 mea
1047 586 1354 650 potaverunt
1380 593 1461 632 me
1495 585 1640 632 aceto
1662 576 1840 650 (Psal.
1872 594 2041 635 vant
2061 620 2079 647 ,

478 669 598 743 22),
633 669 740 726 Sed
781 669 1078 725 sinceritati
1106 684 1213 725 non
1246 668 1436 725 debuit
1480 667 1789 725 amaritudo
1828 669 2078 737 misceri;

481 773 540 818 ut
558 762 944 819 ostenderetur
964 763 1084 818 sine
1106 761 1470 817 amaritudine
1490 761 1872 818 immortalitas
1897 776 2084 817 resur-

477 857 719 926 gentium
750 855 930 912 futura
961 872 975 911 :
1005 872 1130 929 qua:
1158 857 1415 928 quoniam
1458 856 1843 913 immortalitas
1869 856 1922 911 in
1952 869 2083 925 vase

478 963 766 1010 coacuerat
814 952 1096 1022 humano,
1129 961 1157 992 ι
1204 961 1487 1024 separatur
1539 953 1593 1008 in
1635 949 1878 1008 Christo.
1938 952 2083 1022 Ergo

481 1057 693 1105 acetum
727 1047 954 1116 bibitur,
979 1048 1083 1104 hoc
1110 1056 1225 1116 est,
1260 1048 1455 1103 vitium
1478 1057 1754 1118 corruptae
1787 1061 1885 1121 per
1907 1046 2084 1101 Adam

481 1140 909 1195 immortalitatis
963 1139 1213 1195 aboletur
1262 1140 1320 1195 in
1364 1139 1610 1205 calamo;
1654 1147 1712 1193 ut
1740 1137 1810 1194 de
1854 1152 2085 1209 corpore

481 1232 877 1289 absorberetur
903 1234 1160 1289 humano.
1189 1232 1302 1289 Nos
1351 1247 1571 1311 quoque
1606 1231 1736 1287 vitia
1775 1240 1960 1286 nostra
1989 1246 2088 1302 per

482 1324 749 1381 incuriam
799 1327 1000 1381 mentis
1026 1327 1384 1397 corporisque
1433 1335 1689 1393 concreta
1739 1324 2089 1381 transfunda-

483 1432 606 1472 mus
625 1417 681 1471 in
706 1416 986 1473 Christum
1013 1437 1026 1471 :
1061 1416 1505 1474 transfundamus
1536 1432 1633 1487 per
1651 1416 2008 1488 baptismum,
2031 1423 2090 1469 ut

481 1509 867 1582 cruciﬁgamur
895 1512 950 1567 in
998 1513 1254 1567 Christo:
1284 1510 1730 1567 trausfundamus
1773 1525 1872 1581 per
1912 1511 2088 1582 poeni-

484 1603 742 1669 tentiam,
776 1612 837 1659 ut
858 1604 928 1659 ab
950 1605 1047 1661 illo
1076 1604 1234 1660 nobis
1262 1604 1379 1659 vini
1418 1603 1806 1675 sanguinisque
1846 1602 2088 1659 caelestis

486 1697 797 1768 incorrupta
829 1697 1120 1754 sinceritas
1151 1696 1492 1752 retundatur.

557 1789 683 1846 125.
739 1790 983 1862 Denique
1033 1790 1124 1846 ubi
1184 1799 1401 1846 acetum
1444 1789 1585 1845 bibit
1640 1807 1654 1843 :
1700 1787 2088 1844 Consummata

2184 505 2319 547 voce
2356 506 2548 562 magna
2579 491 2874 562 proﬁteri),
2904 492 2991 549 vel
3017 491 3242 555 evidens
3263 492 3629 563 manifestatio
3653 506 3771 549 con.

2183 584 2433 639 testantis
2471 582 2568 640 Dei
2608 578 2635 619 ά
2667 582 3033 642 secessionem
3090 584 3389 647 divinitatis
3431 596 3485 643 et
3517 585 3768 659 corporis.

2183 674 2272 741 Sic
2301 677 2444 731 enim
2476 675 2645 732 habes
2671 693 2685 731 :
2711 676 2966 735 Clamavit
3004 674 3162 747 Iesus
3189 692 3310 735 voce
3339 693 3532 749 mgna
3558 676 3729 733 dicem
3754 694 3772 731 :

2183 765 2347 836 Deus,
2376 766 2514 823 Deus
2542 784 2710 836 meus,
2738 769 2937 841 respice
2953 769 3010 824 in
3032 784 3111 827 me
3134 786 3152 823 :
3174 784 3338 841 quare
3366 784 3449 827 me
3466 768 3775 841 dereliquisti

2188 858 2409 933 (Matth.
2443 876 2597 916 xxvu
2617 903 2632 933 ,
2665 858 2802 935 46)?
2833 859 3100 921 Clamavit
3120 859 3283 921 homo
3305 860 3604 927 divinitatis
3632 874 3776 934 sepa-

2185 953 2397 1009 ratione
2423 955 2744 1009 moriturus.
2774 952 2907 1008 Nam
2948 967 3071 1007 cum
3105 951 3362 1021 divinitas
3391 952 3586 1017 mortis
3613 951 3778 1012 libera

2187 1048 2299 1119 sit,
2330 1048 2516 1121 utique
2546 1063 2695 1104 mors
2725 1062 2851 1103 esse
2881 1062 2990 1111 non
3022 1056 3269 1119 poterat,
3319 1046 3423 1105 nisi
3464 1047 3573 1111 vita
3612 1044 3779 1111 disce-

2187 1141 2373 1212 deret;
2408 1141 2537 1214 quia
2568 1142 2676 1198 vita
2706 1141 2964 1207 divinitas
2990 1149 3094 1197 est.

2263 1234 2387 1290 128.
2409 1233 2596 1303 (Vers.
2620 1231 2845 1305 ιιι-47.)
2868 1231 3133 1305 Jamque:
3150 1238 3477 1306 sequuntur,
3499 1229 3780 1293 ostendunt

2189 1326 2313 1396 quia
2344 1336 2569 1397 propter
2599 1324 2935 1398 impietatem
2988 1325 3269 1393 hominum
3321 1324 3448 1389 ﬁnis
3485 1324 3664 1385 surculi
3714 1324 3781 1383 sit

2192 1416 2424 1472 futurus.
2459 1414 2647 1489 Itaque
2703 1416 3042 1491 signiﬁcatur
3094 1432 3192 1490 per
3243 1416 3455 1481 Domini
3489 1417 3780 1487 passionem

2191 1523 2455 1564 occasura
2483 1508 2796 1580 praesentia,
2819 1516 2877 1569 ut
2901 1509 3149 1565 oriantur
3174 1508 3378 1575 futura.
3410 1505 3671 1565 Tenebrae
3691 1506 3781 1579 igi-

2191 1611 2280 1656 tur
2306 1601 2496 1657 oll'usa:
2522 1611 2649 1656 sunt
2689 1601 2863 1656 oculis
2910 1600 3269 1672 perﬁdorum,
3320 1611 3379 1656 ut
3409 1599 3532 1656 ﬁdei
3563 1609 3584 1638 ε
3612 1601 3781 1661 lumen

2191 1704 2521 1766 resurgeret.
2552 1695 2646 1752 Sol
2678 1695 2885 1751 occidit
2913 1695 3217 1767 sacrilegis,
3255 1695 3343 1750 vel
3370 1693 3592 1769 refugit;
3627 1706 3683 1763 ut
3705 1694 3782 1755 fu-

2193 1787 2335 1843 nesti
2365 1787 2742 1856 spectaculum
2773 1788 3002 1847 sceleris
3018 1788 3390 1855 obumbraret.
3418 1787 3594 1857 Petra:
3613 1788 3781 1849 scissa

493 1882 702 1956 1531
749 1891 916 1946 sunt,
949 1882 1157 1953 inquit,
1206 1883 1388 1937 omnia
1433 1881 1616 1954 (Joan.
1670 1897 1763 1937 χιιι
1788 1925 1804 1950 ,
1846 1880 1977 1953 50);
2021 1896 2089 1939 eo
2117 1901 2168 1963 Β
2194 1891 2318 1934 sunt
2354 1879 2569 1953 (Matth.
2610 1881 2910 1954 xxvu,5l)
2935 1923 2951 1950 ,
3000 1891 3061 1936 ut
3085 1896 3185 1953 per
3231 1890 3509 1963 prazrupta
3536 1895 3774 1947 saxorum

482 1976 630 2047 quod
662 1984 958 2048 assumpta:
1007 1975 1358 2032 mortalitatis
1407 1975 1689 2046 impletum
1729 1983 1878 2031 esset
1929 1989 2094 2031 omne

486 2069 833 2141 mysterium,
865 2076 920 2124 et
939 2067 1219 2124 exhaustis
1262 2068 1516 2125 omnibus
1560 2068 1738 2137 vitiis,
1772 2068 2094 2124 immortali-

489 2163 616 2216 tatis
646 2160 761 2216 sola
782 2161 974 2215 laetitia
999 2161 1381 2216 remansisset.
1409 2159 1639 2216 Evideo
1668 2160 1743 2215 ait
1769 2177 1783 2213 :

561 2252 747 2323 (Vers.
779 2249 900 2325 46.)
926 2249 995 2306 1η
1048 2268 1234 2307 manus
1281 2262 1430 2319 tuas,
1477 2250 1737 2319 Domine,
1792 2250 2093 2307 commendo

490 2346 728 2418 spiritum
750 2362 941 2401 meum.

563 2438 688 2496 126.
732 2438 799 2494 Et
827 2440 966 2495 bene
993 2437 1406 2494 commendatur
1436 2436 1658 2507 spiritus
1678 2478 1692 2504 ,
1722 2435 1818 2507 qui
1839 2449 2094 2491 reserva-

490 2539 614 2597 tur;
645 2531 790 2602 quod
813 2531 959 2586 enim
978 2530 1421 2597 commendatur,
1444 2528 1633 2600 utique
1664 2545 1772 2586 non
1804 2528 2092 2583 amittitur.

488 2626 697 2683 Bonum
722 2640 853 2698 ergo
883 2625 1079 2697 pignus
1120 2633 1208 2680 est
1235 2624 1495 2696 spiritus,
1529 2623 1733 2679 bonum
1763 2621 2093 2693 depositum.

492 2718 650 2775 Unde
674 2727 731 2775 et
757 2718 869 2774 illic
894 2721 1009 2775 ait:
1043 2716 1091 2773 0
1132 2716 1418 2788 Timet/ree,
1453 2718 1641 2773 bonum
1691 2718 1979 2789 depositum
2002 2732 2095 2771 cu-

493 2815 631 2870 stodi
655 2812 725 2886 (ll
753 2813 887 2868 Tim.
912 2829 931 2868 ι
953 2856 967 2881 ,
992 2812 1102 2887 14).
1137 2811 1560 2869 Commendatur
1589 2814 1735 2868 enim
1765 2811 1913 2867 Patri
1937 2810 2099 2882 apiri-

497 2916 618 2973 tus;
651 2915 707 2961 et
752 2906 873 2961 ideo
904 2906 1015 2959 ait:
1052 2905 1315 2977 Quoniam
1354 2922 1456 2959 non
1508 2905 1831 2976 derelinques
1857 2905 1914 2967 in
1937 2905 2101 2977 infer-

496 3014 562 3054 no
613 2999 843 3053 animam
891 3013 1055 3052 meam
1104 2995 1278 3068 (Psat.
1315 3013 1411 3066 xv,
1465 2996 1580 3067 10).
1611 2997 1749 3054 Vide
1778 3005 1957 3052 autem
1986 3011 2102 3052 ma-

493 3107 658 3165 gnum
690 3090 1036 3164 mysterium.
1083 3089 1237 3147 Nunc
1267 3089 1616 3147 commendat
1641 3092 1694 3146 in
1724 3092 1976 3146 manibus
2001 3091 2103 3145 Pa-

497 3185 599 3241 tris
628 3185 877 3256 spiritum
915 3199 1100 3251 suum,
1145 3200 1292 3240 nunc
1337 3185 1390 3239 in
1444 3183 1621 3239 Patris
1649 3184 1860 3254 gremio
1917 3182 2099 3250 sedet;

2195 1973 2576 2030 ostenderetur
2592 1971 2854 2040 futurum,
2880 1975 3135 2045 quoniam
3152 1973 3304 2030 verbi
3333 1975 3416 2039 vis
3447 1982 3777 2043 peccatorum

2195 2065 2331 2131 dura
2379 2073 2727 2136 penetraret;
2783 2080 2892 2137 quo
2942 2064 3157 2122 facilius
3201 2082 3268 2121 ex
3311 2064 3466 2133 cavis
3520 2074 3780 2139 petrarum

2193 2156 2271 2212 illi
2300 2167 2591 2214 venatores
2639 2171 2775 2227 quos
2805 2156 3106 2215 Hieremias
3135 2156 3387 2233 praedixit
3433 2155 3648 2233 (Jerern.
3672 2171 3781 2225 xvi,

2196 2246 2311 2325 i6),
2345 2250 2578 2306 Domino
2605 2260 2955 2307 venarentur.
2986 2249 3464 2317 Monumentorum
3508 2259 3679 2319 autem
3710 2265 3784 2305 re-

2196 2343 2400 2398 seratio
2426 2342 2644 2417 (Matth.
2669 2358 2865 2413 xxvii,
2894 2341 2985 2417 52)
3020 2342 3147 2411 quid
3189 2342 3362 2407 aliud,
3408 2341 3516 2398 nisi
3550 2342 3784 2415 claustris

2198 2438 2392 2494 mortis
2418 2438 2694 2506 effractis,
2743 2439 3207 2496 resurrectionem
3240 2438 3509 2513 signiﬁcat
3547 2450 3780 2495 mortuo-

2198 2548 2341 2596 rum,
2388 2548 2616 2604 quorum
2645 2533 2698 2588 in
2730 2544 2955 2603 aspectu
2986 2532 3122 2593 ﬁdes
3149 2575 3164 2601 ,
3207 2531 3262 2597 in
3311 2549 3575 2609 processu
3619 2542 3781 2606 typus,

2199 2623 2342 2695 quod
2372 2625 2426 2680 in
2459 2634 2701 2680 sanctam
2748 2624 3074 2699 prodeundo
3114 2610 3415 2703 civitatem,
3453 2624 3782 2698 praesentium

2200 2718 2381 2787 specie
2411 2716 2764 2784 declarabant
2812 2718 2865 2772 in
2919 2717 3010 2773 illa
3045 2717 3385 2779 Hierusalem
3419 2733 3541 2793 quae
3579 2718 3631 2773 in
3656 2716 3785 2781 caelo

2201 2818 2314 2877 est,
2351 2809 2588 2865 futurum
2638 2824 2882 2881 perenne
2938 2809 3305 2866 diversorium
3349 2808 3783 2880 resurgentium?

2207 2903 2420 2977 1532
2446 2904 2618 2959 Etiam
2646 2905 2825 2969 velum
2855 2904 3145 2975 scinditur,
3183 2919 3293 2976 quo
3324 2903 3409 2962 vel
3439 2903 3665 2967 duorum
3693 2918 3785 2977 po-

2204 2984 2453 3069 pulorum
2483 2998 2702 3067 divisio,
2733 2998 2823 3054 vel
2851 2999 3241 3073 mysteriorum
3284 2998 3584 3074 Synagogae
3622 2997 3786 3073 profa-

2204 3092 2354 3145 natio
2399 3090 2726 3147 declaratur.
2776 3091 3055 3153 Scinditur
3105 3106 3238 3163 ergo
3273 3092 3455 3147 velum
3508 3101 3691 3159 vetus;
3738 3096 3789 3143 ut

2207 3180 2448 3238 Ecclesia
2474 3196 2612 3238 nova
2662 3182 2789 3240 ﬁdei
2834 3199 2951 3240 suae
2980 3185 3096 3239 vela
3138 3183 3457 3256 Suspendat.
3507 3183 3786 3257 Synagogae

497 3278 623 3349 quia
653 3286 823 3333 totum
846 3276 986 3332 alius
1014 3291 1124 3332 non
1153 3276 1296 3347 capit
1317 3275 1616 3332 Christum.
1640 3275 1885 3346 Denique
1918 3292 1932 3328 :
1963 3275 2098 3350 Ego,
2127 3293 2174 3357 ρ
2204 3274 2452 3331 velamen
2501 3273 2780 3343 aufertur;
2814 3283 2873 3332 ut
2925 3275 3204 3350 religionis
3256 3273 3751 3350 iuterua'mysteﬁa
3770 3314 3785 3341 ,

499 3370 706 3439 inquit,
755 3371 809 3423 in
855 3367 1048 3435 Patre,
1080 3379 1128 3423 et
1172 3367 1333 3423 Pater
1378 3370 1431 3423 in
1461 3384 1543 3423 me
1571 3366 1754 3439 (Joan.
1809 3383 1920 3435 xtv,
1981 3365 2097 3441 10).

498 3460 928 3517 Commondatur
974 3476 1105 3531 ergo
1136 3461 1282 3517 Patri
1333 3462 1579 3532 spiritus.
1610 3461 1719 3518 Sed
1764 3477 1888 3517 cum
1934 3460 2006 3516 sit
2049 3461 2102 3515 in

500 3553 911 3624 superioribus,
942 3552 1217 3610 illuminat
1246 3564 1297 3609 et
1328 3553 1567 3620 inferna,
1593 3563 1652 3611 ut
1676 3554 1930 3611 universa
1958 3552 2105 3609 redi-

503 3658 752 3714 mantur;
787 3650 988 3706 etenim
1036 3649 1287 3708 Christus
1314 3651 1521 3717 omnia,
1572 3660 1630 3707 et
1660 3652 1711 3707 in
1743 3651 1960 3707 Christo
1984 3667 2101 3706 om-

505 3743 617 3809 nia,
651 3744 779 3800 licet
826 3743 878 3798 in
909 3742 1136 3815 singulis
1185 3744 1433 3800 Christus
1465 3754 1722 3816 Operetur
1752 3743 1976 3816 (Coloss.
2008 3759 2104 3810 ιιι,

508 3835 622 3909 ll).
654 3837 797 3893 Caro
833 3838 1085 3906 moritur,
1117 3845 1178 3893 ut
1204 3849 1454 3910 resurgat
1484 3857 1496 3892 :
1527 3838 1753 3911 Spiritus
1784 3837 1928 3897 Patri
1954 3852 2107 3894 com-

508 3930 818 3997 mendatur,
852 3939 911 3987 ut
937 3931 1181 3989 ctelestia
1219 3948 1438 4004 quoque
1471 3932 1540 3988 ab
1571 3932 1871 4011 iniquitatis
1892 3929 2109 3986 vinculo

507 4024 873 4093 solverentur,
903 4033 959 4081 et
988 4040 1093 4097 pax
1114 4024 1271 4082 ﬁeret
1290 4026 1346 4081 in
1377 4026 1540 4093 cmlo,
1585 4042 1745 4097 quam
1781 4034 1992 4083 terrena
2024 4039 2111 4081 se-

509 4126 832 4185 querentur.

586 4207 773 4279 (Ibid.)
803 4206 833 4246 ι)
868 4206 936 4262 Et
962 4208 1058 4263 hoc
1083 4208 1222 4263 dicto
1242 4250 1257 4274 ,
1291 4208 1507 4264 tradidit
1529 4210 1793 4279 spiritum.

587 4297 711 4353 127.
754 4297 825 4354 Et
847 4297 984 4355 bene
1013 4299 1261 4367 tradidit,
1319 4301 1410 4371 qui
1463 4316 1572 4356 non
1620 4301 1821 4356 invitus
1858 4303 2112 4373 spiritum

513 4388 718 4446 emisit.
774 4389 1021 4462 Denique
1072 4390 1364 4447 Matthteus
1419 4393 1494 4447 ait
1553 4411 1564 4445 :
1634 4391 1821 4449 Emisit
1873 4394 2116 4465 spiritum

514 4482 742 4555 (Matth.
761 4499 925 4552 χχιιι,
952 4482 1079 4558 50);
1102 4485 1246 4556 quod
1279 4485 1424 4542 enim
1447 4483 2111 4554 emittitur,voiuntarium

513 4585 598 4631 est
625 4594 640 4630 :
676 4575 820 4648 quod
847 4578 1134 4646 amittitur,
1164 4580 1559 4634 necessarium.
1585 4588 1609 4617 t-
1639 4578 1935 4650 Propterea
1966 4579 2116 4635 addi-

2205 3368 2447 3424 revelato
2472 3370 2970 3427 mentiscernamus
2996 3370 3216 3428 obtutu.
3237 3369 3482 3447 Denique
3500 3368 3609 3442 jam
3633 3367 3786 3427 etiam

2205 3463 2454 3518 centurio
2486 3463 2579 3519 Dei
2625 3462 2823 3519 Filium
2870 3480 3032 3538 quem
3084 3462 3454 3533 cruciﬁxerat,
3497 3462 3786 3527 conﬁtetur.

2206 3555 2251 3611 0
2278 3555 2500 3611 duriora
2537 3558 2684 3615 saxis
2715 3568 2938 3629 pectora
2968 3556 3317 3614 Iudaeorum!
3369 3556 3671 3615 Finduntur
3705 3570 3789 3631 pe-

2207 3657 2326 3715 trae,
2360 3649 2455 3705 sed
2485 3649 2677 3707 horum
2722 3650 2889 3707 corda
2923 3650 3307 3708 'obdurantur.
3361 3650 3539 3717 Judex
3587 3650 3787 3725 arguit,

2209 3739 2384 3796 credit
2412 3742 2681 3807 minister,
2709 3743 2955 3812 proditor
2980 3745 3160 3801 scelus
3181 3758 3338 3799 suum
3358 3751 3537 3805 morte
3557 3742 3790 3800 condem-

2213 3841 2345 3900 nat,
2394 3833 2666 3890 elementa
2719 3833 2966 3909 fugiunt,
3018 3844 3160 3896 terra
3214 3838 3563 3908 concutitur,
3614 3851 3790 3893 monu-

2214 3934 2393 3982 menta
2426 3938 2742 3983 reserantur
2775 3946 2789 3983 :
2819 3928 3129 3986 Judteorum
3160 3941 3340 3988 tamen
3371 3930 3661 3995 immobilis
3700 3928 3788 3985 du-

2212 4022 2335 4077 ritia
2365 4031 2548 4077 manet
2568 4024 2705 4081 orbe
2735 4039 3026 4083 concusso.

2290 4114 2411 4171 129.
2458 4114 2638 4189 (Vers.
2668 4117 2787 4190 49.)
2818 4117 3048 4174 Stabant
3096 4127 3279 4176 autem
3306 4126 3362 4177 et
3392 4118 3645 4178 mulieres
3685 4115 3787 4177 haec

2216 4217 2461 4274 videntes
2493 4235 2507 4272 :
2538 4217 2717 4274 stabat
2755 4226 2814 4275 et
2845 4228 3042 4287 mater,
3087 4235 3212 4276 cum
3246 4220 3430 4277 studio
3474 4220 3680 4295 pietatis
3706 4230 3787 4281 sua

2217 4313 2453 4384 pericula
2500 4314 2866 4386 posthaberet.
2907 4315 3014 4373 Sed
3058 4326 3114 4383 et
3151 4316 3420 4375 Dominus
3472 4315 3703 4389 pendens
3743 4312 3788 4373 in

2216 4420 2400 4474 cruce,
2434 4404 2527 4473 qui
2563 4422 2660 4461 sua
2710 4407 2948 4481 pericula
2977 4418 3391 4479 contemneret,
3441 4410 3533 4487 pio
3584 4416 3788 4466 matrem

2217 4496 2636 4554 commendabat
2663 4497 2878 4554 affectu.
2910 4498 3064 4568 Quod
3095 4516 3204 4556 non
3226 4504 3401 4557 otiose
3426 4501 3657 4563 Joannes
3682 4496 3787 4569 pluo

2218 4588 2371 4643 ribus
2395 4598 2713 4660 prosecutus
2745 4599 2828 4646 est
2861 4589 3043 4665 (Joan.
3073 4608 3186 4659 xix,
3206 4592 3337 4663 25);
3368 4592 3460 4650 alii
3486 4595 3627 4651 enim
3655 4605 3789 4646 mun-

511 4672 592 4728 dit
623 4691 637 4727 :
676 4673 870 4745 Magna
895 4690 1039 4731 voce.
1068 4672 1128 4730 in
1148 4690 1256 4747 quo
1282 4674 1368 4730 vel
1403 4672 1669 4745 professio
1691 4674 1927 4746 gloriosa
1945 4690 2117 4747 usque
2144 4687 2194 4753 ι)
2219 4679 2348 4735 dum
2397 4680 2736 4754 descripsere
2781 4698 3105 4740 concussum
3130 4724 3145 4748 ,
3185 4685 3385 4741 caelum
3436 4685 3667 4743 tenebris
3707 4681 3789 4737 ob-

513 4766 580 4823 ad
605 4778 839 4825 mortem
870 4784 931 4826 se
961 4783 1061 4841 pro
1092 4770 1294 4825 nostris
1316 4769 1670 4824 descendisse
1694 4769 1929 4840 peccatis
1959 4766 2111 4841 (ergo

590 4940 615 4969 ει
643 4930 718 4987 ita
752 4947 884 4991 mss.
938 4931 1125 5003 plures
1168 4945 1233 4988 ac
1262 4930 1623 5003 probatiores.
1674 4930 1780 4987 Alii
1809 4946 1943 4987 vero
1984 4947 2121 4989 non-

518 5003 684 5069 nulli,
714 5013 770 5076 et
798 5012 911 5058 ant.
939 5001 1098 5069 edit.,
1127 5001 1399 5076 reparatur
1422 5004 1479 5057 in
1498 5001 1775 5076 Christo...
1803 5002 2039 5076 aboletur
2065 5006 2120 5062 in

517 5076 718 5149 calamo
745 5074 887 5149 (duo
919 5092 1075 5140 mss.,
1107 5074 1411 5149 aboleturu
1439 5075 1663 5149 calamo.
1701 5075 1843 5144 quod
1869 5091 1983 5149 non
2006 5076 2121 5132 dis-

517 5147 702 5217 plicet)
732 5146 787 5221 ut
831 5148 899 5221 de
935 5163 1152 5221 corpore
1201 5148 1550 5221 absolveretur
1593 5146 1769 5221 (Era._
1798 5147 2012 5221 (ξι-ϐίη.
2064 5148 2119 5205 in

517 5216 695 5290 marg.
727 5216 1108 5290 absorberetur)
1134 5220 1375 5274 Itumano.
1421 5216 1664 5290 Denique
1686 5218 1818 5273 edit.
1846 5217 2004 5290 Rom.
2041 5230 2122 5273 to-

519 5287 845 5348 tum'locum
866 5287 1096 5361 praefert
1118 5292 1233 5346 istis
1255 5289 1433 5346 verbis
1467 5287 1786 5345 :Edulcalur
1804 5291 1858 5345 in
1885 5288 2110 5347 Christo.

518 5365 661 5437 Erga
708 5373 909 5437 acetum
954 5362 1159 5437 bibitur
1187 5364 1326 5437 quod
1348 5371 1460 5417 erat
1501 5361 1746 5437 arundini
1788 5361 2112 5437 impositum,

518 5432 616 5493 hoc
646 5447 788 5493 est...
821 5434 1122 5493 absorbetur
1140 5435 1197 5490 in
1225 5434 1451 5500 calamo,
1484 5444 1539 5487 ut
1556 5435 1624 5489 de
1650 5448 1865 5504 corpore
1884 5432 2120 5493 abolere:-

520 5519 604 5563 tur
629 5509 876 5565 lsumano.

589 5577 618 5663 ξ)
653 5580 810 5663 ltoui.
843 5577 1001 5644 edit.,
1032 5577 1105 5633 Et
1129 5576 1241 5632 luet:
1265 5576 1440 5632 dicens
1461 5576 1763 5647 exspiravit.
1787 5573 1857 5631 Et
1880 5577 2004 5633 bene
2026 5592 2119 5633 ca:-

521 5659 889 5774 wzalli’abmss.
924 5718 993 5775 At
1017 5719 1177 5774 Rom.
1203 5718 1333 5789 edit.
1369 5718 1482 5771 sola
1500 5760 1514 5783 ,
1544 5728 1817 5789 propterea
1841 5720 2110 5789 prtemisit.

523 5789 724 5847 Eadem
748 5800 803 5846 et
827 5789 979 5859 Gill.,
1006 5791 1060 5845 in
1078 5805 1179 5859 quo
1205 5787 1305 5843 Dei
1332 5790 1603 5860 professio.
1639 5787 1876 5860 Utraque
1897 5790 2116 5847 demum

2218 4769 2469 4839 ductum,
2521 4772 2791 4845 refugisse
2836 4775 3028 4831 solem.
3062 4774 3405 4834 Addiderunt
3453 4777 3721 4835 Mattheus
3744 4780 3790 4829 et

2222 4949 2346 4993 cum
2392 4936 2615 4995 Amerb.
2644 4950 2708 5010 et
2758 4940 2886 4995 Era.
2922 4950 3044 5009 post
3097 4956 3286 5000 vocem
3321 4945 3547 5010 peccatis
3580 4940 3785 5002 addunt,

2223 5009 2536 5085 annuntiat;
2557 5009 2653 5085 sed
2683 5025 2750 5066 eo
2781 5010 2869 5085 hic
2911 5013 3046 5068 nihil
3070 5023 3154 5070 est
3177 5009 3339 5085 Opus,
3361 5030 3489 5072 cum
3519 5010 3787 5072 substanti-

2227 5094 2368 5154 vttni_
2386 5091 2459 5133 est
2507 5080 2665 5137 facile
2693 5084 3022 5154 cngiletione
3047 5080 3383 5154 suppléatttr.

2294 5147 2322 5187 ἀ
2349 5151 2500 5223 Itane
2526 5147 2786 5223 opinatus
2804 5166 2888 5209 est
2916 5147 3236 5212 Ambrosius
3261 5157 3599 5216 divinitatem
3621 5164 3784 5223 contra

2223 5221 2572 5279 manifestum
2603 5223 2749 5281 Pauli
2794 5226 3164 5282 testimonium
3215 5231 3517 5287 secessisse
3543 5244 3572 5285 ι
3611 5221 3787 5283 Christi

2224 5307 2465 5370 corpore
2508 5296 2592 5370 vel
2637 5296 2815 5370 anima
2869 5301 3040 5370 semel
3094 5301 3427 5370 assumptis?
3468 5296 3789 5370 Respondent

2225 5364 2414 5444 Petrus
2444 5365 2635 5421 Lomb.
2668 5367 2850 5444 lih_.Atu
2906 5368 3176 5444 settleut.,
3240 5364 3369 5426 dist.
3433 5372 3536 5444 2|,
3633 5373 3701 5444 Δ1.
3743 5371 3789 5422 et

2224 5434 2281 5491 S.
2303 5434 2402 5509 Th.
2435 5453 2492 5509 ιιι
2533 5454 2609 5509 ρλ.
2644 5453 2699 5509 q.
2729 5438 2822 5505 50,
2852 5455 2903 5494 a.
2936 5440 2992 5506 Ξ,
3022 5441 3087 5495 ad
3114 5443 3468 5505 t,recessisse
3486 5434 3786 5509 divinitatem

2221 5507 2362 5581 quod
2410 5507 2477 5563 ad
2522 5507 2796 5567 eli'ecium.
2830 5510 2882 5565 id
2927 5523 3041 5574 est,
3070 5516 3470 5581 protectionem
3515 5507 3786 5581 suamsult-

2223 5578 2479 5659 t‘raxisse;
2508 5581 2711 5659 etenim
2740 5583 2782 5634 si
2831 5598 2933 5637 non
2960 5576 3272 5639 cohibuisset
3284 5587 3603 5659 potentiam,
3631 5576 3783 5652 inquit

2221 5647 2315 5707 ille
2332 5689 2348 5709 .
2378 5652 2471 5711 sed
2486 5653 2816 5719 exercuisset,
2841 5670 2944 5710 non
2970 5664 3255 5709 moreretur
3270 5647 3525 5714 Christus.

2296 5729 2319 5771 φ
2350 5718 2553 5782 Omnes
2580 5721 2742 5792 edit.,
2771 5718 2942 5783 lumen
2990 5725 3290 5799 refulgent.
3318 5726 3521 5788 Omnes
3546 5738 3694 5793 mssa
3716 5719 3785 5781 δ’

2222 5805 2338 5846 men
2359 5804 2667 5866 resurgeret.
