3920 6380
111 419 235 484 1857

112 541 316 603 Marcus,
344 535 691 607 quibumana
720 542 747 571 ι
777 541 941 605 atque
968 532 1199 589 moralia
1237 530 1458 586 uberius
1488 542 1675 599 prose-
1700 532 1750 589 A

123 633 216 690 cuti
256 638 374 687 sunt
399 647 416 683 ι
445 628 602 690 Deus,
653 626 799 683 Deus
825 644 989 693 meus,
1019 626 1218 696 respice
1264 625 1318 678 in
1344 638 1425 677 me
1456 620 1672 694 (Matth.

123 738 287 787 xxvu,
324 719 450 793 46):
501 735 655 790 quare
701 736 784 775 me
813 718 1133 789 dereliquisti
1182 715 1373 788 (Marc.
1414 729 1511 781 xv,
1540 710 1676 783 34)?

127 823 177 870 ut
201 813 259 869 ad
285 828 491 868 crucem
513 809 716 866 Christi
746 810 1149 881 susceptionem
1198 805 1513 878 pervenisse
1551 818 1675 858 cre-

123 906 345 963 daremus
371 904 690 961 conditionis
735 904 1009 959 humanae.
1055 902 1231 957 Lucas
1253 908 1432 955 autem
1459 909 1679 966 compe-

124 1012 223 1057 tere
241 1000 502 1056 evidenter
526 996 762 1055 asseruit
786 996 983 1053 latroni
1014 995 1227 1051 veniam
1254 988 1575 1047 sacerdotali
1597 987 1680 1042 in-

122 1092 419 1148 tercessione
434 1089 685 1144 donatam
697 1097 770 1153 ,et
785 1087 991 1143 Judceis
1007 1083 1463 1157 persequentibus
1482 1078 1676 1135 eodem

118 1199 316 1240 munere
340 1182 728 1254 indulgentiam
764 1180 1094 1252 postulatam
1137 1178 1309 1251 (Luc.
1338 1192 1471 1233 xxut
1497 1218 1513 1243 ,
1538 1172 1677 1245 45.).

180 1278 288 1334 150.
326 1275 557 1332 Joannes
598 1289 753 1345 ergo,
787 1273 878 1345 qni
923 1273 1132 1344 plenius
1158 1271 1344 1326 divina
1375 1266 1680 1340 penetravit

122 1371 375 1443 mysteria,
432 1383 537 1424 non
587 1369 862 1423 immerito
910 1365 1203 1430 laboravit,
1254 1372 1313 1417 ut
1358 1379 1477 1433 qua:
1506 1360 1676 1414 Deum

119 1472 438 1535 generaverat
458 1505 474 1530 ,
505 1462 775 1517 mansisse
824 1475 946 1517 eam
980 1459 1248 1527 virginem
1279 1455 1543 1511 declaret.
1573 1451 1678 1509 So-

120 1556 189 1611 lus
205 1570 324 1625 ergo
352 1569 435 1611 me
460 1554 655 1620 docet,
688 1551 834 1623 quod
858 1551 953 1606 alii
984 1566 1093 1606 non
1119 1550 1447 1614 docuerunt,
1490 1558 1681 1616 quem~

118 1648 371 1704 admodum
416 1648 469 1702 in
536 1661 704 1703 cruce
767 1647 978 1717 positus
1029 1640 1391 1715 appellaverit
1450 1648 1677 1694 matrem

120 1742 271 1814 (Joan.
301 1758 390 1798 xtx
413 1784 428 1810 ,
475 1740 574 1815 2b)
593 1784 607 1806 ,
638 1741 810 1812 pluris
846 1748 1045 1812 putans
1070 1737 1216 1810 quod
1265 1737 1440 1791 victor
1468 1732 1678 1803 suppli-

118 1839 293 1892 ciorum
317 1846 473 1907 atque
493 1835 985 1906 pinnarummictor
1007 1832 1234 1899 diaboli,
1260 1828 1476 1902 pietatis
1504 1826 1680 1883 ofﬁcia

1015 410 1380 476 EXPOSITIO
1419 411 1677 471 EVANG.
1719 408 1868 468 SEC.
1908 404 2067 467 LUC.
2111 407 2242 465 LlB.
2284 394 2354 464 Χ.

3236 402 3375 468 1888

1778 544 1908 616 quid
1959 554 2234 600 maternus
2288 542 2483 599 debeat
2522 540 2749 598 affectus
2796 541 3031 608 imitari,
3061 542 3192 615 quid
3224 546 3380 615 sequi

1777 638 2085 693 reverentia
2113 636 2347 691 ﬁliorum
2376 651 2391 699 ;
2425 645 2482 689 ut
2523 634 2630 689 illa:
2671 649 2731 693 se
2759 633 2994 691 oli‘erant
3035 635 3089 690 in
3145 635 3381 691 filiorum

1776 733 2068 803 periculis,
2121 730 2233 786 illis
2287 730 2517 803 amplius
2572 727 2884 786 sollicitudo
2926 741 3169 787 materna
3221 745 3383 801 quam

1776 840 1892 882 sua:
1926 826 2118 882 mortis
2150 825 2406 882 maestitia
2434 825 2505 881 sit
2536 823 2733 880 dolori.

1852 920 1976 976 155.
2010 920 2129 987 Quo
2190 917 2313 973 loco
2354 916 2691 974 uberrimum
2762 917 3134 974 testimonium
3205 916 3388 972 Mariae

1778 1011 2107 1083 virginitatis
2191 1008 2503 1065 adhibetur.
2596 1007 2787 1081 Neque
2862 1009 3010 1065 enim
3090 1008 3384 1080 abrogatur

1780 1119 1917 1158 uxor
1950 1103 2170 1167 marito,
2203 1116 2326 1156 cum
2358 1101 2626 1169 scriptum
2649 1099 2719 1153 sit
2753 1116 2767 1153 :
2804 1098 2956 1165 Quod
2986 1097 3130 1154 Deus
3157 1101 3384 1172 conjun-

1778 1199 1886 1267 xit,
1913 1201 2065 1254 homo
2118 1213 2219 1252 non
2242 1206 2443 1269 separet
2470 1194 2687 1268 (Matth.
2715 1210 2825 1260 xtx,
2861 1194 2948 1267 6);
2979 1194 3077 1250 sed
3104 1209 3226 1266 qua:
3254 1208 3384 1264 pro-

1782 1303 1906 1362 pter
1991 1289 2312 1363 mysterium
2380 1287 2690 1359 conjugium
2739 1286 3050 1358 praetexuit,
3098 1286 3390 1358 completis

1781 1383 2066 1456 mysteriis
2090 1383 2202 1454 jam
2241 1380 2495 1452 coniugio
2527 1396 2634 1435 non
2664 1379 2878 1450 egebat.
2926 1383 3037 1436 Aut
3077 1379 3122 1436 si
3160 1380 3387 1436 moralia

1783 1478 2092 1548 sequimur,
2126 1488 2147 1515 ε
2173 1477 2225 1531 in
2251 1489 2487 1529 maerore
2512 1475 2737 1529 castitas
2766 1472 3093 1543 imperatur.

1855 1569 1978 1626 154.
2000 1570 2483 1642 Μγειίειιηιιειιιιθιι
2502 1567 2745 1640 estquod
2762 1567 3178 1624 commendatur
3193 1566 3394 1624 Joanni

1781 1662 1926 1719 inter
1954 1671 2186 1718 caeteros
2208 1660 2414 1734 juniori
2456 1679 2470 1716 :
2514 1661 2659 1733 quod
2688 1675 2794 1717 non
2827 1659 3023 1716 otiosis
3049 1661 3275 1717 auribus
3299 1661 3390 1717 de-

1781 1755 1973 1811 bemus
2003 1756 2278 1826 accipere.
2310 1754 2625 1810 Periculosa
2654 1762 2737 1809 est
2763 1753 2911 1810 enim
2952 1754 3274 1811 mulieribus
3301 1769 3396 1811 co-

1781 1847 1905 1917 pula
1929 1847 2317 1915 adolescentis,
2356 1853 2412 1901 et
2446 1846 2658 1916 species
2686 1845 3014 1916 iuventutis;
3049 1862 3118 1903 ne
3148 1863 3252 1918 qna
3287 1847 3398 1904 for-

117 1928 389 1996 dividebat,
417 1943 579 2000 quam
603 1928 745 1999 quod
769 1943 996 1996 regnum
1018 1926 1243 1982 caeleste
1264 1924 1521 1979 donabat.
1544 1920 1681 1977 Nam

1805 1956 1934 1996 asse
1984 1940 2201 1996 curiosa
2255 1939 2532 2008 exempli,
2588 1939 2869 1994 incuriosa
2945 1938 3229 2012 mysterii,
3278 1956 3401 2014 quae

116 2025 150 2077 si
172 2024 456 2095 religiosum
480 2033 568 2080 est
599 2022 742 2094 quod
777 2022 974 2077 latroni
999 2023 1154 2077 venia
1178 2020 1413 2075 donatur
1444 2033 1472 2073 a
1498 2016 1683 2073 Domi-

116 2133 202 2180 no,
223 2118 379 2172 multo
406 2116 719 2189 religiosius
748 2115 894 2187 quod
920 2124 1093 2171 mater
1123 2114 1424 2168 honoratur
1461 2126 1492 2167 a
1522 2111 1681 2166 Filio.

174 2211 283 2268 151.
321 2210 427 2267 Nec
455 2219 854 2282 praeposterum
903 2209 1203 2280 iudicetur,
1251 2204 1395 2277 quod
1426 2204 1574 2275 prius
1606 2204 1685 2259 Ia-

115 2302 260 2358 tronis
320 2303 720 2358 absolutionem
775 2317 935 2373 quam
991 2302 1182 2355 matris
1256 2298 1683 2369 appellationem

113 2394 304 2465 scripsi;
341 2396 429 2467 qni
460 2397 614 2452 enim
643 2402 873 2450 venerat
898 2394 1081 2450 salvos
1124 2394 1305 2449 facere
1330 2399 1649 2464 peccatores
1668 2431 1682 2455 .

116 2502 205 2541 non
229 2487 505 2544 absurdmn
538 2488 591 2544 si
640 2489 792 2558 prius
832 2488 886 2542 in
933 2487 1072 2542 meis
1102 2485 1320 2556 scriptis
1370 2494 1685 2551 susceptum

118 2596 281 2636 manus
309 2582 358 2636 in
385 2580 703 2638 redimenda
726 2581 901 2636 salute
945 2580 1250 2651 peccatoris
1277 2577 1543 2649 implevit.
1578 2577 1686 2632 De-

118 2673 252 2743 nique
295 2675 405 2746 ipse
433 2676 508 2730 ait
536 2692 550 2728 :
593 2674 722 2742 Qua:
749 2683 824 2728 est
854 2684 1017 2727 mater
1056 2689 1168 2727 mea
1187 2714 1201 2738 ,
1232 2680 1280 2727 et
1307 2672 1395 2744 qui
1426 2680 1547 2726 sunt
1577 2671 1689 2736 [ra-

118 2777 198 2821 tm
216 2768 305 2824 mei
327 2767 539 2841 (Matth.
599 2782 711 2834 xu,
736 2764 831 2840 48)
853 2768 878 2822 ‘t
902 2766 1039 2835 Quia
1067 2781 1176 2821 non
1229 2775 1451 2820 venerat
1490 2776 1688 2819 vocare

114 2858 284 2929 justas,
313 2864 403 2917 sed
456 2868 808 2932 peccatores.
841 2858 947 2916 Sed
987 2860 1058 2913 ibi
1107 2874 1204 2927 pro
1251 2858 1410 2921 loco;
1445 2857 1533 2913 bic
1555 2857 1684 2911 etin

116 2968 253 3011 cruce
293 2971 395 3013 non
434 2957 733 3011 immemor
761 2954 949 3009 matris
979 2994 993 3018 ,
1025 2950 1264 3022 appellat
1302 2966 1418 3006 eam
1452 2950 1641 3005 dicens
1672 2965 1686 3003 :

118 3045 231 3101 Ecce
249 3050 378 3114 ﬁlius
394 3059 546 3115 tuus;
569 3057 629 3104 et
655 3046 853 3104 Joanni
872 3066 883 3099 :
904 3045 1041 3103 Ecce
1060 3056 1224 3101 mater
1245 3055 1334 3100 tua
1361 3044 1539 3115 (Joan.
1564 3060 1685 3112 XIX,

117 3136 175 3193 26
211 3152 250 3194 et
292 3140 401 3213 27).
436 3140 775 3197 Testabatur
821 3141 889 3195 de
915 3154 1078 3195 cruce
1123 3138 1410 3203 Christus,
1443 3147 1497 3193 et
1524 3146 1691 3192 testa-

118 3242 324 3289 mentum
360 3233 479 3304 ejus
524 3231 785 3303 signabat
815 3231 1087 3297 Joannes,
1123 3230 1317 3301 dignus
1350 3236 1502 3284 tanto
1524 3236 1691 3283 testa-

120 3330 216 3380 tore
235 3324 397 3382 testis.
446 3325 666 3380 Battum
708 3331 1093 3380 testamentum
1128 3340 1232 3379 nou
1267 3325 1516 3394 pecunia:
1542 3367 1557 3391 ,
1590 3324 1685 3380 sed
1712 3314 1759 3377 C

119 3418 220 3475 vita:
262 3438 275 3473 :
327 3421 468 3493 quod
512 3437 631 3476 non
685 3430 993 3476 atramento
1018 3419 1295 3483 scribitur,
1341 3421 1435 3477 sed
1476 3420 1688 3493 Spiritu

120 3508 197 3567 Dei
221 3514 316 3569 vivi
346 3533 360 3570 :
391 3514 606 3587 Lingua
632 3530 747 3568 mea
773 3516 1007 3571 calamus
1047 3512 1235 3569 scriba:
1272 3515 1514 3569 velociter
1554 3515 1688 3569 scri-

120 3605 254 3663 bentis
276 3609 445 3680 (Psal.
487 3625 642 3674 xuv,
671 3610 728 3682 '5)
741 3650 753 3664 .

178 3700 286 3757 152.
326 3702 430 3760 Sed
458 3718 560 3760 nec
593 3702 761 3757 Maria
811 3702 992 3758 minor
1021 3717 1180 3771 quam
1212 3712 1439 3759 matrem
1487 3702 1692 3760 Christi

120 3788 352 3861 decebat,
390 3795 733 3868 fugientibus
778 3796 1043 3867 apostolis
1074 3806 1201 3851 ante
1227 3812 1442 3852 crucem
1481 3797 1690 3872 1533

120 3883 288 3952 stabat,
336 3896 385 3943 et
438 3889 542 3959 piis
586 3888 872 3958 spectabat
916 3888 1090 3943 oculis
1119 3889 1241 3945 Filii
1285 3891 1690 3961 vulnera;qnia

117 3983 436 4049 exspectabat
476 3998 592 4038 non
627 3981 871 4052 pignoris
917 3990 1149 4036 mortem
1174 4024 1188 4044 ,
1217 3983 1312 4038 sed
1345 3982 1527 4037 mundi
1551 3983 1693 4039 salu-

120 4078 228 4125 tetn.
253 4072 355 4129 Aut
382 4073 621 4131 fortasse
645 4074 775 4145 quia
803 4082 1131 4144 cognoverat
1164 4090 1259 4144 per
1286 4072 1408 4128 Filii
1460 4084 1689 4129 mortem

118 4166 279 4223 tnundi
310 4169 769 4240 redemptionem,
798 4169 920 4223 aula
952 4168 1153 4239 regalis
1181 4172 1401 4237 putabat
1426 4184 1485 4225 se
1511 4178 1566 4226 et
1595 4184 1690 4225 sua

119 4268 270 4315 ntorte
293 4262 507 4329 publico
538 4261 760 4317 muneri
806 4262 1013 4332 aliquid
1043 4261 1368 4317 addituram.
1399 4262 1505 4319 Sed
1535 4263 1693 4320 Jesus

120 4363 208 4404 non
253 4354 442 4424 egebat
495 4355 752 4425 adiutore
803 4354 868 4410 ad
914 4356 1155 4410 omnium
1218 4355 1647 4427 redemptionem
1676 4399 1691 4424 ,

120 4441 195 4510 qui
212 4442 340 4503 dixit
364 4466 378 4502 ε
407 4447 610 4505 Factus
630 4464 748 4503 sum
775 4450 905 4503 sicut
936 4451 1089 4503 homo
1110 4450 1220 4505 sine
1242 4450 1507 4522 adjutoria
1526 4493 1540 4517 ,
1561 4452 1697 4505 inter

118 4542 481 4599 mortuastiber
530 4542 712 4614 (Psat.
744 4559 1000 4609 Lxxxvn,
1059 4542 1137 4614 ὅ).
1170 4543 1423 4613 Suscepit
1475 4546 1693 4615 quidem

120 4633 286 4688 matris
304 4635 560 4695 aﬂ'ectum
578 4677 594 4703 ,
619 4637 714 4693 sed
738 4653 846 4693 non
876 4638 1125 4710 quaesivit
1149 4638 1388 4694 hominis
1408 4638 1691 4694 auxilium.

1787 2032 2049 2089 luxuriari
2076 2032 2130 2087 in
2160 2030 2382 2088 Christo
2410 2031 2664 2103 cupiens,
2694 2030 2872 2087 Maria:
2897 2032 3138 2103 speciem
3169 2041 3405 2102 prteten-

1785 2125 1903 2194 dat,
1930 2142 2036 2181 non
2080 2126 2326 2181 imitetur
2370 2123 2651 2190 aﬂectum,
2691 2125 2837 2180 sicut
2870 2124 3065 2197 vulgus
3089 2141 3233 2182 nunc
3256 2126 3402 2183 male

1788 2218 1941 2274 audit
1974 2218 2290 2285 mulierum,
2320 2217 2516 2292 relipto
2541 2217 2762 2273 seniore
2790 2217 3010 2282 marito,
3036 2226 3095 2272 ut
3120 2218 3399 2287 juniorem

1787 2318 2114 2378 sequantur.
2143 2309 2474 2379 Discatergo
2504 2307 2771 2363 Ecclesia:
2797 2306 2885 2362 hic
2914 2322 3037 2364 esse
3054 2308 3399 2380 mysterium,

1788 2418 1909 2474 quae
1939 2401 2139 2474 populo
2172 2401 2379 2457 seniori
2410 2401 2594 2473 specie
2626 2409 2754 2456 ante
2791 2401 3042 2472 copulata
3067 2443 3084 2466 .
3118 2417 3225 2457 non
3260 2419 3359 2458 usu
3381 2443 3398 2471 ,

1790 2503 2145 2566 posteaquam
2195 2493 2410 2566 peperit
2461 2492 2728 2559 Verbum,
2778 2501 2833 2548 et
2883 2492 2934 2547 in
2983 2493 3305 2563 corporibus
3336 2508 3400 2550 ac

1789 2588 2067 2643 mentibus
2098 2587 2379 2641 hominum
2420 2600 2515 2657 per
2556 2584 2720 2640 ﬁdem
2767 2586 2947 2640 crucis
2977 2592 3033 2639 et
3063 2584 3401 2657 sepulturam

1790 2678 2061 2735 Dominici
2107 2679 2359 2748 corporis
2391 2677 2718 2743 seminavit,
2750 2693 2814 2731 ex
2862 2685 3139 2747 przecepto
3178 2676 3281 2733 Dei
3312 2693 3401 2733 so-

1788 2772 2044 2826 cietatem
2071 2770 2254 2840 populi
2283 2768 2522 2839 junioris
2546 2768 2735 2840 elegit.

1866 2864 1988 2918 155.
2021 2859 2049 2898 τι
2070 2862 2270 2929 Quaero
2296 2861 2462 2917 etiam
2484 2876 2582 2916 cur
2610 2869 2736 2915 ante
2762 2868 2998 2917 mortem
3026 2875 3134 2917 non
3158 2861 3404 2917 invenia-

1792 2971 1913 3010 mus
1934 2969 2058 3011 esse
2086 2969 2429 3024 percussum,
2453 2963 2572 3025 post
2603 2962 2832 3008 mortem
2857 2952 3396 3026 inveniamus(loan.

1792 3065 1908 3119 xxx,
1936 3045 2068 3118 34)?
2094 3047 2210 3103 Nisi
2249 3047 2388 3103 forte
2416 3056 2476 3102 ut
2507 3046 2846 3103 voluntarius
2874 3046 3053 3102 exitus
3081 3046 3201 3119 ejus
3233 3049 3404 3119 magis

1789 3159 1950 3216 quam
1987 3143 2333 3200 necessarius
2387 3141 2559 3198 fuisse
2589 3141 2875 3210 doceatur,
2908 3152 2960 3196 et
2990 3139 3240 3198 ordinem
3286 3158 3406 3214 my-

1793 3243 1987 3295 stlcum
2013 3238 2368 3305 noverimus;
2398 3237 2520 3308 quia
2542 3250 2650 3291 non
2674 3245 2803 3291 ante
2826 3235 3016 3291 altatis
3035 3246 3398 3307 sacramenta,

1790 3346 1953 3404 quam
1980 3331 2309 3400 baptismum
2336 3348 2350 3383 :
2375 3329 2472 3385 sed
2497 3329 2824 3400 baptismum
2848 3338 3000 3396 ante,
3020 3328 3098 3385 sic
3120 3330 3400 3401 poculum.

1788 3424 1996 3481 Deinde
2018 3433 2076 3481 ut
2102 3423 2453 3479 advertamns
2482 3422 2612 3494 quia
2647 3422 2775 3478 licet
2807 3424 3056 3493 corporis
3084 3422 3204 3494 ejus
3240 3421 3407 3479 fuerit

1788 3527 1982 3573 natura
1994 3516 2265 3580 mortalis,
2285 3513 2891 3585 licetqualitassimilis;
2907 3511 3196 3569 dissimilis
3216 3521 3399 3571 tamen

1786 3611 1984 3683 gratia.
2026 3611 2159 3666 Nam
2185 3610 2374 3681 utique
2412 3618 2538 3682 post
2565 3616 2797 3664 mortem
2833 3606 3060 3679 sanguis
3104 3608 3158 3663 in
3201 3608 3406 3665 nostris

1786 3706 2109 3776 corporibus
2140 3705 2475 3776 congelascit
2505 3722 2517 3757 :
2548 3712 2570 3741 ε
2619 3717 2687 3757 cx
2733 3700 2824 3755 illo
2852 3709 3032 3755 autem
3086 3700 3404 3770 incorrupto

1787 3798 1915 3854 licet
1956 3812 2211 3869 corpore,
2241 3796 2337 3852 sed
2379 3795 2661 3859 defuncto,
2706 3792 2949 3849 omnium
2975 3793 3082 3848 vita
3122 3794 3400 3849 manabat.

1793 3892 1946 3964 Aqua
1964 3893 2109 3948 enim
2131 3900 2185 3947 et
2203 3891 2421 3962 sanguis
2441 3888 2607 3946 exivit
2633 3884 2823 3961 (Ibid.)
2851 3904 2862 3939 :
2893 3886 2989 3941 illa
3031 3901 3151 3957 qua:
3190 3885 3399 3954 diluat,

1793 3989 1896 4044 iste
1944 3986 2035 4057 qui
2084 3984 2341 4041 redimat.
2387 3983 2646 4038 Bibamus
2671 3994 2805 4051 ergo
2846 3978 3081 4050 pretium
3124 3987 3399 4049 nostrum,

1792 4093 1851 4137 ut
1884 4081 2125 4137 bibendo
2155 4079 2515 4136 redimamur.

1867 4173 1991 4229 156.
2009 4171 2191 4246 (Vers.
2207 4170 2325 4243 50.)
2343 4169 2480 4239 Quid
2495 4170 2597 4225 sibi
2617 4168 2781 4225 etiam
2800 4168 2936 4236 vult,
2954 4167 3098 4239 quod
3133 4183 3240 4224 non
3271 4183 3406 4239 apo-

1794 4265 2271 4337 stoli,sedJoseph
2297 4277 2351 4321 et
2382 4263 2714 4321 Nicodamus
2740 4260 2759 4300 ί
2785 4261 3061 4319 Christum
3095 4262 3409 4335 sepeliuntl

1796 4358 2140 4430 Unnsjnstus
2165 4368 2221 4414 et
2262 4369 2542 4425 constans,
2577 4358 2720 4414 alter
2751 4358 2804 4412 in
2828 4372 2939 4428 quo
2962 4357 3125 4413 dolus
3154 4372 3261 4414 non
3290 4368 3410 4413 erat

1796 4450 1999 4525 (Jaan.
2030 4467 2145 4519 xu,
2175 4450 2244 4508 58
2276 4461 2322 4506 et
2352 4452 2420 4508 59
2447 4450 2499 4523 );
2534 4451 2655 4505 talis
2682 4451 2828 4506 enim
2866 4450 3066 4506 ChriSti
3101 4460 3187 4505 est
3225 4450 3402 4520 sepul-

1797 4554 1937 4608 tura,
1968 4561 2091 4615 qum
2116 4543 2358 4599 fraudem
2395 4544 2845 4613 iniquitatemque
2873 4557 2980 4596 non
3024 4540 3243 4596 haheat.
3291 4541 3405 4597 Oh-

1801 4640 2029 4693 struitur
2074 4634 2289 4710 153k,
2314 4637 2477 4708 igitur
2514 4635 2911 4709 tergiversandi
2944 4634 3196 4700 locus,et
3218 4633 3409 4689 dome-

120 4721 367 4787 Haitcmus
396 4731 562 4803 igitur
602 4728 632 4769 δ
662 4730 882 4802 pietatis
912 4731 1228 4803 magistrum
1262 4748 1275 4784 :
1322 4730 1485 4787 docet
1530 4730 1694 4788 lectio
1722 4724 1777 4787 D
1801 4734 1940 4790 stico
1960 4733 2135 4790 Judaei
2167 4732 2482 4790 testimonio
2508 4733 2899 4797 revincuntur;
2934 4746 3056 4787 nam
3104 4730 3150 4787 si
3178 4730 3410 4803 apostoli

180 4901 203 4930 ⁸
234 4905 371 4979 Edit.
405 4922 621 4975 omnes,
648 4916 705 4964 et
726 4908 910 4979 plures
934 4923 1092 4976 mss.,
1125 4918 1279 4978 atque
1305 4906 1546 4964 mortalia
1580 4917 1700 4962 :ta-

123 4977 353 5053 men_alii
381 4979 626 5050 aliquot,
653 4977 745 5052 qui
776 4989 833 5039 ct
870 4980 1114 5053 tuebaris
1145 4988 1500 5053 not:e,atque
1526 4997 1697 5035 mora-

122 5041 199 5101 lia.
228 5044 428 5125 Rursus
476 5041 599 5121 post
612 5041 793 5120 'panca
824 5052 919 5108 ubi
944 5051 1168 5107 Amerb.
1199 5041 1549 5125 omniumque
1578 5066 1702 5120 pro-

123 5119 390 5196 pemodum
432 5119 941 5196 niss.auctoritate
985 5128 1359 5196 reposuimus,
1411 5119 1703 5196 competere

121 5189 357 5245 evidenter
401 5194 624 5248 asseruit
653 5237 666 5256 ,
703 5197 855 5262 Era.,
906 5189 1131 5252 Gillfac
1172 5189 1703 5265 Romyprml'erunt,

122 5271 445 5339 competenter
482 5268 748 5339 asseruit:
779 5283 901 5338 quae
949 5267 1111 5325 lectio
1146 5281 1242 5323 cur
1270 5268 1442 5338 priori
1474 5278 1701 5339 antepo-

124 5340 282 5393 natur,
312 5334 447 5390 nihil
481 5335 750 5394 videmus.

173 5399 211 5484 ,ξ’
232 5403 369 5486 ﬁdit.
438 5407 597 5486 ἰξοιιι.
676 5411 833 5486 sola,
876 5410 1086 5486 pietatis
1132 5412 1529 5486 magisterium;
1576 5425 1701 5466 cum

124 5470 231 5552 aliis
255 5476 410 5552 edit.,
444 5476 638 5552 Doceat
668 5470 837 5539 lectio.
875 5470 999 5538 Mss.
1029 5498 1159 5541 vero
1200 5470 1311 5538 lére
1335 5485 1401 5537 ad
1431 5470 1618 5546 utinm,
1651 5491 1706 5535 ut

126 5549 173 5595 in
194 5552 356 5605 tutu.
388 5549 456 5604 At
486 5549 623 5606 inira
644 5555 729 5607 ubi
761 5568 952 5609 omnes
987 5554 1120 5608 edit.
1150 5562 1205 5609 et
1248 5554 1516 5610 maximus
1571 5567 1702 5608 mss.

127 5620 640 5697 atumet-nsliabent,
695 5625 996 5697 sollicitudo
1054 5637 1287 5697 materna
1314 5668 1327 5687 ,
1363 5639 1705 5696 nequaquam

127 5682 362 5767 displicet
380 5691 546 5767 lectio
571 5682 798 5751 duorum
826 5695 1009 5767 Ωυιῡ..
1042 5697 1093 5750 in
1127 5682 1326 5767 quibus,
1347 5682 1575 5753 salit-udo.
1595 5712 1708 5752 ma-

126 5764 298 5837 terna;
345 5764 572 5818 solitudo
618 5768 761 5822 enim
814 5764 1338 5837 frequentcr'bonis
1393 5769 1710 5823 auctoribus

127 5827 257 5910 “sint
282 5827 387 5899 eat,
418 5844 581 5910 atque
601 5839 813 5910 orbitas.
841 5838 882 5891 ll
903 5827 1109 5895 uterum
1144 5839 1405 5910 quidquid
1436 5840 1505 5894 de
1528 5838 1711 5910 diaria

128 5897 517 5980 θι-Ῑεξτιιιιῑὲέιοέ
548 5907 668 5965 loco
690 5909 887 5980 dicitur
912 5951 925 5971 ,
955 5927 1121 5978 prope
1160 5897 1227 5965 ad
1260 5897 1481 5965 virrbam
1527 5909 1580 5962 in
1614 5908 1711 5980 Ep.

134 5973 190 6025 ad
215 5972 355 6030 Eccl.
392 5975 554 6033 Vere.
582 5982 682 6036 sub
710 5979 875 6036 tinent
908 5972 1193 6051 reperitur.

1886 4921 1907 4948 ο
1940 4908 2008 4963 In
2042 4924 2291 4975 inmrore;
2339 4906 2462 4962 hinc
2503 4914 2588 4963 est
2616 4905 2759 4978 quod
2791 4906 2971 4962 viduis
3027 4905 3244 4962 feminis
3273 4915 3411 4964 tem-

1811 4995 1945 5050 pore
1974 4982 2153 5037 luctus
2179 4981 2445 5035 maritalis
2473 4995 2634 5049 quem
2657 4978 3001 5035 Theodosius
3023 4978 3147 5033 cod.
3170 4980 3253 5033 sui
3278 4989 3410 5035 tom.

1809 5069 1889 5119 ιιι,
1915 5054 1995 5109 tit.
2029 5053 2086 5117 8,
2133 5052 2197 5107 de
2226 5051 2445 5107 secund.
2480 5060 2629 5123 nupt.
2663 5050 2948 5123 duodecim
2978 5050 3241 5123 mensium
3289 5066 3412 5123 esse

1812 5125 1979 5179 voluit
2004 5165 2020 5185 ,
2054 5123 2120 5179 ad
2162 5124 2401 5178 secunda
2432 5120 2563 5177 vota
2585 5164 2601 5188 ,
2634 5132 2691 5176 ut
2729 5122 3024 5191 loquuntur
3061 5120 3362 5191 jurisperiti
3389 5162 3407 5188 ,

1811 5195 2221 5251 convolantibus
2274 5195 2466 5251 eadem
2499 5193 2618 5263 lege
2647 5207 2806 5261 pteua
2842 5192 3141 5264 irrogatur:
3175 5208 3284 5264 quo
3322 5209 3410 5250 re—

1811 5269 2061 5337 Spexisse
2085 5265 2431 5337 Ambrosium
2458 5263 2742 5334 probabile
2770 5271 2875 5321 est.

1886 5335 1912 5376 ἀ
1973 5339 2128 5393 Rom.
2172 5337 2333 5402 edit.,
2383 5333 2614 5407 Denique
2651 5338 2933 5391 secundum
2976 5333 3232 5391 Joannem
3267 5351 3286 5389 :
3331 5336 3412 5390 Ad

1811 5408 1992 5466 Iesum
2030 5418 2204 5462 autem
2260 5424 2378 5462 cum
2428 5409 2778 5463 vertissent....
2836 5407 2974 5465 tatus
3020 5409 3134 5481 ejus
3186 5407 3414 5478 aperuit.

1818 5482 2007 5550 Quwra
2033 5495 2153 5550 ergo
2179 5495 2305 5546 cur,
2339 5488 2444 5534 etc.

1894 5562 1916 5588 θ
1951 5547 2149 5606 Eadem
2199 5552 2333 5605 edit.
2365 5550 2549 5610 Rom.
2600 5549 2665 5604 de
2691 5549 2785 5603 illo
2814 5564 2930 5603 vero
2957 5549 3122 5618 inquit
3145 5547 3378 5605 Joannes
3402 5562 3423 5605 :

1821 5622 1889 5678 Et
1922 5623 2163 5678 continua
2189 5622 2344 5677 exivit
2372 5622 2584 5693 sanguis
2630 5630 2676 5677 et
2728 5636 2882 5687 aqua.
2929 5618 3014 5677 Ea:
3052 5622 3145 5675 illo
3184 5622 3319 5678 enim
3341 5622 3425 5678 ina

1824 5704 2068 5759 corrupto
2095 5739 2109 5759 ,
2139 5704 2247 5749 etc.

1904 5765 1921 5805 ί
1972 5761 2177 5821 Rursus
2221 5765 2411 5821 eadem
2479 5764 2637 5819 Rom.
2666 5761 2834 5829 edit.,
2885 5776 2940 5819 ut
2989 5763 3222 5821 Joannes
3261 5763 3429 5821 dicit:

1830 5838 2090 5895 Christum
2120 5838 2371 5911 sepeliant
2394 5838 2418 5892 ?
2444 5833 2785 5911 Unusjusttts
2812 5844 2859 5911 et
2904 5844 3169 5911 constans,
3192 5835 3321 5891 alter
3344 5837 3431 5911 qui

1833 5921 1942 5965 erat
1988 5904 2232 5979 magister
2260 5911 2312 5965 in
2344 5906 2531 5963 Israel.
2566 5904 2711 5963 Talis
2761 5907 2896 5963 enim
2922 5904 3117 5979 Christi
3141 5920 3215 5969 est
3259 5904 3433 5977 sepub-

1839 5991 1975 6048 tura,
2009 5978 2124 6049 qua:
2139 5982 2405 6054 justitiam
2433 5980 2882 6050 magisteriumque
2910 5978 3110 6035 habeat.
