3920 6326
108 334 255 389 18η

1109 334 1475 395 EXPOSITIO
1518 337 1769 397 EVANG.
1813 340 1961 398 δερ.
2003 341 2159 400 LUC.
2201 342 2331 399 LIB.
2375 344 2443 399 X.

3299 349 3443 407 1M2

180 447 317 504 N5.
355 447 610 520 Denique
647 449 1064 506 resurrectionis
1094 458 1339 522 tempore
1368 463 1568 523 praesto
1589 464 1735 521 sunt,
1765 458 1816 517 Α
1917 456 2041 539 ibo.
2078 457 2317 514 Primum
2349 459 2511 530 igitur
2552 460 2686 515 illud
2731 462 3086 531 spectandum
3141 469 3268 529 est,
3298 463 3443 533 quod

104 552 164 600 et
206 553 234 581 ι
288 560 430 600 cum
468 545 571 600 viri
611 544 967 616 fugarentur,
1013 545 1147 600 sola:
1195 554 1377 602 tamen
1445 547 1515 603 ab
1544 547 1739 619 angelo

104 653 217 695 non
261 639 520 695 timeant
563 638 924 694 admonentur
953 638 1133 713 (Joan.
1160 656 1219 709 ιι,
1252 639 1278 695 1
1322 649 1371 696 et
1395 639 1480 711 2).
1519 640 1737 696 Petrum

102 742 355 789 evocant
386 732 582 789 studio
612 733 825 803 priores
850 775 865 799 ,
896 732 991 789 sed
1024 733 1353 804 posteriores
1390 732 1603 789 ﬁducia.
1638 732 1740 789 De-

107 830 281 899 nique
314 828 421 885 ille
449 827 576 884 sine
600 837 746 884 metu
784 827 1043 895 advenit,
1069 839 1122 884 et
1170 837 1485 884 constanter
1511 827 1601 898 qui
1642 841 1739 897 po-

104 922 313 977 sterior
333 927 622 989 venerat,
657 921 867 992 primus
898 921 1412 994 ingreditur,fquasi
1439 924 1528 993 qui
1559 924 1739 979 claves

106 1013 261 1085 regni
312 1021 377 1069 ut
407 1013 544 1068 aliis
571 1013 835 1084 aperiret,
866 1022 1176 1084 acceperat.

179 1106 312 1162 H6.
333 1105 542 1163 Terra
571 1114 751 1162 motus
793 1115 975 1163 autem
997 1106 1216 1179 (Matth.
1253 1122 1417 1163 mm
1438 1148 1452 1172 ,
1477 1107 1537 1179 2)
1565 1107 1741 1165 ﬁdeli-

108 1197 208 1254 bus
240 1199 599 1255 resurrectio
626 1206 713 1253 est
737 1239 751 1265 ,
784 1198 962 1269 impiis
991 1208 1199 1253 metus:
1226 1197 1309 1253 bis
1334 1240 1349 1266 ,
1379 1199 1503 1269 quia
1526 1199 1737 1271 pigrum

107 1305 314 1361 corpus
372 1290 607 1364 1536
661 1290 855 1346 mortis
894 1305 1092 1363 sopore
1113 1306 1174 1348 se
1214 1303 1557 1349 commovet:
1588 1292 1694 1348 illis
1718 1334 1734 1361 ,

108 1385 233 1455 quia
256 1394 523 1441 tremore
546 1384 797 1455 corporis
823 1396 880 1441 et
908 1393 1122 1441 terrena
1163 1385 1464 1442 mobilitate
1487 1385 1689 1441 turbati
1717 1430 1732 1453 ,

108 1491 139 1531 a
165 1477 620 1534 resurrectionis
647 1475 754 1533 ﬁde
772 1487 826 1534 et
846 1479 1173 1536 credulitate
1203 1479 1532 1537 desciscunt.

179 1566 341 1641 (Cn.
369 1568 580 1626 XXIV.
609 1601 678 1611 —
707 1570 866 1627 Vers.
902 1570 1042 1644 1-4.)
1067 1571 1225 1630 Mane
1244 1584 1414 1629 autem
1432 1574 1630 1630 sabbati
1655 1590 1739 1631 ve-

109 1673 294 1718 nerunt
321 1663 490 1719 valde
519 1673 748 1737 tempore
777 1665 848 1719 ad
874 1677 1286 1724 monumentum.

178 1755 308 1813 Mi.
338 1755 551 1827 Magna
593 1758 768 1813 oritur
813 1758 916 1815 hoc
947 1759 1069 1815 loco
1113 1760 1389 1831 plerisque
1430 1760 1734 1829 dubitatio;

1842 551 2106 621 scriptum
2134 560 2220 608 est
2251 570 2263 606 :
2290 551 2507 624 Vespere
2524 566 2696 608 autem
2734 555 2936 610 sabbati
2966 598 2980 622 ,
3015 572 3133 627 qua:
3157 556 3362 611 lucescit
3393 555 3447 610 in

1841 645 2011 718 prima
2038 644 2240 700 sabbati
2273 643 2490 718 (Matth.
2518 662 2705 714 xxvnt,
2735 645 2812 719 1),
2856 647 3227 703 resurrexisse
3260 646 3445 705 Domi-

1842 752 1994 792 ttttm.
2022 735 2114 793 Sic
2142 738 2287 792 enim
2313 735 2513 791 habes:
2544 739 2668 807 quia
2706 737 2929 809 Vespere
2950 738 3145 793 sabbati
3166 738 3301 792 venit
3326 735 3453 792 Ma-

1840 829 1921 884 ria
1951 829 2263 903 Magdalene
2303 839 2350 884 et
2379 830 2543 884 altera
2586 829 2760 884 Maria
2800 831 2973 885 uidere
3024 830 3343 902 sepulcrum.
3374 827 3446 882 Et

1842 937 1959 977 ecce
2009 932 2161 977 terra:
2196 931 2364 975 motus
2394 921 2563 991 factus
2591 932 2664 975 est
2717 938 2953 993 magnus.
2983 919 3102 976 Non
3158 920 3302 974 enim
3354 917 3446 973 die

1841 1016 2052 1072 sabbati
2073 1018 2219 1085 (nam
2253 1025 2274 1051 ο
2294 1014 2549 1067 siluerunt
2579 1012 2791 1069 sabbato
2809 1013 3094 1070 secundum
3111 1009 3441 1080 mandatum)

1846 1110 2001 1181 (Luc.
2023 1127 2173 1177 sxnt,
2198 1110 2314 1182 56);
2351 1109 2444 1165 sed
2477 1118 2599 1179 post
2623 1107 2831 1163 sabbati
2866 1106 3033 1174 diem,
3059 1114 3216 1160 nocte
3254 1103 3440 1173 utique

1839 1206 2162 1260 resurrexit.
2194 1204 2439 1274 Denique
2471 1215 2766 1273 quaemane
2801 1208 3083 1266 venerunt,
3121 1199 3246 1254 licet
3282 1196 3441 1253 valde

1844 1306 2109 1369 tempore,
2139 1307 2321 1353 tamen
2359 1296 2470 1367 jam
2527 1293 2814 1350 Dominum
2850 1292 3215 1348 resurrexisse
3242 1303 3446 1359 cogno-

1844 1404 2061 1449 VCI‘UDI.
2710 1435 2729 1448 ο

1913 1488 2039 1544 151.
2070 1485 2161 1543 Sic
2202 1485 2364 1557 igitur
2392 1481 2803 1555 temperandum
2831 1488 2948 1545 est,
2982 1487 3041 1534 ut
3075 1492 3253 1549 neque
3280 1490 3441 1532 mane

1842 1582 2144 1649 Dominica,
2176 1595 2294 1652 qua:
2315 1589 2399 1635 est
2427 1578 2595 1648 prima
2626 1585 2745 1647 post
2776 1575 3079 1640 sabbatum,
3117 1585 3292 1643 neque
3317 1569 3441 1624 sab-

1842 1676 1969 1731 bato
2023 1674 2351 1731 resurrectio
2381 1672 2516 1727 facta
2549 1670 2824 1727 credatur.
2869 1667 3001 1724 Nam
3042 1664 3315 1738 quomodo
3344 1663 3442 1719 tri-

1838 1768 2005 1825 duum
2026 1766 2429 1837 compleretur?
2456 1779 2561 1820 nou
2594 1778 2724 1834 ergo
2749 1769 3170 1831 vesperascente
3198 1758 3308 1823 die,
3347 1757 3440 1812 sed

111 1865 231 1904 nam
254 1850 361 1906 etsi
398 1865 517 1906 non
540 1851 797 1907 videntur
822 1852 1170 1922 evangelista:
1211 1852 1416 1910 dixisse
1439 1857 1736 1923 contraria,
1767 1859 1816 1921 B
1844 1863 2021 1919 noctis
2054 1876 2284 1931 vespere
2329 1858 2646 1916 resurrexit.
2709 1855 2918 1929 1537
2949 1855 3193 1924 Denique
3222 1851 3444 1909 Graecus

113 1952 294 2000 tamen
317 1944 560 2000 diversa
585 1944 873 2001 dixerunt.
926 1945 1209 2016 Siquidem
1242 1946 1329 2002 bie
1357 1963 1370 2000 :
1398 1947 1555 2001 Mane
1591 1948 1740 2003 valde

112 2045 374 2109 tempore;
420 2037 662 2105 Marcus,
711 2037 873 2094 Valde
912 2055 1063 2094 mane
1100 2038 1296 2111 (Marc.
1335 2054 1422 2095 xvr
1452 2080 1468 2106 ,
1502 2041 1577 2110 1);
1606 2038 1737 2095 Mat-

116 2134 288 2188 tinens
313 2173 330 2198 ,
371 2131 614 2205 Vespere
633 2132 834 2188 sabbati
873 2132 1091 2203 (Matth.
1121 2148 1316 2197 xxvm,
1350 2131 1426 2207 1);
1457 2132 1696 2189 Joannes
1721 2173 1739 2200 ,

118 2221 297 2280 Prima
315 2223 534 2281 sabbati
553 2242 674 2279 cum
697 2224 872 2280 adhuc
901 2225 1121 2281 tenebras
1139 2235 1305 2281 essent
1322 2223 1503 2297 (Joan.
1529 2241 1624 2293 xx,
1657 2227 1737 2297 1),

118 2316 372 2374 mulieres
401 2318 473 2374 ad
506 2331 926 2374 monumentutn
978 2319 1194 2375 venisse
1219 2319 1497 2375 dixerunt.
1533 2319 1740 2377 Deinde

121 2408 205 2465 ltic
248 2410 391 2467 duos
440 2412 636 2480 viros,
670 2412 883 2468 Marcus
920 2413 1359 2483 unumjuvenem
1397 2413 1451 2468 in
1479 2412 1621 2469 albis
1647 2427 1739 2469 se-

122 2502 335 2561 dentem
380 2505 594 2579 (Μαι-ε.
644 2522 770 2575 xvr,
801 2506 897 2579 5),
935 2506 1220 2563 Mattlimus
1271 2522 1435 2563 unum
1486 2507 1738 2579 angelum

126 2597 334 2671 (Haltlt.
361 2616 567 2669 xxvm,
619 2601 702 2672 2),
727 2599 969 2657 Joannes
994 2600 1133 2656 duos
1163 2601 1386 2672 angelos
1412 2601 1466 2656 in
1493 2601 1633 2657 albis
1653 2615 1741 2656 se-

126 2691 310 2748 dentes
332 2691 524 2766 (Joan.
560 2709 658 2760 xx,
685 2692 777 2765 12)
806 2693 952 2749 visos
977 2708 1102 2749 esse
1147 2701 1607 2749 memoraverunt.
1636 2692 1742 2749 Po-

127 2801 325 2844 srremo
344 2789 497 2862 quod
528 2790 624 2845 vix
651 2790 941 2847 enodabile
969 2788 1481 2856 videatur,.loannes
1509 2787 1733 2858 scripsit

129 2878 323 2936 dictum
348 2880 543 2938 Mariae
565 2881 930 2953 Magdalenm:
966 2882 1095 2937 Noli
1135 2897 1216 2936 me
1242 2892 1485 2952 tangere;
1509 2881 1741 2934 nondum

133 2975 258 3030 enim
276 2979 492 3033 ascendi
513 2978 591 3033 ad
600 2977 807 3034 Patrem
825 2994 992 3033 meum
1005 2975 1166 3048 (Joan
1177 3021 1190 3034 .
1214 2994 1282 3034 xx
1295 2978 1428 3051 ,17):
1453 2976 1741 3033 Mattltmus

134 3070 437 3128 occurrisse
470 3071 766 3129 Dominum
799 3072 1017 3143 scripsit
1057 3072 1242 3128 Marite
1280 3070 1612 3143 hlagdalcna:
1635 3112 1650 3135 ,
1683 3081 1738 3126 et

137 3162 283 3219 alteri
325 3164 538 3233 Marias,
573 3175 631 3222 et
657 3164 781 3221 illas
812 3165 1145 3231 accessisse,
1184 3174 1241 3221 et
1286 3166 1529 3221 tenuisse
1577 3163 1741 3235 pedes

137 3254 649 3331 ejus,jet.adorasse
679 3258 1097 3317 evidentissima
1130 3259 1502 3330 descriptione
1560 3259 1743 3331 diges-
1767 3254 1812 3317 C
1846 3275 1967 3316 esse
1996 3259 2345 3321 conﬁrmant,
2386 3257 2633 3312 dicentes
2678 3252 2999 3309 custodibus
3043 3268 3055 3305 :

143 3348 206 3402 sit
234 3349 447 3420 (Hatth.
481 3368 679 3421 xxvut,
710 3353 791 3426 9).

208 3444 325 3501 148.
350 3447 649 3516 Quomodo
670 3463 799 3519 ergo
826 3445 1168 3516 solvendum,
1199 3447 1303 3503 nisi
1330 3457 1563 3518 quatuor
1577 3461 1741 3502 evan-

147 3537 354 3607 gelistas
382 3544 451 3599 de
502 3543 748 3599 diversis
790 3553 1025 3613 quatuor
1052 3553 1211 3611 putes
1231 3541 1435 3597 dixisse
1484 3541 1743 3611 tempori-

148 3627 268 3698 bus;
299 3644 359 3689 ut
384 3645 439 3691 et
471 3649 748 3707 personas
777 3635 914 3690 alias
953 3634 1241 3689 mulierum
1265 3674 1281 3701 ,
1321 3642 1377 3688 et
1415 3632 1548 3688 alias
1571 3632 1744 3704 conji—

150 3723 250 3779 cias
293 3727 574 3786 visiones?
620 3726 862 3800 Denique
911 3729 1033 3785 alia:
1080 3744 1204 3784 cum
1253 3735 1529 3799 unguento
1568 3728 1743 3799 prima

151 3817 345 3875 sabbati
386 3823 649 3879 veniunt:
680 3822 802 3877 alia:
843 3821 962 3877 sine
990 3829 1268 3892 unguento
1299 3861 1313 3885 ,
1358 3834 1586 3890 vespere
1614 3817 1743 3873 sab-

154 3909 274 3968 bati.
294 3914 524 3974 lstarum
556 3931 760 3972 nomen
790 3916 1135 3987 esprimitur,
1170 3915 1279 3970 illa:
1309 3914 1378 3971 de
1404 3912 1628 3969 Galilma
1657 3927 1743 3968 se-

156 4016 285 4063 cuta:
313 4009 607 4068 Dominum
635 4010 1009 4083 designantur.
1286 4080 1299 4089 g

225 4102 342 4159 M9.
367 4104 487 4174 Quo
531 4108 657 4162 loco
697 4120 768 4162 ne
790 4120 950 4176 quem
993 4104 1230 4177 spinosa:
1282 4100 1747 4173 interpretationis

161 4190 208 4247 in
236 4194 594 4257 ﬁneoﬂ'endut
612 4200 902 4271 asperitas,
929 4199 1017 4256 ubi
1049 4198 1237 4255 suavia
1256 4196 1397 4253 forte
1418 4205 1748 4267 praesumpta

164 4299 305 4356 sunt;
336 4296 606 4350 :cstimate
656 4294 768 4364 jam
810 4306 910 4347 nos
958 4290 1265 4362 complendi
1308 4290 1579 4345 sermonis
1626 4288 1747 4344 vela

166 4380 465 4445 submittere
490 4431 504 4455 ,
548 4388 806 4459 quoniam
849 4385 917 4442 ad
950 4396 1166 4456 portum
1204 4388 1484 4441 venimus:
1510 4391 1568 4438 et
1595 4382 1749 4438 navis

169 4489 275 4544 quae
296 4495 452 4537 cursu
482 4483 703 4541 concito
730 4481 895 4537 maria
930 4479 1299 4546 transmearit,
1325 4477 1416 4533 ubi
1445 4475 1618 4532 littori
1639 4489 1749 4532 cas-

170 4573 295 4637 Perit
337 4580 772 4650 appropinquare
802 4617 817 4643 ,
857 4574 1078 4630 latentia
1134 4572 1372 4628 cautium
1430 4585 1595 4626 cursu
1626 4583 1751 4640 per-

1842 1971 1967 2012 sero
1987 1954 2126 2010 dixit
2152 1997 2165 2019 ,
2200 1954 2302 2010 hoc
2353 1962 2459 2020 est,
2499 1952 2613 2024 ὀψέ.
2653 1952 2790 2007 Sero
2817 1958 2999 2005 autem
3043 1957 3099 2005 et
3144 1946 3333 2003 horam
3365 1946 3440 2001 si—

1840 2057 1970 2119 gnat
2000 2048 2052 2102 in
2079 2061 2276 2103 occasu
2305 2045 2408 2100 dici
2436 2086 2451 2111 ,
2484 2053 2539 2100 et
2562 2044 2825 2115 cujusque
2849 2040 3234 2112 rei'signiﬁcat
3275 2037 3443 2093 tardi-

1843 2149 2045 2207 tatem;
2075 2137 2348 2211 quomodo
2368 2138 2413 2191 si
2441 2136 2625 2191 dicas:
2654 2136 2791 2191 Sero
2817 2134 2949 2188 mihi
2976 2139 3291 2205 suggestum
3324 2140 3443 2197 est,

1841 2232 1893 2288 id
1918 2240 2024 2299 est,
2047 2230 2217 2286 tarde.
2250 2230 2389 2285 Sero
2417 2228 2561 2283 venit
2590 2269 2604 2293 ,
2657 2226 2710 2283 id
2762 2235 2867 2293 est,
2902 2235 3026 2296 post
3071 2223 3437 2295 priestitutum

1845 2336 2059 2395 tempus
2103 2321 2323 2379 advenit
2350 2340 2363 2376 :
2395 2331 2451 2378 et
2501 2323 2628 2377 licet
2659 2334 2816 2375 mane
2843 2316 2870 2356 ά
2895 2318 3144 2389 sequenti
3165 2316 3254 2371 die
3277 2329 3445 2371 vene-

1842 2419 1935 2485 rit,
1968 2431 2094 2473 sero
2148 2426 2234 2472 est
2277 2425 2500 2483 tamen,
2534 2415 2624 2470 ubi
2671 2412 2870 2483 agendi
2910 2421 3123 2482 tempus
3161 2423 3444 2466 emensum

1842 2522 1945 2568 est.
1980 2512 2080 2568 Est
2108 2519 2164 2567 et
2191 2524 2316 2565 sero
2346 2518 2562 2580 tempus
2589 2507 2764 2562 noctis
2786 2503 3110 2576 profundum
3145 2542 3161 2570 ,
3211 2504 3338 2557 utsi
3363 2501 3445 2555 di-

1841 2624 1966 2665 cas:
1996 2607 2134 2664 Sero
2157 2607 2224 2662 ad
2252 2605 2645 2663 lucubrandum
2682 2602 2951 2669 surrexit,
2981 2599 3033 2655 id
3058 2608 3164 2668 est,
3195 2613 3304 2653 non
3352 2611 3441 2654 ve-

1842 2704 2089 2773 spertino
2117 2712 2363 2771 tempore
2389 2741 2404 2765 ,
2430 2695 2523 2753 sed
2578 2694 2842 2766 profunda
2866 2704 3026 2749 nocte
3070 2689 3333 2748 surrexit.

1916 2793 2038 2848 152.
2068 2791 2225 2849 Unde
2252 2800 2308 2847 et
2335 2790 2598 2845 mulieres
2622 2786 2689 2843 ad
2713 2793 3127 2842 monumentum
3145 2780 3448 2839 accedendi

1842 2885 2047 2942 habent
2075 2884 2410 2949 facultatem,
2439 2881 2553 2953 jam
2596 2882 2783 2949 utique
2811 2877 3131 2935 custodibus
3158 2877 3448 2947 quiescen-

1846 2981 1990 3037 tibus
2027 2998 2039 3034 :
2069 2990 2125 3035 et
2155 2979 2256 3050 ipsi
2291 2976 2547 3034 custodes
2577 2985 2853 3031 terrentur
2877 2971 3137 3043 amplius,
3173 2970 3319 3041 quod
3350 2984 3450 3025 usu

1844 3074 1995 3129 venit
2030 3087 2225 3128 somno
2254 3071 2471 3126 excitis.
2512 3069 2802 3125 Postremo
2839 3065 3004 3121 etiam
3050 3063 3326 3136 principes
3363 3077 3452 3118 sa-

1844 3166 2128 3223 cerdotum
2154 3164 2468 3236 congregati
2496 3179 2618 3218 cum
2646 3160 2955 3218 senioribus
2980 3167 3141 3215 nocte
3172 3158 3224 3213 id
3248 3159 3449 3212 factum

3104 3249 3294 3316 Dicite,
3325 3248 3448 3318 quia

1844 3353 2095 3423 discipuli
2122 3355 2235 3425 ejus
2265 3360 2411 3405 nocte
2438 3355 2707 3412 venerunt,
2748 3354 2797 3399 et
2841 3343 3002 3416 furati
3030 3352 3150 3398 sunt
3179 3357 3319 3408 eum,
3356 3354 3452 3394 no-

1844 3447 1921 3503 bis
1942 3444 2311 3502 dormientibus
2337 3440 2556 3514 (ﬂatth.
2584 3453 2774 3503 xxvm,
2794 3436 2907 3510 15).
2929 3434 3011 3491 Ex
3033 3444 3279 3505 tempore
3306 3425 3451 3488 θιηι

1844 3540 1989 3611 quod
2019 3555 2050 3595 a
2078 3536 2395 3594 custodibus
2432 3541 2842 3603 compererunt,
2881 3538 3263 3601 argumentum
3296 3525 3450 3581 frau-

1845 3633 1930 3689 dis
1956 3632 2243 3700 arripiunt.
2277 3628 2410 3685 Nam
2447 3626 2687 3683 Joannes
2715 3638 2898 3690 mane,
2940 3637 3063 3679 cum
3095 3620 3275 3677 adhuc
3304 3630 3456 3676 tenec

1846 3725 1961 3782 bra:
1988 3734 2194 3789 essent,
2220 3722 2445 3779 Mariam
2468 3719 2844 3790 Magdalenam
2873 3716 2940 3771 ad
2966 3731 3026 3771 se
3055 3724 3112 3771 et
3134 3714 3203 3770 ad
3230 3713 3451 3771 Petrum

1846 3819 2062 3874 venisse
2088 3816 2377 3886 signiﬁcat,
2411 3821 2465 3869 et
2495 3821 2678 3867 tamen
2713 3811 2954 3881 ignaram
3014 3806 3173 3863 factm
3198 3821 3451 3863 resurre-

1847 3910 2048 3967 ctionis
2079 3909 2283 3964 inducit
2310 3905 2492 3979 (Joan.
2522 3920 2618 3972 xx,
2641 3901 2733 3975 2);
2761 3915 2884 3956 nam
2917 3900 3104 3971 utique
3123 3899 3170 3955 si
3193 3899 3457 3969 advespe-

1848 4011 2101 4060 rascente
2131 4001 2240 4069 die,
2274 3998 2414 4054 facta
2445 4005 2617 4062 esset,
2664 3994 2846 4050 statim
2878 3991 3053 4062 potuit
3088 3990 3451 4044 innotescere.

1922 4095 2045 4152 155.
2101 4093 2256 4149 Mane
2308 4098 2413 4154 est,
2463 4097 2519 4143 et
2560 4086 2740 4143 adlmc
2791 4084 2986 4140 Petrus
3050 4082 3245 4145 nescit,
3280 4081 3458 4136 nescit

1849 4189 2109 4248 Joannes.
2142 4182 2414 4254 Numquid
2453 4180 2765 4253 patiebatur
2804 4176 3065 4235 Dominus
3108 4174 3315 4229 diutius
3342 4182 3456 4229 tor-

1849 4281 2011 4355 queri
2036 4277 2337 4349 discipulos
2366 4285 2390 4314 °
2435 4289 2548 4329 sua:
2579 4272 2775 4328 mortis
2801 4271 3031 4335 incerto,
3059 4266 3130 4323 ad
3165 4282 3304 4337 quos
3345 4273 3458 4322 sta-

1849 4377 1948 4432 tim
1979 4372 2226 4445 angelus,
2255 4368 2441 4425 statim
2466 4365 2736 4422 Dominus
2763 4371 2929 4435 gestte
2972 4361 3051 4418 rei
3082 4360 3297 4417 nuntias
3339 4375 3462 4415 mu-

1852 4467 2015 4522 lieres
2041 4460 2371 4520 destinavit?
2400 4457 2473 4515 Et
2500 4467 2559 4512 ut
2580 4457 2725 4511 scias
2755 4463 2917 4511 nocte
2947 4452 3171 4520 factum,
3203 4450 3461 4505 mulieres

1851 4560 1973 4616 alite
2001 4558 2273 4622 nesciunt,
2315 4553 2436 4608 alia:
2482 4549 2661 4606 sciunt
2693 4565 2708 4604 :
2738 4548 2919 4603 sciunt
2966 4560 3086 4616 qua:
3130 4544 3461 4600 observave-

175 4638 645 4737 striugit-inl'racto:
692 4638 836 4741 Ergo
869 4683 938 4724 ne
967 4679 1243 4738 tamquam
1275 4663 1438 4721 inerti
1473 4638 1751 4734 guberna-
1771 4638 1828 4701 Ῐ)
1857 4663 1985 4712 runt
2013 4650 2264 4708 noctibus
2293 4655 2348 4702 et
2388 4644 2604 4709 diebus,
2639 4640 2892 4698 nesciunt
2934 4652 3059 4741 quae
3089 4642 3459 4741 recesserunt.

178 4754 269 4808 tori
300 4758 349 4811 in
380 4764 557 4819 arenis
590 4762 789 4818 littoris
815 4759 1178 4832 mibthtereat
1204 4754 1453 4824 sermo,b
1477 4765 1749 4825 tamquam

181 4843 229 4898 in
254 4849 377 4906 vada
404 4869 547 4911 czeca
584 4854 898 4914 lentandum
948 4854 1050 4909 iter
1089 4866 1251 4923 quam
1303 4848 1749 4921 praecipitandum

182 4939 428 5012 arbitror;
461 4964 569 5019 quo
598 4950 778 5006 minus
805 4947 1010 5004 rimosa
1042 4944 1203 5003 nobis
1224 4950 1472 5015 patescat
1497 4941 1695 4997 oratio.

248 5086 272 5116 ⁸
298 5079 488 5142 Eadem
517 5086 648 5144 edit.
677 5086 824 5151 sola,
853 5100 970 5139 cum
996 5083 1094 5139 viri
1118 5085 1375 5160 fugere]!!-

248 5171 365 5231 IDIta
413 5196 544 5238 mss.
596 5183 804 5252 aliquot
842 5179 1085 5252 melioris
1130 5173 1497 5252 notae.‘_t§_l_ii,
1539 5179 1609 5252 et
1621 5169 1756 5226 edit.

193 5249 424 5322 umquam
448 5254 578 5308 vada
597 5241 734 5309 cter'a
761 5251 948 5322 legam,
971 5248 1271 5322 lentandum
1292 5244 1536 5322 (Gill._et
1568 5241 1759 5309 Rom.,

196 5320 488 5387 tentandum,
517 5325 607 5381 cui
659 5316 831 5379 Rom:
880 5322 1013 5377 edit.
1045 5318 1228 5385 addit,
1258 5316 1429 5392 prius,
1459 5316 1596 5392 forte
1622 5328 1762 5392 prta:

195 5391 366 5465 timet,
395 5383 736 5465 potius,quod
765 5395 817 5449 in
845 5392 1075 5465 lectione
1101 5383 1287 5446 nostra
1312 5383 1760 5465 subintelligitur)

198 5456 365 5541 παντο.
395 5456 638 5529 ’ραιεδὰὺ
685 5466 874 5521 oratio.
910 5464 1033 5518 Era.
1062 5473 1119 5517 et
1161 5476 1279 5531 seq.
1328 5459 1460 5514 edit.
1495 5498 1510 5522 ,
1567 5456 1777 5535 fatiscat

200 5535 379 5583 Matio:
409 5535 655 5583 nimirum
699 5553 765 5583 en
795 5538 1025 5583 fortasse
1054 5533 1183 5583 nuia
1217 5535 1302 5583 vir
1331 5532 1523 5583 doctus
1566 5535 1779 5583 nutant

1566 5542 1751 5599 puum

200 5529 379 5603 oratio;
409 5535 655 5594 nimirum
699 5553 765 5592 eo
795 5538 1025 5591 lortasse
1054 5533 1183 5603 quia
1217 5529 1302 5603 vir
1331 5532 1523 5603 doctus

202 5594 412 5659 alituum
437 5620 555 5666 esse
578 5609 648 5668 ad
671 5607 807 5665 illud
830 5605 1021 5675 Virgil.
1053 5594 1119 5659 ex
1150 5619 1169 5659 ι
1197 5601 1451 5660 Δίηείἀ.ε

1048 5716 1301 5780 Rimisque
1319 5714 1573 5767 fatiscunt:

223 5808 556 5903 ἓθὲηιειοιῃ
578 5845 685 5884 non
717 5822 1034 5903 absurdum}
1057 5829 1143 5903 est
1163 5863 1178 5889 ,
1205 5821 1345 5903 etin
1372 5833 1512 5903 mss:
1539 5813 1795 5903 omnibus
1893 5802 1929 5903 ξ

228 5887 491 5950 invenitur.
516 5897 680 5958 Porro
710 5887 1032 5963 tentandum,
1057 5893 1143 5950 hic
1166 5887 1306 5949 nilnil
1336 5887 1590 5959 estaliud
1622 5889 1781 5956 quam

1857 4745 2041 4803 Nescit
2090 4756 2197 4797 una
2246 4737 2415 4795 Maria
2460 4734 2798 4805 Magdalene,
2856 4728 3155 4786 secundum
3195 4727 3461 4784 Joannem

1860 4833 2240 4914 (Joan.xx,15)
2264 4850 2277 4887 :
2301 4831 2405 4888 scit
2425 4829 2595 4886 altera
2619 4827 2784 4883 Maria
2815 4820 3462 4897 Magdalene,secundum

1859 4932 2167 4990 Matthaeum
2222 4924 2439 5001 (Matth.
2478 4935 2672 4986 xxvnt,
2707 4918 2795 4989 9);
2827 4932 2953 4974 nam
2996 4914 3188 4973 eadem
3237 4922 3293 4970 et
3336 4922 3465 4995 ante

1863 5077 1997 5131 lente
2025 5062 2432 5124 moderandum:
2464 5072 2586 5115 nam
2631 5055 2773 5128 apud
2796 5053 2950 5127 Virg.
2983 5054 3130 5111 idem
3175 5059 3263 5109 est
3306 5060 3471 5123 atque

1862 5140 2271 5217 inﬂe65€ttdum{
2343 5204 2377 5217 η
2447 5204 2458 5217 ,
2507 5213 2517 5217 _
2838 5212 2894 5217 η
2932 5210 3081 5217 ῃ---
3116 5194 3244 5217 ..,..ε

1940 5227 1962 5255 ο
2003 5212 2298 5274 Situerunt,
2343 5204 2640 5276 Scriptura:
2694 5215 2797 5256 usu
2834 5212 2899 5254 ac
2932 5210 3085 5253 more
3116 5203 3341 5266 ponitur
3377 5208 3478 5265 pro

1864 5288 2187 5360 συί9⁰ε⁷¹¹⁷¹έ’
2308 5357 2315 5360 .
2394 5347 2449 5360 υ-
2509 5347 2575 5360 ..ν
2741 5356 2858 5360 η---
2898 5337 3121 5360 --__---_.:
3173 5337 3218 5360 ,ιι

1946 5337 2325 5412 δ’(ἷοηηιθηιι
2344 5347 2478 5405 edit.
2509 5347 2667 5402 Rom.
2699 5356 2863 5398 \oces
2890 5337 3121 5411 sequenti
3166 5337 3251 5392 die
3298 5351 3318 5391 :

1883 5441 2061 5486 autem
2090 5438 2252 5480 causa
2279 5421 2332 5477 id
2362 5419 2553 5475 fecerit
2574 5455 2589 5482 ,
2622 5430 2729 5470 non
2751 5415 3079 5486 satispatet.

1960 5480 2173 5554 Vedium.
2202 5492 2334 5549 edit.
2361 5533 2377 5557 ,
2415 5506 2525 5545 sua:
2548 5480 2937 5542 resurrectionis
2960 5481 3205 5557 incertos.
3253 5480 3378 5537 Vel.
3430 5489 3489 5536 et

1887 5552 2133 5645 plerique
2159 5579 2316 5645 mss?
2346 5552 2456 5617 sua
2481 5559 2661 5645 πέρ-γεῆι
2688 5558 2911 5645 incerto's
2934 5571 2958 5645 ί
2975 5567 3108 5608 mss.
3139 5552 3346 5645 aliquot
3372 5566 3491 5608 me-

1890 5625 2059 5701 lioris
2076 5645 2244 5701 notat,
2265 5625 2481 5690 incerto.
2507 5628 2842 5701 Elegantius.
2873 5625 3014 5680 Infra
3036 5638 3167 5678 vero
3190 5625 3492 5701 ubi_omnes_

1894 5692 2291 5778 edi-ttfstati'm
2338 5704 2555 5778 angelus
2600 5692 2810 5778 Domini
2835 5714 2853 5751 :
2884 5711 3019 5778 mss.
3050 5704 3239 5778 contra
3268 5695 3405 5778 fere.
3424 5692 3496 5778 ad

1935 5765 2087 5852 nit-ni,
2102 5765 3022 5852 statimang‘elus,(statiuipominus,
3033 5775 3146 5852 etc.
3161 5766 3317 5835 Quod
3335 5765 3502 5824 etiam

1900 5835 2620 5923 eum-mango!ica'ldsto‘ria
2647 5835 2792 5897 belle
2824 5838 3092 5908 congruit.

3368 5350 3480 5408 qua
