3920 6326
525 288 666 346 18δό

518 493 723 555 Marize,
759 495 938 563 plures
970 492 1207 546 fortasse
1235 489 1401 544 etiam
1442 489 1792 560 Magdalenae,
1838 503 1960 542 cum
1995 486 2125 541 illud

521 600 772 658 personae
804 601 1001 642 nomen
1025 586 1116 651 sit,
1153 585 1257 638 hoc
1287 584 1550 638 locorum.

593 679 718 736 151.
749 679 994 748 Denique
1023 678 1254 732 alteram
1282 692 1404 732 esse
1427 689 1718 745 cognosce.
1753 673 1844 728 Illa
1886 671 2126 727 admitti-

520 781 609 828 tur
642 773 808 843 pedes
847 771 1062 829 Domini
1109 781 1298 827 tenere
1344 788 1356 825 :
1409 779 1635 841 tangere
1685 769 1973 823 Dominum
2022 767 2122 821 ista

515 869 854 939 prohibetur.
887 867 978 922 Illa
1007 868 1260 936 angelum
1301 867 1490 920 videre
1541 865 1759 931 meruit,
1795 863 1912 918 htee
1947 861 2124 931 primo

516 960 734 1033 quando
759 959 931 1023 venit,
977 959 1252 1014 neminem
1291 958 1444 1012 vidit.
1475 958 1568 1012 illa
1610 955 1892 1025 discipulis
1943 953 2126 1008 Durni-

517 1069 643 1106 num
676 1049 1050 1108 resurrexisse
1092 1050 1384 1116 nuntiavit,
1417 1047 1518 1102 ista
1553 1055 1764 1116 raptum
1793 1061 1916 1101 esse
1955 1045 2124 1116 signi-

514 1146 758 1218 gniticat.
792 1145 885 1198 llla
922 1143 1145 1213 gaudet,
1181 1145 1296 1197 haec
1340 1145 1538 1212 plorat.
1584 1141 1663 1195 Illi
1716 1142 1766 1194 iu
1813 1139 1983 1209 gloria
2026 1154 2124 1194 sua

508 1241 621 1310 jam
650 1239 905 1295 Christus
931 1237 1198 1305 occurrit,
1232 1236 1347 1291 haec
1367 1235 1547 1290 adhuc
1586 1244 1862 1288 ntortuum
1903 1235 2119 1303 quaerit.

511 1333 605 1386 llla
638 1331 925 1384 Dominum
957 1330 1088 1383 vidit
1119 1339 1173 1383 et
1195 1329 1451 1393 credidit,
1479 1326 1594 1380 inec
1617 1343 1723 1382 non
1749 1327 1921 1397 potuit
1955 1341 2124 1396 agno-

513 1439 669 1480 scere
685 1438 807 1477 cum
833 1422 1062 1476 videret.
1096 1421 1190 1475 Illa
1219 1420 1364 1476 fideli
1387 1420 1650 1476 adorabat
1682 1420 1735 1474 in
1763 1421 1976 1490 spiritu,
2006 1419 2120 1474 haec

511 1519 684 1575 dubio
709 1517 1158 1574 mmstiﬁcabatur
1201 1515 1420 1570 affectu.

583 1610 707 1668 155.
758 1611 949 1666 Merito
994 1609 1250 1664 nimirum
1293 1608 1614 1678 prohibetur
1673 1615 1894 1676 tangere
1942 1606 2122 1661 Domi-

511 1723 674 1772 num;
707 1722 815 1760 non
851 1705 995 1760 enim
1031 1704 1301 1775 corporali
1340 1712 1486 1757 tactu
1527 1700 1828 1766 Christum,
1871 1701 1966 1754 sed
2017 1700 2121 1755 fide

1858 279 2106 337 SANCTI
2147 276 2474 334 AMBROSII

521 403 684 469 scire,
721 409 777 457 et
805 408 992 471 postea
1039 399 1250 454 nescire
1296 413 1401 452 non
1450 396 1646 466 potuit.
1692 397 1832 466 Ergo
1855 396 1900 450 si
1949 395 2130 466 plures
2158 399 2202 455 Α
2239 392 2542 448 Ascendisti
2591 392 2872 461 apostolis,
2905 393 3096 463 quibus
3128 391 3311 447 dixisti
3348 410 3360 444 :

3682 277 3787 333 iiii

3415 392 3518 460 Qui
3566 408 3641 447 me
3663 396 3786 462 videt,

2226 487 2359 540 uidet
2389 497 2434 540 et
2463 485 2674 540 Patrem
2707 484 2890 556 (Joan.
2927 501 3042 551 xrv,
3073 483 3161 556 9).
3195 485 3438 554 Denique
3466 484 3692 539 Joannes
3722 488 3789 542 ubi

2228 587 2279 633 te
2309 589 2598 649 quatrcret,
2627 579 2808 632 scivit.
2836 577 2990 648 Apud
3024 576 3241 633 Patrem
3275 576 3553 648 quassivit,
3593 584 3646 631 et
3671 593 3792 650 repe-

2227 674 2318 737 rit,
2350 680 2405 727 et
2446 670 2568 725 ideo
2599 673 2676 724 ait
2703 688 2714 722 :
2753 669 2821 724 Et
2847 670 3076 724 ‘Verbum
3107 682 3216 724 erat
3247 669 3390 741 apud
3434 669 3601 722 Deum
3641 667 3789 739 (locu.

2225 780 2267 831 ι,
2291 765 2363 835 1).
2394 764 2702 820 Ascendisti
2739 774 2792 818 et
2825 764 3112 835 Paulo,qui
3139 781 3244 819 non
3276 774 3572 820 contentus
3595 765 3732 820 solus
3754 779 3793 824 te

2224 857 2399 927 sequi,
2423 875 2518 911 nos
2535 873 2750 929 quoque
2767 858 3418 928 docuitquemadmodum
3443 869 3494 912 te
3513 875 3792 930 sequamur,

2235 961 2286 1004 et
2317 950 2404 1003 ubi
2422 958 2472 1004 te
2484 952 2724 1020 reperire
2742 951 3238 1019 possimus,dicens
3260 971 3274 1006 :
3295 952 3488 1024 Siergo
3512 955 3794 1007 consurrexi-

2224 1046 2315 1098 stis
2329 1059 2444 1096 cum
2457 1041 2682 1111 Christo,
2695 1061 2810 1114 qua:
2821 1061 3024 1099 sursum
3041 1046 3396 1116 sunt,quterite
3408 1045 3726 1102 ubiChristus
3738 1059 3794 1104 est

2224 1139 2292 1189 ad
2310 1138 2577 1192 dexteram
2607 1137 2704 1192 Dei
2726 1139 3055 1207 sedens(Cot.
3075 1143 3182 1205 ιιι,1
3196 1139 3312 1210 ).Ει
3334 1155 3400 1195 ne
3419 1142 3689 1195 oculorum
3705 1159 3796 1196 ma-

2222 1230 2306 1302 gis
2334 1230 2435 1285 hoc
2456 1248 2614 1302 quam
2641 1231 2944 1287 animorum
2967 1243 3276 1303 putaremus
3292 1233 3558 1298 ofﬁcium,
3577 1233 3759 1289 addidit
3781 1253 3792 1289 :

2227 1326 2355 1390 Quw
2375 1341 2580 1378 sursum
2593 1335 2713 1380 sunt
2735 1328 3031 1396 sapite,non
3057 1343 3171 1395 qua:
3190 1343 3348 1396 super
3377 1336 3568 1381 terram
3585 1325 3788 1397 (16.,2).

2297 1417 2422 1473 160.
2453 1418 2598 1488 Ergo
2624 1434 2732 1474 non
2756 1435 2924 1489 supra
2954 1432 3176 1485 terram,
3208 1437 3308 1474 nec
3334 1420 3388 1474 in
3412 1428 3578 1485 terra,
3616 1435 3707 1475 nec
3727 1435 3796 1475 se-

2221 1512 2461 1588 cundum
2506 1528 2731 1568 carnem
2786 1523 2838 1568 te
2883 1528 3132 1583 qttterere
3171 1512 3456 1580 debemus,
3504 1513 3547 1568 si
3580 1512 3795 1567 volumus

2221 1607 2500 1671 invenire;
2537 1622 2678 1660 nunc
2707 1606 2854 1661 enim
2880 1606 3179 1661 secundum
3210 1622 3428 1662 carnem
3458 1606 3569 1676 jam
3594 1622 3693 1660 nou
3719 1622 3795 1660 no-

2221 1704 2396 1755 vimus
2425 1697 2726 1754 Christum.
2774 1699 3016 1768 Denique
3045 1699 3355 1770 Stephanus
3387 1717 3491 1753 non
3527 1714 3681 1769 supra
3708 1709 3796 1752 ter-

509 1803 780 1872 taugimus
811 1819 823 1852 :
857 1799 1106 1854 Nondum
1127 1800 1286 1864 enim,
1312 1798 1506 1867 inquit,
1541 1797 1750 1850 ascendi
1790 1796 1858 1849 ad
1903 1793 2116 1848 Patrem
2148 1789 2194 1849 Β
2223 1811 2338 1849 rant
2367 1795 2636 1864 quaisivit,
2667 1795 2758 1864 qui
2782 1802 3019 1848 stantem
3050 1803 3101 1848 te
3128 1793 3199 1849 ad
3226 1795 3510 1849 dexteram
3533 1794 3627 1849 Dei
3654 1794 3790 1848 vidit:

505 1910 673 1948 meum
702 1891 884 1963 (Joan.
917 1907 1011 1958 xx,
1050 1888 1172 1961 li);
1212 1892 1316 1944 hoc
1343 1899 1447 1953 est,
1481 1888 1716 1942 nondum
1747 1887 1845 1942 tibi
1868 1885 2111 1952 ascendi,

504 2000 625 2054 qua:
657 1985 924 2038 viventem
953 1997 1077 2037 cum
1106 1981 1335 2036 mortuis
1365 1981 1604 2051 quaeris:
1639 1990 1694 2034 et
1729 1978 1850 2033 ideo
1888 1979 1952 2032 ad
1998 1977 2113 2033 for-

510 2079 678 2131 tiores
714 2075 968 2140 mittitur,
1002 2089 1233 2145 quorum
1277 2076 1502 2129 credere
1552 2084 1575 2109 τι
1613 2073 1794 2128 discat
1835 2073 2109 2142 exemplo,

509 2181 566 2225 ut
596 2171 671 2225 illi
700 2170 1161 2225 resurrectionem
1194 2167 1514 2237 pra-dicent.

578 2263 703 2318 156.
760 2262 912 2317 Sicut
969 2261 1023 2314 in
1085 2260 1352 2330 principio
1422 2258 1621 2313 mulier
1691 2269 1880 2313 auctor
1937 2258 2110 2328 culpa:

506 2355 626 2421 fuit,
676 2357 758 2411 vir
787 2366 1080 2411 exsecutor
1121 2355 1366 2410 erroris:
1400 2355 1470 2407 ita
1523 2368 1663 2407 nunc
1709 2369 1829 2422 qure
1875 2362 2106 2406 mortem

507 2448 625 2503 viro
655 2449 805 2519 prior
851 2457 1160 2518 gustaverat
1191 2483 1208 2513 ,
1243 2444 1701 2500 resurrecrionem
1750 2445 1897 2513 prior
1928 2443 2063 2497 vidit
2091 2485 2106 2510 ,

508 2542 683 2612 culpa:
714 2541 950 2608 ordine,
1007 2551 1059 2595 et
1090 2539 1338 2595 remedio
1391 2537 1560 2608 prior.
1635 2537 1694 2592 Et
1747 2553 1814 2591 ne
1861 2537 2108 2606 perpetui

504 2647 692 2691 reatus
763 2635 907 2706 apud
965 2635 1111 2690 viros
1173 2634 1522 2706 opprobrium
1591 2633 1940 2688 sustineret:
1986 2648 2106 2703 qua:

508 2727 722 2800 1538
747 2729 962 2797 culpam
1002 2729 1119 2782 viro
1163 2726 1552 2791 transfuderat,
1581 2724 1873 2780 trausfudit
1905 2735 1957 2778 et
1978 2739 2103 2796 gra-

504 2821 655 2882 tiam,
699 2821 1007 2889 veterisque
1036 2821 1219 2890 lapsus
1246 2831 1567 2888 compensat
1589 2835 1886 2873 aerumnam
1921 2833 2104 2872 resur-

504 2912 758 2967 remionis
800 2912 1023 2967 indicio.
1060 2914 1160 2967 Per
1215 2929 1278 2968 os
1317 2913 1562 2967 mulieris
1607 2929 1755 2968 mors
1801 2922 1928 2967 ante
1975 2929 2100 2982 pro-

501 3014 763 3070 cesserat,
793 3016 890 3075 per
919 3020 982 3059 os
1009 3004 1254 3058 mulieris
1276 3007 1383 3058 vita
1416 3015 1725 3072 reparatur.

573 3098 695 3152 157.
724 3097 833 3153 Sed
863 3097 986 3168 quia
1013 3099 1321 3152 constantia
1367 3098 1433 3152 ad
1479 3098 1882 3167 praedicandum
1909 3115 2096 3154 neces-

495 3190 660 3256 saria,
695 3191 918 3246 inferior
946 3206 1107 3245 sexus
1137 3190 1201 3244 ad
1225 3191 1631 3259 exsequendum
1658 3191 1943 3259 iulirmior,
1972 3194 2100 3247 viris

493 3283 898 3354 evangelizaudi
938 3283 1224 3338 mandatur
1251 3283 1511 3338 officium.
1558 3284 1691 3340 Nam
1734 3285 1878 3341 sicut
1907 3291 2100 3343 mulie-

497 3393 614 3430 rum
644 3393 740 3447 per
769 3377 956 3433 Jesum
991 3392 1099 3432 non
1129 3377 1305 3432 solum
1329 3379 1486 3446 culpa
1517 3379 1769 3444 solvitur,
1809 3380 1904 3435 sed
1935 3381 2097 3436 etiam

498 3471 886 3539 nmltiplicatur
912 3473 1120 3540 gratia;
1148 3481 1204 3525 ut
1229 3471 1473 3538 pluribus
1503 3472 1754 3538 suadeat,
1785 3490 1904 3544 qua:
1930 3493 2096 3532 unum

495 3572 622 3616 ante
649 3563 941 3632 deceperat
972 3581 984 3615 :
1023 3562 1094 3616 ita
1118 3575 1173 3617 et
1203 3566 1303 3627 vir,
1331 3564 1423 3632 qui
1446 3573 1651 3620 temere
1685 3579 1806 3621 ante
1845 3571 2095 3625 credide-

498 3665 622 3719 rat,
671 3657 968 3710 feneratum
1018 3671 1215 3711 munus
1258 3671 1586 3726 recuperare
1633 3659 1848 3725 debuit;
1901 3673 1955 3718 ut
2003 3667 2096 3735 qui

497 3747 599 3802 sibi
647 3750 764 3817 ipse
793 3749 966 3804 fuerat
1000 3750 1066 3802 ad
1115 3749 1446 3805 credendum
1489 3752 1750 3820 lubricus,
1790 3755 1946 3812 ﬁeret
1973 3759 2096 3815 aliis

497 3841 564 3895 ad
597 3842 1006 3913 praedicandum
1033 3843 1279 3899 idoneus.

569 3934 694 3990 158.
737 3937 840 3991 Sed
881 3937 1226 3991 advertamus
1294 3937 1457 3991 verba
1514 3937 1750 3993 mandati
1785 3957 1797 3992 :
1832 3940 1959 3995 Noli
2014 3959 2092 3998 me

493 4037 750 4100 tangore;
795 4031 1025 4082 nondum
1070 4031 1204 4082 enim
1256 4031 1466 4083 arcendi
1517 4031 1585 4084 ad
1643 4029 1855 4086 Patrem
1900 4051 2088 4090 meum.

502 4121 649 4175 Vade
674 4131 841 4173 autem
879 4123 948 4175 ad
983 4126 1168 4192 fratres
1215 4139 1372 4188 meos,
1391 4133 1438 4176 et
1481 4124 1565 4176 dic
1595 4127 1668 4180 eis
1709 4142 1726 4180 :
1757 4127 1994 4183 Ast-endo
2024 4132 2092 4185 ad

497 4211 706 4266 Patrem
749 4227 936 4278 meum,
970 4223 1018 4267 et
1048 4212 1262 4267 Patrem
1292 4223 1514 4267 vestrum
1542 4231 1560 4268 :
1599 4214 1766 4269 Deum
1815 4235 2001 4288 metuit,
2045 4234 2091 4278 et

500 4305 663 4360 Deum
692 4314 912 4359 vestrum
939 4303 1120 4376 (Jaan.
1155 4321 1248 4372 xx,
1278 4305 1387 4378 17).
1425 4305 1710 4372 Quomodo
1752 4325 1858 4365 non
1890 4329 2086 4370 ascen-

489 4397 672 4462 deras,
717 4397 942 4452 Domine
975 4396 1144 4453 .Iesu'!
1182 4398 1647 4465 Quemadmodum
1671 4399 1883 4470 aberas,
1911 4407 1998 4474 qui
2031 4407 2086 4463 in

490 4505 684 4545 manus
707 4491 882 4544 Patris
908 4491 1394 4546 commendaveras
1424 4492 1709 4560 spiritum?
1736 4496 1841 4548 Aut
1867 4499 2086 4566 quando

491 4585 684 4640 abesse
729 4594 907 4655 potes,
939 4585 1030 4656 qui
1070 4599 1286 4655 semper
1339 4585 1392 4639 in
1443 4585 1601 4641 Patre
1635 4601 1719 4651 es,
1760 4605 1884 4643 cum
1930 4591 2089 4648 Patre

487 4679 742 4749 semper?
790 4678 1031 4748 Denique
1059 4678 1175 4748 ipse
1220 4677 1402 4732 dixisti
1433 4696 1446 4732 :
1481 4679 1542 4735 Si
1572 4679 1882 4738 descendero
1923 4685 1977 4739 iu
2005 4687 2086 4741 iu-

485 4772 714 4839 fcrnum,
747 4771 890 4825 ades.-
926 4772 986 4827 δε
1014 4783 1280 4842 sumpsero
1303 4787 1498 4839 pennas
1522 4787 1661 4827 meas
1687 4785 1804 4829 ante
1829 4777 2014 4842 lucem,
2039 4789 2084 4833 et

482 4863 706 4919 habitem
749 4865 803 4918 in
831 4875 1054 4919 extremo
1082 4866 1268 4930 maris,
1301 4865 1491 4919 etenim
1526 4865 1618 4919 illo
1646 4882 1828 4922 manus
1869 4878 1956 4924 tua
1993 4871 2082 4925 de-

479 4961 632 5014 ducet
661 4976 740 5014 me
775 4959 950 5031 (Psat.
977 4975 1237 5026 cxxxvut,
1282 4958 1315 5013 8
1357 4969 1405 5012 et
1443 4960 1598 5030 seq.).
1650 4966 1757 5018 Aut
1808 4967 2080 5034 quomodo

477 5045 749 5117 ascendis,
783 5051 872 5122 qui
898 5051 1095 5121 ubique
1122 5063 1337 5120 semper
1367 5049 1464 5107 es?

555 5145 677 5201 159.
719 5145 1054 5201 Descendisti
1078 5146 1295 5216 quidem
1333 5147 1504 5204 Filius
1535 5148 1791 5216 hominis,
1837 5167 1937 5207 nec
1979 5137 2077 5207 βει-

475 5241 564 5303 tri,
597 5253 718 5294 cum
747 5239 1126 5306 descenderes,
1165 5240 1426 5296 abfuisti:
1465 5242 1562 5297 sed
1601 5241 1931 5300 descendisti
1972 5261 2069 5300 no-

472 5327 590 5397 bis;
624 5341 682 5386 ut
711 5342 762 5387 te
800 5330 972 5387 oculis
1015 5348 1079 5388 ac
1127 5334 1398 5389 mentibus
1430 5334 1756 5401 videremus,
1800 5345 1861 5390 ut
1911 5337 1963 5391 in
2020 5349 2072 5393 te

470 5427 838 5486 crederemus.
869 5427 1012 5498 Ergo
1033 5437 1088 5483 et
1108 5429 1398 5483 ascendisti
1429 5429 1619 5494 nobis;
1645 5436 1775 5484 utet
1797 5439 1848 5484 te
1877 5445 2068 5501 seque-

469 5533 651 5576 remur
682 5520 976 5584 mentibus,
1005 5529 1164 5590 quem
1201 5521 1370 5575 oculis
1400 5521 1586 5576 videre
1620 5537 1726 5575 non
1753 5537 2063 5591 possumus.

543 5655 568 5684 ⁸
609 5654 770 5706 t‘mrb.
813 5661 866 5707 et
895 5654 984 5707 alii
1029 5665 1258 5723 quatuor
1280 5695 1294 5719 ,
1320 5665 1532 5724 cogatur
1557 5657 1810 5726 exemplo.
1845 5658 1951 5714 Sed
1985 5660 2070 5715 hic

472 5726 695 5796 verbum
725 5733 958 5796 cogatur,
988 5726 1089 5777 lata
1115 5727 1510 5795 significatione
1526 5727 1897 5796 accipiendum
1925 5740 2068 5788 esset

468 5809 566 5864 pro
599 5793 890 5848 itttlttcttittr.

2222 1886 2388 1940 Maria
2433 1897 2614 1940 autem
2658 1887 2781 1956 quia
2821 1887 3103 1954 qumrebat
3148 1888 3199 1940 in
3235 1897 3402 1952 terra,
3447 1897 3662 1956 tangere
3703 1902 3790 1940 non

2218 1978 2390 2047 potuit
2429 1978 2608 2048 (Joan.
2635 1994 2787 2043 xm,
2814 1979 2925 2049 17).
2953 1979 3264 2049 Stephanus
3308 1981 3502 2049 tetigit,
3525 1981 3644 2050 quia
3667 1993 3790 2048 quat-

2216 2071 2584 2138 sivitiucmlo;
2616 2071 3083 2142 Stephanusinter
3104 2073 3324 2128 Judmos
3352 2073 3492 2129 vidit
3513 2074 3786 2129 absentem:

2216 2165 2378 2220 Maria
2404 2166 2544 2220 inter
2573 2166 2799 2236 angelos
2831 2182 2936 2222 non
2970 2167 3108 2221 vidit
3137 2178 3487 2238 praesentem.
3518 2167 3619 2223 Sed
3644 2181 3786 2238 quare

2213 2274 2319 2312 non
2384 2260 2623 2326 potuerit
2666 2258 2758 2312 illa
2813 2267 3075 2328 tangere,
3153 2259 3493 2330 evangelista
3544 2259 3653 2328 ipse
3698 2271 3779 2312 nos

2214 2351 2624 2416 docuitdicens,
2649 2352 2775 2422 quia
2804 2368 2926 2407 cum
2951 2365 3001 2408 te
3043 2353 3274 2419 videret,
3301 2355 3576 2409 nesciebat
3599 2354 3709 2424 quia
3739 2363 3782 2406 tu

2214 2459 2316 2510 es;
2347 2444 2426 2498 sic
2469 2445 2612 2498 enim
2649 2445 2817 2500 habes
2847 2462 2860 2497 :
2913 2444 3169 2500 Conversa
3209 2456 3284 2500 est
3338 2457 3631 2513 retrorsum,
3655 2455 3699 2500 et
3724 2447 3782 2500 ri-

2211 2535 2283 2588 dit
2305 2534 2486 2589 Jesum
2512 2546 2752 2604 stantem,
2787 2548 2835 2591 et
2865 2554 2966 2592 non
2981 2537 3306 2610 sciebatquia
3329 2537 3485 2593 Jesus
3517 2550 3585 2592 est
3605 2537 3776 2608 (lbid.,

2213 2631 2288 2704 1).
2323 2632 2518 2688 Merito
2553 2641 2776 2703 tangere
2820 2649 2925 2688 non
2955 2634 3148 2703 potuit,
3196 2650 3314 2704 quae
3347 2633 3534 2688 videre
3562 2648 3659 2688 non
3700 2647 3778 2703 po-

2210 2735 2415 2792 tuerat;
2459 2744 2579 2781 nam
2611 2730 2700 2798 qui
2732 2727 2881 2782 videt
2901 2729 3092 2797 tangit.

2280 2820 2401 2874 161.
2439 2819 2626 2890 Itaque
2665 2821 2791 2890 quid
2825 2821 3040 2875 intersit
3086 2821 3229 2875 inter
3268 2820 3414 2874 illaut
3451 2829 3506 2874 et
3531 2819 3659 2872 hanc
3685 2817 3777 2871 lla-

2205 2913 2339 2965 riam
2374 2913 2655 2982 Scriptura
2706 2913 3004 2982 distinguit.
3036 2910 3129 2965 llla
3179 2911 3445 2975 occurrit,
3491 2921 3546 2964 ut
3593 2908 3775 2983 1539

2203 3001 2388 3058 Jesutn
2430 3005 2640 3070 videat,
2687 3003 2802 3058 haec
2834 3015 3130 3058 retrorsum
3155 3003 3493 3057 conVcrtitur
3525 3021 3538 3055 :
3586 3003 3665 3056 illa
3699 3017 3773 3053 sa-

2206 3095 2425 3163 lutatur,
2477 3099 2591 3152 haec
2617 3098 2981 3166 redarguitur.
3016 3099 3259 3168 Denique
3303 3099 3382 3152 sic
3411 3098 3576 3152 habes
3619 3115 3631 3149 :
3661 3095 3772 3148 Dicit

2206 3193 2250 3245 ei
2279 3190 2432 3246 Iesus
2463 3209 2479 3246 :
2526 3191 2718 3246 Mulier
2749 3190 2928 3260 (Joau.
2973 3209 3068 3258 xx,
3119 3191 3231 3263 14).
3281 3192 3411 3258 Quze
3454 3209 3558 3246 non
3605 3190 3768 3254 credit,

2206 3288 2400 3341 mulier
2429 3295 2535 3347 est.
2571 3297 2622 3341 et
2654 3287 2830 3342 adhuc
2861 3289 3108 3356 corporei
3133 3302 3296 3341 sexus
3325 3288 3678 3357 appellatione
3711 3284 3769 3336 si-

2203 3390 2399 3449 gnatur
2433 3398 2444 3431 :
2473 3395 2596 3434 nam
2626 3397 2746 3448 quae
2788 3380 2984 3446 credit,
3030 3379 3266 3434 occurrit
3306 3381 3358 3434 in
3416 3382 3589 3434 virum
3621 3377 3767 3448 perfe-

2201 3470 2432 3537 ctum,iu
2465 3487 2775 3526 mensuram
2801 3473 2977 3526 atatis
3001 3473 3357 3541 plenitudinis
3384 3472 3766 3539 Chrisri,carcus

2196 3565 2306 3633 jam
2337 3565 2553 3618 nomine
2585 3564 2795 3629 steculi,
2831 3566 3078 3634 corporis
3116 3581 3272 3629 sexu,
3309 3566 3520 3621 lubrico
3547 3567 3767 3636 juventu-

2201 3659 2288 3724 tis,
2321 3657 2664 3727 multiloquio
2693 3659 3010 3713 senectutis.
3040 3659 3177 3713 Dicit
3206 3675 3334 3730 ergo
3358 3658 3550 3715 Jesus:
3580 3659 3763 3720 Mulier,

2197 3750 2322 3818 quid
2351 3749 2524 3817 ploras
2557 3749 2746 3821 (lbid.,
2780 3750 2912 3823 ‘25)?
2941 3753 3104 3818 Quasi
3151 3753 3296 3807 dicat
3339 3771 3351 3806 :
3386 3753 3502 3808 Non
3534 3755 3764 3824 lacryutas

2199 3847 2371 3899 nudas
2418 3845 2580 3911 Deus,
2629 3845 2721 3900 sed
2762 3846 2922 3900 fidem
2974 3847 3161 3917 exigit.
3217 3848 3379 3902 Bonae
3438 3850 3693 3919 lacryma-,
3729 3845 3763 3898 si

2195 3939 2468 3994 Christum
2497 3954 2781 4009 agnoscas.
2814 3939 2976 4007 Quem
3000 3941 3191 4009 quieris
3219 3939 3449 4014 (Ιὸἰά.)ἳ
3474 3942 3650 4012 inquit.
3672 3937 3763 3990 Mu-

2196 4033 2378 4088 Iimina
2408 4034 2553 4089 enim
2588 4033 2851 4088 Dominus
2880 4049 3000 4089 sera
3023 4035 3373 4089 condemnat.
3404 4033 3508 4089 Sed
3539 4035 3663 4087 bene
3685 4029 3761 4082 ad-

2195 4128 2333 4183 didit
2367 4145 2380 4181 :
2416 4127 2578 4194 Quem
2609 4129 2840 4198 quieris?
2889 4128 3004 4182 Non
3056 4130 3198 4198 quod
3241 4131 3344 4184 isre
3380 4130 3586 4184 dubitet
3623 4140 3758 4196 quem

2194 4221 2436 4290 requirat
2467 4261 2484 4286 ,
2517 4219 2611 4275 sed
2640 4221 2765 4290 quia
2815 4221 2901 4275 illa
2945 4237 3103 4291 quem
3133 4231 3362 4291 quaerat,
3390 4223 3623 4294 ignorat;
3670 4233 3756 4272 non

2191 4313 2334 4370 enim
2363 4314 2637 4369 Christum
2669 4313 2884 4383 quaerit,
2933 4331 3090 4384 quem
3140 4325 3292 4384 putat
3341 4327 3570 4385 raptum.
3613 4313 3754 4368 Adest

2193 4409 2468 4476 Christus,
2525 4408 2983 4479 quemadmodum
3029 4410 3326 4479 quaeritur?
3378 4410 3617 4465 Nescitur
3649 4419 3754 4476 ergo

2195 4503 2285 4571 qui
2319 4501 2600 4570 quatrilur,
2628 4499 2845 4570 quando
2878 4516 2982 4555 non
3009 4502 3379 4570 cognoscitur,
3409 4519 3526 4557 cum
3552 4502 3749 4555 videtur.

2266 4592 2388 4646 162.
2422 4591 2662 4660 Denique
2686 4589 2959 4646 Christum
2985 4592 3220 4655 videbat,
3246 4599 3302 4648 et
3328 4593 3656 4649 hortulanum
3677 4607 3752 4660 pu-

2192 4683 2369 4748 tabat;
2402 4683 2483 4739 sic
2511 4684 2656 4738 enim
2696 4683 2864 4739 habes
2897 4703 2909 4738 :
2957 4684 3062 4738 Illa
3105 4686 3411 4741 existimans
3452 4689 3568 4758 quia
3603 4683 3752 4739 hortu-

2191 4777 2342 4830 lanus
2373 4787 2522 4844 esset,
2557 4777 2690 4832 dixit
2717 4779 2762 4832 ei
2792 4793 2810 4832 :
2838 4777 3076 4845 Domine,
3108 4781 3152 4832 si
3180 4791 3232 4833 tu
3258 4782 3513 4836 sustulisti
3541 4798 3661 4844 cum,
3685 4778 3752 4830 di-

2179 4869 2282 4922 cito
2313 4869 2439 4922 mihi
2468 4868 2556 4922 ubi
2583 4870 2801 4939 posuisti
2827 4885 2959 4934 cum,
3004 4879 3052 4924 et
3080 4887 3170 4942 ego
3197 4888 3313 4926 eum
3351 4875 3530 4929 tollam
3563 4875 3748 4947 (Ibid).

2189 4961 2301 5016 Etsi
2344 4963 2449 5017 fide
2508 4963 2735 5030 incerta,
2771 4974 2947 5018 tamen
2985 4980 3242 5020 sermone
3273 4984 3381 5022 non
3417 4970 3634 5023 lubrica:
3663 4969 3746 5024 etsi

2187 5052 2532 5108 hortulanum
2558 5054 2780 5122 putavit,
2801 5066 2982 5109 tamen
3003 5055 3092 5109 Dei
3110 5054 3301 5110 Filium
3326 5057 3638 5130 designavit:
3658 5059 3743 5114 etsi

2184 5143 2364 5198 adhuc
2382 5157 2486 5199 non
2514 5144 2896 5206 credit,tatncn
2923 5145 3134 5200 affeCtat
3152 5156 3208 5200 ut
3225 5150 3445 5216 credat;
3486 5153 3593 5221 ipse
3619 5154 3739 5208 enim

2183 5251 2380 5307 corpus
2427 5236 2568 5302 tulit,
2615 5229 2641 5274 δ
2673 5238 2761 5306 qui
2802 5233 3099 5293 suscitavit.
3124 5237 3267 5310 Ergo
3302 5239 3582 5299 veniabilis
3608 5257 3739 5299 error

2183 5331 2582 5401 mulieris,qu:e
2605 5329 2992 5386 licetdubitare
3006 5347 3112 5387 non
3133 5333 3530 5392 debuitChristi
3570 5351 3738 5406 corpus

2179 5441 2272 5497 per
2309 5428 2533 5498 gloriam
2560 5429 2976 5483 resurrectionis
2996 5437 3355 5496 assumptum;
3385 5432 3559 5487 doceri
3585 5441 3734 5485 tamen

2175 5521 2334 5591 gestit
2367 5540 2392 5573 a
2428 5517 3075 5584 Christo,eitldeiusuam
3097 5519 3293 5576 devota
3318 5523 3601 5593 promittit;
3624 5527 3734 5576 utet

2250 5660 2276 5698 δ
2302 5661 2445 5740 diss.
2469 5663 2672 5740 aliquot
2695 5663 2929 5740 melioris
2951 5664 3072 5728 aevi,
3098 5668 3186 5736 qui
3213 5671 3456 5740 suscepit;
3483 5683 3546 5725 eo
3565 5676 3732 5733 nempe

2179 5733 2504 5813 sigt‘iilicatu,
2535 5749 2638 5802 quo
2659 5733 2794 5788 infra
2821 5734 3022 5813 dicitur
3045 5778 3059 5803 ,
3092 5733 3279 5810 corpus
3313 5733 3402 5810 μὲν
3429 5733 3630 5813 gloriam
3663 5751 3730 5792 re-

2179 5803 2506 5860 surrectionis
2536 5811 2877 5878 assumptum.
