3920 6322
460 269 596 328 1847

1803 265 2052 323 εΑΝετι
2089 263 2419 323 AMBROSII

3614 265 3738 323 ιδιε

455 395 668 442 certum
696 393 785 442 est
828 384 1142 442 convenire.
1177 384 1300 455 Ipsa
1354 384 1514 455 igitur
1543 382 1841 455 Scripturae
1884 384 2050 441 verba
2082 383 2324 447 AVidet
2361 399 2485 440 eum
2532 382 2713 453 solus,
2755 382 2906 440 videt
2948 398 3073 440 cum
3114 382 3397 450 undecim,
3445 383 3593 440 videt
3628 397 3737 439 cum

456 477 893 535 consideremus.

526 570 654 627 172.
686 568 889 643 (Vers.
921 568 1163 641 55.57.)
1201 568 1295 626 Sic
1340 573 1418 627 ait
1458 570 1700 628 Joannes
1732 590 1746 628 :
1786 568 1857 626 Et
1896 571 2063 645 gavisi

454 673 577 721 sunt
610 664 885 735 discipuli,
924 664 1032 719 viso
1068 662 1318 720 Domino.
1352 664 1494 721 Dicit
1524 680 1655 737 ergo
1686 665 1771 722 his
1818 665 2056 721 iterum:

451 759 570 814 Pax
593 758 763 823 vobis,
795 759 931 812 sicut
956 758 1099 813 misit
1137 774 1218 813 me
1248 757 1441 827 Pater,
1476 767 1524 814 et
1549 775 1646 832 ego
1670 760 1819 814 mitto
1846 776 1955 814 vos.
1987 759 2055 814 Et

453 868 571 907 cum
601 852 698 906 hoc
726 850 963 918 dixisset,
993 850 1280 923 insufﬂauit
1306 851 1388 906 his
1410 860 1457 907 et
1477 842 1611 907 discit
1632 868 1652 907 :
1682 851 1909 925 Accipite
1936 851 2061 923 Spi-

449 947 609 1002 ritum
630 953 893 1013 sanctum;
907 962 1129 1016 quorum
1150 948 1452 1004 remiseritis
1475 957 1705 1018 peccata,
1728 949 2061 1004 remittuntur

452 1042 557 1109 his;
577 1050 627 1097 et
651 1058 872 1114 quarunt
899 1042 1239 1111 retinueritis,
1266 1052 1467 1098 retenta
1491 1053 1611 1099 sunt
1633 1040 1814 1115 (Joan.
1839 1058 1931 1110 xx,
1961 1042 2058 1109 20,

449 1142 497 1189 et
523 1131 679 1205 seq.).
704 1133 881 1190 Lucas
908 1144 1091 1189 autem
1120 1133 1290 1189 dicit:
1323 1133 1391 1189 Et
1426 1135 1684 1205 quomodo
1712 1144 2060 1207 cognoverunt

449 1242 569 1281 eum
608 1227 662 1281 in
691 1227 947 1299 fraclione
976 1226 1147 1296 panis.
1200 1225 1338 1282 Dum
1382 1238 1557 1282 autem
1600 1229 1711 1283 Itazc
1756 1229 2056 1298 loquuntur,

447 1319 560 1391 ipse
582 1320 720 1374 stetit
746 1320 800 1374 in
829 1319 1000 1374 medio
1023 1304 1223 1387 eorum,
1252 1330 1298 1374 et
1322 1321 1447 1375 dicit
1468 1322 1543 1375 eis
1567 1337 1585 1376 :
1612 1318 1730 1376 Pas:
1755 1320 1898 1375 vobis
1916 1362 1932 1390 ,
1966 1337 2059 1393 ego

452 1430 589 1480 sum,
632 1413 792 1469 nolite
827 1415 1026 1468 timere.
1060 1412 1366 1469 Conturbati
1393 1430 1509 1469 vero
1537 1424 1585 1468 et
1612 1415 1880 1470 conterriti
1921 1415 2061 1469 aestio

450 1505 660 1560 mabant
691 1523 746 1560 se
770 1506 1017 1577 spiritum
1045 1505 1237 1561 videre.
1265 1505 1337 1562 Et
1365 1515 1589 1578 possent
1619 1505 1790 1561 videri
1820 1506 1909 1561 hic
1940 1506 2062 1577 plu—

452 1612 544 1654 res
583 1598 787 1654 fuisse:
822 1598 916 1654 sed
947 1598 1073 1670 quia
1114 1606 1170 1654 et
1208 1598 1299 1655 hic
1340 1614 1467 1655 sero
1507 1598 1931 1654 resurrectionis
1969 1599 2060 1655 die

454 1693 601 1765 (nam
631 1691 1124 1762 advesperascente
1148 1691 1260 1763 jam
1290 1692 1379 1748 die
1404 1701 1429 1729 ⁸
1461 1693 1551 1762 qui
1582 1691 1797 1746 fuerant
1826 1691 2057 1764 ingressi

2162 477 2509 548 septuaginta
2530 518 2545 545 ,
2576 477 2726 533 videt
2749 484 2805 532 et
2830 476 3048 548 quando
3073 475 3314 533 Thomas
3336 475 3588 544 credidit,
3607 476 3741 534 videt

2161 584 2285 626 cum
2329 571 2674 643 piscaretur:
2707 569 2806 626 sed
2834 585 2946 625 non
2992 569 3196 627 vidisse
3235 579 3555 637 contentus,
3586 569 3743 642 impa-

2161 665 2306 722 tiens
2333 663 2633 732 desiderii,
2664 665 2944 737 negligens
2970 665 3269 736 captionis,
3303 666 3589 721 immemor
3613 666 3744 735 peri-

2160 757 2291 826 culi,
2317 767 2628 815 nontamen
2653 758 2941 815 immemor
2966 760 3322 825 reverentiae;
3352 757 3441 815 ubi
3469 757 3742 815 Dominum

2160 850 2298 907 vidit
2336 851 2390 907 in
2432 850 2649 920 littore,
2700 860 2849 907 veste
2877 867 2939 907 se
2970 850 3144 919 texit,
3178 864 3361 906 serum
3391 850 3667 905 mstimans
3701 849 3743 906 si

2160 960 2284 1002 cum
2329 948 2546 1002 caeteris
2591 946 2809 1016 navigio
2851 945 3180 1017 perveniret.
3229 943 3321 1001 Sic
3348 958 3471 1000 cum
3513 942 3568 999 in
3599 943 3747 1002 undis

2161 1039 2423 1096 Dominus
2454 1040 2789 1108 ambularet,
2820 1055 2986 1112 super
3011 1039 3188 1095 undas
3215 1040 3383 1095 maris
3412 1048 3615 1094 natura:
3642 1054 3745 1096 sua:

2160 1132 2363 1189 oblitus
2387 1133 2631 1190 occurrit
2663 1133 2684 1207 (
2708 1132 2901 1190 Matth.
2930 1149 3044 1201 xiv,
3071 1132 3179 1200 28)
3204 1149 3219 1188 :
3244 1133 3324 1189 sic
3352 1147 3475 1188 cum
3497 1147 3529 1187 a
3558 1131 3746 1189 Iudaeis

2159 1225 2421 1283 Dominus
2450 1234 2762 1293 teneretur,
2792 1228 3080 1283 adversum
3123 1226 3312 1283 turbas
3351 1225 3587 1298 gladium
3611 1225 3747 1283 solus

2158 1320 2373 1376 exeruit
2404 1317 2623 1393 (Matth.
2650 1335 2799 1386 xxvr,
2825 1319 2917 1391 51)
2942 1338 2957 1374 :
2982 1319 3066 1399 sic
3095 1328 3152 1375 et
3180 1333 3327 1374 nunc
3353 1333 3478 1374 cum
3500 1318 3747 1374 Dominus

2159 1412 2403 1469 stetisset
2429 1412 2481 1467 in
2509 1413 2696 1468 littore
2730 1411 3062 1483 periculoso,
3085 1411 3415 1483 compendio
3448 1410 3743 1483 religiosum

2159 1506 2451 1562 maturavit
2471 1505 2790 1577 obsequium
2820 1504 3004 1579 (Joan.
3032 1520 3149 1571 χιι,
3178 1503 3259 1575 4).

2170 1594 2173 1595 ⁷
2233 1599 2361 1654 175.
2404 1598 2519 1654 Non
2548 1606 2633 1655 est
2655 1598 2818 1670 igitur
2843 1596 3067 1654 dubium
3099 1597 3407 1654 credidisse
3432 1595 3670 1664 Petrum,
3697 1605 3746 1653 et

2136 1690 2461 1748 credidisse
2490 1692 2616 1763 quia
2636 1691 2849 1759 dilexit,
2881 1690 3141 1747 dilexisse
3168 1692 3293 1763 quia
3324 1690 3581 1747 credidit.
3604 1690 3747 1748 Unde

453 1803 675 1843 manere
704 1802 828 1842 cum
860 1788 1121 1853 Domino,
1157 1787 1248 1841 ubi
1286 1787 1382 1842 ille
1410 1802 1471 1842 se
1505 1796 1730 1855 repente
1769 1785 2057 1856 subduxit,
2089 1786 2137 1846 Β
2161 1794 2219 1841 et
2249 1786 2606 1841 contristatur
2631 1787 2758 1857 quia
2787 1792 2840 1842 et
2870 1787 3032 1843 tertio
3061 1786 3472 1859 interrogatur:
3506 1786 3658 1840 Amas
3677 1800 3744 1839 me

452 1881 644 1938 eadem
668 1881 801 1937 liora
824 1880 891 1936 ad
907 1880 1209 1951 discipulos
1233 1880 1284 1935 bi
1309 1880 1416 1935 duo
1438 1895 1715 1936 remeasse
1734 1879 2058 1951 produntur,

451 1974 673 2047 quando
696 1975 960 2029 Dominus
988 1973 1317 2045 palpandutn
1337 1987 1397 2029 sc
1426 1971 1647 2044 obtulit)
1678 1981 1731 2028 et
1760 1972 2060 2029 secundum

449 2069 718 2125 Joannem
759 2084 885 2125 sero
926 2069 1016 2125 die
1054 2068 1180 2137 illa,
1231 2084 1337 2124 una
1388 2068 1740 2124 sabbatorum
1787 2068 2063 2125 inducitur

453 2163 777 2232 apparuisse
802 2161 1118 2235 discipulis,
1147 2172 1204 2219 et
1234 2164 1460 2220 vulnera
1496 2163 1765 2219 obtulisse
1794 2164 2059 2236 palpanda

451 2255 635 2330 (Joau.
668 2273 763 2324 xx,
799 2255 924 2329 t9);
953 2272 1025 2314 ne
1051 2257 1181 2329 quid
1208 2256 1578 2329 ambiguitatis
1608 2255 1866 2325 afferret,
1901 2264 2061 2330 puta-

454 2348 637 2404 vimus
660 2348 977 2420 diligentius
1002 2349 1414 2422 requirendum.

528 2447 653 2501 175.
693 2445 924 2502 Videtur
959 2447 1108 2502 enim
1136 2446 1429 2517 separatim
1457 2460 1518 2502 se
1548 2446 1668 2502 istis
1692 2445 1943 2502 undecim
1967 2445 2064 2501 dc-

456 2551 817 2609 monstrasse,
849 2539 993 2595 sicut
1018 2554 1078 2596 se
1099 2538 1126 2579 b
1145 2539 1439 2597 Ammaoui
1464 2550 1519 2595 et
1536 2539 1790 2610 Cleoplue
1814 2553 2061 2595 seorsum

451 2634 563 2705 jam
593 2648 824 2704 vespere
851 2633 1371 2690 demonstraverat:
1399 2643 1454 2690 et
1480 2633 1939 2705 quemadmodum
1972 2633 2060 2690 isti

453 2726 585 2793 duo,
611 2726 683 2781 ita
711 2726 878 2781 etiam
900 2725 1157 2782 videntur
1179 2726 1255 2782 illi
1287 2726 1542 2783 undecim
1562 2726 1628 2782 ad
1656 2727 2062 2784 conﬁrmandos

451 2818 697 2888 reliquos
726 2818 1022 2873 convenire
1068 2819 1333 2889 potuisse.
1384 2820 1625 2892 Denique
1657 2828 1713 2875 et
1749 2820 2063 2876 conturbati

454 2919 603 2977 sunt,
638 2918 697 2965 ut
718 2908 888 2966 habes
915 2911 1211 2966 secundum
1241 2911 1478 2980 Lucam;
1504 2923 1560 2969 et
1590 2913 1714 2970 ideo
1735 2914 1954 2985 aperuit
1982 2914 2062 2972 eis

454 3017 676 3058 sensum
699 3042 714 3066 ,
756 3010 815 3056 ut
843 3002 1217 3073 intelligerent
1244 3019 1310 3059 ea
1336 3021 1460 3075 quae
1489 3006 1689 3076 scripta
1719 3014 1864 3062 sunt.
1907 3007 2063 3062 Hunc

452 3104 636 3150 autem
678 3095 870 3160 latius,
919 3094 1074 3150 illum
1116 3096 1447 3151 succinctius
1486 3097 1773 3167 scripsisse
1816 3114 1924 3155 non
1964 3099 2065 3155 du-

2166 1879 2355 1953 (Ibid.,
2398 1879 2523 1952 l7)?
2549 1878 2597 1934 ls
2622 1879 2767 1936 enim
2796 1879 3191 1951 interrogatur,
3222 1879 3291 1935 de
3319 1893 3429 1950 quo
3457 1879 3746 1936 dubitatur;

2161 1973 2260 2028 sed
2300 1972 2566 2028 Dominus
2600 1989 2709 2027 non
2739 1971 2983 2041 dubitat,
3026 1973 3118 2044 qui
3164 1973 3503 2043 interrogat,
3557 1987 3658 2026 non
3698 1978 3751 2026 ut

2163 2064 2435 2131 disceret,
2474 2064 2570 2121 sed
2597 2072 2656 2120 ut
2685 2063 2912 2121 doceret
2938 2079 3099 2135 quem
3132 2063 3434 2120 eicvandus
3462 2064 3516 2119 in
3546 2063 3748 2127 coelum,

2161 2157 2366 2214 amoris
2406 2157 2490 2213 sui
2540 2157 2699 2214 nobis
2742 2156 2894 2212 velut
2940 2155 3206 2212 vicarium
3257 2154 3624 2225 relinquebat.
3673 2153 3750 2209 Sic

2162 2252 2308 2308 enim
2357 2250 2524 2308 habes
2552 2266 2571 2306 :
2610 2250 2796 2307 Simon
2829 2249 3074 2318 Joannis,
3098 2250 3276 2321 diligis
3318 2250 3450 2305 me?
3484 2248 3668 2321 Utique
3705 2257 3750 2303 tu

2161 2343 2286 2409 scis,
2307 2341 2551 2409 Domine,
2568 2344 2690 2414 quia
2711 2359 2827 2398 amo
2850 2350 2917 2397 te.
2943 2342 3087 2397 Dicit
3119 2343 3165 2398 ei
3187 2341 3341 2398 Iesus
3368 2358 3388 2398 :
3417 2341 3587 2399 Pasce
3607 2358 3750 2415 agnos

2162 2452 2303 2492 meos
2345 2434 2537 2510 (Ibid.,
2569 2436 2692 2509 i6).
2726 2437 2874 2493 Bene
2903 2438 3158 2494 conscius
3186 2438 3268 2493 sui
3297 2452 3408 2493 non
3451 2437 3521 2493 ad
3560 2447 3750 2508 tempus

2163 2534 2539 2597 assumptum,
2579 2527 2676 2583 sed
2718 2527 3042 2598 jamdudum
3092 2528 3203 2585 Deo
3246 2529 3528 2601 cognitum
3576 2529 3750 2585 Petrus

2166 2619 2491 2676 testificatur
2520 2619 2797 2677 allectum.
2830 2622 2961 2690 Quis
2993 2630 3078 2677 est
3117 2622 3264 2678 enim
3294 2621 3438 2677 alius
3457 2664 3473 2689 ,
3502 2621 3594 2695 qui
3617 2621 3680 2678 de
3701 2636 3752 2678 se

2164 2714 2268 2771 boc
2296 2714 2457 2772 facile
2486 2716 2732 2787 profiteri
2767 2716 2979 2787 possit?
3024 2716 3092 2771 Et
3118 2715 3244 2772 ideo
3271 2716 3399 2788 quia
3429 2717 3583 2773 solus
3610 2715 3750 2788 proﬁ-

2166 2817 2311 2865 tetur
2337 2825 2406 2865 ex
2434 2809 2690 2865 omnibus
2709 2850 2724 2876 ,
2756 2808 3011 2864 omnibus
3040 2808 3374 2871 antefertur;
3402 2808 3580 2881 mijor
3622 2807 3750 2866 enim

2166 2902 2420 2961 omnibus
2469 2901 2734 2958 cbaritas.

2239 2995 2362 3052 176.
2405 2994 2541 3051 Illud
2564 3010 2783 3067 quoque
2811 2994 3130 3067 diligentius
3150 2994 3501 3065 intuendum,
3524 3011 3621 3054 cur
3643 3010 3749 3053 cum

2166 3088 2429 3145 Dominus
2466 3088 2669 3145 dixerit
2699 3106 2711 3143 :
2751 3089 2943 3160 Diligis
2972 3090 3092 3145 me?
3131 3089 3226 3146 ille
3265 3090 3618 3162 responderit
3644 3106 3658 3145 :
3682 3087 3746 3144 Tu

452 3188 603 3244 bium
627 3198 733 3244 est.
760 3186 1048 3255 Quomodo
1068 3188 1212 3243 enim
1242 3188 1343 3243 soli
1365 3187 1566 3260 Cepba:
1594 3191 1766 3245 visum
1788 3191 2059 3258 dicerent,
2086 3179 2132 3243 C
2163 3181 2292 3249 σεῖε,
2322 3180 2576 3248 Domine,
2606 3181 2731 3253 quia
2761 3198 2880 3237 amo
2907 3192 2973 3237 te.
3007 3181 3067 3238 In
3093 3197 3205 3254 quo
3233 3183 3456 3240 videtur
3486 3182 3612 3241 mibi
3631 3182 3750 3239 dile4

453 3284 501 3338 si
533 3284 602 3339 ab
644 3285 898 3340 omnibus
938 3293 1057 3340 erat
1087 3283 1275 3340 visus?
1313 3283 1423 3340 Sed
1466 3289 1609 3341 sicut
1644 3300 1711 3342 ex
1738 3286 2062 3344 mulieribus

451 3374 670 3444 Mariae,
700 3386 756 3432 et
794 3377 887 3431 alii
919 3377 1103 3434 Maria:
1142 3378 1505 3448 Magdalenae;
1538 3377 1610 3432 ita
1641 3394 1707 3435 ex
1742 3380 1870 3435 viris
1900 3381 2062 3437 Petro

451 3468 606 3523 visus
640 3478 724 3523 est
770 3467 947 3537 primo
990 3484 1169 3525 mane.
1215 3469 1279 3525 Et
1328 3470 1523 3526 Paulus
1562 3472 1642 3527 sic
1686 3472 1798 3527 ait:
1843 3472 2062 3529 Tradidi

455 3561 591 3616 enim
619 3560 762 3615 vobis
788 3561 1044 3631 imprimis
1065 3603 1080 3629 ,
1110 3563 1235 3631 quia
1264 3560 1500 3619 Christus
1530 3574 1761 3620 mortuus
1781 3574 1857 3620 est
1881 3582 2063 3622 secun-

454 3654 582 3709 dum
605 3654 933 3727 Scripturas,
961 3666 1007 3709 et
1035 3655 1156 3725 quia
1176 3657 1408 3726 sepultus
1430 3667 1526 3725 est,
1560 3666 1608 3712 et
1635 3658 1757 3727 quia
1781 3660 2061 3716 resurrexit

453 3748 607 3803 tertia
653 3748 737 3802 die
779 3749 1063 3805 secundum
1108 3748 1451 3818 Scripturas,
1496 3760 1547 3805 et
1584 3752 1723 3805 visus
1763 3761 1838 3807 est
1874 3751 2063 3823 Cephea

452 3840 497 3912 (l
526 3838 649 3896 Cor.
680 3856 770 3909 xv,
799 3840 834 3896 5
856 3850 903 3895 et
924 3840 1081 3913 seq.).
1107 3841 1175 3906 Et
1196 3841 1320 3897 ideo
1343 3841 1554 3897 Marcus
1567 3843 1879 3914 specialiter
1902 3844 2060 3900 indu-

449 3936 527 3991 cit
562 3937 819 4005 juvenem
847 3935 1197 3992 mandantem
1240 3945 1299 3990 ut
1328 3936 1486 3991 Petro
1513 3945 1568 3991 et
1595 3936 1878 4009 discipulis
1907 3939 2059 3996 dice-

452 4037 576 4085 rent
595 4029 1007 4099 mulieres,quia
1022 4029 1258 4084 surrexit
1279 4028 1560 4098 Dominus(
1574 4029 1900 4096 Μαῖαν*ιῶ
1918 4040 1963 4086 et
1979 4032 2058 4105 '1).

530 4119 743 4192 1542
792 4120 917 4176 174.
973 4121 1166 4177 Petrus
1212 4136 1342 4193 ergo
1382 4121 1519 4177 vidit
1558 4124 1708 4179 solus
1734 4125 2055 4193 Dominum;

452 4212 673 4267 devotio
701 4213 845 4266 enim
879 4221 1065 4282 parata
1087 4227 1311 4281 semper
1330 4223 1385 4269 et
1412 4226 1659 4283 prompta
1688 4218 1970 4285 credebat,
2004 4228 2061 4276 et

451 4303 577 4359 ideo
598 4304 851 4359 studebat
879 4304 1250 4375 frequentiora
1276 4304 1402 4359 ﬁdei
1428 4306 1582 4376 signa
1609 4307 1889 4379 colligere.
1914 4310 2058 4369 Alibi

449 4411 574 4453 cum
608 4397 837 4476 Joanne,
867 4397 997 4452 alibi
1027 4396 1202 4462 solus,
1235 4396 1434 4466 ubique
1461 4407 1642 4454 tamen
1675 4400 1906 4473 impiger
1933 4419 2060 4460 cur-

445 4492 556 4556 rit,
591 4490 791 4561 ubique
839 4499 934 4545 aut
979 4489 1167 4557 solus,
1209 4499 1301 4544 aut
1348 4491 1590 4561 primus:
1627 4508 1735 4547 non
1766 4502 2056 4552 contentus

2164 3276 2276 3333 ctio
2303 3275 2504 3333 habere
2526 3277 2690 3333 animi
2713 3278 3059 3344 charitatem,
3083 3293 3239 3334 amor
3258 3279 3553 3349 quemdam
3577 3285 3746 3334 estora

2164 3381 2488 3443 conceptum
2533 3374 2781 3444 corporis
2820 3388 2885 3430 ac
2926 3374 3124 3430 mentis
3165 3372 3396 3442 ardore,
3448 3382 3507 3432 et
3551 3374 3744 3430 Petrum

2164 3469 2357 3538 Opinor
2408 3481 2519 3523 non
2565 3467 2743 3523 solum
2793 3468 3000 3535 animi,
3027 3470 3122 3525 sed
3162 3469 3324 3524 etiam
3381 3468 3631 3540 corporis
3672 3464 3745 3522 sui

2165 3562 2311 3617 circa
2336 3560 2429 3616 Dei
2452 3560 2658 3616 cultum
2689 3560 2909 3631 signare
2935 3560 3298 3633 ﬂagrantiam.
3326 3561 3576 3633 Denique
3599 3558 3744 3617 tertio

2166 3657 2429 3713 Dominus
2455 3673 2562 3712 non
2584 3657 2721 3729 jam,
2747 3657 2941 3730 Diligis
2967 3658 3086 3715 me?
3112 3658 3232 3726 sed,
3262 3659 3423 3714 Amas
3467 3660 3572 3715 me?
3595 3660 3744 3716 inter-

2164 3749 2375 3823 rogavit
2411 3749 2595 3823 (Joau.
2618 3766 2734 3819 xxi,
2761 3750 2881 3821 l7):
2917 3761 2972 3809 et
2995 3750 3106 3823 jam
3130 3766 3237 3808 non
3269 3768 3465 3823 agnos,
3488 3764 3544 3809 ut
3570 3755 3740 3825 primo,

2162 3842 2397 3915 quodam
2437 3842 2576 3899 lacte
2623 3844 2924 3899 vescendos
2946 3885 2961 3911 ,
3015 3859 3116 3899 nec
3144 3844 3386 3902 oviculas
3408 3855 3473 3902 ut
3500 3843 3738 3910 secundo,

2163 3939 2258 3994 sed
2282 3953 2413 3995 oves
2452 3952 2676 4010 pascere
2710 3938 2933 4010 jubctur
2957 3982 2971 4007 ,
3007 3939 3364 4010 perfectiores
3388 3948 3453 3997 ut
3471 3938 3741 4013 perfectior

2163 4030 2518 4102 gubernaret.

2235 4131 2361 4186 177.
2401 4130 2468 4186 Et
2514 4130 2638 4187 ideo
2692 4132 2846 4203 quasi
2898 4131 3142 4203 perfecto
3173 4133 3230 4189 in
3253 4134 3549 4202 omnibus,
3596 4144 3735 4204 quem

2161 4238 2293 4280 caro
2312 4224 2425 4295 jam
2466 4238 2726 4280 revocare
2775 4240 2885 4280 non
2929 4236 3112 4297 posset
3161 4241 3191 4281 a
3237 4227 3414 4298 gloria
3456 4224 3736 4297 passionis,

2161 4332 2366 4375 corona
2390 4317 2703 4375 decernitur
2727 4318 2886 4377 :Cum
2911 4336 3066 4387 esses,
3094 4319 3289 4390 inquit,
3304 4317 3736 4396 junior,cingebas

2161 4422 2228 4478 te,
2257 4421 2304 4468 et
2333 4413 2631 4469 ambulabas
2660 4413 2747 4468 ubi
2768 4413 3009 4469 volebas:
3032 4430 3152 4469 cum
3170 4423 3342 4470 autem
3368 4414 3597 4471 senueris
3619 4454 3634 4479 ,
3659 4426 3736 4465 ex-

2161 4507 2337 4562 tendes
2376 4523 2560 4562 manus
2610 4516 2761 4576 tuas,
2815 4517 2863 4563 et
2902 4508 3040 4563 alius
3091 4518 3138 4563 te
3180 4509 3495 4582 prwcinget,
3521 4516 3567 4563 et
3606 4504 3736 4559 ducet

443 4582 652 4640 vidisse
681 4599 804 4655 quae
834 4583 1082 4652 viderat,
1125 4584 1326 4655 repetit
1368 4584 1654 4651 intuenda,
1686 4595 1740 4643 ct
1774 4590 2057 4658 quaerendi
2084 4574 2137 4634 D
2162 4619 2261 4673 quo
2303 4612 2357 4657 ια
2382 4619 2483 4656 που
2513 4603 2587 4657 υἱ,
2615 4574 2794 4672 (Ibid,
2819 4645 2834 4670 ν
2864 4603 2977 4672 18),
3008 4602 3152 4658 Bona
3180 4574 3463 4671 'seneclﬁs,
3484 4574 3599 4658 νηοη
3624 4598 3732 4656 vita:

450 4677 667 4733 Domini
715 4691 906 4734 amore
964 4693 1292 4747 succensus,
1354 4694 1464 4735 non
1511 4682 1744 4738 satiatur
1797 4685 2049 4744 videndo.

450 4865 499 4919 ο
519 4802 547 4832 ι
576 4794 732 4876 ilum.
767 4794 924 4861 edit.,
955 4796 1042 4865 qui
1067 4798 1277 4867 fuerant
1316 4796 1535 4869 ingressi
1564 4800 1618 4855 iu
1646 4801 2049 4859 castellumcum

505 4882 695 4919 ommo.

505 4882 695 4919 ommo.

514 4936 543 4974 ἲν
586 4937 835 4994 Petavius
885 4936 934 5010 in
968 4942 1109 5010 nOtis
1138 4938 1205 4992 ad
1241 4939 1438 5008 Epipli.
1475 4941 1617 4997 llzer.
1653 4943 1724 4997 25
1758 4943 1901 5010 hznc,
1949 4948 2046 5000 οΙι-

444 5019 629 5063 scrvat
658 5026 670 5062 :
697 5009 994 5064 Ambrosius
1044 5008 1381 5064 Ammaonem
1432 5015 1569 5067 hunc
1604 5024 1747 5069 vocat
1774 5017 1845 5069 ad
1889 5008 2045 5074 Luca:

446 5096 565 5150 cap.
598 5095 737 5159 yttv.
772 5080 879 5159 Sed
905 5080 1076 5159 deesse
1104 5082 1244 5159 apud
1269 5082 1595 5159 Attt‘brosium
1622 5086 1824 5159 aliquid
1866 5093 2034 5159 suspi-

447 5149 557 5227 cor.
586 5149 723 5227 Nam
754 5152 951 5205 videtur
971 5149 1243 5227 A_mmaoni
1270 5153 1387 5227 loci_
1414 5149 1720 5210 uocabulum
1752 5160 1914 5227 fuisse
1943 5149 2039 5216 levi

445 5224 810 5302 depravatione
848 5238 968 5302 pro_
993 5220 1309 5302 Eutruaunti.
1347 5222 1519 5278 Porro
1543 5220 1761 5302 alterius
1772 5300 1780 5302 _
1803 5230 2046 5302 discipuli

445 5310 628 5365 nomen
651 5292 1076 5347 sttbstiluettdttnt.
1106 5292 1328 5357 Verum,
1358 5310 1489 5364 pace
1515 5300 1645 5353 tanti
1686 5300 1806 5365 viri,
1832 5316 1894 5356 ea
1917 5292 2047 5358 eon-

441 5364 651 5438 jectura
693 5375 839 5438 stare
863 5380 966 5438 non
1002 5374 1196 5430 potest.
1232 5364 1346 5438 Non
1379 5368 1524 5421 enim
1577 5369 1660 5424 hic
1688 5373 1863 5425 solum
1888 5414 1902 5438 ,
1948 5376 2045 5430 sed

446 5435 631 5488 sntiltis
661 5437 781 5509 aliis
802 5435 1199 5509 locis,_ntgpi:tn
1224 5438 1285 5509 in
1316 5437 1417 5492 bac
1443 5439 1558 5507 ipsa
1590 5435 1944 5509 Expositione
1975 5447 2041 5501 ad

445 5519 566 5571 cap.
600 5505 822 5585 xvttliu
848 5506 1008 5585 {\pu‘l.
1042 5505 1077 5559 2
1103 5505 1687 5585 Dn_vi_tl,_cap.8,__t_rac.
1717 5514 1770 5567 in
1801 5513 1991 5585 Symb.
2024 5559 2038 5583 ,

443 5589 610 5655 εςηῃ.
635 5575 691 5655 ut
712 5576 927 5655 Do‘min.
958 5579 991 5631 6
1014 5586 1133 5645 post
1156 5579 1377 5655 Epiph.,
1396 5575 1635 5655 etalibi,
1665 5584 1807 5639 alter
1837 5575 1903 5640 éx
1932 5575 2040 5643 illis

439 5645 723 5724 discipulis
772 5648 1034 5724 Anunaon
1074 5645 1395 5724 _vocitatur.
1449 5645 1638 5724 Neque
1685 5665 1866 5711 tamen
1913 5657 2039 5715 hinc

436 5714 802 5772 insultantium
834 5716 1125 5774 Ambrosio
1146 5757 1166 5789 ,
1211 5721 1369 5789 quasi
1401 5736 1502 5793 pro
1530 5714 1735 5783 Christi
1762 5714 2035 5800 discipulo

2145 4691 2503 4764 1ongtevitate
2542 4692 2816 4749 imbecilla
2844 4692 2911 4749 ad
2940 4709 3097 4749 usum
3119 4736 3135 4761 ,
3182 4694 3278 4751 sed
3306 4696 3613 4752 maturitate
3639 4691 3732 4746 vir-

2155 4809 2439 4864 castellum
2457 4812 2750 4878 acceperit.
2776 4809 2990 4865 Etenim
3012 4825 3134 4865 cum
3159 4809 3411 4866 emndem
3431 4811 3576 4866 illum
3595 4806 3724 4877 Orig.

2156 4879 2357 4935 Prmfat
2388 4882 2441 4935 in
2476 4880 2855 4950 EvangJoan.
2888 4884 3131 4937 nominet
3155 4880 3625 4952 Simeonem,quid
3643 4893 3727 4932 ve-

2155 4960 2231 5007 tct
2253 4954 2381 5022 quin
2416 4953 2487 5006 ibi
2520 4956 2878 5007 Ammannem
2900 4954 3104 5008 codicis
3128 4954 3259 5008 vitio
3284 4996 3300 5020 ,
3354 4965 3412 5009 ut
3440 4971 3543 5008 nun
3586 4962 3726 5022 nemo

2150 5020 2504 5095 existimavit,
2535 5023 2728 5090 legerit
2752 5024 3228 5083 Ambrosius?Scd
3253 5035 3431 5095 potest
3457 5026 3615 5095 etiam
3631 5020 3724 5076 dici

2150 5092 2403 5167 Doctoris
2431 5095 2601 5167 nostri
2630 5095 2818 5165 (immo
2842 5095 2981 5150 forte
3007 5092 3295 5167 ipsiusmet
3318 5092 3725 5167 0rigenis)bauc

2144 5165 2472 5220 sententiam
2491 5165 2677 5234 fuisse,
2695 5164 3049 5222 Atumaonem
3068 5168 3183 5223 sive
3197 5164 3545 5224 Emmaonem
3566 5164 3595 5220 a
3622 5164 3725 5217 loco

2154 5248 2522 5310 nuncupatum
2561 5236 2752 5304 fuisse,
2786 5255 2890 5293 non
2913 5255 3079 5310 secus
3116 5254 3181 5294 ac
3225 5254 3387 5310 supra
3415 5234 3721 5310 num.gl55_,

2159 5306 2472 5374 Magdalena
2503 5308 2743 5364 locorum
2774 5309 3100 5364 vocabulum
3149 5325 3271 5365 esse
3294 5305 3519 5366 dicitur.
3552 5308 3614 5364 Et
3655 5305 3723 5374 vi:

2155 5377 2315 5453 detur
2343 5392 2472 5453 sane
2495 5378 2619 5433 hinc
2650 5378 2849 5453 firmari
2894 5396 3053 5453 posse
3100 5381 3289 5453 istlimc
3335 5383 3512 5453 opinio
3536 5422 3558 5453 ,γ
3595 5373 3719 5448 quod

2156 5448 2494 5522 Evangelista
2525 5451 2837 5507 eorumdem
2885 5448 3087 5508 Christi
3117 5448 3504 5522 discipulorum
3548 5452 3598 5506 in
3643 5462 3721 5503 ca-

2150 5521 2366 5575 stellum
2399 5521 2703 5594 ingressum
2731 5531 2893 5594 atque
2939 5521 3350 5580 accubitum’ita
3374 5522 3720 5594 describat,u_t

2148 5603 2310 5668 putes
2332 5608 2434 5668 eos;
2460 5588 2638 5663 potius
2678 5588 2932 5666 repetere
2959 5598 3209 5668 proprios
3238 5595 3381 5654 lares
3403 5639 3418 5667 ,
3463 5607 3614 5666 quam
3655 5588 3716 5645 ad

2146 5662 2358 5719 alienos
2385 5662 2676 5722 divertere.
