3920 6338
127 324 268 385 1849

1135 328 1501 389 EXPOSlTlO
1538 329 1797 390 EVANG.
1838 332 1988 391 SEC.
2022 333 2178 392 LUC.
2221 334 2353 393 LIB.
2394 336 2465 393 Χ.

3292 336 3436 397 1850

131 438 255 495 tutis
271 437 339 495 ad
364 440 684 513 martyrium
705 449 1046 512 praeparata:
1075 456 1196 513 quae
1209 442 1485 499 lasciviam
1514 441 1729 517 1543
1753 446 1810 509 Α
1833 454 1894 502 ιιι
1929 446 2121 505 credas
2153 447 2414 517 Spiritum
2442 447 2686 518 Christi,
2709 460 2763 508 et
2794 449 2990 508 credas
3019 449 3089 507 de
3116 449 3232 507 Deo
3258 449 3434 524 Spiri-

127 533 493 602 corporalium
530 536 793 606 reprimat
817 536 1183 608 voluptatum,
1212 552 1314 594 nec
1336 537 1615 609 indulgeat
1634 554 1725 595 cu-

127 624 457 699 piditatibus,
492 626 673 683 dulcia
694 642 928 700 quaeque
946 629 1205 697 declinet,
1228 631 1476 702 speciosa
1499 646 1606 687 non
1626 647 1727 702 ap-

1828 546 1978 606 tum;
2005 538 2147 596 Deus
2172 541 2319 596 enim
2343 542 2497 598 solus
2529 552 2755 613 peccata
2782 542 3032 600 dimittit.
3052 543 3228 601 Lucas
3247 552 3432 601 autem

1828 629 2135 702 linguarum
2166 635 2400 705 gratiam
2445 633 2710 692 describit
2761 635 3010 694 eﬁ’usam.
3066 637 3313 711 Denique
3358 636 3434 694 ibi

126 726 299 789 petat;
331 734 464 775 caro
495 720 642 775 enim
667 721 1006 793 concupiscit
1035 721 1322 791 adversum
1354 723 1608 794 spiritum
1626 766 1641 790 ,
1670 732 1726 779 et
1825 722 1994 781 habes
2020 743 2035 782 :
2065 727 2294 793 Accipite
2318 729 2579 798 Spiritum
2608 740 3107 804 sanctum:quorum
3124 732 3430 788 remiseritis

124 812 551 870 transversarios
573 814 815 870 tramites
843 815 1134 887 gradiendi
1180 832 1286 889 qua
1321 816 1452 872 velit
1480 816 1720 873 diversa~

1826 827 2033 887 peccata
2055 858 2072 884 ,
2104 820 2320 874 remissa
2358 831 2506 876 erunt
2536 819 2718 894 (Joan.
2766 823 2879 880 loco
2902 823 3040 898 cit.).
3090 826 3163 881 At
3202 840 3333 882 vero
3364 825 3419 881 in

124 927 234 967 rum
263 911 366 967 sibi
389 912 602 968 invenit
620 913 958 984 voluptatum
982 910 1181 986 (Galat.
1213 929 1269 979 v,
1290 912 1404 985 17).
1421 913 1571 969 Bona
1590 928 1723 970 vero
1824 906 2053 965 Actibus
2078 910 2450 980 apostolorum
2479 911 2559 968 sic
2583 911 2752 970 habes
2777 930 2791 970 :
2817 913 2890 971 Et
2917 916 3099 985 repleti
3118 925 3426 973 suntomnes

124 1005 312 1060 mentis
342 1014 606 1061 senectus
628 1046 643 1070 ,
673 1020 795 1075 quae
835 1020 943 1062 non
974 1005 1025 1061 id
1053 1003 1200 1076 quod
1243 1020 1411 1061 suave
1454 1006 1673 1077 corpori
1702 1047 1718 1072 ,

122 1096 209 1153 sed
238 1096 381 1166 quod
414 1098 593 1154 menti
631 1098 767 1155 utile
795 1107 947 1170 putat
972 1138 988 1163 ,
1019 1098 1186 1170 elegit
1212 1117 1226 1152 :
1271 1114 1379 1154 non
1409 1098 1721 1170 voluptario

121 1189 352 1259 corporis
380 1197 408 1226 ει
436 1189 653 1260 rapitur
680 1191 944 1262 appetitu,
973 1189 1070 1247 scd
1094 1190 1427 1261 repugnandi
1468 1190 1721 1248 modera-

124 1282 253 1337 mine
280 1283 435 1353 quasi
465 1283 638 1338 invita
670 1293 979 1340 revocatur.

185 1376 305 1431 178.
339 1376 489 1447 Ergo
518 1385 576 1433 et
606 1377 797 1433 Petrus
822 1378 922 1433 etsi
954 1385 1175 1449 paratus
1194 1385 1315 1434 erat
1334 1377 1515 1434 animo
1533 1377 1718 1436 subire

123 1468 426 1540 martyrium
450 1468 614 1541 (Luc.
636 1486 769 1538 xxu,
797 1468 889 1542 55)
910 1511 925 1537 ,
957 1478 1138 1526 tamen
1168 1471 1257 1526 ubi
1289 1469 1589 1539 periculum
1622 1471 1716 1526 ad-

122 1563 284 1631 venit,
313 1565 687 1621 constantiam
718 1565 919 1621 mentis
946 1565 1189 1632 inﬂexit;
1229 1566 1376 1636 capit
1415 1566 1560 1621 enim
1615 1580 1715 1621 nos

121 1661 367 1716 suavitate
386 1660 497 1728 sui,
526 1660 769 1716 caelestis
791 1676 922 1716 usus
959 1661 1220 1716 muneris.
1249 1659 1385 1716 Nam
1418 1661 1540 1731 quis
1567 1675 1712 1715 mar-

122 1751 304 1823 tyrium
339 1766 372 1807 e
398 1750 565 1806 nobis
594 1767 702 1806 non
729 1751 978 1821 eligeret,
1011 1753 1054 1807 si
1085 1751 1319 1807 libenter
1342 1753 1477 1806 mori
1502 1751 1714 1821 posset?

1826 1001 2034 1070 Spiritu
2060 1014 2261 1071 sancto,
2293 1013 2340 1059 et
2365 1017 2623 1078 creperum
2652 1008 2795 1077 loqui
2832 1010 2993 1064 variis
3014 1010 3208 1081 linguis
3231 1049 3249 1076 ,
3290 1026 3419 1081 quo-

1823 1095 1977 1150 modo
2005 1094 2237 1165 Spiritus
2262 1108 2471 1154 sanctus
2492 1100 2647 1155 dabat
2668 1102 2839 1172 eloqui
2866 1102 2976 1158 illis
3007 1102 3146 1176 (Act.
3175 1119 3234 1169 tt,
3264 1104 3348 1177 4).

1896 1189 2021 1246 181.
2037 1190 2333 1248 Diversitas
2347 1202 2528 1251 autem
2551 1196 2845 1265 visionum,
2871 1196 3230 1270 frequentiam
3251 1198 3425 1255 famu-

1819 1280 2047 1338 lantium
2079 1284 2347 1355 signiﬁcat
2369 1288 2684 1359 angelorum
2708 1289 2923 1363 (Matth.
2950 1307 3137 1358 xxvut,
3161 1291 3246 1365 2),
3265 1292 3420 1362 juxta

1817 1378 1962 1449 quod
2004 1379 2267 1437 Dominus
2295 1381 2413 1451 ipse
2442 1384 2776 1454 promiserat
2801 1371 3030 1442 dicens:
3065 1384 3135 1440 Et
3180 1385 3419 1441 videbitis

1817 1474 2029 1545 angelos
2056 1474 2419 1531 descendentes
2446 1486 2493 1532 et
2517 1478 2848 1535 ascendentes
2877 1479 2946 1533 ad
2972 1475 3173 1534 Filium
3199 1479 3421 1535 hominis

1818 1567 1995 1634 (Joan.
2048 1584 2088 1635 ι,
2146 1570 2260 1643 5i).
2296 1572 2477 1643 Atque
2547 1574 2752 1628 utinam
2806 1589 2931 1631 cum
2979 1573 3262 1646 Evangelii
3310 1575 3418 1631 ﬁne

1818 1674 2003 1720 noster
2029 1680 2245 1737 quoque
2274 1681 2457 1722 sermo
2488 1666 2807 1724 claudatur!

1891 1758 2016 1813 182.
2050 1758 2161 1815 Cur
2200 1761 2498 1817 secundum
2548 1761 2859 1818 Matthmum
2887 1772 2941 1818 et
2977 1761 3214 1819 Marcum
3262 1777 3417 1819 man-

121 1842 250 1914 Ergo
273 1850 329 1899 et
356 1842 557 1898 Petrus
590 1842 809 1898 videtur
836 1843 1002 1910 nolle,
1031 1842 1127 1898 sed
1157 1851 1311 1913 parat
1353 1842 1595 1897 vincere.
1642 1841 1712 1898 Et
1738 1843 1788 1903 B
1813 1848 1905 1905 dat
1927 1851 2536 1922 discipuliszPrtecedam
2554 1870 2640 1910 vos
2655 1856 2708 1911 in
2726 1852 3231 1927 Galilwamwtttth.
3255 1869 3412 1924 xxvi,

119 1936 230 2007 quid
249 1936 443 1992 mirum
462 1937 507 1991 si
530 1936 728 1992 Petrus
748 1937 1033 2002 nolit,cum
1054 1938 1310 1993 Dominus
1327 1937 1500 1991 dicat:
1527 1935 1704 2002 Pater,

120 2027 157 2081 si
175 2029 283 2097 ﬁeri
303 2036 492 2100 potest,
524 2028 753 2098 transfer
780 2046 812 2083 a
842 2046 922 2083 me
942 2030 1155 2084 calicem
1182 2030 1340 2095 hunc;
1363 2041 1709 2083 verumtamen

119 2134 207 2173 non
229 2135 338 2174 mea
360 2121 627 2187 voluntas,
657 2122 750 2176 sed
778 2131 867 2175 tua
884 2123 976 2192 ﬁat
995 2121 1210 2194 (Matth.
1234 2121 1475 2195 xxvt,39)
1499 2122 1522 2177 ἱ)
1546 2123 1709 2179 Deni-

119 2223 208 2279 que
237 2219 354 2281 post
388 2213 753 2269 tentationem
786 2215 1226 2285 przesumptionis
1255 2229 1369 2269 sua:
1383 2214 1573 2270 Petrus
1593 2214 1707 2285 jam

119 2316 211 2357 non
233 2304 391 2359 audet
416 2305 726 2362 voluntatis
773 2307 1233 2377 perseverantiam
1269 2308 1513 2379 polliceri
1564 2325 1578 2362 :
1608 2309 1706 2366 sed

120 2397 251 2465 quasi
272 2397 335 2453 ad
354 2399 620 2455 solatium
646 2400 755 2467 sui,
779 2401 1117 2456 consortium
1155 2403 1351 2473 quaerit
1378 2402 1620 2459 alterius.

178 2509 291 2567 179.
312 2510 493 2584 (Vers.
512 2511 733 2585 57,45.)
748 2513 852 2569 Tot
879 2514 1267 2584 igturadducti
1284 2515 1500 2571 virtutis
1522 2530 1706 2572 exem-

121 2601 208 2673 plis
227 2603 437 2661 Petrum
454 2606 737 2663 credimus
759 2623 864 2662 non
884 2608 1128 2689 potuisse
1140 2609 1410 2665 dubitare.
1434 2608 1702 2666 Joannem

121 2710 312 2767 quoque
353 2698 661 2755 credidisse
701 2699 1045 2756 manifestum
1085 2711 1169 2756 est
1211 2701 1401 2773 (Joan.
1436 2718 1542 2770 xx,
1588 2702 1698 2774 8),

123 2798 225 2840 cum
275 2787 619 2846 Salvatorem
661 2789 906 2847 videret:
935 2790 1031 2862 qui
1069 2793 1182 2863 jam
1234 2802 1364 2848 tunc
1418 2792 1700 2861 credidit,

122 2888 440 2951 posteaquam
472 2899 709 2940 vacuum
745 2884 993 2955 corporis
1033 2885 1165 2941 vidit
1207 2886 1542 2956 sepulcrum.
1591 2885 1702 2942 Cur

127 2983 238 3042 ergo
267 2972 433 3031 Lucas
476 2974 694 3032 inducit
735 2977 921 3047 plures
966 2977 1136 3034 fuisse
1189 2979 1476 3035 turbatos?
1519 2979 1701 3035 Primo

128 3064 361 3130 omnium,
391 3069 514 3139 quia
548 3084 850 3141 paucorutn
879 3071 1193 3142 opinionem
1224 3072 1497 3128 sententia
1522 3074 1696 3143 majo-

128 3154 193 3207 ris
215 3159 372 3227 partis
399 3159 629 3217 includit
657 3178 671 3214 :
696 3159 896 3218 deinde
918 3162 1041 3233 quia
1070 3163 1170 3218 etsi
1202 3163 1394 3218 Petrus
1424 3163 1493 3220 de
1513 3179 1699 3220 resur-

1815 1941 1933 2014 52),
1955 1942 2026 1998 ibi
2047 1961 2127 1998 me
2144 1945 2380 2002 videbitis
2406 1946 2601 2019 (Marc.
2620 1964 2731 2013 xvn,
2761 1947 2817 2020 7)
2843 1965 2855 2002 :
2888 1947 3186 2004 secundum
3211 1947 3414 2004 Lucam

1813 2052 1947 2092 vero
1975 2049 2027 2094 et
2053 2039 2318 2096 Joannem
2350 2042 2515 2098 etiam
2543 2042 2682 2097 intra
2715 2043 2979 2099 conclave
3007 2042 3207 2099 obtulit
3243 2058 3305 2099 se
3334 2044 3416 2099 vi-

1812 2129 2049 2186 dendum
2083 2132 2262 2204 (Vers.
2309 2134 2450 2205 36)?
2481 2135 2546 2191 Et
2569 2136 2790 2207 quidem
2835 2135 2981 2207 quod
3008 2153 3069 2193 se
3117 2137 3412 2195 videndum

1811 2221 2128 2294 frequenter
2173 2225 2434 2283 obtulerit
2478 2226 2664 2297 (Joan.
2693 2244 2805 2296 xx,
2832 2228 2923 2301 19)
2951 2268 2967 2295 ,
3023 2238 3079 2285 et
3127 2229 3414 2302 plusquam

1811 2317 2120 2387 quingentis
2161 2316 2457 2384 fratribus,
2505 2329 2562 2375 et
2609 2319 2774 2376 Petro
2799 2362 2815 2387 ,
2843 2330 2899 2377 et
2943 2320 3188 2387 Jacobo,
3242 2322 3411 2379 etiam

1811 2407 2122 2478 Apostolico
2172 2411 2521 2481 probavimus
2567 2414 2880 2469 testimonio
2929 2413 2989 2486 (Ι
3018 2412 3139 2469 Cor.
3171 2429 3274 2481 xv,
3329 2413 3410 2487 ti).

1810 2502 1878 2559 Et
1908 2504 2082 2561 anas
2112 2506 2163 2561 in
2194 2507 2420 2563 Actibus
2463 2508 2838 2579 apostolorum
2866 2508 3053 2564 docuit
3079 2507 3224 2578 quod
3247 2508 3415 2565 disci-

1808 2596 1952 2666 pulis
1980 2598 2382 2669 manifestaverit
2407 2616 2462 2655 se
2486 2601 2651 2654 vivere
2671 2610 2785 2671 post
2810 2601 3103 2673 passionem
3122 2617 3275 2656 suam
3294 2642 3311 2668 ,
3351 2602 3408 2658 in

1807 2692 1982 2745 multis
2005 2696 2321 2766 argumentis
2364 2710 2622 2765 apparens
2643 2693 2747 2760 his,
2780 2704 2828 2749 et
2854 2694 3130 2765 disputans
3150 2695 3218 2751 de
3244 2711 3405 2768 regno

1808 2783 1907 2838 Dei
1935 2784 2074 2857 (Act.
2105 2800 2142 2853 ι,
2170 2784 2252 2857 3).
2274 2786 2416 2857 Ergo
2438 2786 2563 2857 quia
2577 2785 2777 2858 saepius
2802 2787 3099 2843 etdiversis
3125 2788 3401 2861 apparuit,

1804 2890 1927 2932 cum
1959 2877 2011 2931 in
2051 2877 2277 2933 Galilrea
2306 2879 2527 2950 quando
2553 2880 2625 2935 sit
2674 2880 2822 2935 visus
2848 2921 2862 2945 ,
2887 2895 3229 2951 nequaquam
3258 2897 3403 2953 preco

1803 2971 2067 3040 scriptum
2089 2986 2154 3027 ac
2173 2971 2454 3028 deﬁnitum
2479 2982 2691 3044 tempus
2712 2973 2994 3044 Scriptura
3015 2972 3402 3044 designaverit:

1804 3063 1858 3119 in
1893 3064 2234 3121 Hierusalem
2262 3066 2480 3136 quando
2501 3082 2561 3123 se
2581 3066 2876 3135 obtulerit,
2895 3076 2950 3123 et
2971 3068 3116 3124 diem
3139 3077 3192 3125 et
3214 3068 3404 3125 horam

1802 3158 2176 3227 expresserit;
2211 3158 2512 3216 timidiores
2556 3160 2695 3216 intra
2742 3160 3021 3217 conclavia
3051 3161 3363 3219 revisuntur
3385 3202 3401 3228 ,

129 3248 340 3304 rectione
359 3252 696 3319 crediderat,
723 3253 928 3309 turbari
956 3264 1132 3310 tamen
1164 3255 1335 3324 potuit
1356 3296 1370 3319 ,
1400 3272 1523 3311 cum
1548 3256 1696 3314 vide~
1724 3236 1771 3300 C
1800 3250 2059 3308 fortiores
2087 3250 2155 3307 ad
2180 3261 2422 3308 montem
2448 3262 2849 3310 convenerunt.

128 3349 197 3394 ret
216 3343 345 3412 quod
370 3360 428 3402 se
451 3347 720 3405 Dominus
739 3362 863 3403 cum
886 3363 1116 3419 corpore
1131 3349 1182 3405 in
1205 3364 1401 3421 eaqnte
1414 3351 1697 3408 vestibulis

126 3432 424 3508 obseratis,b
446 3450 498 3497 et
519 3442 857 3498 constructis
880 3452 1036 3511 erant
1062 3448 1213 3513 Septa
1248 3445 1569 3512 parietibus,
1596 3444 1696 3500 im-

127 3528 343 3593 provisus
388 3533 722 3591 infuudcret.
768 3534 944 3591 Lucas
992 3551 1124 3607 ergo
1175 3536 1431 3592 historice
1483 3539 1691 3608 singula

128 3632 406 3687 prosecutus
431 3638 515 3685 est
536 3648 550 3684 :
578 3628 675 3685 ille
705 3628 865 3684 linem
891 3629 1172 3699 spectavit,
1194 3629 1284 3685 hic
1313 3629 1534 3686 seriem.
1556 3630 1692 3687 Nam

128 3712 283 3782 utique
308 3716 567 3776 dicendo:
606 3719 754 3776 Tunc
779 3722 985 3791 aperuit
1010 3721 1115 3776 illis
1147 3738 1375 3792 sensum,
1404 3734 1460 3779 ut
1498 3724 1695 3779 intelli-

128 3802 309 3874 ligerent
343 3828 400 3867 ea
437 3832 554 3887 qua:
600 3816 795 3887 scripta
824 3825 975 3885 sunt,
1008 3818 1172 3873 etiam
1225 3818 1342 3889 ipse
1392 3818 1694 3890 discipulos

130 3900 389 3962 credidisse
419 3909 727 3977 proﬁtetur.

188 3993 297 4052 180.
327 3999 504 4071 (Vere.
547 4002 669 4075 49.)
691 4003 953 4075 Spiritum
979 4013 1160 4061 autem
1186 4012 1434 4060 sanctum
1466 4004 1551 4059 vel
1586 4004 1693 4060 illis

131 4084 345 4145 undecim
372 4097 520 4165 quasi
558 4096 981 4168 perfectioribus
1026 4097 1339 4164 insulﬁavit,
1384 4106 1439 4152 et
1468 4096 1692 4168 reliquis

131 4187 289 4241 Pauca
308 4183 645 4243 tribuendum
674 4204 798 4244 esse
827 4189 1094 4259 promittit
1116 4189 1300 4259 (Joan.
1332 4205 1423 4256 xx,
1443 4187 1573 4260 22):
1604 4188 1691 4245 vel

132 4261 292 4326 iisdem
330 4275 399 4331 ibi
451 4278 770 4347 insufﬁavit,
804 4280 894 4336 hic
939 4280 1254 4352 spOpondit.
1320 4280 1430 4336 Nec
1472 4280 1692 4336 videtur

129 4370 231 4415 esse
255 4373 720 4439 contrarium,cum
750 4373 1048 4429 divisiones
1077 4375 1187 4428 sint
1215 4373 1512 4443 gratiarum
1536 4390 1549 4428 :
1585 4371 1691 4428 Alii

131 4452 243 4506 enim
261 4456 403 4514 datur
424 4481 587 4521 sermo
612 4467 882 4539 sapientia:
899 4508 913 4533 ,
937 4466 1027 4520 alii
1055 4477 1227 4521 autem
1248 4484 1414 4522 sermo
1460 4466 1690 4522 scientia:

131 4547 376 4606 secundum
400 4559 629 4614 eumdem
674 4559 934 4629 Spiritum
953 4601 971 4626 ,
997 4559 1094 4615 alii
1125 4560 1256 4630 ﬁdes
1279 4560 1334 4614 in
1358 4560 1536 4614 eodem
1562 4560 1686 4628 Spi-

1871 3347 1998 3403 185.
2035 3347 2277 3418 Denique
2306 3347 2446 3403 intra
2477 3348 2765 3413 conclave,
2794 3349 2949 3405 ostiis
2971 3348 3210 3415 clausis,
3242 3350 3402 3407 indu-

1797 3440 1873 3494 cit
1915 3437 2155 3495 Joannes
2184 3440 2485 3511 discipulos
2524 3451 2886 3513 congregatos
2916 3452 3143 3513 propter
3194 3454 3400 3500 metum

1796 3530 2109 3588 Judaeorum
2141 3530 2323 3607 (Joan.
2356 3549 2446 3598 xx,
2479 3532 2603 3605 i9):
2634 3549 2771 3605 quos
2794 3550 2901 3590 non
2921 3534 3176 3591 undecim
3201 3534 3399 3605 Lucas,

1795 3624 1891 3679 sed
1942 3624 2127 3696 plures
2172 3625 2390 3696 scripsit
2443 3625 2611 3682 fuisse
2650 3625 2832 3700 (Vers.
2859 3626 2952 3698 '53)
2983 3645 2996 3682 :
3029 3628 3162 3683 istos
3217 3638 3398 3687 autem

1795 3714 2080 3773 Matthaeus
2129 3718 2382 3773 undecim
2414 3718 2566 3774 solos
2594 3719 2647 3774 in
2680 3718 2901 3775 Galilaea
2928 3721 3256 3778 convenisse
3283 3737 3392 3777 non

1794 3810 1964 3866 siluit.
1995 3811 2242 3882 Denique
2269 3812 2351 3867 sic
2390 3812 2594 3868 habes:
2633 3811 2882 3867 Undecim
2930 3825 3105 3869 autem
3149 3815 3394 3881 discipuli

1794 3903 2031 3957 abierunt
2059 3903 2111 3958 in
2136 3902 2409 3958 Galilaeam
2428 3946 2444 3971 ,
2471 3904 2526 3958 in
2565 3914 2788 3959 montem
2814 3904 2900 3959 ubi
2924 3906 3262 3962 constituerat
3288 3908 3397 3964 illis

1791 3993 1968 4061 Iesus,
1992 4004 2039 4049 et
2064 3996 2287 4051 videntes
2319 4011 2432 4049 eum
2457 3995 2803 4051 adoraverunt
2824 4013 2844 4052 :
2871 3997 3084 4068 quidam
3106 4009 3275 4053 autem
3301 4000 3402 4054 du-

1792 4088 2077 4144 bitaverunt
2104 4087 2321 4160 (Matth.
2357 4104 2522 4145 xxvut
2549 4131 2564 4156 ,
2594 4090 2660 4145 lli
2682 4100 2730 4145 et
2781 4089 2895 4164 l7).
2926 4091 3135 4161 Quibus
3163 4091 3400 4152 docendi

1792 4190 1848 4237 et
1880 4181 2187 4252 baptizandi
2240 4181 2428 4238 tribuit
2459 4191 2805 4253 potestatan.
2862 4183 3129 4241 Undecim
3180 4202 3397 4261 quoque

1791 4272 2264 4329 discumbentibus
2307 4273 2590 4345 discipulis
2633 4284 2691 4332 et
2739 4276 2955 4333 Marcus
3005 4281 3059 4333 in
3089 4277 3198 4333 ﬁne
3232 4294 3400 4352 appa-

1792 4366 1970 4422 ruisse
2000 4366 2190 4421 scribit
2212 4365 2408 4439 (Marc.
2435 4365 2632 4439 "1.7),
2658 4369 2881 4439 quando
2901 4370 3158 4427 similiter
3197 4372 3396 4444 praedi-

1792 4461 1949 4516 candi
1981 4460 2065 4515 his
2092 4477 2189 4532 per
2214 4471 2383 4517 totum
2416 4462 2606 4518 orbem
2634 4462 2854 4518 mandat
2884 4462 3145 4519 ofﬁcium.

1868 4554 1992 4611 184.
2022 4554 2181 4612 Unde
2210 4555 2315 4611 hoc
2340 4556 2759 4612 convenientius
2789 4554 3033 4611 arbitror
3056 4600 3071 4625 ,
3106 4555 3251 4629 quod
3290 4558 3402 4613 Do-

131 4631 333 4701 νίειίναιὶἰ
357 4650 518 4717 gratia
541 4652 865 4707 curationum
886 4653 1057 4706 inuno
1082 4628 1306 4723 Spiritu,
1334 4653 1428 4707 alii
1456 4653 1690 4721 operatio
1716 4628 1770 4689 D
1797 4650 1977 4705 minus
2019 4649 2237 4720 quidem
2286 4649 2626 4705 mandaverit
2671 4648 2955 4719 discipulis
2985 4656 3044 4704 ut
3074 4648 3127 4704 in
3168 4648 3395 4706 Galiltea

133 4724 343 4787 virtutum
363 4779 378 4804 ,
416 4741 504 4797 alii
538 4746 829 4817 prophetia,
884 4745 976 4800 alii
1004 4745 1245 4801 discretio
1273 4746 1572 4814 spirituum,
1600 4745 1695 4799 alii

136 4835 291 4886 genere
331 4828 632 4906 linguarum,
663 4840 755 4895 alii
794 4840 1151 4910 interpretatio
1175 4840 1533 4910 sermonum(l
1565 4836 1688 4894 Cor.

139 4925 222 4980 xu,
261 4920 355 4979 Set
395 4934 544 5004 δρψ).
595 4934 738 5007 Ergo
785 4934 949 4990 aliam
1020 4933 1322 4990 insulﬁavit
1372 4934 1446 4988 ibi
1496 4948 1690 5003 opera-

135 5009 345 5104 tionem,
394 5025 477 5084 hic
502 5032 660 5088 aliam
713 5033 1040 5104 pollicetur;
1090 5032 1162 5087 ibi
1208 5031 1358 5087 enim
1409 5031 1693 5087 remitten-

139 5100 299 5165 dmum
310 5120 468 5184 Elatia
483 5125 677 5181 tributa
695 5100 782 5182 est
798 5135 1149 5197 peccatorum
1168 5166 1183 5197 ,
1205 5125 1348 5194 quod
1379 5140 1503 5181 esse
1532 5125 1689 5179 vide-

140 5199 211 5249 tur
236 5211 525 5275 augustius:
557 5227 614 5275 et
638 5218 761 5275 ideo
783 5216 1095 5274 insumatur
1121 5234 1152 5273 a
1180 5215 1403 5273 Christo
1430 5259 1445 5284 ,
1470 5214 1685 5290 15M

145 5377 357 5506 “.2ng
386 5395 530 5458 pauci
557 5411 713 5467 mss.,
737 5397 943 5468 capitur
970 5399 1226 5468 appetitu,
1258 5396 1349 5452 sed
1384 5411 1683 5468 repugnan-

199 5512 408 5612 ifilli",
426 5543 473 5612 _et
496 5537 770 5595 obstructis
790 5550 936 5595 erant
982 5548 1127 5611 septa
1157 5540 1473 5612 parietibus;
1522 5554 1683 5607 mss.,

141 5592 180 5634 ct
193 5592 463 5660 constructis
485 5592 779 5679 eratin—etc.

1795 4760 1857 4801 se
1887 4743 2173 4800 viderent:
2203 4743 2297 4798 sed
2322 4743 2432 4798 illis
2462 4755 2607 4798 metu
2641 4754 2662 4782 ο
2694 4744 2836 4798 intra
2862 4743 3122 4798 conclave
3152 4742 3398 4801 residen-

1796 4838 1941 4894 tibus
1969 4879 1985 4904 ,
2026 4836 2206 4909 primo
2231 4851 2293 4893 se
2318 4837 2584 4893 obtulisse
2611 4877 2625 4902 ,
2674 4845 2861 4908 postea
2890 4851 3021 4893 vero
3064 4836 3400 4896 conﬁrmatis

1792 4932 2031 5000 animis,
2072 4931 2326 4988 undecim
2356 4931 2479 4987 illos
2515 4931 2795 4989 Galilaeam
2830 4932 3054 5003 petisse.
3115 4931 3205 4988 Vel
3247 4944 3398 4990 certe

1796 5022 1928 5098 (hoc
1946 5039 2163 5096 quoque
2189 5024 2545 5095 diligentibus
2566 5024 2924 5095 scriptoribus
2949 5024 3218 5095 placuisse
3236 5040 3393 5096 repe-

1792 5117 1900 5188 rio)
1923 5117 2052 5172 nihil
2080 5117 2262 5172 obstat
2282 5117 2326 5171 si
2355 5117 2601 5174 dicamus
2630 5116 2914 5188 pauciores
2943 5118 3085 5185 intra
3109 5118 3390 5186 conclave,

1789 5210 1845 5268 in
1877 5218 2063 5267 monte
2087 5209 2398 5281 complures
2423 5210 2609 5266 fuisse.

1866 5407 1889 5436 ο
1931 5392 2079 5449 Edit.
2104 5394 2244 5449 intra
2272 5394 2511 5450 conclave
2545 5392 2823 5448 visitanlur
3014 5402 3357 5449 convenerunt
3383 5410 3402 5458 ς

1796 5467 2048 5531 Amerb.,
2091 5466 2459 5533 convenerint;
2488 5479 2619 5520 mss.
2647 5479 2843 5533 magno
2906 5478 3178 5521 consensu
3219 5464 3404 5520 nobis-

1797 5552 1922 5593 cum
1952 5537 2176 5600 faciunt,
2205 5536 2308 5590 nisi
2330 5537 2476 5607 quod
2502 5536 2698 5606 legitur
2718 5535 2773 5607 in
2804 5534 3080 5591 nonnullis
3103 5577 3119 5605 ,
3149 5536 3399 5594 .....revi-

1796 5619 1981 5666 santur
2009 5650 2026 5678 ,
2055 5616 2111 5663 ut
2143 5606 2383 5681 fortiores
2513 5606 2861 5665 convenirent.
