3920 6360
167 331 304 389 i855

1154 324 1198 381 Ε
1235 320 1546 381 SCRIPTIS
1587 320 1648 379 8ο
1689 316 2019 377 AMBROSII
2057 314 2479 376 COLLEC'I‘US.

3323 317 3462 377 I854

165 449 255 510 tis,
284 444 463 515 agitur
492 449 548 498 ut
572 441 783 513 aperiat
811 453 973 494 manu
1000 439 1263 503 claustra,
1285 437 1339 491 in
1362 450 1550 507 agrum
1578 444 1758 500 exeat,
1787 435 1837 495 Α
1865 431 1998 487 bulo
2036 431 2347 501 nuptiarum
2391 440 2445 485 et
2479 438 2659 501 postes
2707 428 2981 485 frondium
3029 430 3190 485 sertis
3240 445 3464 485 contere

166 538 217 592 in
243 535 485 591 castellis
511 542 756 600 maneat;
782 532 835 587 in
865 529 1128 602 principio
1156 537 1337 584 tamen
1367 537 1513 582 retro
1538 525 1760 581 odorem

164 628 326 685 currit
365 627 660 697 unguenti,
708 640 829 679 cum
861 623 916 679 in
962 621 1366 678 tabernaculum
1393 620 1633 687 venerit,
1665 636 1763 674 un-

162 726 414 791 guentum
435 725 708 772 mutatura
728 715 984 771 castellis.
1009 714 1366 785 Deniquequo
1388 710 1757 780 evadat,vide.

228 813 280 869 ὅ.
311 811 370 867 Si
386 826 592 876 murus,
617 809 813 879 inquit,
832 817 928 874 est,
942 807 1260 875 wdiﬁcemus
1281 821 1436 876 super
1456 821 1570 860 eum
1592 815 1761 858 turres

157 918 422 977 argenteas
452 908 470 973 (
502 904 653 960 Cant.
679 919 772 959 vui
793 942 809 968 ,
838 902 939 975 9).
971 902 1103 971 Qum
1133 900 1354 956 ludebat
1387 899 1622 964 osculis,
1646 898 1759 969 jam

162 1011 335 1057 turres
366 998 555 1069 erigit,
578 1007 637 1052 ut
667 997 921 1067 pretiosis
948 1003 1263 1051 sanctorum
1288 996 1479 1049 turrita
1505 994 1758 1065 fastigiis,

163 1112 262 1150 nun
293 1094 473 1150 solum
505 1092 734 1147 hostiles
759 1089 1051 1145 frustretur
1075 1088 1348 1157 incursus,
1374 1104 1559 1143 verum
1593 1089 1759 1143 etiam

160 1186 418 1242 bonorum
443 1181 848 1255 prepugnacula
876 1189 1050 1237 struat
1076 1190 1188 1235 tuta
1217 1180 1555 1235 meritorum.
1582 1178 1759 1235 Etiam

160 1278 210 1334 in
244 1277 325 1331 his
353 1275 629 1346 eonjugiis
660 1273 1049 1344 temporalibus
1099 1273 1323 1328 nubenti
1350 1274 1502 1344 prius
1552 1274 1763 1344 plaudi-

161 1381 274 1436 tur,
301 1383 465 1441 qnam
506 1368 805 1439 imperatur
838 1383 855 1433 ;
885 1380 953 1420 ne
983 1376 1109 1421 ante
1155 1366 1295 1421 dura
1334 1367 1612 1424 offendant
1653 1369 1760 1424 im-

164 1467 301 1535 peria
324 1503 340 1531 ,
371 1478 543 1534 quam
569 1461 851 1518 blanditiis
875 1475 1030 1516 amor
1062 1459 1205 1517 fotus
1236 1461 1523 1519 inolescat.
1555 1463 1758 1520 Bucula

160 1556 373 1628 plausus
401 1554 696 1625 cujusdam
729 1555 968 1609 sonitum
996 1554 1159 1611 discit
1189 1571 1407 1623 amare,
1441 1556 1668 1612 cervicis
1692 1573 1761 1615 ne

162 1667 238 1704 rec
248 1660 364 1705 uset
369 1648 586 1720 jngum;
603 1648 837 1720 denique
853 1650 999 1719 prius
1013 1651 1274 1706 assuescit
1285 1667 1347 1706 ur
1361 1651 1526 1707 verbo
1545 1649 1760 1723 1548

159 1743 413 1809 lasciviae,
460 1758 629 1813 quam
682 1742 913 1798 verbere
969 1742 1294 1813 disciplinae.
1343 1742 1444 1799 Ast
1491 1745 1577 1799 ubi
1615 1743 1754 1799 colla

1863 535 2189 590 Ctlt‘OllalOS,
2218 533 2275 579 et
2301 522 2455 578 ebori
2497 524 2791 593 strepentis
2819 523 3048 577 interius
3079 521 3298 576 haurire
3329 522 3464 578 deli-

1863 618 1976 674 cias
2003 634 2020 684 ;
2048 634 2117 675 ne
2145 633 2204 674 se
2229 619 2381 688 prius
2412 617 2686 674 dominico
2729 618 2862 689 jugo
2890 616 3163 673 timefacta
3195 617 3467 674 subduce-

1864 720 1977 777 ret,
2007 726 2166 781 quam
2196 720 2383 766 vocata
2415 710 2725 766 inclinaret.
2755 712 2981 781 Oportet
3011 711 3158 766 enim
3183 721 3241 766 ut
3261 711 3462 781 gradus

1861 805 2123 876 quosdam
2174 804 2517 876 profectuum
2549 816 2604 862 et
2634 807 2882 861 ordinem
2933 805 3279 869 noverimus,
3329 804 3459 876 quid

1863 897 2044 968 prius,
2072 899 2201 970 quid
2226 914 2572 971 consequens
2600 915 2725 956 esse
2746 899 2944 955 debeat
2971 915 2984 956 :
3014 914 3137 954 nam
3164 899 3307 955 scire
3330 899 3457 970 quid

1862 991 2027 1047 facias
2049 1034 2062 1058 ,
2097 1002 2153 1049 et
2183 994 2432 1049 ordinem
2465 994 2677 1049 nescire
2708 993 2971 1061 faciendi,
3003 1009 3110 1049 non
3141 1004 3227 1050 est
3275 993 3456 1064 perfe-

1861 1094 1963 1140 ctae
2004 1085 2362 1156 cognitionis,
2391 1085 2675 1142 offendunt
2706 1087 2848 1143 enim
2878 1087 3197 1158 plerumque
3248 1102 3455 1159 purpo-

1860 1186 2027 1232 stera.
2059 1176 2247 1248 Itaque
2289 1178 2412 1248 quia
2443 1187 2574 1249 quot
2621 1178 2901 1246 homines,
2932 1187 3010 1233 tot
3057 1181 3380 1247 sententia,
3409 1181 3457 1236 si

1861 1270 1992 1341 quid
2033 1270 2337 1327 defecatum
2382 1273 2541 1329 estin
2584 1287 2842 1329 sermone
2884 1281 3108 1341 nostro,
3155 1290 3345 1332 omnes
3381 1275 3457 1332 te-

1858 1374 1991 1433 gant
2023 1383 2036 1418 :
2070 1366 2115 1419 si
2161 1364 2291 1436 quid
2340 1366 2663 1431 decoctum,
2713 1366 3040 1422 maturiores
3086 1368 3315 1437 probent
3355 1388 3370 1424 :
3411 1369 3457 1424 si

1860 1457 1988 1529 quid
2021 1458 2348 1525 modestum,
2381 1460 2689 1531 pectoribus
2717 1460 2999 1524 inhaereat.
3031 1475 3201 1533 genas
3230 1463 3455 1535 pingat:

1861 1544 1910 1601 si
1937 1547 2063 1618 quid
2094 1549 2477 1618 ﬂorulentum,
2511 1559 2642 1606 tetas
2682 1551 2967 1608 ﬂorulenta
3011 1566 3118 1608 non
3162 1554 3451 1625 improbet.

1870 1640 2166 1698 Debuimns
2208 1659 2426 1715 sponsa:
2453 1646 2694 1701 excitare
2732 1660 2973 1702 amorem
3015 1665 3029 1711 ;
3062 1648 3325 1719 scriptum
3373 1659 3458 1705 est

1860 1735 2002 1789 enim
2035 1752 2048 1788 :
2081 1734 2281 1809 Diliges
2310 1737 2588 1792 Dominum
2619 1737 2785 1793 Deum
2813 1749 2954 1794 tuum
2982 1740 3003 1813 (
3031 1739 3181 1796 Deut.
3236 1756 3311 1808 vt,
3340 1742 3374 1797 5
3401 1746 3451 1813 ):

159 1837 449 1894 subdiderit
472 1836 642 1907 jngo,
676 1845 735 1893 et
764 1838 971 1893 habena
1007 1836 1364 1909 constringit,
1395 1848 1449 1894 et
1498 1839 1749 1894 stimulus
1780 1841 1829 1903 B
1861 1827 2149 1883 debllimlls
2182 1831 2234 1883 in
2268 1832 2472 1901 nuptiis
2500 1832 2679 1887 crines
2720 1846 2934 1904 sponsa
2977 1832 3304 1889 calamistris
3331 1832 3454 1906 qui-

160 1939 335 2001 urget,
366 1936 424 1983 et
460 1944 754 2000 compares
782 1931 1039 1999 trahunt,
1084 1930 1363 2003 etjugalis
1408 1933 1620 1987 invitat.
1655 1932 1748 1989 Sic

160 2023 312 2077 etiam
343 2021 509 2093 Virgo
533 2032 723 2077 nostra
752 2022 938 2079 debuit
971 2024 1124 2095 prius
1167 2042 1355 2082 amore
1389 2027 1476 2098 pio
1510 2025 1748 2096 cudere,-

159 2131 308 2172 aurea
341 2116 484 2172 thori
513 2118 764 2175 calcatis
805 2118 976 2175 fulcra
1004 2121 1221 2190 mirari,
1255 2133 1312 2177 et
1358 2123 1410 2178 in
1445 2123 1564 2192 ipso
1590 2130 1752 2185 vesti.

1859 1921 2083 1977 busdam
2115 1924 2375 1980 orationis
2409 1941 2636 1993 ornare;
2661 1928 2920 1995 scriptum
2945 1935 3030 1981 est
3056 1927 3199 1982 enim
3219 1944 3232 1983 :
3256 1926 3459 1984 Plaude

1855 2027 2046 2084 manu,
2096 2026 2145 2071 et
2200 2029 2409 2090 percute
2460 2020 2589 2090 pede
2637 2017 2857 2091 (Ezech.
2907 2036 3038 2087 nt,
3069 2020 3135 2075 14
3166 2018 3186 2090 )
3221 2037 3235 2075 :
3267 2020 3457 2076 debui-

1864 2126 1985 2165 mus
2017 2121 2310 2183 perpetuos
2339 2120 2598 2184 spargere
2631 2115 2896 2170 thalamos
2921 2116 3082 2174 rosis.

1301 2322 1731 2409 INCIPIT
1806 2327 2314 2418 TEXTUS.

727 2495 960 2554 CAPUT
1001 2496 1291 2555 PRIMUM.

233 2644 430 2732 155.7
462 2648 552 2714 [ι
580 2656 722 2714 Ante
744 2658 847 2713 vita
865 2674 1024 2730 quam
1054 2659 1296 2714 doctrina
1322 2652 1608 2732 qumreuda
1632 2674 1717 2720 est
1740 2680 1755 2731 ;

168 2752 261 2807 vita
288 2754 424 2807 enim
459 2751 607 2808 bona
637 2761 691 2807 et
719 2752 837 2808 sine
875 2750 1117 2808 doctrina
1183 2753 1344 2809 trahet
1374 2757 1633 2825 gratiam,
1662 2758 1759 2811 do-

168 2846 321 2899 ctrina
348 2840 462 2900 sine
497 2838 611 2899 vita
653 2844 1015 2913 integritatem
1069 2861 1174 2903 non
1220 2847 1413 2913 habet,
1447 2846 1512 2903 In
1535 2849 1760 2906 malevo-

168 2939 258 2994 lam
282 2944 456 2999 etenim
484 2945 718 2999 animum
750 2960 849 2998 non
900 2945 1039 2999 cadit
1073 2947 1324 3019 sapientia
1351 2947 1506 3021 (Sap.
1545 2965 1594 3016 ι,
1621 2948 1655 3003 4
1682 2953 1699 3016 )
1730 2968 1746 3006 :

171 3034 377 3107 ideoque
429 3040 543 3094 ait:
590 3038 832 3106 Quwrent
880 3055 961 3094 me
1012 3040 1173 3105 mali,
1222 3049 1270 3095 et
1347 3057 1449 3095 non
1493 3042 1749 3099 invenient

171 3127 352 3200 (Prov.
392 3129 615 3205 1,28):
670 3134 793 3202 quia
847 3133 1193 3203 improbitate
1265 3145 1498 3191 cmcatnr
1552 3138 1749 3195 mentis

171 3222 365 3288 oculus,
399 3234 452 3278 et
481 3224 757 3295 caligante
785 3224 886 3280 sibi
919 3225 1206 3297 iniquitate
1234 3228 1495 3299 mysteria
1522 3229 1749 3297 profun-

170 3316 226 3371 da
252 3318 480 3376 invenire
509 3336 623 3374 non
652 3329 853 3389 potest.
890 3319 1128 3375 Primmn
1158 3336 1287 3393 ergo
1320 3324 1626 3379 exercenda
1662 3333 1747 3379 est

171 3411 277 3466 vita:
302 3413 515 3476 militia,
544 3411 862 3485 corrigendi
891 3428 1093 3469 mores.
1127 3400 1257 3469 Cum
1290 3413 1408 3469 tunc
1453 3415 1750 3472 institueri-

173 3519 277 3558 mus
295 3503 355 3559 ad
377 3520 600 3560 cursum
627 3502 896 3572 debitum,
929 3515 984 3559 ut
1009 3507 1079 3560 sit
1108 3496 1421 3561 offensionis
1450 3510 1747 3577 correctio,

174 3597 393 3665 puritatis
421 3599 631 3669 gratia:
658 3606 784 3652 tunc
810 3597 872 3652 ad
901 3598 1075 3653 studia
1104 3597 1463 3668 percipienda:
1484 3599 1752 3669 cognitio-

174 3690 242 3744 ιιίς
269 3693 538 3748 veniamus
600 3707 698 3746 suo
745 3693 938 3749 ordine
981 3705 1032 3749 et
1066 3692 1174 3748 via.
1212 3688 1393 3747 Prima
1427 3693 1589 3765 igitur
1619 3704 1749 3751 sunt

176 3780 373 3836 moralia
396 3824 410 3849 ,
440 3782 682 3838 secunda
732 3782 961 3856 mystica
994 3802 1007 3838 :
1045 3785 1096 3839 in
1131 3777 1235 3839 illis
1268 3790 1407 3851 vita,
1453 3782 1506 3840 in
1539 3785 1623 3842 his
1650 3802 1747 3842 co-

176 3870 367 3939 gnitio;
401 3872 467 3928 ita
498 3883 558 3929 ut
588 3872 632 3929 si
668 3873 1050 3946 perfectionem
1082 3874 1356 3948 requiras,
1398 3894 1499 3934 nec
1532 3878 1633 3933 vita
1675 3877 1748 3933 si-

175 3977 230 4015 ne
259 3964 590 4036 eOgnitione,
630 3984 731 4025 nec
760 3966 996 4041 cognitio
1033 3968 1153 4026 sine
1178 3970 1286 4025 vita
1314 3972 1420 4036 stt,
1452 3981 1747 4042 utrumque

175 4056 470 4126 astipuletur
496 4057 682 4116 alteri.
713 4058 884 4129 Quam
914 4059 1309 4117 institutionem
1336 4072 1556 4116 secutus
1585 4059 1744 4117 Salo-

179 4163 285 4204 mon
328 4151 514 4207 librum
551 4152 625 4209 de
654 4153 965 4209 Proverbiis
1012 4151 1299 4224 scripsitg
1317 4168 1425 4224 quo
1478 4153 1744 4209 moralem

178 4238 332 4297 locum
378 4246 599 4302 uberius
627 4246 927 4317 expressit,
957 4247 1261 4302 naturalem
1294 4247 1346 4301 in
1372 4246 1739 4313 Ecclesiaste,

179 4334 436 4405 mysticum
482 4338 533 4394 in
586 4335 823 4394 Canticis
869 4340 1205 4395 canticorum
1250 4359 1262 4394 :
1313 4355 1639 4410 quamquam
1701 4341 1748 4396 si

179 4416 728 4500 diligenterdiscutias,
756 4441 811 4487 et
835 4432 886 4488 in
907 4424 1218 4489 Proverbiis
1238 4433 1464 4506 mystica
1492 4435 1748 4504 pleraque

182 4522 421 4591 reperias,
455 4526 591 4581 etin
617 4518 857 4581 Canticis
903 4524 1190 4581 muralium
1233 4529 1577 4583 suavitatem.
1609 4524 1744 4585 Nam

185 4614 344 4685 utique
374 4620 653 4691 mysticum
697 4626 824 4675 est:
872 4617 1144 4689 Sapientia
1183 4619 1459 4689 aediﬁcavit
1505 4616 1604 4674 sibi
1650 4614 1748 4675 do-

181 4721 300 4761 mum
320 4752 333 4775 ,
362 4724 407 4765 et
438 4712 664 4767 subdidit
694 4710 966 4767 columnas
995 4716 1189 4783 septem
1209 4754 1223 4777 ,
1255 4711 1509 4786 interfecit
1544 4712 1744 4769 hostias

1755 2489 1799 2539 vi
1893 2487 2056 2545 deret
2095 2506 2111 2545 :
2145 2490 2439 2561 aliquando
2491 2491 2629 2547 votis
2663 2492 2886 2562 politam
2924 2494 3070 2561 suis,
3122 2494 3190 2550 ad
3245 2496 3454 2566 impro-

1858 2578 2036 2636 visum
2062 2585 2247 2652 sponsi
2276 2582 2573 2640 adventum
2603 2584 2800 2654 gandio
2830 2585 3094 2640 turbatam
3115 2628 3130 2653 ,
3165 2600 3269 2641 non
3300 2600 3449 2658 qua:-

1862 2688 1984 2730 rere
2038 2676 2330 2745 primordia
2363 2676 2735 2743 salutationis,
2767 2693 2872 2733 non
2926 2678 3213 2734 verborum
3266 2682 3449 2747 vices,

1863 2766 1956 2823 sed
2006 2767 2188 2823 statim
2229 2767 2370 2838 quod
2417 2767 2779 2824 desiderasset
2813 2770 3056 2840 exigere.
3111 2770 3187 2825 tta
3236 2786 3365 2841 ergo
3395 2780 3451 2828 et

1861 2868 2045 2916 sancta
2078 2859 2311 2914 Ecclesia
2341 2874 2462 2930 quae
2510 2860 2563 2914 in
2587 2859 2897 2930 primordiis
2923 2860 3452 2932 mundidesponsata

1860 2950 1916 3006 in
1960 2949 2241 3022 paradiso,
2272 2950 2615 3022 prmligurata
2646 2952 2697 3006 in
2731 2952 2936 3007 diluvio
2962 2992 2976 3016 ,
3007 2953 3325 3008 annuntiata
3354 2967 3453 3024 per

1856 3046 2078 3118 Legem,
2112 3056 2297 3103 vocata
2327 3063 2421 3117 per
2437 3048 2744 3117 prophetas,
2777 3062 2898 3102 cum
2918 3048 3007 3102 diu
3023 3047 3449 3117 redemptionem

1857 3141 2168 3208 hominum,
2215 3140 2487 3211 Evangelii
2536 3141 2789 3196 deuorem
2809 3182 2823 3206 ,
2854 3139 3034 3196 dilecti
3069 3152 3440 3212 exspectasset

1860 3236 2149 3290 adventrum
2178 3250 2193 3300 ;
2224 3233 2512 3303 impatiens
2545 3249 2740 3299 morte,
2774 3232 2828 3287 in
2860 3233 3044 3288 oscula
3076 3234 3183 3288 ruit
3206 3234 3396 3290 dicens
3435 3251 3449 3289 :

1861 3328 2132 3385 Osculetur
2154 3345 2235 3383 me
2267 3328 2331 3382 ab
2359 3328 2535 3383 osculo
2562 3329 2664 3382 oris
2710 3328 2826 3391 sui;
2853 3336 2909 3383 et
2930 3327 3195 3383 delectata
3218 3328 3447 3395 osculis,

1853 3423 2040 3491 adjicit
2071 3442 2085 3478 :
2116 3422 2360 3490 quoniam
2386 3422 2585 3492 optima
2610 3422 2766 3475 ubera
2789 3431 2879 3475 tua
2907 3436 3062 3492 super
3087 3422 3279 3476 vinum.

1925 3518 1980 3573 5.
2024 3519 2089 3573 Ει
2115 3526 2171 3572 ut
2202 3517 2461 3572 moralius
2488 3516 2765 3583 dicamus,
2797 3516 3038 3587 intelligo
3070 3515 3200 3571 mihi
3226 3526 3444 3571 carnem

1853 3611 2000 3666 illam
2047 3625 2168 3681 quae
2223 3608 2522 3665 madefacta
2577 3609 2754 3664 fuerat
2816 3608 2870 3664 in
2940 3609 3109 3664 Adam
3175 3610 3446 3680 serpentis

1856 3718 2227 3774 veneno,qua3
2255 3703 2546 3757 criminum
2582 3701 2858 3757 marcebat
2889 3699 3079 3767 ielore,
3113 3716 3232 3771 qua:
3257 3716 3446 3771 proce-

1852 3796 2014 3852 debat
2044 3797 2096 3850 in
2136 3795 2350 3850 filiabus
2391 3795 2523 3852 Sion
2555 3795 2664 3849 alta
2692 3795 2912 3851 cervice
2956 3804 3012 3850 et
3056 3794 3279 3849 nutibus
3316 3806 3449 3849 ocn-

1855 3887 2064 3954 Iornm,
2105 3895 2160 3941 et
2202 3888 2397 3943 itinere
2438 3887 2633 3958 pedum
2666 3888 2887 3941 trahens
2931 3888 3169 3955 tunicas,
3213 3896 3268 3943 et
3300 3889 3446 3957 pedi-

1854 3978 1953 4032 bus
1996 3978 2110 4032 suis
2159 3976 2383 4041 ludens,
2435 3977 2666 4031 crinium
2715 3975 2986 4032 cincinnis
3031 3985 3085 4031 et
3128 3977 3445 4046 compositis

1854 4068 2094 4123 vultibus
2129 4076 2292 4137 atque
2321 4066 2683 4132 redimiculis,
2716 4076 2770 4123 et
2790 4066 2940 4122 omni
2974 4066 3219 4122 affectata
3246 4067 3446 4124 decore

1854 4161 1976 4231 plus
2039 4159 2350 4224 dedecens,
2401 4159 2646 4216 eamdem
2704 4169 2881 4214 tanien
2950 4158 3191 4229 ptnrimis

1852 4252 2095 4308 edoctum
2126 4251 2394 4317 oraculis,
2437 4250 2579 4321 quod
2612 4261 2871 4305 venturus
2916 4259 3061 4306 esset
3088 4249 3178 4320 qui
3222 4264 3446 4321 serpen-

1853 4346 1920 4400 tis
1960 4342 2237 4399 illecebris
2292 4343 2570 4409 exclusis,
2623 4342 2859 4413 Spiritus
2909 4342 3081 4397 sancti
3137 4341 3446 4398 infnnderet

1851 4434 2079 4508 gratiam
2111 4451 2125 4501 ;
2165 4443 2221 4490 ut
2248 4437 2425 4490 oumis
2454 4449 2582 4489 caro
2628 4433 2838 4489 videret
2876 4434 3113 4490 salutare
3158 4433 3297 4499 Dei,
3327 4450 3442 4487 om-

1855 4528 1937 4582 nis
1970 4542 2098 4582 caro
2142 4526 2207 4581 ad
2254 4527 2419 4581 Deum
2468 4526 2717 4590 veniret,
2767 4525 3067 4580 marcuisse
3119 4524 3440 4579 desiderio:

1849 4619 1944 4675 sed
1979 4627 2309 4675 metuentem
2354 4635 2419 4674 ne
2448 4617 2853 4685 utimpaticns,
2903 4626 2959 4671 ut
3005 4616 3235 4677 lasciva,
3270 4624 3326 4671 ut
3370 4615 3446 4670 itt-

1852 4711 2100 4774 xuriosa,
2132 4717 2192 4763 ut
2236 4709 2463 4780 querula
2486 4750 2501 4775 ,
2530 4709 2673 4762 sicut
2718 4718 2841 4763 ante
2872 4706 3050 4762 fuerat
3082 4706 3399 4778 displiceret
3422 4744 3439 4775 ,

182 4814 318 4865 suas,
373 4814 474 4859 etc.
504 4800 658 4877 (Ρου.
690 4820 742 4860 ιι
766 4848 779 4871 ,
820 4805 842 4860 t
969 4780 1081 4860 lioc‘
1127 4804 1327 4877 quippe
1379 4780 1432 4860 in
1502 4798 1741 4862 Cantit-is
1772 4780 1823 4841 D
1849 4800 2095 4872 quamvis
2137 4798 2380 4869 longiore
2411 4814 2570 4870 quam
2618 4798 2761 4854 ferre
2794 4798 2905 4867 jam
2946 4808 3194 4869 poterat,
3226 4814 3445 4854 moran-

185 4884 314 4946 ldcet
352 4897 628 4966 mysticum
658 4892 801 4968 (ιιιοά
834 4893 1070 4963 marate,
1118 4894 1171 4950 in
1200 4904 1308 4966 quo
1352 4893 1739 4951 blanditiarum

183 4978 397 5058 suavitas
423 4994 475 5039 et
502 4986 724 5044 atfecms
754 4987 991 5042 amantis
1018 4982 1365 5058 exprimitur.

243 5056 293 5127 Ξ.
326 5074 499 5148 (Vers.
532 5076 590 5146 ί,
615 5076 696 5152 2.)
733 5077 1008 5134 Osculetur
1053 5056 1133 5134 me
1161 5078 1223 5134 ab
1255 5078 1433 5136 osculo
1466 5083 1574 5137 oris
1612 5083 1697 5137 sui
1721 5101 1741 5151 ,-

186 5165 397 5232 qaoniam
426 5168 613 5245 optima
664 5160 822 5228 ubera
849 5181 936 5228 tua
982 5188 1135 5244 super
1163 5170 1370 5240 vinum,
1404 5186 1451 5229 et
1480 5175 1611 5231 odor
1643 5186 1743 5231 un-

188 5268 461 5327 guentorum
491 5272 691 5320 morum
737 5281 890 5337 super
931 5262 1107 5319 omnia
1150 5274 1402 5321 aromata.
1453 5266 1743 5325 Constittte

186 5356 299 5419 ergo
325 5350 584 5425 Virginem
614 5357 996 5430 deSponsatam
1030 5359 1200 5413 multo
1233 5360 1479 5428 tempore
1504 5400 1519 5423 ,
1553 5367 1608 5414 et
1651 5359 1742 5431 ju-

188 5436 262 5523 sti)
283 5441 561 5506 ferventem
607 5466 827 5520 amore,
877 5462 997 5523 qua:
1043 5454 1208 5506 multa
1264 5450 1523 5522 praeclara
1575 5466 1743 5522 Opera

189 5520 377 5602 dilecti,
410 5541 759 5610 probabilium
790 5520 1009 5599 testium
1051 5520 1353 5599 assertione
1398 5520 1740 5616 cognoverit,

192 5621 449 5687 desideriis
487 5637 766 5707 suspensis
814 5635 1038 5691 dilatam
1092 5635 1438 5707 frequenter,
1480 5637 1591 5709 jam
1637 5653 1746 5694 non

193 5713 428 5782 ferentem
458 5743 666 5797 moras,
713 5747 834 5803 quae
888 5730 1071 5789 omnia
1119 5731 1338 5791 fecisset
1385 5742 1442 5789 ut
1487 5747 1748 5805 sponsum

283 5889 305 5919 ⁸
332 5883 385 5953 in
412 5904 490 5961 Ρεο
515 5906 680 5957 cxvru
700 5895 877 5954 Serm.
907 5895 959 5965 1,
989 5906 1140 5951 num.
1165 5890 1220 5966 2.

1853 4896 1921 4949 tis
1970 4893 2236 4949 adventus
2274 4891 2538 4948 Dominici
2596 4894 3004 4962 exspectatione
3061 4901 3380 4963 quateretur
3426 4911 3440 4948 :

1853 5004 1960 5044 non
1993 4996 2417 5043 murmur-antem
2456 4996 2633 5043 tamen
2676 5000 2777 5041 nec
2806 4985 3316 5057 transgredientem,
3346 4986 3443 5042 sed

1853 5081 2123 5138 levantem
2154 5081 2206 5135 in
2255 5082 2402 5135 omni
2444 5079 2564 5134 loco
2606 5094 2773 5152 puras
2815 5095 3042 5144 manus,
3089 5080 3208 5135 sine
3257 5080 3332 5133 ira
3390 5088 3445 5134 et

1853 5173 2280 5242 disceptatione,
2324 5175 2375 5226 in
2409 5170 2595 5227 habitu
2628 5180 2821 5227 ornato
2851 5188 2974 5225 eum
3010 5172 3339 5228 verecundia
3387 5179 3444 5227 et

1853 5269 2170 5332 sobrietate,
2187 5276 2470 5322 oruantem
2488 5282 2547 5322 se
2563 5282 2669 5321 non
2694 5268 2744 5321 in
2771 5268 2923 5321 tortis
2944 5267 3187 5321 crinibus
3201 5276 3287 5319 aut
3306 5281 3440 5321 auro

1848 5368 1943 5416 aut
1971 5358 2278 5430 margaritis
2324 5368 2413 5412 aut
2445 5366 2597 5413 veste
2640 5356 2870 5427 pretiosa
2892 5400 2906 5423 ,
2940 5357 3033 5411 sed
3064 5355 3150 5411 his
3178 5371 3297 5425 quae
3352 5372 3440 5412 ca-

1849 5452 2047 5509 stitatis
2088 5458 2142 5505 ct
2194 5448 2347 5505 bonae
2393 5450 2824 5505 conversationis
2872 5449 3130 5504 decerent
3169 5444 3437 5520 gratiam,

1848 5554 2007 5600 Orare
2049 5543 2320 5598 dicentem
2364 5560 2375 5597 :
2414 5536 2691 5595 Osculclur
2722 5556 2800 5595 me
2835 5541 2898 5595 ab
2945 5539 3123 5595 osculo
3173 5540 3277 5596 ‘oris
3317 5539 3443 5611 sui;

1847 5637 2091 5709 quoniam
2116 5638 2309 5709 optima
2330 5635 2483 5690 ubera
2510 5646 2600 5692 tua
2629 5653 2783 5717 super
2818 5637 3012 5719 vinum:
3056 5635 3176 5692 Jam
3225 5636 3445 5691 volebat

1850 5731 2132 5789 adhaerere
2169 5731 2386 5789 Christo
2432 5745 2596 5800 caro,
2641 5732 2753 5815 jam
2797 5716 3087 5791 festinabat
3132 5718 3443 5799 innubere;
