3920 6358
156 372 285 428 1857

1126 369 1171 428 E
1207 371 1520 429 SCRlPTlS
1562 372 1620 430 S.
1664 369 1993 429 AMBROSII
2029 368 2461 430 COLLECTUS.

3299 372 3440 432 1858

155 495 326 557 potest
354 484 659 555 pervenire,
686 493 867 542 tamen
898 486 1003 541 vim
1031 500 1185 542 suam
1207 496 1391 543 servat
1414 505 1426 541 :
1452 503 1573 543 cum
1606 501 1737 543 vero
1765 494 1813 553 Α
1842 485 2047 542 debere
2075 486 2360 557 intelligit,
2393 484 2670 543 renuntiat
2695 485 2922 555 saeculo,
2946 485 3160 544 abducit
3185 501 3244 544 se
3270 502 3299 542 a
3324 488 3442 544 vin-

156 580 220 636 de
249 593 372 634 vase
399 578 489 633 illo
516 592 623 649 quo
662 578 1019 635 claudebatur
1041 591 1377 652 unguentum
1406 580 1572 636 fuerit
1601 580 1736 636 effu-

157 689 288 738 sum,
319 673 478 744 longe
503 672 715 744 lateque
760 673 1019 729 diffusum
1062 674 1261 730 dicitur
1292 693 1306 729 :
1337 677 1409 731 ita
1448 683 1504 732 et
1532 674 1737 733 Christi

159 778 340 820 nomen
353 773 480 820 ante
508 763 625 834 ejus
652 764 945 822 adventum
976 768 1028 822 in
1060 767 1224 823 Israel
1255 769 1478 838 populo,
1500 767 1657 840 quasi
1680 768 1735 823 in

156 873 275 914 vase
302 858 481 929 aliquo
501 857 811 915 Judteorum
834 861 1105 916 mentibus
1131 860 1526 917 claudebatur:
1562 859 1738 917 Notus

157 953 288 1007 cnim
310 950 362 1005 in
387 948 579 1006 ludam
618 948 782 1014 Deus.
812 952 869 1006 in
904 950 1079 1008 Israel
1106 969 1350 1027 ntagnum
1392 969 1575 1009 nomen
1604 955 1736 1024 ejus.

160 1042 318 1116 (Psal.
348 1058 508 1110 Lxxv,
537 1044 601 1114 ι).
628 1043 741 1100 lloc
770 1044 951 1116 itaque
977 1060 1173 1101 nomen
1196 1046 1341 1117 quod
1365 1061 1495 1102 vasa
1523 1045 1740 1102 Judazo-

159 1154 266 1195 rum
308 1137 570 1210 angustiis
611 1139 724 1194 suis
753 1139 1053 1196 coercitum
1081 1139 1456 1196 continebant.
1489 1140 1738 1213 Magnum

159 1230 358 1303 quidem
388 1240 442 1285 ct
470 1238 595 1287 tunc
624 1246 845 1298 nomen,
878 1248 1001 1287 cum
1047 1231 1385 1288 inﬁrmorum
1414 1241 1583 1304 atque
1609 1248 1740 1303 pau-

160 1340 330 1381 corum
354 1326 585 1381 haereret
608 1326 891 1397 angustiis,
922 1324 1018 1381 sed
1044 1326 1473 1397 magnitudinem
1495 1325 1578 1381 sui
1604 1341 1741 1382 non-

162 1418 273 1475 dum
307 1433 401 1490 per
428 1418 595 1474 corda
631 1419 872 1489 gentium
899 1419 1029 1475 etin
1062 1418 1197 1475 ﬁnes
1221 1419 1386 1475 totius
1419 1419 1568 1475 orbis
1600 1418 1740 1475 eﬂ‘u-

159 1512 338 1569 derat:
370 1514 584 1587 1550
611 1521 894 1586 postquam
937 1530 1066 1571 vero
1099 1529 1195 1582 per
1225 1529 1442 1570 omnem
1477 1513 1740 1569 mundum

162 1620 249 1662 suo
272 1605 446 1661 illusit
472 1606 743 1673 adventu,
793 1621 891 1677 per
929 1620 1147 1663 omnem
1201 1607 1389 1678 utique
1430 1613 1740 1662 creaturam

162 1698 383 1755 divinum
413 1698 544 1755 illud
570 1714 727 1755 suum
755 1714 957 1755 nomen
988 1699 1261 1768 extendit,
1312 1715 1421 1755 non
1467 1698 1739 1770 repletum

163 1794 454 1851 accessione
470 1792 676 1865 aliqua,
705 1794 987 1865 plenitudo
1004 1795 1149 1851 enim
1167 1795 1344 1850 nescit
1365 1803 1738 1866 augmentum;

164 1886 248 1941 sed
271 1886 479 1956 replens
501 1902 695 1954 vacua,
724 1896 783 1942 ut
806 1896 953 1943 esset
977 1887 1299 1943 admirabile
1316 1902 1515 1943 nomen
1542 1887 1663 1957 ejus
1685 1888 1741 1943 in
1770 1917 1821 1981 Β

165 1979 391 2035 universa
419 1987 586 2036 terra.
612 1979 787 2051 Hujus
807 1981 968 2052 igitur
991 1980 1183 2038 ell'usio
1209 1981 1446 2038 nominis
1467 1981 1748 2038 abundan-

167 2079 262 2127 tem
287 2073 577 2144 quamdam
615 2074 1022 2130 exuberantiam
1072 2075 1398 2147 gratiarum,
1448 2075 1746 2132 bonorum-

167 2181 261 2236 que
287 2166 597 2224 etelestium
653 2168 922 2239 signiﬁcat
973 2167 1304 2236 ubertatem,
1344 2184 1417 2224 ex
1448 2169 1746 2225 abundanti

166 2258 294 2314 enim
339 2258 628 2331 superﬂuit
686 2257 946 2331 quidquid
994 2258 1311 2315 effunditur.
1345 2269 1371 2297 ιι
1402 2258 1532 2315 Ideo
1571 2259 1749 2316 adole-

165 2355 386 2410 scentqu
413 2355 710 2411 dilexerunt
736 2365 806 2410 te.
864 2354 1036 2423 Bona,
1075 2354 1276 2427 inquit,
1305 2354 1615 2426 prudentia,
1649 2353 1746 2411 sed

170 2449 322 2506 dulcis
364 2450 777 2518 misericordia;
812 2450 960 2505 illam
1002 2450 1149 2505 enim
1173 2451 1332 2521 pauci
1364 2459 1747 2521 assequuntur,

168 2540 267 2597 lucc
290 2542 353 2599 ad
374 2558 569 2601 omnes
599 2542 850 2614 pervenit
873 2560 885 2595 :
911 2551 1137 2613 propter
1159 2542 1321 2611 hanc,
1344 2542 1546 2613 inquit,
1571 2542 1751 2598 indul-

169 2638 380 2706 gentiam
408 2647 551 2694 tuam
594 2637 832 2708 diligunt
854 2647 906 2693 te
933 2636 1130 2692 anima:
1161 2644 1436 2692 renovatae
1461 2636 1676 2707 spiritu.

231 2730 310 2786 10.
352 2730 527 2803 (Vers.
560 2728 654 2801 5.)
693 2728 721 2768 δ
756 2728 972 2784 Attralte
1012 2746 1105 2784 nos
1137 2738 1252 2800 post
1279 2737 1361 2797 te,
1402 2745 1667 2784 curramus
1696 2728 1749 2783 in

169 2824 356 2879 odorem
405 2832 798 2898 unguentorum
844 2832 1070 2877 tuorum.
1128 2820 1382 2877 Osculata
1410 2821 1522 2892 jam
1571 2821 1751 2877 anima

171 2926 330 2974 sancta
359 2917 606 2974 Verbum
639 2914 765 2983 Dei,
815 2915 1037 2971 modum
1069 2929 1176 2969 non
1207 2914 1386 2983 capit,
1419 2927 1519 2969 nec
1570 2912 1754 2982 exple-

172 3019 247 3065 tur
265 3010 441 3066 dicens
468 3029 483 3066 :
513 3008 726 3065 Suavis
756 3023 838 3075 es,
860 3008 1109 3071 Domine,
1138 3016 1193 3063 ct
1220 3006 1272 3061 in
1294 3005 1640 3076 jucunditate
1665 3014 1753 3060 tua

181 3104 299 3159 doce
324 3120 406 3160 me
428 3102 854 3174 justificationes
880 3112 996 3157 tuas
1020 3099 1197 3173 (Psnl.
1226 3116 1419 3167 cxvnt,
1443 3100 1553 3173 12).
1587 3099 1757 3156 Oscu-

181 3196 274 3252 lata
300 3198 389 3255 Dei
413 3198 653 3254 Verbum
676 3197 1018 3266 concupiscit
1039 3211 1204 3267 super
1238 3211 1454 3251 omnetn
1478 3194 1750 3261 decorem,

182 3290 339 3363 diligit
362 3308 522 3364 super
550 3307 773 3348 omnem
795 3290 1039 3346 laetitiam
1066 3330 1082 3357 ,
1122 3289 1425 3346 delaetatur
1449 3304 1611 3360 super
1639 3304 1755 3344 cm-
1781 3310 1827 3374 ρ

183 3383 262 3438 nia
284 3395 533 3452 aromata,
565 3385 723 3455 cupit
751 3382 1064 3452 frequenter
1094 3382 1299 3449 videre,
1332 3397 1478 3453 smpc
1505 3382 1754 3439 intende-

185 3491 255 3544 re,
284 3478 635 3549 cupitattrahi
666 3487 725 3533 ut
763 3478 917 3548 sequi
945 3480 1115 3546 possit
1142 3494 1154 3529 :
1185 3475 1535 3548 Unguentum,
1563 3477 1758 3547 inquit,

186 3571 478 3628 exinanitum
498 3590 689 3629 nomen
711 3583 876 3638 tuum,
900 3581 1172 3642 propterea
1197 3581 1243 3625 te
1268 3572 1530 3643 diligimus
1582 3572 1762 3627 adole-

189 3667 453 3736 scentulte;
481 3678 776 3741 propterea
821 3674 1121 3733 certamus,
1157 3664 1252 3721 sed
1299 3664 1764 3737 comprehendere

192 3771 285 3813 non
321 3776 599 3832 possumus
637 3779 650 3814 :
685 3760 902 3817 attrahe
930 3775 1060 3827 nos,
1094 3768 1152 3814 ut
1182 3761 1449 3830 possimus
1500 3773 1761 3823 currere;

191 3856 243 3903 ut
264 3850 420 3909 odore
460 3863 861 3925 unguentorum
896 3863 1110 3907 tuorum
1147 3854 1476 3923 accipiamus
1510 3854 1762 3908 virtutem

192 3944 448 4013 sequendi.
478 3946 727 4002 Festinat
745 3947 907 4001 etiam
940 3946 1157 4001 interna
1182 3946 1441 4017 mysteria
1461 3944 1667 4012 videre,
1688 3945 1767 4015 ip-

195 4047 296 4089 sam
321 4039 552 4108 requiem
586 4038 785 4106 Verbi,
810 4039 981 4109 ipsam
1010 4038 1137 4094 boni
1163 4036 1305 4093 illius
1336 4036 1537 4094 summi
1557 4037 1766 4094 habita-

198 4126 403 4199 tionem,
438 4143 491 4189 et
520 4133 700 4189 lucem
741 4131 857 4203 ejus
897 4140 953 4188 et
978 4132 1280 4187 claritatem
1328 4131 1381 4185 in
1410 4132 1503 4186 illo
1545 4131 1667 4185 sinu
1701 4145 1766 4187 ac

197 4234 392 4279 recessu
416 4226 609 4297 patrio;
643 4225 865 4282 festinat
887 4224 1077 4280 audire
1097 4238 1377 4280 sermones
1406 4222 1547 4295 ejus,
1572 4229 1769 4279 etcum

202 4315 408 4374 audierit
433 4336 597 4392 super
619 4335 844 4376 omnem
877 4318 1201 4375 suavitatem
1227 4317 1444 4389 accipit.

264 4410 344 4466 11.
383 4413 579 4471 Doceat
605 4425 661 4471 te
690 4413 955 4485 propheta
982 4412 1073 4484 qui
1101 4412 1362 4484 gustavit,
1385 4419 1441 4466 et
1465 4410 1540 4466 ait
1566 4427 1578 4463 :
1605 4409 1772 4476 Quam

203 4499 358 4558 dulcia
382 4505 616 4574 faucibus
644 4508 772 4563 meis
801 4506 953 4563 verba
979 4514 1091 4572 tua,
1125 4520 1281 4576 super
1301 4504 1403 4559 mel
1422 4511 1473 4559 et
1502 4504 1675 4575 favum
1696 4503 1776 4558 ori

203 4611 303 4650 ineo
330 4596 501 4668 (Psat.
525 4615 688 4657 cxvnt
713 4641 728 4667 ,
761 4599 911 4670 105)!
968 4599 1107 4667 Quid
1157 4600 1302 4654 enim
1330 4596 1475 4653 aliud
1504 4596 1776 4653 desiderat

1840 579 1977 634 culis
2008 578 2222 645 carnis,
2269 586 2325 635 et
2353 578 2503 634 exuit
2531 579 2788 635 omnibus
2828 579 3165 650 voluptatum
3215 580 3442 635 istarum

1842 672 2089 727 nexibus.
2127 670 2371 741 Denique
2396 670 2703 742 Stephanus
2732 671 2916 729 Jesum
2946 672 3202 741 videbat,
3233 681 3289 730 et
3311 672 3446 744 lapi-

1840 764 1957 821 dari
1997 781 2105 822 non
2156 764 2511 832 formidabat;
2559 764 2729 823 immo
2754 780 2879 824 cum
2922 766 3277 838 lapidaretur,
3334 781 3443 824 non

1840 876 1941 931 pro
1969 876 2061 929 se,
2088 859 2187 917 sed
2221 875 2318 930 pro
2355 860 2465 917 illis
2494 876 2524 916 a
2554 860 2754 932 quibus
2781 859 3172 929 perimebatur,
3195 859 3444 933 rogabat.

1842 954 2044 1011 Paulus
2072 969 2290 1027 quoque
2315 964 2503 1025 raptus
2534 969 2704 1027 usque
2729 954 2798 1011 ad
2823 955 3042 1011 tertium
3068 955 3288 1022 ctelum,
3319 968 3444 1011 cum

1841 1064 2073 1120 corpore
2115 1059 2264 1106 esset
2309 1050 2396 1106 vel
2422 1049 2543 1106 sine
2572 1065 2803 1121 corpore
2851 1050 3169 1118 nesciebat,
3219 1057 3444 1121 raptus,

1843 1141 2089 1213 inquam,
2118 1141 2174 1195 in
2207 1140 2555 1212 paradisum,
2583 1157 2743 1198 usum
2797 1142 3133 1214 propriijam
3181 1157 3288 1198 non
3320 1156 3446 1199 scn-

1843 1233 2013 1288 tiebat
2040 1232 2308 1303 corporis,
2361 1244 2416 1289 et
2445 1232 2677 1289 audiens
2704 1233 2867 1290 verba
2913 1234 3007 1291 Dei
3035 1274 3050 1299 ,
3076 1232 3347 1305 quomodo
3377 1232 3447 1290 ad

1843 1326 2094 1396 corporis
2124 1326 2473 1384 inﬁrmitates
2502 1327 2886 1396 descenderet,
2919 1328 3298 1385 erubescebat.
3339 1326 3449 1384 Ita-

1844 1434 1951 1490 que
1975 1419 2156 1475 sciens
2187 1419 2315 1490 quid
2342 1419 2568 1476 vidisset
2589 1418 2644 1475 in
2668 1420 2946 1492 paradiso,
2974 1420 3060 1477 vel
3090 1420 3220 1492 quid
3252 1420 3441 1477 audis-

1844 1521 1925 1566 set
1946 1552 1962 1580 ,
1995 1511 2267 1567 clamabat
2296 1512 2484 1568 dicens
2517 1529 2531 1566 :
2570 1512 2713 1582 Quid
2756 1512 2929 1568 adhuc
2970 1514 3108 1569 velut
3134 1513 3359 1570 viventes
3385 1514 3449 1570 de

1844 1605 1943 1661 hoc
1964 1607 2156 1663 mundo
2185 1608 2506 1664 decernitis?
2543 1607 2597 1664 Ν
2603 1626 2630 1665 e
2667 1610 2953 1683 tetigeritis,
2983 1626 3046 1665 ne
3067 1612 3452 1667 attaminaveri-

1845 1698 1910 1753 tis
1930 1740 1947 1767 ,
1974 1716 2036 1754 ne
2081 1701 2409 1772 gustaveritis
2433 1743 2448 1769 ,
2497 1717 2614 1773 quae
2637 1712 2759 1757 sunt
2786 1703 2960 1758 omnia
3003 1703 3074 1757 ad
3099 1704 3451 1775 corruptelam

1845 1792 1962 1862 ipso
1991 1810 2087 1848 usu
2133 1792 2361 1868 (Coloss.
2391 1809 2462 1862 ll,
2494 1794 2566 1850 20
2595 1805 2643 1851 et
2670 1794 2791 1869 21).
2823 1795 3057 1853 Volebat
3085 1797 3230 1853 enim
3260 1812 3360 1854 nos
3391 1797 3449 1855 in

1846 1884 2018 1956 ﬁgura
2048 1901 2172 1943 esse
2192 1886 2347 1943 istius
2371 1888 2597 1956 mundi,
2622 1904 2729 1944 non
2763 1891 3109 1959 possessione
3137 1900 3299 1964 atque
3326 1907 3448 1961 usu,

1849 1986 1908 2033 ut
1957 1978 2029 2033 ita
2076 1987 2292 2035 utamur
2336 1978 2441 2036 hoc
2475 1980 2679 2037 mundo
2732 1989 3006 2053 tamquam
3053 1998 3164 2039 non
3206 1992 3449 2051 utamur,

1851 2077 2139 2143 tamquamj
2170 2081 2591 2143 praetereuntes,
2626 2088 2735 2131 non
2784 2082 3058 2147 tamquam
3097 2076 3447 2144 residentes;

1849 2162 2196 2220 ambulantes
2228 2172 2505 2237 tamquam
2534 2164 2589 2220 in
2621 2165 2858 2239 imagine
2900 2169 3111 2236 saeculi,
3146 2170 3329 2226 nonin
3356 2185 3453 2227 cu-

1853 2254 2101 2325 piditate,
2119 2264 2176 2310 ut
2198 2257 2542 2314 velocissima
2560 2256 2929 2329 disputatione
2958 2260 3130 2332 ipsam
3160 2262 3451 2335 imaginem

1850 2348 2014 2421 hujus
2067 2350 2255 2407 mundi
2297 2360 2660 2410 transeamus.
2695 2354 2943 2427 Denique
2983 2356 3102 2429 ipse
3129 2356 3236 2415 flde
3262 2359 3455 2415 ambu—
3502 2388 3510 2401 -

1851 2443 2003 2514 laus,
2053 2461 2160 2502 non
2193 2447 2397 2517 specie,
2431 2448 2887 2520 peregrinabatur
2914 2466 2944 2506 a
2976 2466 3230 2523 corpore,
3263 2451 3459 2510 aderat

1850 2537 1965 2593 Deo
2000 2555 2012 2592 :
2046 2547 2103 2594 et
2128 2553 2250 2595 cum
2273 2548 2421 2596 esset
2447 2541 2500 2595 in
2527 2540 2723 2615 terris',
2753 2557 2860 2599 non
2891 2543 2945 2599 in
2979 2543 3212 2601 terrenis
3231 2584 3249 2613 ,
3272 2544 3368 2601 sed
3396 2545 3454 2602 in

1848 2630 2173 2688 coelestibus
2211 2632 2666 2689 conversabatur.
2700 2635 2846 2707 Ergo
2892 2635 3069 2691 anima
3103 2645 3289 2694 nostra
3333 2654 3457 2710 quas

1851 2722 1965 2779 Deo
1988 2724 2101 2779 vult
2130 2726 2593 2797 appropinquare,
2617 2727 2796 2784 elevet
2815 2743 2874 2785 se
2903 2743 2935 2783 a
2958 2743 3214 2800 corpore,
3237 2746 3457 2802 semper

1852 2815 1932 2870 illi
1960 2832 2174 2872 summo
2220 2819 2366 2875 bono
2392 2819 2701 2890 adhaereat,
2735 2822 2817 2878 illi
2844 2823 2991 2880 bono
3016 2823 3163 2896 quod
3210 2832 3295 2881 est
3316 2824 3457 2882 divi—

1854 2923 2013 2973 num,
2045 2909 2190 2981 quod
2232 2919 2317 2967 est
2365 2927 2617 2984 semper,
2650 2924 2705 2970 et
2733 2914 2875 2986 quod
2917 2924 3037 2972 erat
3078 2917 3148 2972 ab
3196 2916 3374 2986 initio,
3402 2927 3460 2975 et

1853 3000 1997 3071 quod
2031 3011 2151 3057 erat
2175 3003 2316 3074 apud
2349 3004 2514 3061 Deum
2541 3004 2599 3079 (l
2627 3003 2791 3062 Joan.
2820 3022 2839 3063 ι
2864 3007 2906 3078 ),
2941 3007 3045 3064 hoc
3074 3018 3179 3077 est,
3207 3008 3301 3066 Dei
3325 3009 3461 3067 Ver-

1854 3093 1981 3150 bum
2019 3113 2033 3150 :
2082 3096 2260 3167 ipsum
2307 3107 2394 3154 est
2423 3098 2556 3156 illud
2601 3099 2876 3169 divinum,
2908 3099 2976 3157 In
3005 3119 3111 3175 quo
3138 3103 3378 3172 uiuimus,
3411 3112 3460 3160 et

1857 3208 2059 3259 sumus,
2090 3201 2138 3246 et
2167 3209 2429 3249 moventur
2459 3193 2600 3266 (Act.
2631 3210 2743 3250 xm
2764 3237 2780 3265 ,
2807 3195 2880 3252 28

1932 3283 2012 3339 15.
2063 3282 2343 3339 Curremus
2360 3287 2413 3340 in
2431 3286 2639 3342 odorem
2662 3298 3045 3360 unguentorum
3058 3298 3286 3347 tuorum.
3306 3289 3465 3351 Hunc

1858 3375 2082 3432 odorem
2116 3377 2321 3449 fragrat
2366 3378 2546 3434 anima
2575 3396 2696 3451 qua:
2722 3380 2947 3438 Christo
2991 3383 3208 3454 aperire
3236 3383 3460 3456 incipit,

1857 3480 1918 3527 ut
1944 3472 2177 3544 accipiat
2206 3473 2437 3543 primum
2470 3473 2694 3530 odorem
2729 3475 3028 3532 Dominicm
3058 3477 3372 3547 sepulturae,
3406 3485 3465 3535 et

1861 3564 2079 3632 credat,
2112 3566 2236 3637 quia
2266 3581 2396 3623 caro
2425 3566 2547 3637 ejus
2574 3582 2685 3623 non
2714 3568 2849 3624 vidit
2886 3568 3295 3640 corruptionem
3322 3611 3338 3638 ,
3363 3584 3466 3628 nec

1861 3659 2033 3715 odore
2054 3658 2236 3730 aliquo
2263 3659 2456 3717 mortis
2480 3661 2745 3717 emarcuit
2771 3679 2785 3715 :
2814 3661 2909 3718 sed
2936 3664 3125 3719 :eterni
3147 3664 3291 3720 illius
3316 3663 3471 3720 ﬂoris

1863 3761 1919 3809 et
1948 3768 2170 3824 semper
2202 3755 2435 3810 virentis
2460 3754 2631 3810 odore
2655 3754 2875 3811 condita
2900 3757 3157 3812 surrexit.
3188 3756 3473 3825 Quomodo

1865 3844 2011 3900 enim
2042 3855 2259 3916 poterat
2288 3846 2372 3901 vel
2406 3845 2460 3900 in
2494 3859 2661 3900 carne
2698 3860 3061 3913 marcescere,
3088 3846 3244 3916 cujus
3269 3861 3468 3903 nomen

1873 3938 2202 4011 Unguentum
2230 3939 2554 3995 exinanitum
2599 3937 2810 4011 1551
2836 3948 2910 3994 est
2933 3939 2960 3993 .9
2989 3937 3302 3994 Exinanivit
3321 3953 3383 3996 se
3410 3947 3472 3996 ut

1869 4034 2105 4105 Spiraret
2134 4032 2264 4096 tibi;
2294 4046 2513 4102 semper
2553 4031 2657 4086 hoc
2684 4038 3026 4100 unguentum
3050 4039 3196 4097 erat,
3224 4030 3323 4101 sed
3354 4042 3474 4089 erat

1870 4124 2013 4197 apud
2041 4125 2261 4181 Patrem
2286 4164 2302 4193 ,
2333 4134 2455 4180 erat
2486 4124 2541 4179 in
2576 4124 2740 4180 Patre
2762 4165 2777 4192 ,
2817 4123 3006 4191 olebat
3032 4133 3238 4180 tantum
3266 4124 3487 4198 angelis

1871 4226 1928 4273 et
1956 4216 2325 4289 archangelis,
2361 4227 2636 4289 tamquam
2684 4219 2829 4274 intra
2857 4233 2956 4274 vas
2981 4220 3128 4276 coeli.
3158 4220 3387 4291 Aperuit
3414 4232 3478 4277 os

1873 4310 2036 4367 Pater
2084 4311 2315 4368 dicens:
2345 4310 2480 4366 Ecce
2514 4312 2667 4385 posui
2702 4321 2752 4368 te
2777 4311 2833 4367 in
2882 4321 3238 4369 testamentum
3280 4316 3481 4386 generis

1874 4404 2010 4472 mei,
2060 4404 2114 4460 in
2156 4405 2323 4461 lucem
2347 4405 2613 4477 gentium;
2652 4413 2711 4460 ut
2760 4408 2832 4462 sis
2862 4407 2917 4462 in
2945 4409 3164 4463 salutem
3207 4423 3370 4479 usque
3411 4407 3482 4463 ad

1876 4504 2159 4553 extremum
2186 4506 2354 4568 .terra:
2381 4494 2555 4569 (Esai.
2612 4512 2742 4551 χιιι
2764 4538 2781 4564 ,
2831 4496 2908 4567 6).
2961 4498 3247 4555 Descendit
3277 4497 3447 4555 Filius
3465 4538 3480 4566 ,

1880 4592 2085 4663 repleta
2114 4599 2241 4646 sunt
2270 4591 2451 4647 omnia
2483 4605 2625 4646 novo
2654 4590 2826 4646 odore
2868 4590 3067 4659 Verbi,
3094 4592 3360 4648 eructavit
3385 4607 3483 4649 cor

207 4689 389 4757 anima,
410 4709 528 4765 quas
555 4695 727 4752 semel
757 4694 920 4750 Verbi
950 4694 1268 4749 suavitatem
1298 4692 1625 4764 gustaverit,
1654 4706 1776 4761 qua:
1802 4710 1858 4772 Ι)
1881 4688 2060 4744 Patris
2111 4686 2351 4743 Verbum
2403 4686 2630 4753 bonum,
2681 4684 2944 4759 fragravit
2993 4686 3189 4753 Filius,
3246 4686 3483 4757 Spiritus

208 4784 360 4838 semel
388 4785 689 4844 claritatem
710 4787 830 4859 ejus
853 4786 1088 4842 viderit?
1118 4786 1328 4859 Moyses
1352 4786 1404 4840 in
1428 4793 1613 4841 monte
1634 4784 1780 4854 posi-

210 4879 286 4928 tus
303 4877 646 4951 quadraginta
668 4880 861 4936 diebus
891 4880 1088 4951 Legem
1115 4880 1389 4949 accipiens
1409 4919 1424 4944 ,
1449 4877 1630 4933 cibum
1659 4891 1782 4933 cor-

211 4966 343 5033 poris
370 4984 475 5024 non
520 4972 834 5044 requirebat
866 4989 879 5026 :
911 4971 1057 5027 Elias
1084 4970 1152 5026 ad
1181 4970 1328 5026 illam
1385 4970 1652 5026 festinans
1691 4984 1778 5026 re-

211 5057 396 5127 ‘l‘liem,
420 5065 711 5135 rogabatut
729 5066 1069 5136 acciperetur
1095 5065 1272 5120 anima
1296 5079 1391 5120 sua
1417 5078 1444 5117 a
1473 5077 1563 5119 se:
1593 5062 1785 5119 Petrus

214 5151 462 5218 nSpiciens
498 5166 552 5212 et
577 5157 695 5228 ipse
723 5157 776 5212 in
807 5166 993 5213 monte
1039 5156 1333 5211 Dominicze
1367 5153 1787 5210 resurrectionis

215 5244 446 5320 gloriam,
470 5254 687 5312 nolebat
711 5253 1304 5321 descendere,dicens':
1332 5250 1576 5318 Domine,
1599 5250 1788 5304 bonum

216 5348 284 5394 est
320 5358 408 5398 nos
431 5347 511 5400 Itic
533 5364 642 5404 esse
667 5348 884 5420 (Matth.
938 5363 1086 5414 xvtt,
1116 5345 1208 5419 4).
1234 5346 1445 5415 Quanta
1479 5345 1644 5416 igitur
1697 5343 1785 5398 illa

217 5428 401 5492 divina:
451 5441 770 5499 substantia
827 5441 1031 5514 gloria,
1064 5450 1271 5511 quanta
1299 5438 1466 5496 Verbi
1512 5437 1679 5506 dona,
1735 5438 1788 5493 in

218 5536 328 5593 qua:
369 5535 750 5606 concupiscunt
781 5546 838 5593 et
863 5536 1040 5607 angeli
1069 5535 1382 5606 prospicere
1411 5536 1425 5590 !

283 5620 366 5678 12.
403 5625 590 5684 Anima
619 5632 779 5702 igitur
799 5648 923 5703 qua:
947 5629 1079 5687 illud
1110 5629 1287 5697 videt,
1318 5644 1519 5701 corpus
1550 5630 1653 5685 ltoc
1680 5644 1788 5685 non

222 5715 456 5786 requirit,
502 5724 889 5798 minimamque
928 5724 1351 5782 familiaritatem
1392 5739 1513 5781 cum
1563 5739 1630 5781 eo
1676 5738 1800 5781 esse

291 5828 455 5914 ξ
478 5836 545 5895 de
571 5838 717 5914 Isaac
744 5884 759 5909 ,
792 5857 914 5914 cap.
939 5842 994 5897 5.

295 5897 322 5940 ³³
345 5902 508 5978 Epist.
536 5910 601 5966 ad
641 5897 927 5971 Irenaeum.

1881 4790 2103 4839 sanctus
2128 4779 2430 4848 exhalavit,
2452 4790 2616 4853 atque
2636 4795 2738 4855 per
2766 4782 3012 4839 omnium
3036 4782 3203 4839 corda
3222 4781 3438 4839 diffudit
3466 4800 3481 4841 :

1884 4875 2094 4945 Diﬂ‘usa
2122 4884 2196 4931 est
2223 4876 2361 4931 enim
2380 4875 2609 4931 charitas
2649 4876 2754 4932 Dei
2796 4877 2851 4933 in
2889 4877 3135 4934 cordibus
3170 4879 3362 4935 nostris
3395 4895 3489 4950 per

1887 4969 2145 5042 Spiritum
2169 4975 2401 5023 sanctum
2430 4967 2673 5043 (Rom.v,
2697 4967 2793 5040 5).
2822 4969 2943 5042 Ipse
2971 4970 3256 5027 DeiFilius
3284 4970 3342 5025 in
3365 4984 3491 5027 cor-

1889 5079 2021 5136 pore
2081 5073 2355 5135 tamquam
2415 5062 2471 5119 in
2515 5077 2647 5119 vase
2701 5062 2928 5121 odorem
2977 5064 3156 5136 primo
3197 5063 3492 5122 cohibebat

1891 5171 2088 5223 suum,
2145 5156 2436 5228 opperiens
2480 5164 2694 5227 tempus
2739 5156 2881 5214 sicut
2933 5156 3010 5214 ait
3047 5174 3061 5213 :
3104 5157 3358 5214 Dominus
3376 5158 3494 5229 ,‘dat

1893 5249 2025 5304 mihi
2065 5248 2298 5321 linguam
2328 5248 2638 5305 eruditionis
2660 5291 2678 5317 ,
2724 5258 2784 5305 ut
2822 5251 2987 5307 sciam
3022 5252 3235 5323 quando
3260 5261 3497 5326 oporteat

1891 5345 2063 5400 dicere
2098 5359 2404 5399 sermonem.
2435 5342 2598 5401 Venit
2625 5343 2781 5414 hora,
2807 5346 3024 5417 aperuit
3065 5361 3150 5417 os,
3181 5348 3351 5403 exivit
3394 5363 3499 5405 un-

1890 5445 2181 5508 guentum,
2217 5432 2435 5505 quando
2465 5436 2638 5490 virtus
2660 5435 2845 5493 exibat
2871 5436 2941 5493 de
2969 5450 3058 5494 eo.
3089 5449 3112 5477 ο
3147 5438 3214 5495 Et
3242 5439 3363 5496 ideo
3389 5439 3497 5500 ista

1892 5528 2117 5585 feStinat
2136 5526 2207 5583 ad
2230 5526 2465 5583 Verbum
2490 5566 2507 5593 ,
2534 5535 2592 5582 et
2620 5537 2775 5599 rogat
2801 5537 2864 5585 ut
2899 5530 3229 5600 attrahatur,
3262 5547 3331 5589 ne
3357 5531 3502 5591 forte

1891 5622 2333 5694 derelinquatur;
2378 5620 2503 5692 quia
2536 5623 2709 5677 currit
2735 5622 2834 5679 Dei
2868 5622 3104 5681 Verbum
3127 5666 3142 5693 ,
3170 5634 3227 5683 et
3271 5641 3382 5682 non
3412 5635 3500 5686 est

1905 5719 2205 5791 alligatum.
2229 5714 2475 5786 Denique
2495 5712 2741 5772 Exsultat
2761 5726 3021 5790 tamquam
3040 5718 3189 5795 gigas
3207 5720 3279 5777 ad
3293 5736 3507 5781 curren.

1980 5845 2002 5875 ε
2034 5833 2155 5891 Lib.
2179 5831 2249 5890 de
2273 5830 2444 5898 Isaac,
2467 5843 2590 5902 cap.
2618 5830 2674 5889 ὃ.
