3920 6334
496 313 632 372 1859

1487 309 2041 368 COMMENTARIUS
2080 311 2146 368 IN
2185 309 2480 370 CANTICA
2523 312 2795 372 CANTIC.

3643 317 3761 383 l860

494 436 769 490 dmuviam
796 433 970 506 (Psal.
1000 448 1127 488 svnt
1149 475 1162 499 ,
1189 431 1269 505 6).
1303 430 1371 485 Et
1397 431 1519 502 quia
1549 431 1799 504 Egressus
1820 435 1931 505 ejus
1957 449 2098 488 sum-
2125 435 2174 497 Α
2205 433 2418 488 lestium
2445 475 2458 499 ,
2511 443 2566 489 et
2609 434 2926 505 aperiantur
2973 433 3075 490 sibi
3128 434 3370 493 thesauri
3419 438 3685 508 sapientiae
3718 453 3766 496 et

492 546 576 584 mo
621 529 768 592 caalo,
815 536 862 581 et
901 541 1143 580 occursus
1193 525 1307 596 ejus
1356 540 1515 594 usque
1567 525 1635 577 ad
1689 541 1940 578 summum
1984 528 2096 589 eius

494 620 684 690 (llud,
711 621 787 689 7),
825 618 1017 673 videns
1039 632 1099 672 se
1123 617 1382 687 imparem
1409 626 1571 672 tanta:
1596 616 1894 682 velocitati,
1917 617 2049 672 dicit
2078 635 2091 672 :

492 713 711 766 Aura/te
732 728 846 766 nos.

563 808 650 861 Η.
694 805 840 860 Bona
890 805 1068 859 anima
1122 820 1243 874 quae
1287 819 1395 858 non
1430 817 1530 874 pro
1575 818 1633 859 se
1682 803 1834 869 sola,
1869 803 1962 858 sed
1995 818 2094 872 pro

489 901 742 956 omnibus
770 908 955 968 rogat:
982 899 1215 961 Aura/ie.
1242 898 1480 968 inquam,
1512 913 1637 962 nos;
1671 895 1932 952 habemus
1947 896 2091 951 enim

486 993 834 1064 cupiditatem
883 992 1180 1064 sequendi,
1234 1007 1394 1063 quam
1428 1001 1829 1061 unguentorum
1878 999 2090 1045 tuorum

487 1086 719 1158 inspirat
751 1088 923 1157 gratia
959 1105 971 1141 :
1022 1085 1119 1141 sed
1169 1087 1293 1156 quia
1339 1098 1534 1139 cursus
1582 1094 1702 1138 tuos
1736 1098 1954 1154 mquare
1984 1099 2089 1136 non

484 1196 798 1252 possumus,
832 1179 1051 1233 Attrahe
1080 1195 1218 1243 nos;
1269 1186 1328 1232 ut
1375 1176 1581 1232 auxilio
1613 1186 1703 1229 tuo
1727 1175 1892 1240 fultae,
1927 1176 2094 1230 vesti-

484 1276 588 1344 giis
621 1275 729 1329 tuis
765 1275 1034 1344 possimus
1084 1272 1365 1327 insistere.
1411 1272 1466 1328 Si
1512 1273 1656 1326 enim
1690 1280 1744 1325 tu
1771 1270 2088 1335 attraxeris,

485 1381 770 1422 curremus
801 1377 854 1421 et
904 1381 1025 1433 nos,
1069 1376 1124 1421 et
1169 1365 1434 1436 spiritalia
1483 1362 1782 1418 velocitatis
1815 1362 1979 1416 llabra
2003 1378 2092 1417 ca-

482 1460 716 1530 piemtts.
771 1459 1068 1528 Deponitur
1093 1457 1237 1512 enim
1282 1457 1491 1512 sarcina
1541 1455 1734 1525 quibus
1777 1469 1969 1510 manus
2001 1464 2089 1509 tua

482 1553 655 1608 fulcro
684 1562 766 1607 est
799 1571 812 1607 :
842 1562 896 1609 et
927 1553 1107 1607 oleum
1138 1561 1289 1606 tuum
1337 1550 1664 1612 infunditur,
1713 1563 1820 1620 quo
1868 1560 2090 1604 curatus

479 1658 559 1703 est
593 1647 681 1702 ille
712 1648 802 1718 qui
832 1662 861 1701 a
891 1645 1196 1700 latronibus
1234 1644 1552 1700 vulneratus
1584 1652 1686 1699 est.

556 1741 642 1795 15.
687 1742 756 1794 At
811 1755 879 1794 ne
929 1738 1215 1809 impudens
1269 1738 1363 1792 tibi
1397 1737 1644 1792 videatur
1674 1736 1816 1806 quod
1845 1737 1962 1790 ait:
1999 1736 2092 1789 At-

481 1832 627 1888 trahe
652 1848 746 1887 nos
771 1871 788 1898 ,
837 1831 961 1886 audi
1003 1831 1307 1886 dicentem:
1350 1829 1528 1883 Venite
1551 1830 1620 1882 ad
1666 1845 1765 1896 me,
1798 1845 1972 1882 omnes
2001 1829 2090 1895 qui

2201 526 2446 581 scientiae
2477 526 2528 580 in
2559 525 2779 582 Christo
2824 527 3128 583 absconditi
3161 529 3340 600 :quod
3385 540 3440 584 ut
3468 533 3647 600 possit,
3670 533 3766 589 lur-

2202 628 2346 675 tasse
2383 619 2514 674 illud
2567 621 2642 674 ait
2669 621 2813 691 quod
2844 636 3006 692 supra
3045 639 3057 674 :
3094 621 3370 676 Osculetur
3413 639 3494 678 me
3516 625 3578 678 ab
3603 627 3768 681 osculis

2198 713 2303 766 oris
2326 713 2428 767 sui.
2463 711 2996 783 SigniﬁcatSpiritns
3023 716 3194 769 sancti
3211 715 3642 785 supervenientis
3661 733 3767 788 gra~

2198 806 2326 860 tiam
2355 849 2366 868 ,
2395 807 2532 861 sicut
2559 807 2795 878 Angelus
2824 808 2889 862 ad
2942 807 3166 862 Mariam
3195 808 3331 863 dixit
3363 826 3376 863 :
3412 807 3641 878 Spiritus
3666 828 3771 864 san-

2197 910 2308 952 ctus
2349 901 2673 972 superveniet
2719 900 2772 954 in
2803 911 2869 965 te,
2904 911 2952 954 et
3000 902 3165 954 virtus
3198 900 3454 955 Altissimi
3482 900 3774 955 obumbrabit

2197 990 2289 1044 tibi
2317 990 2472 1063 (Luc.
2506 1007 2522 1044 ι
2549 991 2696 1061 ,55).
2727 991 2954 1059 Quando
2994 1003 3176 1047 autem
3218 990 3524 1046 introduxit
3551 1007 3660 1047 eam
3687 1007 3767 1048 rex

2195 1084 2247 1137 in
2277 1085 2585 1140 cubiculum
2625 1099 2804 1152 suum,
2839 1085 3106 1155 passionis
3138 1094 3370 1158 tempus,
3420 1087 3605 1141 lateris
3641 1103 3770 1141 com-

2194 1178 2421 1248 punctio
2467 1178 2737 1244 declarat,
2785 1179 3065 1249 sanguinis
3093 1178 3319 1244 ell'nsio,
3366 1179 3653 1249 sepultura:
3680 1197 3767 1234 un-

2192 1279 2473 1340 guentum,
2508 1272 2931 1327 resurrectionis
2965 1271 3177 1344 1552
3224 1273 3580 1342 mysterium;
3605 1280 3661 1325 ut
3685 1289 3768 1325 os-

2192 1365 2372 1418 culum
2401 1367 2553 1436 quasi
2595 1381 2794 1436 sponsa
2836 1367 3108 1436 acceperit
3144 1383 3156 1418 :
3194 1366 3245 1419 in
3277 1365 3587 1419 cubiculum
3609 1377 3768 1419 autem

2192 1458 2393 1514 Christi
2423 1459 2494 1514 sit
2525 1461 2828 1515 introducta
2878 1461 3142 1524 Ecclesia,
3181 1476 3284 1514 non
3330 1459 3442 1530 jam
3468 1460 3618 1531 quasi
3665 1468 3770 1514 tan-

2192 1552 2472 1606 tummodo
2503 1553 2858 1624 despousata,
2905 1554 2999 1609 sed
3049 1553 3210 1609 etiam
3241 1553 3398 1624 quasi
3456 1562 3616 1622 nupta
3647 1567 3769 1606 :nec

2192 1643 2368 1697 solum
2427 1643 2722 1700 thalamum
2773 1646 2843 1700 sit
2893 1645 3168 1716 ingressa,
3198 1645 3291 1700 sed
3341 1643 3508 1699 etiam
3539 1645 3770 1715 legitima:

2190 1737 2371 1792 claves
2410 1739 2618 1808 copulae
2646 1750 2936 1794 consecuta
2967 1740 3057 1793 sit.
3095 1738 3330 1809 Ideoque
3356 1739 3512 1808 quasi
3540 1739 3589 1792 in
3617 1738 3768 1792 thala-

2191 1841 2280 1880 mo
2307 1828 2408 1882 sita
2435 1829 2510 1884 ait
2539 1846 2552 1882 :
2585 1827 2865 1900 Colligatio
2887 1839 3044 1904 guttae
3078 1829 3242 1900 frater
3273 1846 3417 1885 meus
3466 1831 3620 1894 mihi,
3650 1832 3770 1884 inter

480 1926 752 1990 laboratis,
785 1936 831 1979 et
862 1925 1064 1980 onerati
1090 1927 1212 1978 estis
1237 1965 1253 1992 ,
1282 1932 1326 1978 et
1355 1941 1448 1994 ego
1497 1940 1586 1977 vos
1607 1923 1839 1993 reﬁciant
1866 1921 2084 1994 (Matth.
2121 1907 2170 1967 Β
2197 1921 2366 1973 media
2403 1921 2559 1976 ubera
2580 1938 2694 1976 mea
2723 1923 2998 1992 requiescit
3029 1920 3207 1995 (Vera.
3240 1920 3353 1994 12).

482 2036 566 2088 ιι,
591 2021 706 2093 28).
738 2019 898 2074 Vides
919 2019 1062 2090 quod
1094 2020 1332 2075 libenter
1358 2033 1458 2073 nos
1504 2018 1735 2072 attrahit
1762 2059 1776 2083 ,
1810 2033 1878 2072 ne
1909 2033 2087 2071 rema-

478 2129 705 2170 neamus
746 2124 1040 2184 sequentes
1079 2132 1093 2167 :
1138 2113 1234 2168 sed
1259 2113 1351 2184 qui
1380 2116 1493 2167 vult
1545 2113 1779 2180 attrahi,
1812 2123 1997 2167 currat
2027 2120 2083 2166 ut

477 2204 939 2277 comprehendat,
968 2213 1024 2260 et
1048 2213 1232 2260 currat
1276 2205 1582 2275 pesteriora
1627 2205 1994 2269 obliviscens,
2028 2215 2081 2259 et

476 2318 540 2358 ea
592 2318 713 2373 qua:
739 2310 864 2356 sunt
887 2300 1066 2370 priora
1095 2311 1380 2372 appetens,
1406 2301 1484 2357 sic
1510 2302 1652 2356 enim
1688 2300 1891 2371 poterit
1917 2277 2076 2356 Chii.-

475 2407 619 2452 stum
666 2397 1171 2468 comprehendere;
1201 2397 1345 2454 unde
1395 2407 1449 2454 et
1497 2397 1791 2468 ApOstolus
1831 2399 1908 2452 ait
1943 2415 1956 2450 :
1990 2396 2081 2452 Sic

473 2491 667 2544 currite
706 2502 762 2544 ut
794 2489 1261 2560 comprehendatis.
1305 2491 1428 2545 Vult
1476 2500 1531 2546 et
1575 2491 1678 2546 ista
1711 2491 1775 2546 ad
1827 2491 2076 2547 bravium

473 2583 783 2653 pervenire,
808 2600 929 2654 qua:
955 2584 1232 2640 desiderat
1251 2584 1741 2654 comprehendere.
1774 2585 2080 2641 Prudenter

473 2691 604 2746 ergo
637 2687 790 2746 rogat
819 2689 878 2731 ut
907 2679 1233 2744 attrahatur,
1267 2678 1388 2748 quia
1419 2695 1524 2732 non
1552 2695 1742 2735 omnes
1769 2679 1920 2749 sequi
1949 2694 2075 2748 pos-

472 2780 622 2824 sunt.
671 2771 916 2841 Denique
967 2773 1126 2827 Petro
1151 2770 1358 2825 dicenti
1401 2788 1415 2826 :
1445 2773 1557 2839 Quo
1583 2770 1764 2826 vadis?
1797 2771 2079 2841 respondit

485 2860 716 2915 Verbum
757 2861 884 2916 Dei:
922 2861 1042 2915 Non
1075 2873 1218 2935 potes
1243 2881 1322 2916 me
1348 2865 1490 2932 sequi
1519 2864 1692 2930 modo,
1721 2865 1949 2929 sequeris
1980 2880 2076 2917 au-

471 2964 571 3008 tem
606 2964 780 3023 postea
825 2953 1005 3026 (Joan.
1037 2972 1132 3010 xm
1157 2998 1170 3021 ,
1199 2958 1299 3021 36;
1332 2956 1522 3010 Matth.
1575 2973 1685 3021 xiv,
1726 2959 1843 3028 50).
1877 2957 2075 3012 Claves

470 3048 520 3103 ei
551 3049 902 3104 commiserat
950 3051 1101 3120 regni
1155 3051 1451 3116 cmlorum,
1497 3059 1552 3106 et
1604 3053 1655 3104 in
1685 3051 1967 3122 sequendo
2014 3066 2074 3108 se

469 3143 734 3211 imparem
757 3143 1037 3213 judicavit.
1064 3143 1214 3200 lianc
1245 3153 1424 3200 tamen
1445 3146 1678 3199 animam
1703 3162 1811 3200 non
1840 3145 2070 3215 distulit,

465 3236 589 3304 quia
619 3251 723 3290 non
753 3239 1114 3305 prarsumebat
1137 3281 1150 3304 ,
1183 3237 1279 3293 sed
1317 3238 1556 3308 rogabat.
1591 3237 1852 3305 Denique,

2264 2013 2349 2067 18.
2393 2014 2546 2083 Quod
2573 2015 2621 2069 si
2648 2014 2957 2070 cubiculum
2985 2014 3308 2086 quaerimus,
3329 2014 3448 2084 ipse
3477 2029 3576 2070 nos
3593 2014 3770 2071 edocet

2186 2105 2278 2174 qui
2320 2106 2396 2159 ait
2444 2124 2457 2159 :
2514 2119 2568 2161 tu
2617 2115 2797 2161 autem
2848 2121 2970 2161 cum
2998 2107 3201 2173 orabis,
3244 2107 3385 2160 intra
3415 2107 3472 2160 in
3501 2108 3772 2162 cubiculum

2186 2208 2352 2264 tuum,
2383 2209 2426 2253 et
2456 2200 2635 2254 clauso
2666 2201 2818 2268 ostio,
2851 2217 2942 2254 ora
2971 2197 3179 2255 Patrem
3230 2211 3379 2254 tuum
3409 2201 3466 2253 in
3492 2200 3772 2255 abscondito

2184 2291 2406 2362 (Matth.
2470 2309 2560 2358 vt,
2611 2293 2703 2365 6).
2769 2293 3088 2350 Cubiculum
3147 2293 3407 2350 Ecclesiae
3447 2309 3644 2366 corpus
3695 2301 3774 2349 est

2181 2384 2407 2442 Christi.
2440 2387 2746 2442 introduxit
2787 2403 2908 2443 eam
2957 2405 3048 2444 rex
3085 2389 3136 2443 in
3169 2390 3350 2443 omnia
3384 2390 3641 2444 interiora
3668 2404 3771 2459 my-

2181 2481 2370 2546 steria,
2415 2479 2565 2536 dedit
2615 2481 2663 2537 ei
2696 2482 2881 2537 claves
2938 2489 3000 2537 ut
3041 2483 3286 2552 aperiret
3338 2483 3440 2538 sibi
3504 2484 3770 2538 thesauros

2179 2575 2442 2641 scientiae,
2473 2588 2938 2631 sacramentorum
2972 2577 3186 2632 clausas
3228 2585 3356 2630 ante
3401 2578 3546 2632 tores
3587 2576 3768 2646 pande-

2181 2679 2294 2737 ret,
2324 2681 2680 2741 cognosceret
2703 2671 3037 2741 quicscentis
3069 2672 3323 2740 gratiam,
3353 2669 3591 2725 defuncti
3642 2684 3769 2724 som-

2178 2780 2330 2828 num,
2363 2765 2619 2820 virtutem
2653 2767 3010 2836 resurgentis.
3054 2764 3112 2820 ln
3144 2764 3238 2818 illo
3263 2765 3519 2820 cubiculo
3539 2764 3766 2834 justitias

2177 2856 2391 2911 Domini
2421 2857 2549 2914 Jesu
2581 2867 2744 2928 nupta
2775 2858 2999 2928 reperit.
3031 2857 3168 2924 Quae
3209 2867 3334 2912 sunt
3361 2856 3477 2912 illae
3515 2855 3765 2925 iustitia?

2179 2947 2375 3019 Utique
2405 2959 2743 3004 sacramenta
2787 2950 3150 3020 baptismatis,
3182 2951 3322 3003 sicut
3373 2949 3623 3020 legimus,
3657 2948 3764 3017 quia

2182 3056 2302 3096 cum
2338 3043 2572 3097 venienti
2625 3043 2690 3096 ad
2720 3041 3044 3112 baptismum
3085 3043 3292 3097 diceret
3339 3041 3584 3096 Joannes
3627 3039 3767 3111 :Ego

2179 3145 2277 3188 ate
2305 3135 2461 3190 debeo
2487 3137 2763 3207 baptizari,
2797 3144 2845 3190 et
2869 3147 2923 3190 tu
2945 3137 3086 3190 venis
3109 3136 3176 3189 ad
3205 3152 3284 3190 me
3312 3152 3330 3203 ;
3384 3135 3666 3206 respondit
3688 3133 3766 3189 Je-

2176 3243 2270 3280 sus
2297 3244 2308 3279 :
2345 3227 2474 3283 Sine
2506 3230 2682 3295 modo,
2737 3231 2813 3283 sic
2857 3229 2993 3283 enim
3025 3229 3168 3283 decet
3207 3245 3303 3282 nos
3334 3229 3554 3300 implere
3584 3243 3763 3283 omnem

541 3330 627 3384 l6.
676 3295 855 3387 (vers.
890 3329 973 3402 5.)
1005 3340 1029 3368 ﬂ
1058 3295 1361 3386 Introduxit
1379 3295 1471 3384 ine
1502 3332 1555 3384 in
1582 3295 1876 3385 cubiculum
1894 3348 2068 3386 suum.
2099 3295 2145 3359 ϐ
2167 3323 2430 3395 justitiam
2459 3323 2674 3394 (Matth.
2712 3340 2768 3378 ιιι
2796 3366 2810 3389 ,
2843 3323 2953 3395 15).
2989 3325 3043 3379 In
3089 3323 3184 3378 illo
3229 3295 3482 3380 cubiculo
3520 3323 3763 3393 justiﬁca-

463 3419 626 3474 Beata
658 3421 837 3476 anima
865 3438 986 3492 qua:
1023 3422 1180 3477 Verbi
1221 3423 1527 3492 ingreditur
1555 3423 1880 3493 penetralia,
1914 3439 2071 3478 nam-

465 3528 571 3581 que
596 3528 657 3567 ea
689 3513 978 3583 insurgens
1017 3513 1085 3569 de
1108 3531 1337 3586 corpore
1357 3558 1371 3582 ,
1402 3516 1470 3570 ab
1501 3516 1752 3571 omnibus
1795 3517 1852 3570 lit
1894 3532 2073 3571 remo-

467 3610 614 3671 tior;
648 3618 812 3678 atque
842 3607 975 3663 illud
1008 3608 1154 3677 quod
1207 3618 1293 3664 est
1321 3625 1484 3679 supra
1511 3610 1905 3680 semetipsum,
1933 3609 2074 3664 divi-

466 3715 593 3753 num
627 3698 760 3754 illud
815 3700 858 3754 si
907 3700 1183 3771 quomodo
1209 3701 1425 3771 assequi
1456 3703 1663 3771 possit,
1711 3709 1986 3756 scrutatur
2017 3711 2071 3757 et

461 3793 657 3862 quaerit
701 3811 714 3849 :
747 3793 888 3863 quod
920 3808 1042 3847 cum
1073 3794 1308 3863 potuerit
1337 3793 1825 3864 Comprehendere,
1853 3809 1913 3848 ea
1947 3809 2070 3864 qua:

465 3895 586 3938 sunt
647 3883 1012 3955 intelligibilia
1062 3900 1412 3958 supergressa
1442 3928 1456 3951 ,
1489 3887 1540 3940 in
1570 3885 1662 3940 illo
1692 3888 2067 3955 conﬁrmatur,

463 3990 627 4050 atque
677 3996 744 4036 eo
775 3981 1039 4051 pascitur.
1068 3979 1220 4035 Talis
1272 3989 1391 4035 erat
1422 3980 1625 4035 Paulus
1651 3982 1740 4051 qui
1775 3981 1978 4036 sciebat
2011 3997 2070 4036 se

456 4077 670 4141 raptum
702 4072 754 4126 in
797 4071 1134 4140 paradisum,
1165 4071 1259 4127 sed
1292 4073 1406 4126 sive
1447 4082 1596 4126 extra
1640 4089 1839 4142 corpus
1870 4072 1985 4128 sive
2013 4073 2065 4127 in

459 4179 689 4231 corpore
723 4166 1022 4219 nesciebat.
1057 4165 1448 4219 Assurrexerat
1473 4164 1616 4218 enim
1647 4168 1823 4219 anima
1850 4166 1968 4236 ejus
1999 4167 2067 4222 de

459 4271 712 4325 corpore,
742 4265 796 4310 et
821 4271 879 4310 se
907 4272 932 4308 a
966 4255 1268 4311 visceribus
1295 4266 1349 4311 et
1371 4257 1604 4311 vinculis
1621 4259 1802 4312 carnis
1829 4259 2066 4314 abduxe-

464 4357 550 4402 rat
575 4357 737 4420 atque
767 4349 1040 4404 levaverat
1066 4392 1082 4417 ,
1113 4349 1392 4420 factusque
1424 4366 1451 4403 a
1480 4351 1772 4420 semetipso
1821 4353 2062 4420 alienus,

463 4442 600 4495 intra
635 4441 991 4511 semetipsum
1024 4441 1199 4495 tenuit
1230 4441 1394 4496 verba
1423 4440 1714 4496 ineffabilia
1745 4458 1866 4513 qua:
1911 4443 2065 4496 andi-

455 4532 532 4586 vit
580 4543 636 4586 et
661 4534 887 4603 vulgare
923 4548 1029 4586 non
1061 4533 1268 4602 potuit,
1321 4549 1440 4604 qua:
1481 4531 1713 4588 advertit
1743 4549 1805 4589 ea
1857 4533 2060 4589 homini

449 4627 594 4697 loqui
626 4642 731 4681 non
762 4629 951 4684 licere.
996 4628 1189 4683 Anima
1217 4643 1348 4698 ergo
1373 4627 1512 4683 bona
1546 4629 1846 4684 contemnit
1874 4628 2061 4684 visibi-

451 4717 523 4772 lia
558 4727 612 4772 et
640 4720 944 4785 sensibilia,
977 4737 1075 4776 nec
1125 4721 1376 4775 consistit
1409 4721 1462 4774 in
1512 4721 1612 4788 eis,
1646 4735 1746 4776 nec
1777 4722 1829 4775 in
1875 4720 2053 4791 respi~

447 4809 658 4867 ciendis
690 4812 774 4867 bis
818 4813 1142 4868 immoratur
1170 4821 1224 4869 et
1261 4815 1502 4869 residet:
1547 4814 1644 4869 sed
1690 4802 1956 4869 ascendit
1984 4793 2053 4870 ad

448 4905 540 4960 illa
593 4914 796 4962 aeterna
842 4915 898 4962 et
929 4907 1224 4962 invisibilia
1267 4917 1323 4963 et
1362 4907 1523 4980 plena
1557 4907 1856 4969 miraculis,
1917 4923 2056 4978 puro

450 5014 616 5056 sensu
653 5016 712 5056 se
755 5001 856 5071 piae
904 5003 1106 5057 mentis
1152 5003 1428 5058 attollens.
1467 5002 1680 5058 Etenim
1731 5001 2054 5072 perlectioni

448 5092 695 5154 studens,
737 5095 912 5148 solum
947 5094 1076 5148 illud
1108 5094 1306 5150 bomtm
1340 5093 1924 5159 divinitatisintendit,
1953 5109 2054 5151 nec

443 5187 592 5242 aliud
619 5186 911 5258 quidquam
941 5187 1325 5258 requirendum
1369 5195 1542 5259 putat,
1576 5185 1700 5259 quia
1728 5195 1878 5244 tenet
1902 5187 2046 5259 quod

443 5296 718 5335 summum
751 5290 856 5336 85L

517 5373 602 5426 17.
647 5371 675 5412 δ
708 5371 1013 5429 Introduxit
1042 5391 1120 5430 me
1155 5391 1248 5429 rex
1287 5375 1340 5428 in
1383 5375 1676 5429 cubiculum
1703 5392 1876 5430 suum.
1906 5375 2049 5432 Sim-

440 5465 562 5536 plex
588 5475 670 5521 est
691 5467 961 5533 osculum,
988 5468 1080 5523 sed
1103 5469 1442 5539 negotiosum
1474 5468 1708 5523 cubiculi
1740 5479 2043 5535 secretum;

442 5549 544 5601 hoc
572 5547 718 5602 enim
750 5547 872 5602 loco
901 5551 1159 5619 mysteria
1204 5548 1420 5618 plenius
1448 5564 1784 5619 cognoscere
1822 5565 1882 5604 se
1905 5551 2048 5604 velle

438 5631 694 5693 testatur,
727 5639 781 5682 ut
810 5628 1149 5698 ingrediatur
1181 5628 1478 5697 penetralia
1523 5631 1906 5700 mysteriorum
1939 5644 2051 5687 ca:-

529 5729 555 5790 ἐι
587 5721 701 5775 Lib.
734 5719 803 5776 de
826 5721 996 5786 Isaac,
1021 5735 1143 5790 cap.
1174 5722 1226 5774 5.

530 5789 556 5826 ιι
591 5792 645 5842 In
673 5792 808 5859 psal.
841 5807 1004 5846 cxvut
1050 5789 1218 5845 serm.
1253 5793 1274 5845 1
1305 5833 1320 5855 ,
1345 5807 1493 5845 num.
1527 5792 1593 5852 5,
1629 5794 1714 5847 16.

537 5874 556 5898 υ
592 5862 648 5917 In
680 5861 817 5932 psal.
840 5875 1009 5916 cxvut
1050 5875 1219 5917 serm.
1253 5864 1308 5932 2,
1338 5878 1485 5918 num.
1511 5863 1601 5916 ‘28.

2087 4681 2136 4741 D

2178 3418 2352 3474 tiones
2377 3418 2590 3473 Domini
2631 3419 2833 3483 discit,
2878 3419 3167 3474 consilium
3199 3419 3295 3473 Dei
3339 3418 3626 3490 cognovit,
3669 3430 3760 3487 quo

2174 3510 2307 3564 nihil
2339 3522 2513 3580 potest
2541 3527 2665 3566 esse
2708 3512 3022 3578 sublimius;
3067 3511 3173 3566 hoc
3200 3520 3284 3566 est
3311 3511 3460 3566 enim
3507 3511 3756 3574 divinum,

2175 3602 2227 3656 in
2256 3617 2361 3672 quo
2395 3603 2450 3656 lit
2477 3604 2725 3658 remissio
2749 3611 3121 3674 peccatorum.

2248 3693 2334 3748 19.
2381 3705 2403 3733 ο
2435 3693 2561 3749 Haec
2587 3711 2615 3748 a
2664 3695 2896 3750 Domino
2947 3699 3145 3766 qumrit
3186 3695 3422 3762 discere,
3455 3712 3581 3766 quae
3609 3694 3760 3752 homi-

2172 3803 2269 3842 nes
2291 3786 2488 3843 doeere
2513 3805 2619 3843 non
2653 3798 2925 3858 poterant,
2956 3789 3058 3844 nisi
3086 3798 3244 3846 antea
3279 3791 3422 3845 Deus
3454 3789 3750 3844 docuisset:

2170 3898 2291 3952 qua}
2317 3891 2664 3954 posteaquam
2691 3900 2720 3938 a
2742 3885 2962 3939 Christo
2989 3884 3299 3940 didicerunt
3338 3885 3577 3954 apostoli
3603 3926 3615 3948 ,
3665 3881 3753 3936 Ec-

2168 3977 2330 4031 clesia
2355 3976 2486 4033 dicit
2519 3996 2530 4031 :
2567 3977 2874 4034 Introduxit
2917 3996 2997 4034 me
3042 3995 3134 4034 rea:
3169 3980 3223 4033 in
3253 3979 3554 4034 cubiculum
3591 3993 3749 4043 suum,

2171 4069 2274 4124 hoc
2304 4081 2416 4137 est,
2448 4072 2500 4126 in
2531 4071 2662 4127 illud
2701 4080 2995 4137 secretum,
3033 4073 3088 4128 in
3129 4088 3236 4142 quo
3268 4084 3395 4127 sunt
3439 4088 3628 4128 omnes
3651 4070 3754 4124 the-

2169 4164 2314 4218 sauri
2347 4165 2588 4220 scientia:
2632 4173 2686 4220 et
2727 4164 3056 4236 cognitionis
3085 4181 3217 4220 sua).
3255 4165 3495 4236 ideoque
3523 4165 3616 4221 tibi
3639 4164 3752 4218 dici-

2170 4267 2257 4311 tur
2283 4276 2293 4310 :
2317 4257 2750 4327 Cumoras,intra
2777 4262 2830 4314 in
2855 4261 3147 4316 cubiculum
3171 4270 3315 4314 tuum
3339 4260 3558 4332 (Matth.
3590 4275 3654 4326 v1,
3681 4255 3747 4325 6).

2166 4351 2308 4420 quod
2341 4353 2610 4423 signiﬁcat
2641 4355 2843 4410 mentis
2891 4357 3194 4424 animaeque
3230 4364 3527 4411 secretum.
3581 4355 3633 4409 ln
3662 4353 3748 4406 hoc

2165 4446 2418 4502 cubiculo
2439 4447 2770 4517 justitiarum
2803 4464 3000 4520 sponsa
3027 4465 3086 4504 se
3123 4449 3376 4520 poposcit
3404 4447 3614 4514 induci,
3640 4459 3745 4500 cum

2168 4549 2284 4609 post
2321 4539 2546 4594 odorem
2576 4542 2833 4612 unguenti
2859 4542 3188 4609 excurrerit,
3216 4541 3359 4613 quod
3385 4556 3604 4614 semper
3622 4537 3744 4601 ﬁuil.

2167 4642 2216 4685 et
2252 4647 2545 4703 numquam
2579 4633 2784 4689 deﬁcit.

2231 4723 2323 4778 ‘20.
2362 4720 2389 4760 ά
2428 4723 2724 4781 Introduxit
2744 4743 2820 4781 me
2846 4743 2938 4781 rea:
2957 4727 3012 4781 in
3029 4727 3323 4782 cubiculum
3350 4727 3744 4794 suum,Gr:ecus

2163 4816 2216 4870 in
2251 4820 2685 4888 promptuarium
2711 4834 2868 4873 suum
2892 4829 2945 4873 et
2973 4820 3026 4874 in
3049 4820 3330 4875 cellarium
3355 4834 3516 4875 suum
3561 4817 3739 4871 habet:

2165 4909 2254 4963 ubi
2285 4910 2425 4965 bona
2477 4911 2755 4977 libamina,
2787 4911 2873 4966 tibi
2909 4911 3037 4966 boni
3079 4911 3296 4978 odores,
3346 4911 3512 4968 mella
3540 4907 3737 4972 suavia,

2165 5003 2256 5058 ubi
2281 5003 2486 5060 fructus
2511 5005 2754 5071 diversi,
2790 5006 2880 5060 ubi
2925 5007 3099 5077 epula:
3126 5007 3292 5061 varia:
3316 5016 3473 5074 sunt,
3507 5016 3563 5060 ut
3588 4997 3742 5073 pluri-

2166 5098 2268 5150 mis
2299 5096 2473 5167 epulis
2520 5105 2670 5152 tuum
2719 5097 3008 5167 prandium
3051 5098 3358 5154 condiatur.
3414 5097 3646 5166 Denique
3690 5091 3736 5144 in

2154 5187 2284 5242 illud
2316 5189 2484 5244 divini
2517 5189 2667 5244 illius
2690 5191 2878 5260 sponsi
2910 5191 3220 5246 introducta
3253 5201 3531 5246 secretum
3565 5206 3576 5240 :

2226 5281 2318 5340 2|.
2364 5290 2387 5319 °
2417 5279 2774 5346 Exsultemus,
2807 5282 3000 5353 inquit,
3034 5293 3079 5337 et
3109 5282 3345 5338 (tutentur
3374 5283 3428 5336 in
3455 5292 3541 5348 te;
3562 5278 3733 5346 diliga-

2153 5393 2270 5430 mus
2299 5375 2456 5430 ubera
2496 5388 2585 5430 tua
2622 5393 2774 5449 super
2799 5378 3006 5443 vinum;
3035 5393 3142 5431 non
3175 5378 3322 5432 enim
3364 5376 3417 5430 in
3465 5373 3661 5431 divitiis
3687 5373 3734 5422 et

2156 5471 2271 5525 auri
2329 5471 2651 5542 argentique
2701 5471 3019 5538 thesauris,
3073 5485 3179 5525 non
3235 5471 3286 5524 in
3347 5467 3729 5539 possessionum

2157 5549 2464 5616 fructibus,
2514 5567 2624 5606 non
2673 5552 2724 5607 in
2774 5551 3160 5621 potestatibus,
3197 5566 3304 5608 non
3349 5551 3401 5606 in
3451 5543 3724 5608 conviviis.

2151 5630 2246 5685 sed
2278 5630 2328 5685 in
2356 5632 2476 5686 solo
2508 5631 2618 5685 Deo
2649 5631 2920 5697 exsultat,
2972 5629 3169 5686 dicens
3197 5629 3265 5686 ad
3292 5645 3418 5688 eum
3447 5647 3458 5680 :
3502 5626 3518 5665 ί
3545 5625 3728 5693 Diliga-

2227 5721 2253 5757 ά
2285 5721 2403 5777 Lib.
2427 5738 2460 5776 v
2487 5721 2554 5776 de
2584 5722 2828 5776 Sacram.
2867 5737 2988 5790 cap.
3009 5721 3064 5775 2.

2235 5803 2257 5828 ι·
2288 5793 2404 5846 Lib.
2432 5793 2500 5847 de
2533 5793 2680 5846 Isaac
2701 5835 2714 5858 ,
2741 5808 2860 5860 cap.
2892 5794 2946 5848 4.
2983 5808 3130 5845 nunt.
3167 5792 3251 5846 15.

2231 5863 2245 5900 ί
2285 5864 2335 5917 In
2364 5865 2475 5932 psal
2524 5879 2684 5917 cxvttt
2734 5863 2989 5932 Sernt.2,
3019 5881 3162 5917 ttttlll.
3195 5864 3242 5915 7.
