3920 6356
112 346 232 416 1864

1054 349 1097 405 E
1134 342 1448 407 SCRIPTIS
1487 347 1546 405 S.
1586 346 1917 408 AMBROSII
1954 340 2386 407 COLLECTUS.

3239 354 3377 418 1862

106 491 205 530 mus
242 471 393 528 ubera
436 478 518 525 tua
539 485 694 540 super
724 469 921 524 vinum.
973 468 1066 526 Sic
1099 476 1281 524 tamen
1312 467 1571 534 bibebat,
1620 476 1679 521 ut
1703 479 1757 535 Α
1783 469 2189 541 misericordia;
2248 471 2353 527 illis
2390 472 2696 530 mercedem
2747 475 3068 533 meritorum
3101 476 3380 547 tribuens,

109 584 203 625 non
230 564 604 622 absorberetur
651 576 683 618 a
732 561 886 630 vino,
939 560 1036 618 sed
1064 560 1235 633 gratia
1268 560 1389 631 ejus
1428 559 1673 619 laetitiam

106 658 270 716 cordis
316 655 585 721 hauriret,
642 670 749 710 non
781 654 1030 727 corporis
1079 654 1345 710 ebrietate
1395 654 1672 709 titubaret.

109 752 329 822 Denique
364 749 554 805 bibens
587 749 692 804 hoc
718 749 925 817 vinum,
957 748 1172 821 aperuit
1217 747 1408 803 oculos
1443 763 1595 814 suos,
1624 755 1679 801 et

110 846 228 902 vidit
253 844 392 901 viam
433 854 659 912 rectam,
691 842 914 914 reliquit
945 823 1217 897 tortuosos
1262 842 1379 897 vias
1422 840 1614 899 dicens
1663 857 1675 892 :

109 938 333 1011 siquia“
358 937 537 993 dilexit
570 947 619 993 te
645 978 660 1003 ,
715 937 818 992 hoc
843 945 955 1006 est,
984 952 1092 992 non
1124 934 1365 993 ﬂexuosa
1407 936 1599 991 itinera
1629 944 1680 993 te

107 1040 423 1103 sequuntur:
468 1028 562 1085 sed
606 1028 756 1085 solus
782 1027 850 1084 ad
897 1036 951 1085 te
979 1037 1161 1099 potest
1207 1027 1438 1098 justitia:
1472 1036 1680 1083 trames

109 1122 404 1195 pervenire,
434 1120 522 1192 qui
552 1121 697 1177 enim
751 1118 932 1191 diligit
959 1119 1223 1192 justitiam
1255 1134 1362 1173 non
1394 1133 1454 1174 se
1483 1118 1683 1174 avertit

107 1233 131 1269 a
156 1215 377 1271 Christo.
425 1212 713 1281 Quomodo
738 1214 884 1268 enim
926 1213 1189 1268 arbitrum
1213 1210 1465 1283 justitite,
1502 1226 1684 1277 remu-

110 1316 498 1378 neratoremque
565 1305 887 1361 meritorum
953 1303 1216 1360 innocens
1275 1312 1486 1360 metuat
1548 1318 1675 1358 con-

110 1398 313 1455 scientia
335 1396 357 1451 !
382 1406 408 1433 α
440 1396 641 1452 Eadem
671 1406 850 1453 tamen
879 1397 1058 1452 anima
1080 1411 1417 1469 cognoscens
1434 1394 1683 1466 corporis

110 1491 348 1546 societate
369 1503 430 1545 se
457 1488 745 1555 fuscatam,
780 1489 910 1545 dicit
939 1488 1007 1544 ad
1036 1489 1175 1545 alias
1205 1489 1418 1544 animas
1441 1529 1456 1554 ,
1489 1488 1577 1544 vel
1607 1487 1675 1544 ad

109 1581 227 1636 alias
247 1582 494 1637 caelestes
507 1589 563 1636 et
586 1580 866 1651 appositas
887 1594 1047 1636 sacro
1062 1579 1327 1652 mysterio
1347 1589 1683 1652 potestates:

112 1671 268 1728 Nolite
290 1672 521 1745 aspicere
558 1689 659 1741 me,
681 1673 927 1744 quoniam
964 1671 1240 1744 obfuscata
1266 1687 1403 1741 sum,
1431 1673 1555 1745 quia
1581 1686 1684 1726 non

110 1780 170 1826 est
187 1771 389 1825 intuitus
416 1786 495 1824 me
526 1772 628 1825 sal.

174 1863 258 1917 ξε.
297 1862 476 1933 (Vers.
503 1861 588 1933 4.)
610 1861 639 1901 δ
666 1858 845 1917 Fusco
871 1878 986 1917 sum
1013 1869 1061 1918 et
1091 1861 1299 1927 decora,
1333 1861 1460 1932 ﬁlim
1490 1858 1685 1917 Hieru-

112 1954 264 2010 salem.
291 1955 576 2012 (lonstitue
622 1954 914 2011 Dominum
956 1953 1142 2010 Jesum
1192 1956 1595 2021 recumbentem
1630 1956 1681 2011 in

112 2046 353 2117 convivio,
382 2048 747 2104 reclinantem
771 2063 832 2103 se
852 2046 1115 2103 Joannem
1149 2060 1313 2118 supra
1343 2047 1679 2118 pectusejus,

111 2141 347 2196 mirantes
370 2140 514 2195 alios
548 2139 693 2219 quod
721 2153 914 2195 servus
945 2154 1109 2209 supra
1136 2138 1423 2194 Dominum
1455 2139 1689 2194 reclina-

112 2244 215 2299 ret,
241 2232 380 2303 quod
425 2248 561 2289 caro
591 2233 683 2288 illa
710 2232 991 2304 peccatrix
1019 2247 1184 2303 supra
1226 2231 1490 2303 templum
1523 2229 1688 2287 Verbi

112 2326 464 2393 recumberet,
493 2325 645 2398 quod
679 2325 861 2380 anima
892 2325 989 2379 illa
1017 2325 1198 2380 carnis
1227 2323 1460 2380 vinculis
1489 2322 1688 2379 innexa

114 2418 263 2471 aulam
284 2417 479 2473 divina:
505 2416 875 2490 plenitudinis
897 2425 1259 2473 scrutaretur.
1287 2415 1413 2471 llaec
1441 2430 1574 2487 ergo
1600 2414 1692 2469 mi-

114 2508 329 2563 rantibus
349 2509 468 2563 aliis
494 2550 512 2577 ,
550 2506 841 2578 respondit
867 2507 1049 2562 anima
1076 2506 1305 2563 Joannis
1339 2524 1352 2560 :
1382 2504 1557 2561 Fusca
1575 2521 1690 2560 sum

115 2609 153 2653 et
175 2600 368 2669 decora,
396 2601 526 2671 ﬁliae
555 2599 856 2656 Jerusalem
882 2608 900 2660 ;
931 2597 1081 2654 fusca
1108 2614 1204 2670 per
1231 2598 1470 2669 culpam,
1493 2598 1691 2653 decora

116 2707 197 2763 per
242 2700 484 2765 gratiam.
536 2693 690 2750 Dicit
733 2702 791 2749 et
850 2708 1011 2759 caro,
1069 2696 1220 2764 fusca
1246 2708 1363 2747 sum
1402 2699 1450 2746 et
1478 2691 1690 2757 decora;

115 2787 243 2846 fusca
297 2790 516 2861 pulvere
574 2788 872 2855 saeculari,
917 2802 1084 2859 quem
1132 2786 1397 2843 certando
1437 2786 1681 2855 collegit,

119 2882 293 2937 decora
323 2884 480 2939 oculo
526 2881 769 2952 Spiritali
795 2923 811 2949 ,
844 2896 952 2952 quo
993 2879 1181 2936 mundi
1222 2878 1383 2951 hujus
1412 2878 1692 2951 pulverem

117 2977 501 3048 squaloremque
550 2975 786 3031 detersit
816 2990 830 3028 :
864 2972 1016 3030 fusca
1079 2988 1177 3043 per
1215 2973 1402 3029 vitium
1426 3012 1442 3040 ,
1473 2970 1570 3027 sed
1598 2973 1697 3026 de-

118 3069 344 3141 corajam
369 3086 466 3141 per
494 3070 808 3134 lavacrum,
837 3066 980 3138 quod
1014 3066 1183 3122 abluit
1206 3081 1369 3120 omne
1391 3062 1651 3119 delictum
1678 3078 1693 3116 :

120 3159 246 3216 lusca
273 3177 385 3217 sum
413 3164 539 3234 quia
572 3160 789 3231 peccavi
817 3200 832 3226 ,
858 3159 1057 3214 decora
1095 3157 1219 3230 quia
1260 3156 1372 3228 jam
1403 3171 1489 3211 me
1517 3155 1700 3225 diligit

118 3251 357 3321 Christus;
383 3270 544 3324 quam
581 3252 921 3322 relegaverat
962 3251 1106 3307 enim
1136 3251 1187 3305 in
1234 3248 1346 3304 Eva
1368 3289 1384 3317 ,
1420 3247 1612 3319 recipit
1641 3247 1697 3303 in

120 3344 326 3415 virgine,
351 3345 592 3416 suscipit
611 3359 677 3400 ex
705 3342 900 3399 Maria.

177 3458 257 3514 25.
295 3458 431 3516 Dicit
468 3460 643 3516 etiam
689 3457 1016 3531 Synagogs,
1067 3456 1222 3527 cujus
1276 3455 1534 3528 mysteria
1594 3454 1699 3511 hoc

123 3550 224 3609 loco
251 3554 515 3626 plerisque
546 3553 813 3609 videntur
835 3551 1100 3624 exprimi;
1130 3566 1250 3619 quas
1297 3566 1421 3606 cum
1458 3565 1519 3606 se
1546 3548 1699 3620 rejici

124 3643 306 3701 videret
325 3658 543 3717 propter
583 3646 751 3701 totius
782 3644 961 3716 plebis
998 3644 1369 3715 impietatem;
1418 3644 1703 3701 solabatur

125 3751 174 3792 se
196 3748 391 3806 tamen,
426 3738 651 3814 1553
696 3738 821 3809 quia
850 3737 1028 3809 ipsum
1074 3733 1354 3799 Christum
1386 3737 1453 3792 de
1506 3736 1703 3809 populo

126 3844 208 3884 suo
232 3848 331 3888 non
361 3826 601 3896 tantum,
632 3831 728 3887 sed
756 3837 814 3887 et
838 3830 1086 3898 Petrum,
1119 3828 1409 3895 Joannem,
1431 3827 1700 3886 Jacobum

126 3922 320 3981 Christo
349 3926 702 3982 adhaerentes
731 3922 988 3992 videbat,
1042 3923 1167 3994 quia
1198 3921 1435 3978 habebat
1483 3920 1704 3991 eloquia

128 4014 212 4070 sibi
238 4017 454 4073 credita.
506 4017 586 4074 Et
608 4015 732 4073 ideo
762 4015 978 4072 dicebat
1008 4033 1021 4070 :
1058 4013 1231 4069 Fusco
1261 4029 1377 4068 sum
1404 4022 1454 4068 et
1479 4011 1701 4081 decora,

128 4108 235 4177 ﬁlia:
266 4110 595 4168 Hierusalem
619 4127 638 4166 :
684 4110 835 4167 fusca
865 4125 962 4181 per
993 4108 1433 4166 incredulitatem
1452 4149 1468 4174 ,
1509 4107 1706 4164 decora

128 4216 209 4271 per
235 4205 396 4276 legem
434 4205 635 4262 :fusca
668 4220 765 4275 per
814 4204 1066 4275 lapsum,
1101 4201 1300 4259 decora
1359 4201 1485 4270 quia
1515 4201 1711 4267 dilexit

131 4309 205 4350 me
225 4300 330 4367 sol,
380 4310 433 4357 et
462 4302 619 4372 prior
650 4297 789 4354 facta
832 4313 949 4354 sum
981 4296 1328 4369 congregatio
1365 4296 1484 4365 Dei.
1530 4294 1712 4355 Nolite

131 4404 199 4442 me
223 4395 449 4463 refugere
479 4393 610 4466 quia
635 4393 784 4464 fusca
819 4406 972 4458 sum;
1003 4389 1131 4445 ideo
1158 4389 1307 4446 lusca
1336 4404 1455 4444 sum
1480 4389 1602 4461 quia
1627 4389 1708 4446 sol

134 4496 206 4538 me
226 4484 436 4558 reliquit
472 4487 730 4559 justitiae,
779 4486 871 4557 qui
903 4494 1034 4540 ante
1063 4484 1372 4541 illuminare
1412 4498 1714 4541 consueve—

133 4585 223 4631 rat.
273 4580 438 4636 Amisi
485 4581 736 4638 colorem
787 4578 973 4635 vultus
1014 4579 1153 4644 mei,
1206 4577 1400 4633 obtusa
1444 4576 1582 4633 facta
1629 4585 1716 4634 est

134 4668 263 4728 acies
310 4674 612 4731 oculorum‘
639 4688 887 4730 meorum
933 4672 1133 4744 quibus
1182 4680 1308 4733 ante
1338 4670 1509 4726 solem
1559 4670 1715 4725 vide-

136 4760 241 4819 bam
263 4781 278 4820 :
301 4767 354 4823 in
384 4768 631 4825 tenebris
654 4766 909 4836 ambulo,
934 4782 1055 4837 qua:
1080 4765 1224 4821 diem
1265 4764 1467 4821 Christi
1501 4766 1706 4820 nescio.

135 4854 294 4919 Nolite
322 4871 505 4921 tamen
563 4865 849 4937 deSpicere
881 4878 967 4919 me
988 4905 1002 4929 ,
1032 4861 1287 4934 quoniam
1338 4860 1427 4937 qui
1458 4860 1709 4931 reliquit,

140 4961 294 5018 potest
318 4971 534 5013 rursum
566 4960 832 5029 aspicere.
868 4956 1112 5017 Misereri
1143 4955 1340 5017 iterum
1386 4954 1542 5020 solet,
1579 4967 1711 5009 conv

136 5056 345 5116 gregare
368 5049 670 5120 dispersos,
700 5049 949 5106 desertos
980 5049 1283 5120 requirere,
1328 5045 1586 5118 colligere
1615 5044 1714 5100 de-

139 5137 360 5198 stitutos.
390 5141 598 5198 Omnes
618 5141 794 5198 tribus
824 5140 1014 5206 Israel,
1037 5139 1349 5202 convenite.
1378 5136 1608 5211 aspicite
1630 5150 1717 5192 me

139 5223 371 5287 decoram
413 5243 543 5290 ante
574 5231 776 5290 delicta
803 5248 819 5299 ;
851 5233 1014 5287 nolite
1042 5232 1277 5299 aspicere
1330 5245 1441 5303 me,
1473 5229 1719 5302 quoniam

142 5317 386 5390 obfuscata
433 5341 584 5392 sum;
634 5324 742 5381 hoc
792 5334 911 5392 est,
955 5340 1063 5380 non
1097 5325 1201 5381 hoc
1228 5324 1405 5380 solum
1437 5322 1719 5393 aspiciatis

142 5411 254 5477 quis
298 5414 583 5473 obfuscata
627 5432 781 5486 sum;
832 5433 940 5473 non
990 5427 1078 5473 est
1115 5417 1348 5473 intuitus
1402 5431 1491 5472 me
1515 5417 1635 5483 sol,
1665 5425 1722 5472 et

144 5502 255 5563 ideo
273 5510 547 5568 obfuscata
568 5528 711 5569 sum.
729 5512 837 5571 Sed
866 5513 1010 5569 lucet
1041 5512 1123 5570 sol
1146 5527 1314 5583 super
1337 5513 1517 5582 jnstos
1543 5519 1598 5567 et
1627 5510 1681 5567 in
1698 5539 1716 5550 -

144 5598 324 5672 iustos,
348 5621 512 5691 super
547 5605 721 5681 justos
750 5623 855 5682 pro
879 5607 1055 5681 gratia
1085 5649 1102 5676 ,
1153 5622 1319 5691 super
1358 5606 1591 5681 injustas
1619 5620 1717 5678 pro

216 5798 240 5864 ξ
264 5790 377 5864 Lib.
407 5792 475 5849 de
504 5793 652 5850 Isaac
679 5837 693 5860 ,
726 5810 848 5864 cap.
877 5793 933 5859 4,
966 5808 1114 5848 num.
1148 5792 1238 5848 1⁸5.

215 5858 241 5899 δ
270 5862 325 5919 In
353 5865 483 5939 psal.
516 5858 689 5922 cxvm
728 5858 971 5925 sema
995 5905 1011 5933 ,
1043 5879 1191 5921 num.
1225 5863 1259 5922 8
1285 5871 1339 5921 ct
1366 5879 1484 5934 seq.

1778 563 1896 621 istis
1916 576 2134 635 peccata
2161 564 2465 625 dimittens.
2492 568 2553 629 Et
2574 569 2830 639 gentibus
2858 586 2964 627 non
2994 571 3210 631 lucebat
3228 584 3382 646 ante,

1781 673 1925 713 nunc
1945 658 2120 727 lucet,
2151 674 2295 717 nunc
2323 660 2429 723 illis
2457 660 2634 719 oritur
2655 663 2745 733 qui
2779 664 3062 721 oriebatur
3090 665 3224 727 mihi
3248 684 3263 737 ;
3291 667 3417 739 qui,

1782 751 1890 808 illis
1907 753 2139 821 remisit,
2183 754 2428 813 remittet
2466 764 2521 815 et
2571 756 2726 813 mihi.
2762 756 2944 814 Nolite
2969 758 3222 821 arbitrari
3249 776 3386 832 quo-

1782 843 1926 903 niam
1949 845 2230 902 obluscata
2255 862 2402 917 sum,
2433 846 2577 919 quod
2611 850 2829 918 perlitus
2856 850 3146 923 reliquerit
3168 869 3257 909 me
3275 856 3382 926 sol,

1783 949 1836 994 et
1858 940 1967 1008 jam
1997 956 2101 996 non
2132 942 2425 1011 intueatur,
2460 959 2567 1003 non
2597 945 2837 1017 requirat
2869 963 3090 1018 aegram.
3121 949 3384 1009 Dissimu-

1786 1030 1916 1086 lavit
1937 1047 1966 1085 a
1993 1048 2079 1087 me
2102 1073 2117 1098 ,
2140 1032 2266 1103 quia
2295 1049 2402 1093 non
2430 1035 2645 1095 servavi
2666 1036 2921 1095 maiidata
2948 1039 3103 1111 ejus:
3138 1044 3384 1099 reconci-

1784 1123 2006 1179 liahitur
2045 1140 2167 1189 cum
2222 1126 2419 1185 viderit
2450 1143 2696 1185 meorum
2728 1132 3107 1205 paenitentiam
3155 1134 3387 1193 delicto-

1786 1234 1929 1272 rum.
1970 1217 2090 1272 Non
2134 1218 2268 1279 vidit
2298 1235 2384 1279 me
2426 1221 2543 1291 sol,
2578 1223 2700 1296 quia
2732 1239 2838 1283 non
2871 1228 3051 1296 recepi
3091 1226 3391 1287 advenien-

1786 1319 1920 1379 tem,
1953 1326 2059 1369 non
2087 1312 2276 1384 aperui
2321 1312 2629 1385 fenestras,
2654 1325 2712 1379 ut
2740 1317 2866 1375 vitae
2895 1316 3077 1379 lumen
3097 1320 3340 1392 intraret
3373 1339 3388 1377 :

1786 1420 1909 1459 cum
1936 1419 2225 1477 aperuere,
2254 1406 2587 1473 illuminabit
2612 1410 2802 1473 oculos
2834 1427 3009 1482 meos,
3033 1413 3124 1485 qui
3153 1416 3305 1479 venit
3332 1423 3392 1477 ut

1789 1507 1960 1567 totum
2006 1498 2266 1565 mundum
2323 1499 2701 1572 illuminaret,
2730 1512 2786 1563 et
2818 1503 3038 1567 videant
3061 1506 3226 1563 etiam
3279 1523 3390 1567 non

1789 1589 2061 1646 videntes.

1862 1682 1954 1740 ει.
2001 1684 2094 1743 Vel
2124 1682 2257 1741 dicit
2302 1685 2547 1747 Ecclesia
2598 1686 2668 1745 de
2698 1687 2959 1760 gentibus
2991 1707 3005 1745 :
3035 1688 3221 1755 Nolite
3249 1691 3395 1762 aspi-

1790 1794 1904 1845 cere
1948 1796 2029 1833 me
2072 1781 2318 1851 quoniam
2364 1785 2513 1853 fusca
2557 1798 2701 1849 sum,
2747 1783 2869 1857 quia
2906 1798 3010 1841 non
3056 1784 3282 1855 respexit
3310 1800 3391 1843 me

1789 1871 1902 1951 sol;
1933 1887 1999 1941 eo
2029 1872 2172 1946 quod
2214 1874 2366 1935 velut
2395 1874 2604 1944 pruinis
2632 1874 2956 1937 hiemalibus
2996 1877 3229 1950 geluque
3257 1893 3393 1938 con.-

1786 1968 1971 2023 stricta
2002 1968 2219 2038 gentilis
2250 1969 2486 2035 erroris,
2519 1971 2995 2041 congregationem
3035 1973 3275 2043 gentium
3305 1971 3391 2035 sol

1784 2059 2009 2141 justitia:
2034 2060 2124 2123 diu
2155 2062 2428 2139 indignam
2455 2065 2827 2135 testimaverit,
2859 2082 3021 2135 titiam
3049 2082 3245 2129 serena
3274 2069 3393 2133 vul-

1790 2165 1874 2217 tus
1905 2156 1988 2217 sui
2034 2156 2155 2219 luce
2201 2158 2478 2219 lustraret.
2510 2157 2701 2215 Nonne
2731 2158 2828 2221 tibi
2863 2159 3145 2227 videbatur
3174 2158 3394 2227 hiberni

1789 2249 1937 2319 rigor
1968 2250 2249 2327 temporis.
2275 2250 2491 2327 quando
2523 2260 2683 2309 notus
2712 2262 2830 2310 erat
2860 2251 2915 2311 in
2943 2251 3131 2321 Judaea
3162 2261 3396 2317 tantum-

1791 2343 1955 2402 modo
1986 2343 2171 2407 Deus?
2200 2343 2353 2403 Nunc
2383 2355 2562 2409 autem
2584 2345 2864 2417 plenitudo
2894 2346 3029 2407 lucis
3056 2344 3224 2420 fulget
3251 2348 3400 2405 testi-

1794 2451 1910 2504 γω,
1940 2435 2160 2511 quando
2190 2435 2370 2499 omnia
2423 2446 2479 2499 et
2526 2437 2578 2495 in
2608 2436 2867 2499 omnibus
2894 2437 3167 2499 Chrisrus.
3198 2437 3395 2497 Nonne

1794 2539 1930 2587 terra
1954 2528 2168 2588 Domini
2214 2539 2260 2589 et
2286 2530 2552 2605 plenitudo
2596 2531 2713 2602 ejus
2764 2528 2992 2607 (Psalm.
3028 2546 3187 2597 xxnt,
3218 2531 3299 2604 l)?
3326 2531 3395 2589 Et

1793 2638 1921 2677 vt-re
1970 2623 2121 2683 orbis
2168 2631 2436 2685 terrarqu
2490 2623 2543 2679 in
2574 2621 2851 2697 Ecclesia,
2880 2622 3003 2699 quia
3049 2639 3150 2685 non
3174 2620 3397 2683 Iudaeus

1795 2713 2148 2775 tantummodo
2195 2724 2286 2775 aut
2314 2712 2558 2780 Grazcus,
2594 2729 2698 2771 nou
2742 2712 3004 2777 Barbarus
3030 2724 3118 2779 aut
3159 2714 3356 2787 Scytha
3379 2755 3396 2784 ,

1796 2824 1898 2863 non
1947 2823 2122 2863 servus
2151 2815 2237 2861 aut
2265 2806 2394 2861 liber
2420 2823 2441 2863 :
2467 2806 2558 2865 sed
2583 2822 2758 2871 omnes
2799 2807 2854 2863 in
2881 2805 3085 2867 Christo
3124 2824 3285 2871 unum
3305 2825 3396 2873 su-

1796 2917 1910 2956 mus
1936 2896 2158 2974 (Coloss.
2190 2914 2281 2971 ut,
2312 2900 2425 2973 ll).
2459 2899 2553 2957 Sol
2584 2901 2837 2959 omnibus
2886 2900 3084 2973 fulget,
3114 2902 3230 2957 dies
3275 2917 3400 2957 om-

1800 2993 1956 3048 nibus
2000 2992 2166 3048 lucet.
2197 3002 2220 3031 α
2251 2990 2422 3067 Nigra
2468 3009 2616 3063 sum,
2646 3002 2694 3048 et
2747 2993 2954 3055 decora.
3000 2993 3272 3061 Praemisit
3319 2992 3404 3049 ni—

1796 3100 1989 3157 grant,
2019 3095 2078 3149 ut
2122 3093 2349 3154 augeret
2393 3083 2648 3141 decorem
2684 3102 2698 3140 :
2730 3100 2836 3151 non
2886 3083 3054 3141 dixit:
3084 3086 3247 3159 Nigra
3278 3102 3399 3145 sum

1800 3180 2031 3249 decoraI
2065 3194 2135 3235 ne
2165 3179 2308 3253 quod
2343 3178 2558 3253 nigrum
2586 3188 2671 3237 est
2699 3181 2954 3247 decorum
2988 3180 3355 3243 testimaretur
3385 3198 3399 3237 :

1801 3273 1894 3331 sed
1930 3273 2049 3330 ait:
2094 3272 2256 3345 Nigra
2306 3289 2425 3331 sum
2464 3274 2751 3344 superiore
2801 3284 3055 3346 peccato,
3090 3274 3185 3337 sed
3207 3274 3405 3337 decora

1800 3365 2146 3429 confessione
2191 3366 2441 3439 peccati,
2473 3371 2529 3423 et
2574 3367 2933 3424 correctionis
2979 3366 3194 3436 studio,
3243 3374 3408 3438 atque

1800 3473 1987 3514 arnore
2035 3459 2274 3521 virtutis.
2307 3458 2567 3526 Quamvis
2614 3472 2746 3531 ergo
2796 3457 2863 3515 Et
2889 3458 3098 3531 syllaba
3143 3470 3409 3530 nigram-

1803 3550 1986 3606 matici
2035 3551 2310 3621 appellant
2357 3550 2705 3622 coniunctiva
2754 3548 2862 3620 sit,
2900 3551 3062 3617 habet
3114 3560 3294 3613 tamen
3328 3550 3410 3615 di-

1802 3647 2175 3712 stinctionem,
2200 3662 2304 3721 qua
2335 3647 2582 3705 conlusio
2613 3645 2960 3718 distinguitur
3003 3662 3067 3707 ac
3091 3654 3409 3717 separatur;

1806 3751 1865 3799 ut
1893 3743 1939 3797 si
1989 3741 2140 3801 dicas
2183 3741 2537 3805 Ambrosium
2590 3740 2821 3799 Bassum
2873 3742 3020 3797 intus
3066 3754 3224 3807 esse,
3268 3752 3412 3803 unus

1806 3843 2027 3908 putatur
2057 3851 2071 3888 :
2106 3833 2189 3891 sin
2232 3842 2414 3893 autem
2444 3846 2657 3889 asseras
2710 3832 3058 3891 Ambrosium
3088 3840 3144 3889 et
3181 3830 3408 3891 Bassum

1808 3927 1952 3991 intus
1979 3941 2124 3991 esse,
2154 3925 2261 3980 duo
2292 3926 2477 3997 utique
2507 3924 2906 3998 intelliguntur.

1878 4017 1971 4072 25.
2013 4011 2040 4051 ά
2074 4014 2227 4072 Sicut
2269 4016 2602 4075 tabernacula
2648 4013 2852 4083 Cedar,
2880 4016 3011 4075 sicut
3060 4015 3221 4096 pelles
3258 4014 3415 4070 Salo-

1809 4111 2013 4178 monis;
2042 4110 2274 4173 tentoria
2325 4111 2473 4181 enim
2520 4110 2589 4167 de
2633 4111 2843 4168 exuviis
2890 4111 3027 4174 ﬁunt
3074 4120 3414 4169 mortuorum

1809 4203 2146 4260 animalium.
2199 4201 2368 4277 Igitur
2411 4220 2533 4275 qure
2586 4203 2693 4267 hoc
2738 4203 2983 4273 dicebat,
3038 4216 3251 4265 mortua
3299 4212 3420 4260 erat

1813 4304 2035 4365 peccato
2058 4337 2074 4367 ,
2102 4303 2157 4351 et
2194 4296 2412 4353 vivebat
2446 4296 2556 4352 Deo
2586 4314 2599 4350 :
2629 4306 2686 4357 ct
2716 4312 2815 4354 nos
2846 4297 3011 4371 igitur
3042 4309 3268 4373 peccato
3299 4314 3418 4354 mo-

1812 4388 2054 4460 riamur;
2088 4398 2147 4445 ut
2175 4390 2287 4446 Deo
2314 4390 2577 4446 vivamus.
2611 4390 2828 4460 ltepleti
2877 4391 3137 4465 spiritus,
3162 4391 3422 4465 jucundi-

1815 4487 1924 4537 tate
1949 4489 2005 4537 et
2033 4483 2300 4552 suavitate
2331 4482 2557 4552 laetitiae,
2585 4482 2794 4539 erimus
2821 4482 3035 4539 exuviae
3070 4483 3382 4557 spirituales
3400 4523 3417 4553 ,

1814 4584 2066 4632 carentes
2118 4576 2429 4639 inﬁrmitate
2495 4590 2792 4647 corporea,
2852 4583 2909 4631 et
2955 4576 3170 4649 integro
3222 4575 3422 4634 mentis

1819 4666 1939 4721 sinu
1973 4665 2204 4721 infusam
2250 4665 2406 4721 nobis
2435 4665 2747 4722 divinorum
2777 4666 3161 4738 mysteriorum
3192 4667 3422 4741 gratiam

1817 4769 2182 4819 reservantes.
2249 4759 2624 4816 Tabernacula
2694 4767 2876 4815 autem
2927 4758 3131 4831 Cedar,
3184 4761 3423 4831 pellesve

1819 4853 2132 4911 Salomonis
2179 4868 2375 4925 corpus
2402 4853 2506 4911 hoc
2533 4853 2640 4911 dici
2671 4856 2842 4925 liquet
2868 4872 2932 4913 ex
2981 4856 3225 4928 pluribus
3253 4856 3420 4925 locis:

1821 4957 2005 5004 tamen
2055 4948 2216 5004 etiam
2251 4948 2378 5004 inde
2422 4947 2692 5021 intellige,
2725 4949 2868 5022 quod
2903 4950 3070 5006 Adam
3103 4959 3163 5008 et
3192 4952 3302 5007 Eva
3333 4950 3424 5008 ubi

1823 5043 2115 5115 imaginem
2143 5041 2448 5115 deposuere
2483 5041 2722 5099 cmlestis
2747 5058 2909 5115 quam
2942 5053 3068 5101 ante
3095 5045 3424 5116 portabant,

1824 5136 2113 5210 imaginem
2170 5136 2371 5190 terreni
2423 5135 2661 5192 hominis
2691 5135 3012 5206 induentes,
3052 5139 3260 5195 tunicas
3289 5139 3427 5197 dicti

1824 5239 1952 5287 sunt
1994 5229 2179 5286 vestiti
2226 5245 2351 5287 esse
2381 5229 2672 5302 pelliceas;
2702 5231 3014 5304 corporales
3055 5233 3200 5289 enim
3228 5250 3323 5291 eos
3349 5234 3431 5293 fo-

1826 5333 1975 5381 ccrat
2005 5323 2073 5380 de
2094 5323 2467 5395 spiritualibns
2493 5323 2653 5395 culpa
2680 5323 2993 5381 commissa.

1895 5418 1985 5475 26.
2026 5418 2138 5475 Nec
2183 5418 2314 5479 illud
2358 5419 2654 5477 absurdum
2704 5419 2772 5475 ad
2802 5419 3250 5493 intelligendum,
3283 5423 3430 5493 quod

1824 5514 1898 5570 ita
1929 5528 1989 5571 se
2015 5511 2147 5569 dicit
2171 5528 2372 5586 sponsa
2406 5511 2602 5571 factam
2643 5510 2786 5577 sicut
2813 5511 2986 5583 pelles
3030 5514 3165 5571 solis
3210 5515 3433 5587 adustas

1821 5603 2139 5671 ardoribus;
2171 5619 2236 5659 eo
2264 5602 2407 5675 quod
2434 5602 2489 5658 in
2513 5604 2809 5678 asperitate
2842 5602 2972 5673 licet
3007 5605 3427 5677 tribulationum

1915 5803 1937 5830 α
1971 5790 2024 5843 ln
2056 5790 2192 5858 psal.
2223 5804 2412 5854 nvvtst,
2439 5804 2603 5853 scrin.
2637 5790 2723 5853 18.

1834 5923 1866 5933 .-
1905 5859 1931 5900 ιι
1959 5863 2076 5920 Lib.
2105 5879 2121 5918 ι
2147 5863 2216 5920 de
2240 5863 2383 5933 Spir.
2411 5866 2471 5919 δ.
2494 5876 2542 5920 c.
2573 5862 2669 5929 ll;
2700 5862 2754 5918 in
2775 5861 2918 5920 Psal.
2948 5877 3135 5936 cxvm,
3163 5862 3343 5925 Serm.
3371 5869 3432 5928 2.
