3920 6330
552 261 694 320 I865

1548 261 2090 322 COMMENTARIUS
2130 264 2197 323 IN
2235 267 2536 324 CANTICA
2574 266 2845 326 CANTIC.

3649 274 3780 334 ’1864

532 375 749 447 posita,
781 371 1191 429 mortiﬁcaverit
1237 378 1417 428 tamen
1462 386 1662 443 corpus
1691 392 1887 444 suum,
1920 394 1988 433 ne
2017 393 2142 434 sen—
2166 390 2220 449 Α
2316 383 2407 436 3t.
2448 381 2716 436 Annuntia
2770 380 2904 436 mihi
2948 396 3100 450 quem
3130 381 3310 439 dilexit
3355 382 3522 441 animo
3562 402 3678 444 mea.
3702 392 3784 448 Cur

531 469 635 524 tire
665 467 836 539 possit
880 467 1029 521 illam
1076 466 1428 536 asperitatem
1458 483 1472 524 :
1501 469 1641 522 sicut
1687 469 1831 524 enim
1883 471 2135 527 ardorem

531 560 667 616 solis
710 573 818 614 non
868 561 1038 614 sentit
1085 557 1244 628 pellis
1295 558 1666 628 tabernaculi,
1698 577 1763 616 eo
1794 562 1941 632 quod
1983 563 2138 633 pellis

531 654 605 712 sit
634 652 887 710 animalis
915 651 1111 707 mortui
1137 666 1152 716 ;
1184 651 1255 706 ita
1289 650 1408 708 hmc
1439 663 1649 707 mortua
1685 663 1909 724 peccato
1930 697 1945 722 ,
1977 655 2140 710 ardo-

531 761 648 804 rem
680 743 887 816 peccati
917 743 1123 800 sentire
1143 757 1250 798 non
1281 753 1494 814 poterat
1523 762 1536 798 :
1567 745 1654 801 vel
1683 747 1806 816 quia
1839 762 1943 802 non
1989 747 2139 802 fran-

531 838 761 911 gebatur
832 836 1287 904 necessitatibus,
1342 837 1431 893 vel
1479 837 1607 906 quia
1672 853 1871 910 corpus
1926 840 2142 914 1554.

531 929 846 988 afﬁictionis
873 945 1095 994 sumus,
1127 937 1184 984 ct
1213 939 1442 986 mortem
1490 930 1705 986 Domini
1750 931 1881 988 Jesu
1926 948 2142 1004 semper

532 1025 587 1082 in
614 1037 846 1096 corpore
875 1031 1064 1080 nostro
1093 1021 1448 1079 circumferre
1474 1023 1758 1080 debemus.

605 1119 699 1174 27.
732 1117 914 1190 (Vers.
943 1118 1028 1188 5.)
1057 1125 1084 1154 ἰ
1110 1114 1236 1170 Filii
1277 1117 1460 1171 matris
1503 1133 1629 1172 metu
1655 1126 2011 1190 pugnaverunt
2048 1119 2144 1174 ad-

531 1227 738 1268 versum
777 1225 895 1276 me;
939 1211 1044 1265 hoc
1093 1218 1212 1274 est,
1249 1211 1703 1280 impugnaverunt
1753 1226 1842 1268 me
1892 1213 2142 1283 corporis

534 1307 850 1379 passiones,
900 1301 1082 1360 carnis
1127 1302 1406 1359 illecebrae
1454 1303 1912 1361 decoloraverunt
1958 1325 1972 1361 :
2018 1305 2144 1362 ideo

535 1401 618 1457 sol
641 1398 867 1470 iustitiae
909 1396 1043 1452 mihi
1074 1412 1182 1454 non
1209 1396 1458 1463 refulsit,
1488 1399 1614 1468 quia
1645 1399 1863 1454 viduata
1893 1399 2146 1470 praesidio

532 1493 882 1551 devotionem
911 1506 1089 1548 meam
1135 1499 1191 1548 et
1220 1491 1628 1548 observantiam
1677 1492 1891 1562 plenam
1921 1507 2146 1549 servare

534 1602 642 1644 non
693 1585 878 1658 potui,
910 1583 1016 1641 hoc
1058 1593 1143 1641 est
1167 1584 1349 1654 enim,
1380 1585 1584 1640 vineam
1609 1603 1775 1642 meam
1816 1603 1922 1642 non
1970 1597 2146 1642 custo-

535 1681 644 1736 divi
668 1722 684 1748 ,
716 1679 844 1751 quia
877 1679 1064 1750 Spinas
1091 1686 1147 1734 et
1173 1693 1279 1734 non
1306 1694 1466 1734 uvam
1492 1679 1684 1744 attuli,
1715 1679 1767 1735 id
1814 1688 1897 1735 est
1938 1678 2146 1736 faciens

537 1785 762 1841 peccata
799 1778 913 1847 ‘pro
949 1773 1237 1830 fructibus.
1271 1773 1492 1830 Etcum
1540 1773 1610 1830 de
1648 1772 1827 1829 Verbo
1873 1774 2146 1845 loquitur,

2242 489 2393 543 quem
2434 473 2620 529 dilexit
2647 475 2821 528 anima
2864 490 3007 542 mea,
3037 474 3200 540 dicis,
3231 485 3285 530 et
3314 491 3421 532 non
3447 493 3596 548 quem
3619 481 3786 552 diligit?

2241 565 2352 622 Cur
2380 565 2638 622 dimisisti
2668 582 2831 638 quem
2861 567 3126 624 tenebas?
3156 567 3404 624 Dilexisti
3433 580 3631 640 patrum
3676 573 3784 641 ﬁde,

2242 661 2474 717 amisisti
2529 662 2954 718 incredulitate:
2990 662 3216 719 tenebas
3262 662 3532 720 charitatis
3575 665 3788 734 vinculis,

2243 754 2472 808 amisisti
2504 754 2666 826 longo
2697 754 2825 810 fune
2851 755 3114 826 perﬁdiae.
3145 755 3271 811 Ideo
3301 755 3475 812 nescis
3503 756 3586 812 ubi
3613 769 3787 829 pascat,

2243 846 2333 901 ubi
2365 857 2612 914 maneat;
2645 863 2766 902 nam
2782 849 2824 902 si
2849 849 3163 914 scires,non
3192 864 3484 920 quaereres.
3507 850 3634 905 Dicis
3655 852 3789 906 enim:

2248 940 2351 997 Ubi
2378 944 2581 1012 pascis,
2617 943 2704 996 ubi
2752 960 2927 998 manes
2976 945 3028 998 in
3081 945 3336 1000 meridie?
3380 945 3638 1004 Meridiem
3683 949 3793 1003 nosti

2243 1047 2366 1089 esse
2395 1032 2696 1089 Ecclesiam
2747 1051 2868 1106 quae
2902 1045 3082 1091 teneat
3111 1036 3420 1104 Christum,
3451 1048 3504 1094 et
3542 1048 3593 1092 tu
3615 1053 3720 1093 eum
3753 1039 3791 1096 in

2244 1128 2495 1184 noctibus
2523 1130 2742 1199 quaeris.
2773 1129 2892 1196 Dic,
2929 1129 3124 1201 inquit,
3154 1130 3309 1198 mihi,
3337 1128 3794 1200 Cbriste,respomle

2248 1222 2336 1276 vel
2371 1230 2592 1293 propter
2621 1221 2673 1276 id
2702 1223 2824 1292 quia
2856 1232 2982 1278 ante
3011 1238 3170 1278 carus
3217 1223 3365 1278 fuisti
3411 1235 3564 1295 atque
3604 1223 3794 1280 dilectus

2247 1313 2377 1368 mihi
2399 1331 2414 1380 ;
2442 1316 2544 1369 etsi
2573 1329 2702 1386 ergo
2728 1325 2892 1371 tanta:
2926 1317 3338 1388 prmrngativam
3362 1317 3626 1373 charitatis
3647 1319 3791 1383 amisi,

2245 1413 2304 1459 ut
2331 1415 2512 1460 tamen
2547 1407 2698 1475 quasi
2728 1407 2852 1477 pius
2878 1450 2892 1474 ,
2924 1407 3196 1478 responde
3229 1408 3382 1476 mihi,
3414 1408 3508 1464 Ubi
3535 1410 3703 1479 pascis,
3727 1410 3794 1463 ubi

2243 1497 2459 1552 manes?
2493 1498 2776 1569 Reliquisti
2830 1516 2917 1556 me
2938 1541 2954 1568 ,
3002 1501 3184 1555 abiisti
3226 1501 3292 1556 ad
3325 1510 3540 1573 gentes,
3564 1501 3793 1558 recessisti

2244 1589 2405 1660 longe
2431 1606 2461 1645 a
2491 1605 2600 1657 me,
2634 1599 2688 1646 et
2719 1591 2828 1646 illis
2857 1591 3082 1663 prepior
3112 1593 3290 1671 lactus
3319 1608 3378 1648 es
3407 1608 3435 1647 a
3464 1593 3643 1665 quibus
3665 1593 3793 1663 longe

2245 1697 2387 1740 eras.
2421 1683 2530 1740 Sed
2561 1684 2737 1740 factus
2765 1699 2826 1740 cs
2853 1699 3024 1757 prope
3048 1729 3063 1755 ,
3091 1687 3219 1757 quia
3245 1687 3507 1760 sanguine
3535 1696 3618 1742 tuo
3652 1685 3794 1743 credi-

2245 1776 2466 1835 derunt.
2496 1777 2543 1832 A
2572 1793 2660 1833 me
2705 1778 2986 1834 recessisti
3007 1821 3022 1847 ,
3052 1779 3175 1849 quia
3203 1795 3308 1851 ego
3332 1794 3539 1836 crucem
3583 1795 3672 1834 nou
3699 1793 3793 1833 sus-

530 1869 833 1928 irradiante
873 1866 979 1924 sibi
1005 1867 1156 1924 verbi
1209 1866 1538 1939 splendore,
1565 1881 1826 1923 conversa
1874 1866 1941 1922 ad
1969 1866 2148 1938 ipsum
2178 1863 2227 1925 B
2254 1871 2372 1942 cepi
2405 1878 2464 1925 nt
2503 1871 2690 1927 mundi
2741 1872 3200 1943 redemptionem,
3235 1872 3330 1930 sed
3361 1881 3420 1929 ut
3447 1872 3590 1929 noxii
3614 1872 3794 1928 damna

534 1961 670 2021 dicit
697 1979 712 2018 :

608 2056 704 2113 28.
746 2054 928 2128 (Vers.
959 2053 1040 2127 6.)
1073 2053 1174 2110 Ubi
1205 2053 1406 2126 pascis,
1433 2051 1519 2107 ubi
1543 2067 1715 2108 manes
1742 2051 1794 2106 in
1820 2052 2148 2109 meridiano?

537 2148 707 2205 Recte
737 2146 894 2214 dicit,
927 2145 1015 2201 ubi
1043 2145 1234 2218 pascis,
1267 2147 1391 2216 quia
1424 2144 1605 2215 regale
1632 2153 1717 2200 est
1745 2143 1840 2202 Dei
1868 2143 2142 2201 Verbum:

535 2241 626 2298 ubi
654 2258 851 2311 manes,
877 2240 1003 2313 quia
1049 2238 1257 2296 morale
1285 2255 1300 2293 :
1332 2239 1388 2293 in
1432 2237 1757 2307 meridiano,
1791 2237 1915 2310 quia
1959 2239 2148 2311 mysti-

534 2357 659 2400 cum
694 2359 707 2396 :
742 2339 1008 2412 siquidem
1046 2335 1276 2393 meridie
1321 2334 1526 2406 Joseph
1574 2350 1698 2390 cum
1729 2333 1986 2390 fratribus
2033 2334 2146 2390 suis

533 2434 587 2492 in
603 2434 855 2492 convivio
881 2431 1210 2488 constitutus
1237 2428 1542 2483 futurorum
1567 2427 1822 2498 mysteria
1839 2434 2142 2498 temporum

533 2528 832 2588 revelabat.
864 2525 973 2584 Sed
1003 2524 1169 2580 etiam
1201 2519 1375 2577 David
1405 2517 1538 2575 dicit
1579 2536 1591 2572 :
1624 2519 1813 2574 Revela
1854 2519 1924 2573 ad
1958 2517 2143 2573 Domi-

533 2639 658 2680 num
705 2621 861 2676 vitam
907 2628 1048 2674 tuam
1094 2625 1143 2672 et
1186 2631 1342 2684 spera
1388 2615 1443 2668 in
1474 2629 1619 2681 cum,
1649 2622 1697 2668 et
1727 2612 1837 2683 ipse
1877 2613 2068 2684 faciet,
2098 2621 2145 2667 et

532 2718 713 2774 educet
757 2715 892 2770 sicut
917 2713 1092 2768 lumen
1111 2709 1376 2782 justitiam
1419 2715 1591 2772 tuam,
1623 2713 1670 2759 et
1707 2704 1969 2776 judicium
1997 2712 2145 2758 tuum

531 2813 664 2867 sicut
694 2808 959 2864 meridiem
985 2804 1224 2879 (Psalm.
1283 2817 1488 2866 xxxvi,
1520 2797 1615 2871 5).
1656 2799 1727 2856 Et
1777 2801 1894 2870 ipse
1943 2799 2144 2856 Paulus

532 2904 966 2966 circumfulsisse
995 2901 1101 2958 sibi
1132 2901 1319 2956 lumen
1361 2895 1593 2954 meridie
1630 2895 1894 2962 asseruit,
1926 2893 2144 2966 quando

532 3018 565 3060 a
592 2997 975 3072 persecutione
1001 3004 1085 3050 est
1112 3005 1420 3049 conversus
1447 2990 1514 3044 ad
1541 2989 1796 3060 gratiam.

603 3096 697 3154 29.
738 3091 994 3164 Queritur
1023 3102 1154 3160 ergo
1180 3086 1324 3159 quod
1354 3084 1614 3141 derelicta
1651 3085 1758 3150 sit,
1786 3081 1931 3153 quod
1975 3080 2145 3139 desti-

533 3198 648 3248 tuta
675 3189 748 3244 sit
795 3198 1008 3257 pauper
1055 3196 1125 3238 ex
1173 3174 1715 3244 divite;abundabat
1739 3174 1884 3230 enim
1914 3189 2143 3230 munere

2250 1966 2551 2022 nationem.
2584 1967 2688 2034 Qui
2719 1977 2900 2022 autem
2931 1978 3253 2038 receperunt
3278 1967 3423 2024 sicut
3447 1967 3623 2023 salutis
3646 1976 3793 2022 aucto-

2246 2074 2387 2125 rem,
2418 2060 2470 2114 in
2500 2060 2730 2116 meridie
2759 2071 2914 2127 sunt;
2949 2060 3057 2116 illis
3085 2061 3272 2129 luces,
3305 2061 3409 2117 illis
3435 2059 3680 2132 refulges,
3707 2059 3794 2113 illis

2247 2153 2392 2210 calet
2419 2155 2592 2226 gratia
2625 2163 2714 2209 tua
2742 2155 2886 2211 sicut
2913 2155 3190 2212 meridies.
3220 2155 3352 2212 Mihi
3379 2158 3652 2212 matutinus
3671 2169 3790 2222 eras,

2245 2259 2367 2302 cum
2418 2247 2599 2304 adhuc
2642 2248 2927 2305 crederem
2957 2291 2973 2317 ,
3011 2252 3106 2308 sed
3163 2267 3273 2307 non
3325 2251 3597 2310 credebam
3641 2251 3788 2322 plene,

2245 2340 2371 2409 quia
2398 2355 2505 2396 non
2533 2355 2657 2396 sum
2687 2341 2906 2397 inventa
2938 2342 2992 2398 in
3025 2343 3254 2400 meridie
3276 2386 3293 2413 ,
3325 2345 3464 2401 sicut
3490 2343 3670 2415 Joseph
3695 2357 3788 2399 cum

2245 2430 2502 2488 fratribus
2530 2432 2644 2488 suis
2673 2434 2765 2504 qui
2794 2435 3054 2490 tenebant
3097 2435 3388 2493 meridiem
3420 2453 3434 2490 :
3461 2435 3558 2492 illis
3583 2433 3788 2492 meridies

2247 2523 2420 2580 factus
2447 2539 2536 2592 es,
2569 2525 2659 2595 qui
2693 2535 2993 2597 pascuntur
3022 2527 3074 2582 in
3105 2527 3312 2586 divitiis
3341 2530 3464 2598 tuis,
3492 2541 3544 2585 et
3565 2530 3611 2585 in
3638 2537 3681 2584 te
3696 2543 3789 2598 spc-

2245 2629 2390 2676 rant.
2418 2620 2544 2676 Ideo
2591 2631 2648 2676 ut
2695 2622 2834 2678 dixit
2875 2623 3048 2680 David
3079 2643 3093 2678 :
3121 2625 3365 2683 Deduces
3391 2643 3556 2683 eorum
3577 2623 3786 2699 justitiam

2243 2725 2506 2781 tamquam
2537 2716 2742 2783 lumen,
2786 2728 2834 2772 et
2857 2718 3128 2791 judicium
3162 2736 3352 2776 eorum
3399 2729 3639 2791 tamquam
3669 2717 3785 2773 nteri-

2243 2809 2403 2882 diem(
2433 2808 2638 2866 Psalm.
2669 2828 2860 2881 xxxvr,
2889 2813 2970 2885 6).

2314 2904 2403 2958 '52.
2445 2905 2658 2973 Quaeris
2704 2921 2836 2977 ergo
2879 2916 3156 2980 tamquam
3203 2910 3385 2969 aliena
3432 2926 3546 2982 quae
3589 2907 3782 2981 proxima

2243 3012 2398 3064 cras,
2430 3007 2704 3071 tamquam
2737 3016 2945 3074 pauper
2993 3019 3113 3075 quae
3160 3005 3320 3062 dives
3363 3004 3503 3060 fuisti
3533 3023 3545 3058 :
3572 3003 3645 3057 vis
3667 2997 3782 3070 sequi

2243 3107 2361 3161 qua:
2407 3092 2789 3162 praecedebas,
2821 3107 2985 3166 atque
3031 3097 3240 3152 utinam
3291 3099 3379 3154 vel
3426 3093 3650 3167 sequaris
3681 3103 3783 3162 quos

2246 3184 2558 3254 praecedere
2587 3185 2856 3242 debuisti!
2887 3188 3218 3244 Mercenaria
3248 3204 3375 3246 esse
3405 3187 3658 3245 desideras
3689 3197 3780 3253 quin

530 3280 831 3354 gratiarum
865 3294 879 3331 :
913 3272 1010 3331 sed
1040 3285 1204 3344 egere
1234 3268 1438 3337 coepit,
1471 3267 1562 3323 ubi
1591 3265 1792 3322 divinae
1836 3265 2140 3337 prtcsentize

2246 3288 2373 3333 ante
2402 3281 2772 3335 mercenaries
2800 3281 3124 3353 colligebas;
3152 3280 3502 3338 mercenaria:
3528 3281 3684 3348 itaque
3704 3288 3781 3329 vox

529 3373 634 3429 sibi
661 3371 819 3441 copia
849 3369 1111 3438 denegata
1153 3372 1256 3420 est.
1291 3361 1360 3417 Et
1389 3359 1515 3417 ideo
1544 3360 1628 3416 vel
1660 3359 1812 3430 quasi
1855 3374 2139 3415 mercena-

531 3465 612 3522 ria
642 3461 833 3519 haberi
863 3458 1139 3532 postulat,
1171 3470 1292 3527 quae
1335 3463 1465 3510 ante
1515 3453 1618 3511 sibi
1658 3453 2000 3525 pretiosioris
2047 3467 2140 3510 co-

531 3555 677 3628 pulae
702 3551 930 3626 gratiam
972 3546 1301 3603 vindicabat.

603 3650 694 3706 30.
734 3645 764 3686 δ
796 3645 1096 3701 Posuerunt
1147 3657 1228 3696 me
1273 3638 1538 3695 custodem
1586 3639 1644 3693 in
1698 3637 1889 3705 vineis,
1941 3637 2140 3693 vineam

530 3758 697 3800 meam
725 3756 830 3796 non
860 3735 1114 3794 custodivi
1144 3732 1323 3807 (Vers.
1360 3731 1440 3802 5).
1470 3730 1672 3787 Putant
1715 3729 1883 3801 aliqui
1917 3730 2018 3786 hoc
2070 3731 2140 3786 de

528 3835 638 3893 illis
666 3832 773 3890 dici
797 3831 890 3904 qui
918 3829 1260 3902 Synagogam
1293 3824 1359 3880 ad
1389 3823 1525 3896 legis
1560 3832 1832 3895 prmcepta
1863 3824 2138 3881 constrin-

530 3940 705 4007 gunt,
738 3939 798 3986 ut
839 3927 1018 4000 legem
1067 3923 1371 3988 custodiat,
1418 3920 1633 3977 vineam
1681 3935 1836 3976 suam
1881 3929 2136 3987 tueatur,

527 4041 690 4099 quam
722 4021 998 4080 custodire
1047 4032 1152 4073 non
1185 4017 1380 4085 potuit.
1418 4015 1662 4085 Denique
1713 4014 2056 4071 custodiebat
2081 4023 2140 4070 ut

532 4121 740 4177 faceret
769 4130 935 4183 uvas,
968 4112 1303 4188 fecit'aulem
1349 4109 1559 4180 spinas.
1590 4109 1723 4178 Qua:
1753 4109 1824 4165 sit
1853 4111 2019 4181 igitur
2061 4111 2139 4166 vi-

531 4227 665 4278 nea,
701 4209 850 4266 venit
895 4205 1064 4263 David
1111 4203 1406 4260 testiﬁcare
1446 4203 1603 4258 nobis
1651 4201 1881 4258 dicens:
1923 4203 2140 4259 Vineam

531 4304 598 4361 de
627 4301 866 4378 Egypto
897 4297 1247 4363 transtulisti,
1280 4304 1326 4351 et
1353 4295 1549 4367 ejecisti
1578 4305 1752 4368 gentes
1772 4337 1787 4362 ,
1819 4307 1868 4351 et
1891 4296 2138 4368 plantasti

531 4415 646 4456 eam
669 4395 898 4471 (Psalm.
925 4407 1114 4459 LXXIX,
1145 4391 1222 4463 9).
1258 4390 1496 4446 Possunt
1536 4399 1593 4446 et
1621 4390 1854 4462 apostoli
1887 4405 2008 4446 esse
2039 4391 2137 4446 ﬁlii

532 4491 721 4548 matris
748 4489 888 4560 ejus,
917 4485 1011 4557 qui
1040 4499 1169 4539 vere
1196 4483 1656 4553 impugnaverunt
1681 4481 2023 4554 Synagogam
2054 4481 2138 4537 di-

527 4577 1253 4644 centes:Eececonvertimur
1267 4574 1335 4629 ad
1363 4587 1536 4646 gentes
1555 4590 1574 4629 :
1601 4583 1657 4630 et
1677 4573 1988 4630 nationibus
2013 4590 2137 4630 ver—

2244 3369 2347 3424 ista
2395 3369 2628 3426 dicentis
2677 3381 2760 3427 est
2791 3389 2804 3426 :
2838 3371 2922 3427 Ne
2973 3373 3185 3448 1555
3235 3379 3371 3446 forte
3420 3374 3537 3444 ﬁam
3579 3372 3781 3426 circurne-

2241 3465 2399 3519 mieta
2425 3482 2582 3535 super
2610 3483 2789 3538 greges
2819 3467 3076 3523 sodalium
3107 3479 3340 3524 tuorum.
3369 3468 3495 3538 Qua:
3535 3463 3782 3538 proselylos

2243 3570 2308 3612 ex
2339 3557 2589 3625 gentibus
2618 3568 2745 3614 ante
2774 3561 3111 3631 suscipiebas
3133 3603 3148 3628 ,
3190 3577 3340 3618 nunc
3370 3563 3482 3634 ipsa
3523 3560 3572 3614 in
3596 3551 3780 3613 nationi-

2243 3646 2346 3702 bus
2384 3649 2465 3702 vis
2496 3664 2595 3719 pro
2624 3651 2915 3724 proselytis
2962 3655 3190 3726 suscipi,
3221 3665 3278 3711 et
3321 3663 3581 3726 tamquam
3619 3649 3780 3705 advena

2241 3742 2582 3812 congregari.
2612 3741 2917 3815 Respondit
2969 3745 3203 3804 Verbum
3252 3747 3350 3805 Dei
3395 3745 3577 3803 animae
3612 3740 3781 3800 deside-

2242 3832 2386 3886 ranti
2423 3850 2435 3886 :

2314 3925 2403 3980 55.
2447 3926 2626 3998 (Vers.
2657 3929 2736 3997 7.)
2772 3941 2793 3969 ε
2821 3929 2947 3986 Nisi
2972 3949 3249 4005 cognoscas
3279 3945 3329 3990 te
3357 3934 3534 3991 decora
3557 3932 3672 3986 inter
3695 3940 3780 3979 mu-

2242 4017 2416 4072 lieres.
2458 4018 2635 4084 Nosce
2666 4023 2922 4094 teipsum,
2968 4027 3166 4096 homo,
3203 4037 3310 4085 tua:
3357 4030 3545 4085 anima:
3589 4023 3779 4086 dicitur,

2243 4113 2341 4168 nisi
2373 4117 2693 4185 cognoveris
2721 4126 2772 4174 te
2793 4116 3086 4177 formosam
3113 4123 3166 4178 in
3192 4124 3528 4180 mulieribus.
3552 4119 3780 4190 Cognosce

2243 4212 2316 4271 te,
2349 4207 2530 4263 anima
2552 4251 2566 4277 ,
2600 4210 2722 4278 quia
2767 4227 2877 4268 non
2904 4212 2973 4269 de
2999 4223 3141 4271 terra
3164 4257 3178 4281 ,
3209 4232 3320 4273 non
3365 4217 3434 4274 de
3461 4215 3564 4271 luto
3587 4227 3664 4278 es,
3685 4206 3775 4278 quia

2241 4297 2540 4357 insufﬁavit
2565 4302 2620 4358 in
2653 4313 2706 4360 te
2735 4305 2903 4374 Deus,
2935 4315 2991 4364 et
3018 4308 3145 4366 fecit
3166 4310 3221 4366 in
3261 4314 3494 4367 animam
3534 4307 3771 4363 viventem.

2239 4389 2390 4460 Opus
2418 4407 2478 4448 cs
2523 4395 2868 4465 magniﬁcum
2897 4439 2910 4462 ,
2961 4399 3059 4456 Dei
3104 4402 3455 4473 inSpiratioue
3495 4400 3772 4456 formatum:

2240 4483 2462 4540 Attende
2491 4486 2613 4555 tibi,
2644 4498 2702 4543 ut
2729 4489 2840 4546 Lex
2887 4491 3042 4560 dicit,
3073 4494 3124 4550 id
3152 4504 3238 4552 est
3261 4497 3456 4552 anima:
3482 4504 3578 4551 tute
3605 4509 3616 4544 :
3645 4499 3778 4544 srecu-

2240 4575 2375 4631 laria
2426 4586 2477 4634 te
2525 4590 2582 4636 et
2624 4583 2899 4640 mundana
2945 4602 3052 4642 non
3104 4598 3354 4655 teneant,
3403 4584 3654 4644 terrestria
3691 4593 3772 4634 non

529 4679 658 4736 bum
707 4677 802 4734 Dei
831 4675 1107 4732 seminare
1153 4683 1460 4743 coeperunt.
1493 4670 1730 4726 Possunt
1774 4678 1830 4726 et
1858 4669 2138 4740 prophetm
2163 4662 2218 4724 D
2244 4680 2546 4728 morentur.
2576 4672 2659 4731 Ad
2683 4676 2835 4733 illum
2871 4688 2979 4736 tota
3004 4680 3314 4741 intentione
3341 4683 3548 4750 festina,
3573 4696 3629 4736 ex
3655 4674 3774 4744 cujus

527 4769 760 4842 intelligi
804 4769 900 4841 qui
960 4765 1238 4823 monendo
1281 4762 1760 4834 denuntiandoque
1814 4770 1877 4818 ut
1919 4763 2135 4819 vineam

528 4881 685 4925 suam
724 4861 1032 4922 custodiret
1077 4860 1397 4932 Synagoga,
1426 4855 1565 4912 nihil
1596 4855 1973 4927 profecerunt;
2009 4855 2139 4912 fecit

527 4962 673 5020 enim
702 4959 894 5031 spinas
926 4954 1330 5028 improbitatis,
1363 4966 1484 5022 quae
1531 4951 1744 5007 virtutis
1785 4950 1981 5008 uberes
2025 4951 2136 5007 fru-

525 5064 650 5113 ctus
672 5051 888 5109 deferre
909 5049 1212 5106 debuerat:
1242 5053 1298 5102 et
1325 5043 1448 5100 ideo
1476 5042 1766 5100 conﬁtetur
1795 5043 1939 5116 quod
1965 5059 2136 5116 popu-

526 5146 639 5204 lum
671 5160 827 5202 suum
851 5141 1131 5202 custodire
1155 5153 1264 5195 non
1295 5137 1469 5209 potuit
1499 5139 1804 5210 meritoque
1834 5153 1959 5194 sero
1982 5154 2133 5211 qua:-

523 5242 598 5300 rit
625 5250 847 5307 tenere,
879 5251 1044 5310 quem
1071 5249 1194 5291 cum
1226 5240 1464 5300 teneret,
1495 5233 1676 5287 amisit
1705 5249 1719 5286 :
1753 5234 1922 5290 multo
1969 5235 2129 5291 dissi-

523 5335 709 5394 milior
756 5332 878 5404 eius
917 5344 1040 5401 quas
1087 5325 1265 5383 dicit:
1309 5324 1493 5382 Inveni
1538 5341 1688 5398 quem
1737 5325 1908 5400 diligit
1952 5329 2130 5382 anima

521 5446 669 5499 mea,
702 5426 840 5484 tenui
861 5441 1012 5488 eum,
1041 5431 1091 5480 et
1120 5437 1225 5477 non
1267 5419 1556 5490 relinquam
1583 5436 1700 5474 eum
1721 5417 1896 5490 (Cant.
1925 5437 2018 5490 ut,
2046 5420 2123 5494 4).

521 5521 766 5595 Denique
807 5519 902 5576 illa
931 5516 1126 5575 invitat
1169 5515 1224 5571 in
1255 5512 1474 5571 hortum
1502 5528 1660 5570 suum
1685 5529 1978 5584 sponsum;
2012 5515 2129 5572 haec

520 5617 613 5675 ubi
643 5622 832 5689 pascat
849 5610 1165 5684 requirens,
1195 5607 1330 5665 dicit
1354 5606 1421 5661 ad
1447 5607 1623 5677 ipsum
1650 5623 1662 5661 :

595 5741 622 5770 ⁸·
644 5730 766 5786 Lib.
794 5727 863 5784 de
888 5725 1059 5785 Isaac,
1086 5737 1208 5792 cap.
1233 5723 1288 5788 4,
1319 5735 1472 5792 num.
1507 5721 1575 5776 15
1593 5726 1660 5792 et
1683 5733 1797 5790 seq.

594 5800 624 5841 ι’
654 5800 711 5858 In
740 5798 878 5872 psal.
909 5803 1074 5853 o’xvut
1102 5790 1280 5850 sem.
1311 5790 1370 5858 2,
1400 5805 1549 5846 num.
1583 5790 1675 5846 10.

2241 4764 2601 4836 inspiratione
2646 4771 2902 4827 consistis
2951 4790 2964 4828 :
3013 4772 3253 4844 Grande,
3303 4777 3502 4848 inquit,
3539 4774 3699 4836 homo,
3735 4771 3775 4819 (⁸

2238 4859 2524 4928 pretiosum
2568 4860 2648 4916 vir
2693 4863 2988 4921 misericors
3017 4881 3036 4921 :
3065 4867 3231 4922 virum
3253 4868 3462 4938 ﬁdelem
3492 4881 3609 4939 Opus
3632 4869 3692 4916 est
3713 4859 3773 4910 in-

2239 4954 2408 5009 venire
2433 4953 2731 5028 (Pratum,
2754 4957 2832 5030 6).
2861 4960 3042 5030 Disce,
3074 4963 3257 5032 homo,
3292 4965 3380 5020 ubi
3405 4961 3772 5036 grandiualqut3

2238 5047 2510 5115 pretiosus
2538 5049 2638 5106 sis.
2669 5050 2841 5108 Vitem
2876 5062 2927 5110 te
2957 5064 3101 5111 terra
3129 5056 3484 5123 demonstrat,
3509 5052 3592 5110 sed
3615 5045 3772 5121 glorio-

2238 5152 2358 5193 sum
2405 5141 2576 5198 virtus
2629 5141 2792 5212 facit,
2844 5144 2978 5202 ﬁdes
3022 5163 3236 5218 rarum,
3285 5151 3461 5221 imago
3505 5145 3766 5220 pretiosum-

2236 5228 2337 5287 Ubi
2369 5249 2603 5306 namque
2625 5236 2918 5310 quidquam
2953 5249 3060 5296 tam
3093 5243 3416 5313 pretiosum,
3443 5255 3590 5314 quam
3635 5237 3770 5300 iunio

2234 5336 2317 5381 est
2350 5328 2480 5384 Dei?
2509 5346 2630 5400 qua:
2677 5332 2774 5388 tibi
2801 5334 2977 5403 primo
3008 5335 3168 5393 ﬁdem
3209 5337 3374 5394 debet
3409 5331 3692 5392 infundere.
3727 5328 3768 5376 ιιι

2237 5423 2291 5476 in
2321 5422 2488 5480 corde
2517 5433 2610 5480 tuo
2641 5425 2904 5498 refulgent
2945 5429 3190 5501 quaedam
3228 5429 3462 5487 auctoris
3485 5424 3695 5496 efﬁgies;
3717 5427 3768 5470 ηε

2235 5516 2328 5586 qui
2373 5528 2608 5575 mentem
2653 5530 2798 5576 tuam
2829 5523 3168 5596 interrogat,
3206 5541 3312 5583 non
3341 5532 3584 5598 agnoscat
3623 5517 3768 5572 auclo-

2238 5622 2376 5664 rem.
2404 5611 2490 5666 An
2515 5610 2809 5686 quidquam
2837 5627 2946 5672 tam
2978 5619 3306 5689 pretiosum,
3338 5633 3491 5690 quam
3523 5606 3764 5671 humilitas;

2298 5736 2319 5763 ο
2347 5724 2403 5780 In
2429 5725 2571 5784 Psal.
2604 5745 2765 5786 cxvnt
2797 5729 2975 5788 Serm.
3011 5732 3099 5801 10,
3128 5750 3272 5791 num.
3309 5733 3393 5792 10.
