3920 6388
119 365 253 422 1865

1081 364 1122 420 Ε
1161 363 1475 423 SCRIPTIS
1513 363 1575 421 S.
1617 361 1945 424 AMBROSII
1982 361 2408 425 COLLECTUS.

3269 376 3408 434 {866

115 492 171 539 ut
214 489 458 538 naturam
503 479 748 550 corporis
774 480 1078 552 animatque
1123 483 1461 553 perspiciens
1481 526 1497 552 ,
1531 485 1702 540 altero
1729 485 1784 545 A
1810 484 2061 542 bernare.
2092 485 2247 542 Unde
2276 486 2440 541 etiam
2472 485 2524 541 in
2554 485 2697 556 Lege
2725 487 2986 558 scriptum
3030 496 3114 544 est
3144 504 3158 543 :
3193 489 3411 546 Attende

116 584 167 631 te
208 573 498 644 subjicias,
544 573 717 629 altero
763 588 1143 645 recognoscas.
1195 575 1370 631 Prona
1416 577 1470 632 in
1510 576 1701 633 vitium

115 667 284 726 carnis
332 664 587 722 illecebra
637 664 1069 721 misericordiam
1121 667 1351 734 suadet;
1386 668 1510 739 quia
1559 667 1703 739 quod

114 759 258 815 alteri
285 756 602 825 contuleris,
635 755 736 812 tibi
768 757 936 812 solvis
964 773 979 813 :
1012 758 1273 830 quidquid
1298 776 1325 812 a
1360 769 1411 815 te
1437 759 1702 829 procedit,

112 855 161 911 in
183 863 232 909 te
256 857 505 917 recurrit,
527 858 585 906 et
606 850 863 922 quidquid
887 853 1102 917 ieceris,
1126 852 1223 906 tibi
1256 852 1456 909 solvis:
1481 854 1704 924 etquid-

113 945 229 1018 quid
265 943 568 1015 profueris,
619 942 712 999 tibi
750 944 990 1013 prolicit.
1024 943 1241 1000 Vivaeis
1265 946 1463 1001 anima:
1517 947 1700 1017 vigor,

110 1053 287 1096 sensus
308 1036 534 1093 rationis
563 1046 618 1092 et
642 1051 811 1106 capax
850 1037 1157 1094 intellectus
1186 1046 1347 1109 atque
1390 1037 1578 1108 iudicii
1598 1082 1612 1105 ,
1646 1049 1706 1096 ut

111 1133 256 1204 digna
278 1132 474 1188 domus
505 1139 654 1186 tanto
707 1128 1010 1187 habitatore
1042 1131 1288 1186 videatur
1308 1172 1324 1197 ,
1354 1147 1463 1187 non
1491 1134 1707 1189 amittat

111 1242 213 1284 sua:
237 1225 648 1298 praerogativam
670 1233 896 1281 naturae.
918 1235 942 1264 η
968 1224 1091 1281 Nisi
1112 1242 1392 1297 cognoscas
1415 1236 1486 1291 te,
1517 1227 1705 1281 decora

111 1322 229 1375 inter
254 1320 513 1375 mulieres.
545 1320 675 1386 Qua:
705 1320 950 1388 quereris
980 1319 1125 1390 quod
1163 1320 1423 1375 derelicta
1456 1320 1565 1387 sis,
1600 1319 1703 1374 nisi

116 1423 162 1471 te
185 1428 498 1487 cognoscas,
528 1414 634 1469 nisi
659 1414 926 1485 pteniteat
952 1421 1005 1468 te
1033 1413 1217 1483 lapsus
1250 1414 1324 1468 tui
1350 1455 1365 1480 ,
1395 1412 1499 1468 nisi
1530 1414 1707 1468 inten-

115 1510 299 1566 tionem
327 1509 637 1565 devotionis
663 1507 958 1578 approbes,
981 1508 1084 1562 nisi
1116 1506 1249 1563 lides
1271 1517 1361 1562 tua
1389 1516 1444 1562 et
1473 1506 1706 1561 sinceri-

114 1613 185 1659 tas
208 1614 502 1674 augeatur,
535 1603 755 1673 querela
812 1600 951 1656 nihil
997 1600 1264 1671 proderit.
1299 1603 1406 1654 Aut
1458 1600 1567 1665 sic,
1600 1599 1706 1654 nisi

115 1712 394 1768 cognoscas
420 1706 473 1752 te
498 1696 625 1767 quia
651 1696 847 1753 decora
876 1711 957 1764 es,
989 1695 1088 1750 nisi
1122 1694 1580 1765 pulchritudinem
1612 1709 1705 1749 na-

116 1799 237 1846 tura:
267 1801 368 1846 tute
397 1804 616 1858 serves,
641 1798 698 1845 et
722 1790 972 1859 corporis
995 1800 1047 1845 te
1067 1788 1341 1845 illecebrae
1364 1804 1471 1843 non
1494 1788 1708 1844 demer-

1806 578 1932 644 tibi,
1963 595 2025 632 ne
2051 579 2145 647 ﬁat
2193 578 2405 633 verbum
2445 579 2802 634 absconditum
2849 581 2902 634 in
2929 582 3084 635 corde
3111 592 3201 636 tuo
3229 583 3408 654 (Deut.

1805 684 1896 735 xv,
1929 669 1984 741 9)
2019 687 2030 722 :
2064 670 2183 736 tibi,
2220 670 2414 742 inquit,
2440 670 2679 735 attende,
2707 685 2812 724 non
2836 673 3024 742 utique
3050 673 3265 746 1556
3283 674 3416 729 dicit

1805 764 2049 831 pecuniae
2081 772 2186 819 tuae
2208 805 2221 828 ,
2258 780 2364 819 non
2412 767 2850 833 possessionibus
2878 767 3016 833 tuis,
3048 784 3158 821 non
3207 769 3412 824 viribus

1806 857 2052 925 corporis
2073 898 2088 922 ,
2119 855 2213 911 sed
2245 857 2427 912 animo
2463 867 2556 913 tuo
2605 874 2669 915 ac
2699 859 2868 915 menti
2899 868 3025 926 tute,
3056 860 3199 916 unde
3229 862 3411 917 omnia

1807 949 2053 1014 consilia,
2086 950 2259 1019 facta,
2309 952 2780 1023 cogitationeSqne
2825 964 3068 1008 manant.
3110 953 3228 1010 Tibi
3280 970 3410 1027 ergo

1806 1041 2028 1097 attende
2069 1042 2182 1108 ibi,
2218 1043 2309 1098 ubi
2352 1048 2619 1114 potiorem
2652 1061 2773 1102 esse
2823 1056 2874 1102 te
2918 1047 3082 1102 nosti.
3114 1047 3287 1104 Nosce
3328 1056 3405 1104 tes

1807 1133 2007 1205 ipsum,
2038 1134 2182 1204 quod
2213 1135 2448 1206 Apollini
2484 1139 2677 1208 Pythio
2702 1139 2983 1209 assignant
3023 1140 3255 1211 gentiles
3286 1141 3410 1206 viri,

1807 1227 1963 1298 quasi
2015 1229 2133 1297 ipse
2195 1237 2385 1284 auctor
2461 1228 2630 1285 fuerit
2690 1228 2850 1299 hujus
2925 1232 3247 1298 sententiar;
3289 1247 3411 1286 cum

1807 1317 1875 1373 de
1904 1326 2092 1373 nostro
2140 1330 2458 1389 usurpatum
2506 1322 2572 1376 ad
2624 1338 2719 1376 sua
2767 1322 3135 1388 transferant,
3169 1333 3223 1379 et
3250 1323 3410 1395 longe

1806 1415 2050 1471 anterior
2088 1414 2298 1486 Moyses
2329 1416 2486 1470 luerit
2512 1417 2603 1487 qui
2635 1417 2855 1486 scripsit
2894 1417 3092 1473 librum
3137 1418 3413 1474 Deuteroo

1809 1510 2011 1576 nomii,
2042 1525 2203 1578 quam
2237 1510 2664 1582 pllilOSOphi'Qlli
2699 1512 2799 1564 ista
2835 1511 3125 1566 finxerunt.

1881 1604 1970 1659 57.
2016 1603 2170 1660 Unde
2198 1614 2253 1660 et
2278 1604 2537 1661 Salomon
2585 1606 2863 1661 oraculum
2891 1605 3130 1660 divinum
3154 1615 3377 1662 secutus
3400 1651 3414 1676 ,

1808 1698 2027 1767 scripsit
2056 1698 2109 1751 in
2139 1696 2378 1754 Cautii'is
2406 1700 2742 1753 canticorum
2768 1717 2786 1759 :
2812 1696 2933 1752 Nisi
2964 1699 3097 1752 scias
3123 1708 3194 1767 te,
3227 1699 3414 1755 decora

1808 1792 1941 1847 inter
1986 1793 2263 1860 mulieres;
2292 1793 2397 1847 hoc
2426 1803 2545 1860 est,
2580 1794 2681 1850 nisi
2710 1809 3009 1864 cognoscas
3041 1803 3094 1850 te
3125 1797 3412 1852 mortalem

115 1893 361 1956 gant,nee
385 1885 775 1955 impedimenta
804 1883 1109 1947 detineant,
1153 1883 1289 1939 nihil
1317 1883 1413 1939 tibi
1441 1894 1706 1940 creaturae
1735 1885 1783 1945 B
1810 1886 2163 1952 rationalem,
2190 1894 2246 1941 et
2290 1886 2398 1941 cito
2448 1894 2533 1941 tua
2568 1898 2788 1955 peccata
2821 1886 3071 1954 fatearis,
3104 1888 3213 1943 cito
3264 1889 3414 1945 dicas

119 1979 344 2035 melioris
373 1978 632 2034 nobilitas
662 1977 1068 2051 suffragabitur.

179 2075 262 2132 δι.
302 2075 591 2147 Cognosce
618 2076 786 2148 igitur
814 2085 865 2130 te
894 2085 947 2130 et
973 2082 1181 2130 naturae
1209 2082 1313 2129 tua:
1335 2074 1629 2141 decorem’,
1655 2082 1709 2129 et

120 2169 190 2223 exi
214 2168 361 2239 quasi
391 2177 557 2225 exuta
588 2168 821 2223 vinculis
854 2167 1070 2238 pedum,
1103 2177 1159 2223 et
1194 2167 1343 2223 nudo
1371 2176 1556 2223 exerta
1586 2182 1710 2221 vcs-

121 2261 265 2330 tigio,
297 2269 355 2317 ut
379 2260 626 2317 carnalia
677 2261 1046 2332 integumenta
1099 2274 1208 2316 non
1257 2261 1505 2315 sentias:
1539 2260 1710 2315 vesti-

113 2354 238 2425 gium
268 2357 463 2412 mentis
523 2363 630 2410 tuae
659 2357 968 2424 corporalia
1015 2354 1195 2410 vincla
1244 2369 1353 2409 non
1384 2354 1705 2423 implicent,

119 2457 165 2502 ut
190 2458 439 2519 pestuus
497 2448 786 2519 speciosus
832 2457 1115 2520 appareat.
1144 2448 1305 2503 Tales
1351 2449 1496 2504 enim
1540 2456 1708 2517 sunt,

118 2542 194 2613 qui
218 2543 280 2599 ad
320 2558 560 2616 regnum
608 2543 873 2599 caelorum
902 2541 1333 2597 annontiaudum
1380 2541 1654 2612 eliguntur
1680 2556 1709 2594 a

121 2636 344 2704 Domino,
375 2637 443 2694 de
487 2637 682 2707 quibus
709 2637 914 2692 dictum
944 2645 1025 2691 est
1059 2653 1073 2690 :
1105 2634 1275 2701 Quam
1303 2634 1525 2703 speciosi
1558 2635 1713 2704 pedes

121 2733 571 2806 euangelizandum
616 2747 794 2802 pacem
846 2728 1021 2803 (Esai.
1056 2744 1157 2795 ut,
1188 2728 1265 2800 7).
1295 2727 1448 2783 Talis
1496 2728 1712 2800 Moyses

1811 1978 2127 2049 iniquitates
2180 1986 2298 2033 tuas
2329 1988 2386 2032 ut
2408 1978 2758 2048 justiiiceris,
2792 1980 2899 2035 nisi
2937 1982 3271 2037 convertaris
3297 2024 3312 2048 ,
3361 1990 3417 2038 et

1812 2071 1963 2141 prior
1992 2086 2214 2127 accuses
2242 2071 2439 2128 delicta
2471 2081 2559 2127 tua
2581 2115 2596 2139 ,
2623 2076 2774 2128 venit
2823 2073 2941 2128 dies
2972 2076 3166 2129 mortis
3209 2084 3263 2130 ct
3303 2074 3417 2145 jam

1812 2166 2019 2220 nullum
2061 2166 2442 2223 conversionis
2469 2167 2768 2223 remedium
2797 2178 2911 2235 est;
2943 2168 3264 2239 prmveniris
3291 2169 3416 2224 dum

1812 2260 2043 2329 cogitas.
2101 2259 2351 2315 Accende
2411 2258 2585 2316 facem
2646 2272 2824 2328 tuam,
2877 2261 3192 2333 priusquam
3238 2261 3427 2333 sponsi

1815 2354 1908 2409 tibi
1928 2353 2095 2425 janua
2141 2353 2464 2417 claudatur,
2496 2354 2590 2424 qui
2636 2365 2963 2425 exspectare
2990 2356 3082 2410 diu
3131 2372 3236 2409 non
3284 2356 3427 2412 solet

1815 2446 2172 2518 negligentes.
2206 2446 2326 2502 Nisi
2351 2448 2486 2502 scias
2517 2458 2587 2514 te,
2621 2449 2816 2519 inquit,
2845 2449 3033 2505 decora
3072 2450 3207 2505 inter
3234 2452 3417 2505 mulie-

1812 2555 1933 2606 res;
1978 2549 2036 2595 et
2082 2539 2231 2595 dicas
2274 2558 2287 2593 :
2337 2538 2513 2595 Fusca
2540 2557 2654 2594 sum
2696 2553 2744 2596 et
2793 2541 3030 2596 decora:
3079 2544 3228 2611 fusca
3270 2559 3420 2609 sum,

1813 2636 1934 2703 quia
1968 2633 2217 2705 peccavi,
2250 2633 2468 2697 decora,
2503 2636 2627 2702 quia
2655 2634 2883 2703 diligor,
2916 2635 3039 2705 quia
3089 2650 3260 2705 genus
3297 2651 3419 2690 sum

1812 2725 2075 2793 Abrahae,
2113 2725 2346 2780 electum
2395 2741 2603 2796 genus,
2635 2725 2894 2780 dilectum
2948 2726 3092 2792 Deo;
3138 2726 3269 2781 nihil
3327 2727 3422 2782 tibi

1816 2818 2056 2885 proderit
2104 2826 2318 2888 patrum
2367 2821 2538 2889 gratia
2575 2836 2587 2871 :
2623 2816 2814 2872 Potens
2870 2820 3007 2872 enim
3050 2817 3194 2873 Deus
3238 2828 3313 2874 est
3359 2821 3425 2875 de

1815 2913 2075 2984 lapidibus
2128 2913 2241 2967 istis
2268 2913 2517 2967 suscitare
2563 2913 2699 2983 ﬁlios
2729 2912 2951 2967 Abralue
2983 2913 3202 2985 (Matth.
3233 2931 3313 2977 ιιι,
3345 2913 3425 2985 9).

1816 3005 1886 3060 Ει
1914 3006 2042 3060 alibi
2076 3006 2128 3060 in
2161 3004 2461 3076 Evangelia
2493 3006 2705 3077 legisti,
2737 3007 2859 3076 quia
2893 3006 3129 3062 Abrahm
3164 3007 3328 3062 tiliam
3362 3008 3426 3062 li-

1814 3098 1963 3170 gavit
1994 3098 2243 3153 diabolus
2287 3099 2546 3169 nequitiac
2594 3113 2710 3153 sua:
2742 3099 3005 3166 vinculis,
3038 3116 3199 3170 quam
3244 3100 3430 3155 Domi-

1819 3206 1921 3246 nus
1970 3192 2133 3246 solvit
2182 3191 2237 3245 in
2268 3189 2361 3245 die
2412 3191 2648 3246 sabbati.
2680 3190 2795 3247 Nisi
2822 3207 2954 3263 ergo
2982 3193 3124 3247 scias
3171 3203 3258 3258 te,
3292 3194 3430 3248 nihil

121 2826 192 2879 cui
214 2826 398 2882 dicitur
417 2843 430 2879 :
457 2824 630 2880 Solve
653 2825 1059 2880 calceomentum
1074 2822 1267 2894 pedum
1290 2832 1491 2875 tuorum
1515 2818 1712 2893 (Exod.

120 2918 517 2991 tn,5);utqtli
562 2928 855 2975 vocaturos
904 2918 1163 2989 populum
1216 2915 1283 2971 ad
1333 2914 1429 2970 Dei
1483 2930 1711 2985 regnum

123 3013 445 3083 procederet,
509 3016 664 3085 prius
712 3013 894 3069 carnis
938 3012 1207 3083 abjiciens
1250 3011 1513 3075 exuvias,
1567 3009 1713 3064 nudo

124 3109 291 3179 spiritu
334 3110 684 3180 vestigioque
737 3109 939 3164 mentis
969 3106 1286 3173 incederet;
1321 3106 1427 3161 hoc
1454 3113 1538 3161 est
1584 3120 1714 3176 ergo

123 3201 243 3271 quod
269 3201 338 3257 ait
370 3219 385 3258 :
418 3201 538 3257 Eni
586 3211 641 3255 tu
684 3202 738 3255 in
787 3199 1150 3254 calceamentis
1197 3214 1414 3270 gregum
1434 3239 1448 3264 ,
1482 3206 1529 3251 et
1563 3212 1716 3268 pasce

125 3292 274 3350 lnedos
300 3305 408 3350 tuos
434 3295 504 3351 ira
532 3294 877 3349 tabernaculis
904 3303 1197 3364 pastorum.

181 3389 263 3445 55.
301 3389 401 3446 Per
426 3404 637 3462 greges
662 3404 887 3460 regnum
916 3387 1289 3456 intelligimus,
1320 3400 1388 3441 eo
1419 3384 1562 3456 quod
1608 3399 1708 3454 po-

126 3482 308 3536 testatis
370 3482 440 3539 sit
520 3482 775 3554 gregibus
831 3480 1149 3552 praesidere.
1195 3478 1463 3535 Praesidet
1527 3488 1709 3533 autem

126 3574 459 3647 unusquisque
504 3574 606 3629 sibi
652 3572 883 3645 quadam
926 3579 1196 3643 potestate
1248 3571 1454 3640 regali,
1486 3570 1531 3624 si
1559 3584 1714 3624 coer-

124 3676 224 3721 ceat
245 3669 293 3724 in
322 3684 380 3724 se
402 3668 662 3739 corporis
690 3668 868 3734 luxus,
895 3675 951 3723 et
972 3666 1217 3723 servituti
1248 3665 1458 3736 redigat
1487 3679 1710 3720 carnem

126 3774 296 3829 suam;
340 3763 586 3833 ideoque
619 3761 824 3817 dictum
851 3772 974 3817 est:
1010 3762 1248 3832 Regnum
1300 3759 1399 3816 Dei
1443 3762 1581 3814 intra
1624 3777 1712 3814 vos

129 3864 206 3908 est.
228 3855 377 3914 Unde
418 3856 657 3929 pulchre
686 3857 763 3911 ait
789 3857 857 3911 ad
884 3858 1149 3911 animam:
1184 3854 1320 3921 Exi,
1354 3855 1406 3911 id
1438 3866 1542 3923 est,
1566 3855 1654 3912 exi
1680 3871 1711 3909 a

129 3950 471 4019 servitio,exi
518 3966 549 4005 a
592 3952 775 4006 carnis
824 3951 1057 4021 imperio
1105 3959 1266 4021 atque
1314 3951 1624 4018 dominatu,
1658 3960 1714 4007 et

129 4042 200 4096 cxi
225 4060 323 4100 non
353 4046 407 4100 in
453 4059 625 4103 carne
653 4045 749 4102 sed
780 4046 833 4101 in
861 4046 1079 4116 spiritu,
1113 4045 1200 4101 exi
1230 4044 1297 4099 ad
1326 4046 1571 4115 regimen
1612 4060 1710 4115 po-

131 4140 333 4196 lestatis.
364 4140 605 4211 ideoque
635 4140 845 4195 addidit
877 4157 889 4193 :
914 4138 1083 4194 Pasce
1111 4137 1288 4194 Ittedos
1309 4148 1444 4205 tuos,
1480 4138 1583 4194 hoc
1603 4146 1709 4205 est,

129 4248 239 4303 rege
263 4249 324 4289 ea
350 4251 471 4307 quae
501 4237 557 4291 in
586 4234 805 4290 sinistra
836 4241 928 4289 tua
957 4244 1118 4300 sunt;
1149 4248 1272 4287 nam
1298 4232 1346 4287 si
1376 4246 1484 4287 non
1514 4247 1711 4302 regan-

130 4330 234 4393 tur,
265 4326 415 4385 facile
443 4329 725 4384 labuntur.
757 4325 964 4383 Coerce
1009 4324 1388 4397 petulantiam,
1434 4325 1711 4381 lasciviam

131 4419 196 4472 tui
222 4423 460 4492 corporis
487 4431 546 4478 et
566 4421 835 4476 luxuriam
859 4419 1313 4485 irrationabilem,
1339 4419 1532 4476 edoma
1558 4420 1711 4477 leves

131 4522 324 4568 motus:
359 4529 521 4585 pasce
545 4529 645 4570 eos
676 4529 781 4569 non
808 4514 860 4568 in
891 4512 1174 4584 corporeis
1202 4512 1589 4581 tabernaculis,
1614 4512 1708 4567 sed

132 4600 177 4656 in
206 4604 560 4664 tabernaculis
592 4614 865 4678 pastorum
891 4605 981 4677 qui
1010 4621 1200 4677 regere
1227 4621 1447 4678 gregem
1474 4616 1705 4671 norunt;

130 4707 241 4754 sunt
264 4701 401 4756 enim
433 4702 688 4757 amabilia
721 4700 1070 4758 tabernacula
1098 4699 1286 4764 Israel,
1314 4700 1455 4756 sicut
1483 4714 1707 4756 nemora

129 4792 482 4853 obumbrantia
528 4812 694 4868 super
740 4798 976 4863 ﬂumen,
1007 4797 1060 4852 iu
1109 4796 1305 4867 quihus
1364 4796 1542 4851 anima
1574 4806 1711 4850 tam-

128 4899 268 4953 ‘luam
291 4888 343 4944 in
372 4892 653 4963 procinctu
681 4891 882 4948 bellico
911 4892 1014 4946 sita
1062 4890 1262 4947 bOnam
1304 4898 1521 4946 exercet
1567 4889 1709 4944 mili-

129 4978 264 5047 tiam,
293 4984 544 5040 incursus
566 4985 811 5055 explorat
837 4983 1085 5039 hostiles.

188 5069 271 5127 56.
309 5072 338 5111 δ
378 5074 502 5129 Nisi
528 5092 714 5131 noscas
758 5085 828 5141 te,
858 5074 1048 5129 decora
1095 5076 1230 5129 inter
1271 5074 1534 5128 mulieres.
1570 5073 1710 5143 Quid

128 5169 204 5215 est
226 5181 282 5221 se
312 5182 571 5234 noscere,
602 5170 703 5224 nisi
752 5179 808 5223 ιιι
863 5170 1001 5223 sciat
1027 5167 1398 5235 unusquisque
1435 5166 1707 5221 hominem

126 5260 180 5305 se
204 5254 264 5307 ad
294 5255 579 5328 imaginem
601 5266 657 5313 ct
681 5258 1088 5314 similitudinem
1116 5257 1212 5312 Dei
1237 5257 1460 5323 factum,
1485 5258 1712 5312 rationis

126 5356 383 5418 capacem,
415 5353 507 5421 qui
541 5362 738 5410 terram
765 5368 919 5409 suam
945 5353 1199 5408 excolere
1226 5361 1500 5421 tamquam
1532 5350 1707 5406 bonus

128 5442 338 5509 agricola
388 5445 584 5503 debeat
625 5455 809 5501 aratro
855 5445 1090 5515 quodam
1137 5454 1191 5499 et
1220 5443 1356 5497 falce
1388 5443 1702 5512 sapientiae;

128 5541 176 5586 ut
202 5535 284 5591 vel
312 5538 442 5594 dura
475 5538 769 5606 findantur,
791 5538 876 5593 vel
908 5536 1234 5593 luxuriantia
1260 5534 1589 5602 recidantur,
1616 5531 1709 5603 qui

128 5620 426 5685 interiorem
460 5631 542 5686 sui
575 5632 874 5704 portionem
905 5628 1074 5686 animi
1105 5626 1335 5698 imperio
1376 5625 1571 5684 debeat
1608 5641 1707 5698 gu-

192 5803 215 5832 ⁸
255 5796 371 5855 Lib.
397 5797 468 5856 de
490 5795 665 5869 Isaae,
686 5815 805 5872 cap.
834 5799 892 5867 4,
921 5813 1074 5855 num.
1108 5796 1195 5852 15.

515 5893 789 5957 Ρηιιοι..
829 5891 973 5955 XV.

1741 3273 1787 3338 C
1825 3284 1917 3339 tibi
1952 3284 2217 3353 proderit.
2257 3266 2375 3338 Etsi
2409 3284 2581 3353 dicas,
2617 3285 2851 3340 Abrahae
2878 3300 2998 3340 sum
3029 3285 3138 3340 lilia
3169 3303 3291 3356 qua:
3322 3303 3429 3342 non

1819 3377 2019 3444 credis,
2050 3393 2172 3448 quae
2201 3393 2446 3433 errorem
2480 3394 2591 3433 non
2622 3380 2886 3450 corrigis;
2912 3380 3185 3434 Abraham
3211 3381 3430 3449 quidem

1816 3472 2094 3537 salvator,
2125 3472 2220 3528 sed
2266 3482 2318 3527 te
2350 3472 2605 3527 nobilitas
2654 3473 2875 3543 generis
2906 3491 3012 3528 non
3041 3474 3288 3543 juvabit,
3320 3474 3427 3531 nisi

1816 3564 1952 3619 ﬁdes
2000 3566 2315 3621 salvaverit.
2348 3566 2465 3621 Non
2496 3574 2548 3621 te
2596 3566 2836 3638 decipiat
2883 3568 3005 3622 data
3054 3570 3298 3638 patribus
3344 3586 3432 3626 re-

1815 3657 2152 3727 promissio,
2204 3673 2311 3713 non
2366 3658 2608 3728 suscipio
2660 3676 2951 3729 personam
3001 3661 3283 3730 hominis,
3323 3679 3429 3718 non

1815 3750 2058 3821 suscipio
2109 3752 2523 3822 praerogativam
2587 3754 2840 3822 generis;
2895 3754 2999 3809 nisi
3054 3756 3246 3810 videro
3300 3770 3431 3810 cou-

1814 3855 2099 3913 gruentem
2150 3846 2336 3915 generi
2388 3860 2602 3900 morum
2651 3846 3025 3914 nobilitatem,
3061 3858 3117 3903 ut
3166 3849 3261 3903 ﬁat
3293 3847 3425 3918 justi

1814 3938 2033 4006 generis
2064 3937 2281 3992 electio.

1885 4027 1977 4084 58.
2017 4027 2172 4095 Quod
2217 4029 2263 4083 si
2292 4030 2436 4084 scias
2465 4040 2549 4097 te,
2580 4038 2635 4086 et
2684 4045 2986 4101 cognoscas
3038 4032 3163 4102 quia
3195 4044 3423 4104 peccato

1814 4122 2047 4176 obnoxia
2077 4137 2171 4186 es,
2207 4123 2518 4178 exeundum
2547 4124 2601 4179 in
2631 4126 2904 4181 calcaneis
2934 4141 3158 4197 gregum
3192 4137 3277 4182 est
3301 4128 3421 4183 tibi.

1816 4211 1914 4267 Exi
1945 4228 2073 4284 ergo
2101 4213 2241 4268 nuda
2290 4216 2430 4286 pede
2452 4258 2466 4281 ,
2498 4226 2553 4271 et
2586 4232 2746 4287 pasce
2776 4218 2963 4274 lia-dos
2995 4232 3115 4275 tuos
3145 4220 3197 4275 in
3233 4221 3417 4276 taber-

1815 4307 2023 4361 naculis
2056 4317 2353 4377 pastorum.
2389 4309 2491 4377 Qui
2537 4310 2659 4365 sine
2691 4322 2914 4381 peccato
2945 4321 3031 4368 est
3052 4354 3067 4379 ,
3099 4327 3269 4384 agnos
3301 4328 3424 4383 pas-

1814 4402 1919 4466 cit,
1945 4415 2075 4456 oves
2107 4402 2317 4471 pascit:
2352 4420 2475 4474 quae
2523 4414 2706 4462 autem
2762 4416 2987 4477 peccato
3031 4408 3264 4463 obnoxia
3295 4420 3378 4464 est
3406 4452 3419 4474 ,

1816 4502 2003 4563 pascat
2034 4492 2218 4550 haedos
2248 4496 2341 4567 qui
2371 4513 2402 4551 a
2430 4498 2670 4553 sinistris
2710 4511 2867 4566 sunt;
2901 4514 3005 4555 non
3048 4501 3192 4554 enim
3242 4512 3421 4570 potest

1814 4599 1935 4641 esse
1962 4586 2013 4640 iu
2047 4587 2269 4642 dextera
2301 4593 2534 4658 pastoris
2565 4591 2711 4645 boni.
2738 4591 3007 4658 Sequatur
3028 4595 3203 4665 magis
3231 4594 3416 4652 dicen-

1815 4678 2103 4748 tcmfPetro
2131 4698 2145 4734 :
2181 4680 2305 4735 Veni
2334 4694 2469 4737 retro
2489 4701 2587 4749 me,
2616 4685 2815 4740 Satana
2837 4686 3033 4759 (Marc.
3053 4688 3293 4760 ιιιι,55).
3324 4690 3423 4747 Se-

1818 4772 2035 4843 queudo
2064 4774 2257 4829 Petrus
2282 4776 2478 4831 meruit
2506 4777 2559 4831 in
2592 4776 2812 4833 dextera
2840 4765 3143 4845 collocari;
3185 4782 3416 4853 ideoque

1733 4838 1790 4900 D
1815 4838 1864 4921 ei
1917 4865 2116 4922 dicitur
2146 4885 2158 4919 :
2195 4866 2361 4921 Pasce
2410 4870 2681 4940 agniculos
2728 4886 2865 4927 meos
2903 4870 3095 4943 (Joan.
3123 4838 3255 4939 ᾗχι,
3290 4838 3413 4947 lii).

1815 4959 1923 5015 Sed
1952 4976 2058 5030 quo
2108 4973 2267 5018 exeat
2293 4963 2455 5019 audi:
2487 4964 2569 5018 Ad
2606 4966 2967 5035 tabernacula,
2999 4970 3208 5041 inquit,
3241 4980 3414 5042 pasto-

1815 5070 1953 5121 rum,
1989 5055 2093 5111 hoc
2119 5064 2238 5123 est,
2271 5057 2335 5111 ad
2367 5066 2559 5129 gentes
2579 5102 2593 5124 ,
2625 5060 2692 5115 ad
2721 5062 3147 5131 dispersiouein.
3179 5065 3414 5139 Ideoque

1814 5147 1987 5202 dixit:
2025 5147 2319 5204 Percutiam
2348 5160 2607 5219 pastorem
2630 5194 2644 5218 ,
2678 5163 2725 5208 et
2754 5156 3115 5229 dispergentur
3146 5175 3260 5213 oves
3300 5176 3417 5231 gre-

1814 5241 1893 5310 gis
1929 5239 2111 5309 (Zach.
2143 5258 2255 5305 χιιι,
2291 5243 2376 5312 7);
2410 5255 2467 5298 ιιι
2513 5245 2792 5314 repleatur
2847 5257 2992 5304 totus
3045 5250 3193 5306 orbis
3239 5261 3414 5307 terra-

1814 5349 1935 5389 rum
1964 5349 2129 5405 grege
2154 5334 2394 5401 Christi,
2424 5337 2737 5406 significans
2769 5347 2897 5395 tune
2926 5341 3047 5397 fore
3078 5344 3281 5398 salvzim
3311 5344 3416 5417 Sy-

1816 5441 2078 5497 nagogain
2098 5467 2112 5490 ,
2145 5443 2269 5481 cum
2318 5441 2380 5484 se
2410 5428 2535 5484 huic
2564 5430 2888 5501 dispersioni
2935 5444 2992 5489 et
3021 5435 3134 5505 ipsa
3163 5438 3412 5493 sociave-

1812 5519 1917 5585 rit,
1949 5534 2069 5589 (μω
2099 5518 2333 5588 replevit
2364 5519 2508 5576 hunc
2546 5523 2840 5589 mundum;
2874 5526 3220 5584 tabernacula
3263 5529 3407 5585 enim

1810 5619 2090 5682 pastorum
2120 5619 2247 5667 sunt
2274 5626 2439 5683 regna
2471 5619 2656 5671 terrae.

1884 5795 1915 5838 ι’
1941 5796 1999 5855 In
2026 5797 2223 5871 psalm.
2251 5812 2443 5870 cxvm,
2479 5815 2645 5859 serm.
2674 5803 2733 5874 2,
2760 5818 2912 5862 num.
2943 5805 3009 5863 15
3039 5814 3095 5865 ει
3118 5823 3235 5883 seq.

2609 5898 2693 5960 2'2
