3920 6310
127 232 267 299 1869

1098 248 1142 305 Ε
1182 249 1493 310 SCRIPTIS
1534 254 1593 312 S.
1637 252 1963 317 AMBROSII
2000 256 2429 324 COLLECTUS.

3296 269 3435 339 ista

124 354 445 423 colligatam
485 361 538 411 et
574 356 959 423 eonstrictam,
992 372 1100 429 quo
1151 361 1361 419 scilicet
1394 364 1530 420 odor
1570 366 1736 436 ipsius
1763 375 1817 433 Α
1843 384 1990 431 recte
2025 376 2155 432 dicit
2195 396 2208 433 :
2251 377 2496 435 Retribue
2523 397 2667 438 seruo
2693 393 2780 440 tuo
2801 428 2816 454 ,
2845 396 2903 442 ut
2948 390 3146 460 vivam,
3188 404 3236 448 et
3271 406 3442 451 custo-

125 448 414 504 suavitatis
444 447 660 504 densior
691 448 953 506 reddatur
991 460 1048 507 et
1080 452 1482 512 vehementior.
1515 456 1581 515 Et
1612 457 1732 525 hic,

1837 467 1979 522 diam
2007 471 2253 526 "mndata
2284 482 2371 526 tua
2401 474 2420 546 (
2447 473 2597 530 Psal.
2631 493 2816 547 cxvm,
2851 480 2956 538 “6
2975 482 3015 554 ).
3045 483 3164 540 Non
3194 485 3356 543 habet
3386 491 3437 544 in

123 538 338 610 inquit,
622 556 746 595 cum
785 542 910 597 talis
941 542 1030 609 Sil,
1063 544 1554 602 inmediouberum
1585 565 1734 604 meo-
1834 562 2196 619 retributione
2240 565 2369 636 quid
2397 538 2682 638 aesperet;
2715 574 2840 643 quia
2872 538 3130 634 Dorlljjnus
3153 578 3312 636 Ipsus
3342 597 3438 638 ve-

122 648 241 703 tum
267 639 647 704 cautiitoratur
681 643 738 690 et
779 644 1119 702 commonet,
1149 646 1205 693 et
1229 642 1473 710 requiem
1498 657 1559 696 ac
1583 658 1734 697 man-

120 723 333 779 sionem
365 739 520 779 suam
550 724 675 779 facit
703 725 756 781 in
782 725 904 782 loco
936 728 1170 796 pectoris
1200 732 1329 786 mei.
1362 740 1388 769 ⁸
1419 732 1727 805 Colligatio,

122 816 328 886 inquit,
364 827 527 887 gutta:
568 817 905 875 consobrinus
951 836 1125 888 meus,
1162 822 1338 878 botrus
1376 827 1523 897 cypri
1567 832 1729 898 frater

123 923 264 961 meus
301 908 435 962 milii
456 949 471 972 ,
502 909 635 963 inter
665 910 836 965 media
864 913 1021 968 ubera
1047 930 1159 969 mea
1183 917 1482 984 requiescet.
1519 917 1729 988 Corpus

124 1001 266 1057 enim
294 1001 605 1072 suscipiens
630 1002 895 1059 Dominus
922 1004 1112 1075 Jesus,
1144 1008 1431 1065 charitatis
1453 1025 1513 1067 se
1539 1012 1730 1067 vincu-

122 1095 193 1151 lis
240 1096 509 1165 illigavit,
546 1106 603 1154 et
649 1113 755 1152 non
806 1099 986 1159 solum
1022 1116 1082 1156 se
1114 1102 1373 1159 membris
1420 1106 1627 1161 nostris
1671 1114 1729 1162 et

123 1190 470 1260 passionibus
519 1191 891 1255 naturalibus,
935 1193 1031 1248 sed
1081 1195 1242 1248 etiam
1300 1196 1448 1251 cruci
1497 1197 1725 1266 junxit;

120 1281 345 1352 ideoque
374 1282 522 1337 sicut
550 1282 738 1338 botrus
770 1285 821 1338 in
854 1283 1119 1342 Ecclesia:
1148 1286 1255 1343 ﬁde
1275 1328 1293 1354 ,
1323 1298 1381 1344 et
1407 1290 1602 1344 morali
1636 1307 1723 1346 re.

121 1371 345 1444 quiescit
371 1372 570 1444 gratia.

185 1463 275 1520 46.
319 1463 541 1523 Nar-dus
576 1468 724 1538 cypri
763 1469 1101 1525 consobrinus
1148 1487 1289 1526 meus
1328 1473 1382 1527 in
1415 1474 1574 1528 vineis
1617 1472 1727 1528 En-

123 1558 295 1631 gaddi.
320 1556 380 1614 Si
409 1558 589 1629 locum
613 1560 910 1632 quaerimus
941 1562 1183 1634 regionis
1204 1564 1488 1636 cujusdam
1520 1582 1641 1636 quae
1671 1568 1722 1622 iu

121 1649 297 1713 Judica
326 1658 418 1707 est
437 1691 453 1715 ,
488 1650 642 1715 locus
666 1652 747 1707 sic
769 1652 965 1709 dicitur
994 1654 1049 1709 in
1075 1670 1184 1725 quo
1207 1658 1616 1725 opobalsamum
1638 1659 1720 1729 gi—

125 1743 293 1815 gnitur
319 1760 331 1797 :
363 1743 409 1799 si
438 1743 968 1815 interpretationem,
988 1749 1209 1805 teutatio
1234 1746 1425 1807 Latine
1452 1748 1725 1819 signiﬁca-
1753 1771 1803 1831 Β

124 1843 223 1899 tur.
268 1834 327 1895 lu
389 1835 501 1891 illis
541 1851 670 1895 vero
703 1837 879 1893 vineis
920 1837 1125 1909 lignum
1173 1850 1292 1903 cst,
1324 1842 1466 1910 quod
1516 1841 1561 1896 si
1606 1841 1726 1911 quis

128 1936 481 1997 compungat,
508 1939 842 1998 unguentum
868 1929 1097 1996 emittit,
1126 1930 1212 1989 hic
1238 1930 1447 1987 fructus
1466 1942 1550 1987 est
1573 1933 1724 2004 ligni.

128 2019 181 2079 Si
210 2035 313 2077 nou
346 2020 625 2079 incidatur
650 2022 886 2092 lignum,
922 2038 1030 2077 non
1064 2023 1139 2077 ita
1170 2021 1372 2093 fragrat
1397 2033 1452 2081 et
1479 2023 1687 2081 redolet
1709 2068 1723 2089 ,

62 2098 67 2106 ’
126 2127 238 2169 cum
276 2121 459 2177 autem
503 2125 892 2184 compunctum
935 2114 1097 2171 fuerit
1127 2114 1350 2171 artiﬁcis
1379 2132 1539 2172 manu
1560 2158 1574 2183 ,
1602 2126 1728 2173 tunc

131 2205 409 2278 licrymam
437 2205 694 2262 distillat.
729 2207 882 2265 Sicut
909 2217 962 2262 et
993 2206 1243 2264 Clnistus
1272 2209 1322 2265 in
1348 2208 1441 2263 illo
1473 2209 1727 2265 teutatio-

131 2297 207 2352 uis
234 2297 376 2369 ligno
410 2297 738 2367 cruciﬁxus,
775 2299 1150 2371 illacrymabat
1181 2300 1437 2370 populum
1461 2342 1475 2366 ,
1509 2312 1564 2356 ut
1605 2316 1729 2371 pec-

134 2400 243 2447 cata
281 2402 467 2461 nostra
504 2393 763 2459 dilueret,
803 2403 858 2448 et
892 2394 960 2449 de
991 2394 1292 2449 visceribus
1339 2395 1729 2451 misericordia:

130 2497 233 2547 sua;
260 2483 521 2553 tondebat
550 2493 881 2555 unguentum
906 2486 1093 2551 dicens
1124 2503 1137 2539 :
1169 2484 1351 2554 Pater,
1378 2488 1576 2542 dimitte
1596 2488 1727 2555 illis,

134 2577 240 2643 quia
258 2578 488 2633 nesciunt
522 2578 648 2648 quid
678 2579 878 2649 faciunt
906 2578 1057 2651 (Luc.
1090 2595 1242 2639 χχιιι.
1267 2579 1384 2652 51).
1419 2580 1570 2637 Tunc
1599 2597 1729 2653 ergo

136 2671 183 2726 iu
208 2670 343 2743 ligno
371 2682 733 2744 compunctus
765 2673 948 2733 lancea
977 2716 992 2740 ,
1033 2675 1202 2731 exivit
1231 2677 1297 2729 de
1325 2691 1392 2731 eo
1427 2676 1646 2747 sanguis
1676 2683 1731 2730 et

132 2778 279 2836 aqua,
308 2767 454 2835 omni
506 2777 783 2839 unguento
833 2768 1070 2834 suavior,
1107 2778 1325 2837 accepta
1374 2770 1481 2823 Deo
1529 2771 1725 2836 hostia,

137 2871 224 2930 per
263 2865 428 2919 totum
478 2860 745 2919 mundum
796 2860 1019 2917 odorem
1068 2859 1510 2917 sanctiﬁcationis
1554 2862 1730 2917 ellua-

137 2950 277 3007 dens.
308 2954 368 3008 Et
395 2955 558 3025 quasi
589 2954 886 3010 balsamum
910 2970 977 3010 ex
1000 2954 1216 3021 arbore,
1243 2954 1323 3011 sic
1352 2957 1518 3011 virtus
1545 2957 1730 3013 exibat

138 3059 167 3103 e
191 3061 405 3117 corpore
427 3090 441 3113 ,
487 3046 637 3105 unde
684 3049 759 3102 ait
797 3067 810 3104 :
848 3047 1027 3103 Sentio
1067 3048 1305 3102 virtutem
1336 3050 1399 3102 de
1430 3066 1508 3103 me
1542 3051 1730 3105 exiissc

146 3134 281 3208 (Luc.
315 3155 438 3207 vtn,
469 3140 592 3213 46).
627 3139 754 3197 lude
802 3140 1212 3211 opobalsamum
1245 3143 1559 3208 expressius
1589 3141 1725 3197 dici-
1754 3156 1799 3217 ρ

143 3238 220 3303 tur
240 3274 254 3299 ,
286 3249 350 3293 eo
375 3234 521 3308 quod
554 3236 972 3307 compunctione
1006 3234 1133 3306 ligni
1183 3234 1480 3294 balsamum
1511 3251 1605 3306 per
1635 3250 1724 3292 ca-

145 3338 345 3383 vernam
373 3329 691 3396 puuctiouis
717 3328 973 3398 erumpit.

205 3420 287 3474 t7.
315 3422 690 3494 Compuuctus
718 3422 880 3493 igitur
908 3421 1103 3485 Iesus,
1135 3422 1359 3481 odorem
1392 3424 1729 3481 remissionis

146 3524 469 3581 peccatorum
520 3526 578 3572 et
623 3515 1011 3586 redemptionis
1055 3515 1262 3573 cﬁ‘udit.
1322 3516 1455 3573 Nam
1498 3528 1552 3574 et
1591 3534 1724 3574 con-

145 3605 346 3677 strictus
394 3619 555 3677 erat,
593 3624 715 3665 cum
766 3609 1002 3673 Verbum
1036 3619 1180 3669 esset
1228 3611 1391 3667 homo
1434 3609 1732 3669 factus-.et

147 3710 333 3773 pauper
361 3699 535 3775 lactus
560 3712 663 3769 est,
686 3717 806 3758 cum
831 3702 982 3759 dives
1010 3712 1191 3768 esset;
1224 3712 1282 3761 ut
1307 3719 1405 3760 nos
1433 3704 1580 3762 illius
1612 3704 1730 3760 ino-

147 3790 226 3861 pia
248 3792 575 3857 ditaremur:
605 3804 799 3868 potens
824 3805 962 3861 erat,
993 3808 1046 3852 et
1074 3796 1481 3867 deSpiciendum
1507 3813 1567 3855 se
1593 3814 1730 3867 prae-

150 3878 272 3951 buit,
316 3885 385 3944 ita
417 3895 476 3942 ut
514 3887 760 3944 Herodes
791 3897 1075 3961 sperneret
1099 3904 1223 3947 eum
1255 3900 1309 3945 et
1350 3889 1597 3945 illuderet
1627 3891 1676 3945 ei
1711 3908 1723 3944 :

150 3981 328 4047 terram
354 3980 627 4047 movebat,
647 3989 702 4036 et
736 3980 976 4036 haerebat
1015 3981 1065 4035 in
1110 3981 1255 4050 ligno
1287 3999 1298 4034 :
1325 3981 1523 4037 coelum
1554 3981 1729 4037 obdu-

155 4069 294 4126 cebat
320 4073 579 4137 tenebris,
601 4082 656 4129 et
682 4072 941 4128 mundum
970 4073 1337 4143 cruciﬁgcbat,
1363 4083 1413 4128 ct
1439 4074 1729 4131 cruciﬁxus

146 4173 253 4227 .erat
281 4182 296 4223 :
324 4165 616 4235 inclinabat
646 4176 830 4240 caput,
861 4177 915 4223 et
945 4167 1126 4225 exibat
1166 4167 1399 4231 Verbum
1436 4186 1449 4222 :
1482 4170 1729 4225 exinani-

150 4262 230 4327 tus
250 4270 376 4329 erat,
400 4272 453 4318 et
479 4262 725 4334 replebat
751 4263 931 4331 munia
958 4281 971 4317 :
994 4263 1278 4329 descendit
1297 4266 1460 4332 Deus,
1485 4266 1727 4322 ascendit

155 4346 301 4408 homo
329 4371 342 4408 :
377 4354 606 4413 Verbum
653 4371 780 4411 caro
810 4355 1011 4413 factum
1038 4366 1154 4424 est,
1187 4367 1245 4412 ut
1272 4372 1400 4415 caro
1431 4358 1532 4417 sibi
1566 4358 1725 4414 Verbi

158 4439 330 4519 solium
363 4443 412 4499 iu
458 4443 551 4501 Dei
597 4445 821 4513 dextera
872 4446 1171 4502 vindicaret
1218 4464 1231 4501 :
1275 4448 1468 4504 vulnus
1513 4458 1632 4505 erat
1674 4458 1729 4505 et

1834 653 1915 707 nit
1944 656 2202 711 mundum
2234 658 2481 728 salvare,
2531 677 2638 717 non
2688 664 2936 733 perdere.
2971 667 3098 724 ideo
3146 670 3435 727 immemor

1834 753 1918 799 est
1942 745 2180 814 injuriae,
2214 765 2425 805 memor
2451 754 2660 822 gratiae.
2693 755 2834 812 sicut
2863 757 2914 812 in
2949 762 3270 830 prophetico
3297 763 3438 820 libro

1833 839 2156 896 testiﬁcatur
2187 845 2303 912 ipse
2327 843 2553 901 dicens:
2585 846 2698 925 Ego
2734 866 2868 918 sum,
2902 869 2993 922 ego
3022 870 3139 908 sum
3172 856 3260 925 qui
3287 856 3432 912 deleo

1830 930 2129 1001 iniquitates
2162 944 2280 991 tuas
2304 979 2319 1003 ,
2351 948 2400 991 et
2431 922 2759 996 inemor‘nmt
2790 960 2878 998 ero
2912 962 2930 999 :
2959 957 3014 1000 tu
3044 956 3213 1002 autem
3240 966 3435 1005 memor

1831 1035 1938 1079 esto
1960 1034 2009 1079 et
2028 1027 2347 1097 judicemur,
2372 1029 2456 1085 dic
2481 1040 2537 1084 tu
2564 1033 2710 1105 prius
2739 1036 3033 1105 iniquitates
3061 1049 3177 1095 tuas
3200 1052 3256 1096 ut
3273 1044 3436 1115 justi-

1830 1116 2002 1184 ﬁceris
2051 1117 2221 1191 (Esai.
2251 1137 2381 1177 mit
2402 1165 2417 1188 ,
2441 1124 2514 1181 25
2541 1135 2589 1180 et
2617 1125 2732 1193 26).
2766 1128 3104 1203 Quicumque
3130 1149 3260 1206 ergo
3301 1135 3429 1192 dicit

1829 1208 2149 1280 iniquitates
2175 1227 2300 1268 suas
2328 1215 2460 1279 Deo,
2485 1216 2819 1286 justiﬁcatur
2847 1239 2859 1277 :
2885 1230 2941 1279 et
2969 1224 3294 1297 quicumque
3317 1228 3438 1298 jus-

1829 1302 2089 1371 tiﬁcatur,
2125 1306 2539 1365 retributionem
2570 1326 2676 1366 non
2703 1313 2877 1379 timet,
2905 1314 3000 1371 sed
3029 1320 3279 1388 exposcit
3303 1338 3317 1376 :
3340 1322 3431 1393 qui

1827 1396 2243 1454 retributionem
2276 1415 2385 1456 non
2415 1402 2598 1470 timet,
2630 1404 2782 1460 vivit.

1900 1506 2203 1580 49.(Vers.
2253 1510 2530 1582 15.16.)”
2574 1512 2733 1581 Ecce,
2759 1516 2956 1588 inquit,
3009 1525 3270 1591 formosus
3309 1540 3434 1578 con-

1827 1599 2065 1655 sobrinus
2088 1618 2230 1657 meus
2251 1644 2266 1669 ,
2299 1613 2348 1658 et
2384 1604 2589 1675 quidem
2639 1606 2875 1677 pulcher.
2928 1611 3218 1669 Acclinatio
3259 1624 3436 1670 nostra

1827 1710 2007 1765 opaca,
2033 1695 2199 1750 trabes
2220 1698 2491 1753 domorum
2513 1710 2807 1756 nostrarum
2827 1705 2988 1770 cedri,
3019 1706 3287 1764 lacunaria
3308 1726 3430 1765 nos.

1830 1793 1909 1838 tra
1929 1788 2175 1857 cupressi.
2203 1787 2411 1843 Laudat
2455 1792 2641 1860 sponsi
2670 1793 2924 1852 decorem
2957 1796 3196 1854 Ecclesia
3224 1840 3240 1867 ,
3270 1815 3429 1877 quem

1828 1879 1946 1949 plus
1971 1880 2524 1952 unusquisquetacito
2548 1884 2731 1940 laudat
2761 1886 2980 1956 affectu,
3006 1890 3213 1946 ctﬁdus
3231 1903 3397 1964 myste

1828 1971 2033 2025 riortnn
2080 1972 2352 2043 interpres
2399 1975 2633 2031 tacendo
2684 1978 2802 2047 plus
2854 1980 3135 2053 praedicat.
3177 1982 3311 2038 Nam
3340 1979 3394 2055 q'

1828 2080 2025 2121 arcana
2070 2066 2345 2139 divulgat.
2395 2069 2666 2125 imminuit
2715 2070 2917 2129 Christi
2975 2075 3267 2147 decorem;
3310 2080 3431 2137 ideo

1830 2172 1993 2212 nemo
2026 2159 2206 2213 mittat
2249 2163 2573 2232 margaritas
2613 2178 2739 2218 suas
2766 2166 2946 2232 porcis
2974 2208 2989 2232 ,
3040 2184 3108 2224 ne
3133 2170 3439 2227 conculcari

1830 2248 1995 2304 faciat
2023 2263 2343 2308 ornamenta
2386 2254 2648 2325 pretiosa.
2677 2254 2792 2310 Non
2826 2273 2958 2328 ergo
2996 2260 3048 2315 in
3083 2261 3434 2320 tabernaculo

1830 2341 2075 2409 loquacis
2100 2352 2158 2400 et
2183 2346 2573 2416 garruli;quia
2623 2349 2966 2421 multiloquio
3007 2364 3286 2423 peccatum
3340 2359 3435 2411 ad-

1830 2436 2093 2492 mittitur:
2147 2437 2245 2494 sed
2274 2439 2327 2494 in
2352 2438 2452 2494 viri
2482 2440 2613 2496 set-ii
2645 2481 2660 2506 ,
2711 2443 2801 2513 qui
2831 2445 2904 2497 sit
2935 2460 3130 2513 parcus
3159 2447 3379 2517 alloquii
3410 2492 3425 2515 ,

1831 2543 1932 2583 nec
1959 2531 2228 2585 sermonis
2257 2530 2629 2601 intemperans
2655 2572 2669 2595 ,
2701 2542 2757 2587 et
2802 2534 3090 2591 verborum
3133 2537 3433 2596 sobrietate

1831 2619 2206 2675 temulentiam
2241 2621 2586 2692 loquacitatis
2615 2622 2845 2690 evitans,
2878 2634 3041 2705 caput
3064 2641 3221 2683 suum
3248 2626 3434 2685 Chriso

1831 2719 1920 2767 tus
1949 2714 2193 2769 reclinat.

1904 2829 1993 2884 50.
2045 2828 2108 2883 Et
2165 2832 2361 2887 merito
2411 2849 2634 2904 opacam
2682 2837 2954 2909 signiﬁcat
2982 2840 3428 2912 reclinationem;

1832 2924 1953 2995 quia
1995 2925 2046 2978 in
2081 2923 2319 2981 Ecclesia
2365 2929 2692 2983 Constitutos
2745 2930 2913 3001 virtus
2950 2932 3245 3005 obumbrat
3266 2936 3432 2999 Altis-

1832 3015 1977 3070 simi.
2014 3015 2123 3070 Hac
2167 3017 2354 3072 umbra
2385 3018 2553 3073 David
2598 3022 2803 3092 protegi
2835 3024 3143 3093 postulabat
3171 3066 3186 3090 ,
3216 3041 3285 3083 ne
3307 3044 3430 3084 eum

1833 3122 1929 3177 per
1958 3107 2100 3163 diem
2132 3110 2212 3163 sol
2256 3123 2437 3165 ureret
2472 3154 2486 3175 ,
2537 3112 2621 3167 vel
2648 3112 2771 3167 luna
2818 3104 2912 3187 per
2954 3127 3168 3197 noctem
3198 3118 3432 3197 (Psalm.

1832 3215 1958 3262 cxx,
1986 3199 2063 3271 6).
2090 3201 2240 3257 Hanc
2286 3204 2531 3259 umbram
2559 3206 2854 3279 spiritualis
2892 3192 3163 3267 ministrat
3202 3192 3429 3293 .1559

1831 3292 2001 3362 gratia
2029 3335 2043 3358 ,
2079 3294 2278 3349 torrida
2308 3296 2490 3351 surculi
2523 3296 2683 3367 hujus
2705 3307 2759 3354 et
2789 3301 2974 3379 mundi
3005 3305 3192 3371 testiva
3219 3306 3427 3378 fugien-

1832 3383 1995 3440 tibus.
2026 3386 2203 3455 Opaca
2257 3388 2421 3458 igitur
2468 3389 2755 3445 accliuatio
2784 3391 2988 3450 Christi
3038 3405 3093 3451 et
3125 3397 3384 3483 Ecclesiae
3413 3443 3428 3471 ,

1831 3479 2029 3549 quibus
2057 3479 2151 3535 Dei
2185 3479 2361 3535 Patris
2392 3492 2594 3538 aeterna
2624 3484 2715 3540 illa
2746 3488 2965 3556 requies
2990 3491 3213 3561 aspirat.
3242 3494 3299 3550 In
3334 3479 3433 3561 hac

1829 3586 1960 3642 ergo
2005 3574 2410 3644 requiescamus
2442 3578 2670 3645 umbra,
2722 3589 3069 3649 peccatorum
3119 3594 3431 3645 nostrorum

1831 3664 2053 3719 restibus
2102 3664 2305 3735 fatigati
2334 3670 2377 3722 si
2424 3683 2559 3739 quos
2590 3669 2799 3725 adussit
2828 3671 2997 3728 libido
3022 3715 3037 3738 ,
3067 3674 3166 3730 bos
3210 3677 3425 3734 Domini

1830 3771 1961 3811 crux
1995 3756 2295 3828 refrigeret,
2332 3759 2385 3813 in
2414 3774 2516 3830 qua
2544 3774 2605 3815 se
2633 3761 2946 3826 reclinavit,
2996 3774 3053 3819 ut
3099 3776 3287 3823 nostra
3335 3771 3429 3825 de-

1831 3848 1940 3903 bita
1973 3849 2295 3917 susciperet.
2329 3851 2387 3905 Si
2433 3865 2571 3921 quos
2615 3851 2771 3921 culpa
2819 3852 3079 3919 lassavit,
3127 3855 3226 3911 bos
3270 3857 3431 3917 Jesus

1828 3944 2035 4015 gremio
2065 3943 2300 4014 excipiat
2328 3958 2448 4011 suo,
2479 3954 2533 3999 et
2558 3945 2708 3999 molli
2739 3945 2918 4001 foveat
2959 3948 3246 4020 amplexu;
3283 3951 3425 4008 unde

1829 4036 2004 4091 audeo
2029 4034 2213 4090 dicere
2239 4077 2253 4100 ,
2287 4036 2429 4106 quod
2475 4051 2604 4092 caro
2632 4037 2832 4094 Christi
2879 4038 3164 4096 acclinatio
3193 4050 3277 4111 est
3316 4043 3424 4101 Ec-

1828 4128 2030 4184 clesiac.

1902 4232 1991 4289 5i.
2018 4231 2211 4288 Trabes
2233 4232 2506 4288 domorum
2527 4242 2820 4287 nostrarum
2842 4233 3001 4288 cedri.
3029 4232 3190 4292 Cedri
3221 4237 3421 4306 specie,

1829 4326 2096 4396 majorum
2130 4327 2217 4398 qui
2240 4325 2370 4398 justi
2402 4326 2615 4381 luerunt
2640 4366 2656 4394 ,
2687 4326 2855 4397 gloria
2882 4326 3216 4409 designatur.
3247 4328 3428 4387 Justus

1829 4422 1964 4476 enim
1993 4429 2049 4476 ut
2079 4421 2251 4493 palma
2291 4422 2518 4493 ﬂorebit,
2545 4431 2592 4477 et
2618 4422 2752 4476 sicut
2781 4422 2963 4477 cedrus
2990 4439 3107 4493 qua:
3145 4425 3196 4479 in
3228 4424 3427 4482 Libano

157 4514 337 4594 ﬂuebat
362 4550 690 4615 unguentum
730 4560 743 4597 :
772 4541 1081 4599 scarabaeus
1123 4541 1469 4611 audiebatur,
1501 4553 1556 4601 et
1582 4544 1726 4600 Deus
1752 4540 1804 4603 D
1833 4528 1928 4615 cf”
1959 4516 2385 4615 ἠ”ίίίρίίθαΜΨ
2407 4514 2631 4615 uisam"
2669 4515 2938 4615 xui“);
2972 4516 3290 4615 Siiuieui?‘
3332 4532 3425 4575 ce.

159 4630 543 4699 agnoscebatur.
573 4632 879 4703 Respondit
903 4646 955 4689 et
980 4632 1250 4691 Christus.

221 4716 303 4774 48.
345 4721 529 4794 (Vers.
572 4725 659 4783 14.
679 4723 699 4795 )
719 4723 857 4781 Ecce
894 4727 1028 4783 bona
1056 4743 1130 4791 es,
1162 4727 1400 4796 proxima
1430 4744 1544 4783 mea
1564 4770 1578 4795 ,
1612 4745 1729 4785 ecce

162 4821 207 4861 es
248 4809 369 4868 bona
411 4830 428 4869 :
470 4817 604 4875 oculi
649 4817 723 4891 tui
764 4817 1035 4875 columbis.
1086 4818 1353 4888 Quoniam
1399 4831 1728 4890 cognoverat

163 4893 382 4969 Ecclesia
432 4910 744 4982 mysterium
775 4951 788 4976 ,
815 4919 868 4967 et
895 4926 995 4985 pro
1024 4910 1191 4966 totius
1240 4910 1425 4965 mundi
1474 4911 1727 4982 redemp-

163 4987 291 5048 tione
314 4998 617 5057 crucitixum
641 5002 929 5071 Dominum
958 5001 1142 5059 Jesum
1172 5002 1521 5073 praedicabat,
1549 5017 1729 5059 merc-

165 5087 241 5163 tur
265 5088 439 5145 audire
469 5108 482 5148 :
516 5093 647 5149 Ecce
671 5110 722 5149 es
745 5094 893 5163 bona,
919 5110 1038 5168 qua:
1060 5108 1145 5151 mc
1174 5093 1374 5150 bonum
1399 5093 1566 5158 dicis;
1590 5092 1725 5150 Ecce

164 5186 211 5243 et
238 5174 393 5247 bona,
425 5200 541 5257 quae
583 5186 760 5242 vidisti
802 5186 987 5259 glori-re
1032 5202 1167 5247 mea:
1205 5185 1490 5251 decorem,
1525 5194 1581 5240 et
1610 5186 1724 5258 ipsa

164 5271 383 5353 speciosa
413 5291 470 5331 es
497 5289 548 5345 et
576 5282 794 5353 decora.
840 5267 978 5351 ρυῒά
1011 5287 1095 5335 est
1121 5289 1300 5339 autem
1331 5280 1516 5335 dicere
1541 5279 1730 5336 Chris-

170 5361 268 5429 “ll'l
297 5380 308 5415 ε
333 5362 469 5444 Bona
496 5387 565 5437 es,
596 5371 682 5433 vel
714 5373 901 5435 decora
928 5388 978 5439 es
1000 5413 1016 5440 ,
1050 5373 1148 5429 nisi
1176 5372 1305 5428 illud
1341 5373 1726 5444 Evangelium:

168 5446 393 5512 Constans
427 5471 563 5528 esto,
613 5464 757 5534 ﬁlia,
802 5465 1016 5519 remissa
1073 5474 1192 5518 sunt
1245 5464 1336 5519 tibi
1381 5474 1591 5534 peccata
1641 5475 1728 5519 tua

170 5537 360 5611 (Matth.
391 5568 447 5609 ιι
469 5595 485 5623 ,
513 5556 648 5629 Si)?
676 5558 818 5630 Ergo
845 5557 930 5614 cui
961 5556 1208 5613 Christus
1236 5568 1456 5631 peccata
1485 5557 1727 5633 donavit,

233 5709 254 5735 “
281 5699 332 5757 lu
364 5710 487 5779 psat.
519 5728 681 5769 cxvut
724 5729 889 5771 scrin.
919 5713 973 5778 5,
1010 5728 1158 5766 num.
1184 5713 1218 5769 8
1244 5720 1299 5781 et
1322 5729 1438 5787 seq.

1831 4610 1962 4664 drus
1990 4626 2096 4665 non
2126 4611 2426 4680 putrescit,
2461 4609 2535 4664 ita
2568 4624 2667 4665 nec
2694 4609 2959 4680 majorum
2994 4609 3163 4679 gloria
3196 4610 3303 4665 ulla
3328 4627 3423 4668 ve-

1830 4712 2029 4758 tustate
2057 4703 2443 4771 corrumpitur.

1896 4805 1988 4862 52.
2016 4803 2310 4860 Lacunaria
2336 4812 2509 4861 nostra
2554 4804 2806 4877 cupressi.
2849 4802 3033 4860 Genus
3064 4803 3169 4867 hoc
3213 4804 3426 4862 arboris

1830 4914 2122 4970 numquam
2159 4899 2360 4954 amittit
2380 4896 2711 4953 viriditatem
2738 4912 2921 4966 suam,
2960 4897 3136 4954 hieme
3161 4897 3316 4969 juxta
3345 4908 3424 4953 at-

1827 5008 1932 5063 que
1950 5001 2141 5047 aestate
2171 5007 2379 5047 comam
2423 4992 2627 5061 pascit,
2657 5006 2758 5049 nec
2789 4990 3007 5046 diverso
3032 4990 3216 5049 colore
3250 5002 3425 5047 muta-

1831 5092 1938 5139 tur.
1976 5083 2157 5140 Solam
2192 5084 2331 5139 hanc
2356 5083 2606 5157 arborem
2632 5089 2822 5141 ventus
2857 5097 3148 5153 numquam
3188 5097 3290 5138 suo
3326 5083 3425 5140 ιιο·

1829 5189 1961 5230 nore
1974 5174 2265 5246 despoliat,
2296 5174 2409 5229 sola
2434 5188 2726 5246 numquam
2747 5171 2919 5228 veteri
2944 5172 3167 5241 exuitur
3189 5173 3419 5243 amictu,

1827 5278 1919 5325 aut
1943 5284 2084 5324 novo
2110 5266 2244 5324 ﬂore
2276 5266 2525 5323 vestitur.
2560 5266 2651 5323 Sic
2696 5264 2993 5335 apostolica
3033 5281 3248 5336 quoque
3288 5282 3415 5337 gra-

1828 5365 1900 5419 tia
1926 5363 2097 5420 nescit
2125 5360 2391 5417 defectqu
2419 5399 2434 5425 ,
2467 5357 2564 5414 sed
2595 5365 2862 5415 vetustate
2895 5358 2976 5417 sui
3013 5356 3190 5417 ﬂoret.
3224 5357 3420 5414 Anima

1829 5474 1959 5528 ergo
1981 5454 2249 5524 corrumpi
2277 5451 2467 5516 nescit,
2491 5465 2611 5519 qum
2631 5449 2950 5513 ﬂorentibus
2975 5448 3233 5503 membris
3256 5449 3420 5522 viget,

1829 5565 2046 5619 semper
2071 5545 2291 5616 justitia:
2319 5551 2751 5614 cieterarumquc
2781 5540 3041 5617 virtutum
3070 5541 3305 5615 culmina
3331 5558 3417 5613 pa.

1911 5707 1937 5744 δ
1967 5706 2023 5761 In
2056 5702 2190 5775 psal.
2226 5715 2389 5755 cxvtn
2430 5714 2596 5755 serm.
2624 5696 2680 5764 4,
2708 5713 2854 5752 num.
2893 5695 2960 5752 t8
2985 5705 3037 5750 et
3064 5710 3178 5772 seq.
