3920 6314
472 218 603 278 1871

1471 212 2027 273 COMMENTARIUS
2060 211 2128 271 IN
2165 213 2467 272 CANTICA
2502 211 2772 271 CANTIC.

3628 204 3655 260 1
3666 205 3778 262 872

466 326 620 382 ticnti
668 322 1111 395 magnanimitate
1145 330 1447 390 sustentat;
1478 331 1532 379 et
1560 323 1683 380 ideo
1713 339 1820 381 non
1849 325 2061 392 dellnit,
2092 326 2144 387 Α
2170 332 2305 392 tum,
2342 325 2446 393 Qui
2483 326 2541 380 in
2564 326 2686 380 altis
2714 324 2934 388 habitat.
2958 332 3005 379 et
3041 322 3257 379 humilia
3284 320 3499 392 respicit
3541 316 3776 392 (Psalm.

470 432 646 488 neque
670 416 888 482 deficit;
935 417 1061 487 quia
1092 415 1225 471 nihil
1279 417 1330 471 in
1379 431 1442 473 ea
1471 416 1732 472 rimosum
1774 429 1855 473 est
1884 433 1949 473 ac
1980 434 2065 474 τε·

470 511 695 565 missum
728 550 742 574 ,
784 509 917 563 nihil
946 508 1143 564 mobile
1166 549 1183 576 ,
1216 508 1348 574 nihil
1396 509 1666 565 lubricum
1697 553 1711 578 ,
1745 511 1879 566 nihil
1921 510 2065 582 quod

468 602 603 656 vitio
645 597 913 654 sermonis
943 613 1010 654 ex
1040 614 1101 653 ea
1130 598 1301 671 possit
1346 598 1569 655 ellundi.
1601 600 1856 671 Sequitur
1877 603 2066 658 Eccle-

466 694 546 749 sia
574 694 657 748 vel
690 691 868 748 ﬁdelis
895 691 1075 748 anima
1103 735 1117 759 ,
1144 693 1381 749 animam
1411 694 1535 751 dico
1559 738 1575 764 ,
1623 694 1747 751 ideo
1774 696 1898 768 quia
1931 696 2068 753 nihil

467 796 577 843 tam
606 796 691 843 est
722 788 906 851 homo,
936 802 1097 859 qnam
1129 787 1329 843 anima.

934 881 1165 938 CAPUT
1194 881 1598 941 SECUNDUM.

536 976 593 1031 1.
626 973 807 1048 (Vers.
844 974 897 1040 1,
919 972 1003 1046 2.)
1037 983 1062 1011 ι
1096 973 1211 1046 Ego
1241 976 1338 1047 flos
1362 978 1533 1046 campi
1558 1018 1573 1042 ,
1602 987 1651 1032 et
1671 978 1841 1033 lilium
1861 979 2072 1035 conval-

464 1069 616 1133 lium,
645 1069 780 1122 sicut
810 1067 977 1123 lilium
1017 1069 1070 1122 in
1100 1068 1271 1122 medio
1298 1070 1600 1139 spinarum;
1638 1071 1691 1125 in
1724 1081 1891 1127 totam
1920 1071 2066 1129 enim

466 1170 668 1217 terram
703 1161 836 1217 lides
868 1162 1050 1233 populi
1085 1162 1361 1218 credentis
1391 1164 1562 1220 exivit
1593 1207 1608 1231 ,
1660 1167 1795 1222 etin
1828 1168 2070 1238 spatioso

466 1259 651 1330 posuit
682 1258 846 1328 pedes
886 1274 1015 1314 suos
1042 1258 1327 1325 (Ilnistus;
1375 1270 1429 1315 et
1457 1260 1580 1316 ideo
1613 1263 1838 1329 pulchre
1876 1264 2071 1320 aitﬂo-

463 1368 579 1407 rem
607 1366 667 1408 se
691 1367 813 1408 esse
838 1355 1036 1424 campi.
1072 1352 1200 1407 Flos
1229 1362 1344 1408 erat
1373 1353 1537 1409 etiam
1568 1353 1769 1409 Paulus
1794 1356 1884 1427 qui
1915 1355 2068 1413 dice-

464 1440 584 1497 bat:
610 1439 789 1499 Bonus
814 1442 943 1497 odor
973 1441 1166 1497 Christi
1189 1460 1369 1498 sumus
1394 1442 1504 1498 Deo
1531 1444 1738 1517 (IICor.
1770 1462 1830 1513 tt,
1860 1447 1971 1517 15).
2003 1447 2069 1503 Et

467 1550 595 1592 vere
624 1535 725 1591 llos
753 1578 769 1604 ,
798 1536 890 1608 qui
924 1546 1135 1606 poterat
1158 1552 1294 1593 nova
1335 1548 1391 1594 et
1429 1548 1613 1594 vetera
1643 1539 1713 1594 de
1756 1544 1839 1596 sui
1885 1541 2069 1599 cordis

462 1631 713 1702 proferre
738 1630 1015 1687 thesauro.
1040 1629 1069 1670 δ
1103 1630 1214 1704 Ego
1233 1633 1331 1702 flos
1363 1634 1553 1704 campi.
1587 1632 1656 1688 Et
1685 1633 1823 1691 bene
1863 1634 1963 1690 llos
1984 1644 2070 1691 est

2170 432 2300 485 cxn,
2324 414 2401 489 5).
2427 416 2495 473 Et
2524 418 2736 488 species
2756 416 2875 488 ejus
2898 416 3043 472 sicut
3070 416 3265 473 cedrus
3287 413 3507 480 Libani,
3529 428 3649 481 qua:
3683 428 3785 466 co-

2171 524 2315 564 mam
2366 510 2633 577 nubibus,
2662 509 2903 565 radicem
2958 510 3120 565 terris
3175 507 3399 575 inserit;
3448 505 3781 577 principium

2170 603 2317 659 enim
2341 604 2458 674 ejus
2477 604 2546 661 de
2566 605 2728 670 cmlo,
2759 604 3064 675 posteriora
3091 603 3211 675 ejus
3238 602 3291 659 in
3332 602 3533 669 terris,
3564 599 3785 674 1560

2170 695 2379 752 fructus
2407 697 2550 754 cmlo
2592 696 2874 768 proximos
2903 696 3213 753 ediderunt.
3245 693 3510 752 Scrutare
3548 693 3787 761 diligen-

2173 788 2279 842 tius
2303 796 2410 843 tam
2438 787 2641 844 bonum
2681 787 2906 855 liorem,
2942 787 3138 844 necubi
3191 802 3312 843 eum
3346 786 3402 842 in
3432 783 3673 856 pectoris
3707 781 3786 837 tui

2171 877 2419 935 convalle
2440 879 2715 950 reperias;
2748 878 3044 934 humilibus
3081 877 3228 934 enim
3277 875 3597 947 frequenter
3621 872 3787 928 inha-

2175 971 2339 1027 latur.
2368 974 2528 1027 Amat
2574 973 2818 1043 generari
2848 972 2900 1027 in
2946 970 3119 1027 hortis
3145 1012 3162 1039 ,
3195 970 3250 1027 in
3278 968 3478 1042 quibus
3518 983 3644 1024 eum
3676 968 3787 1022 Su-

2171 1076 2343 1118 sanna
2372 1063 2502 1119 dum
2526 1062 2923 1133 deambularet,
2956 1062 3194 1121 invenit:
3227 1063 3368 1120 mori
3395 1062 3581 1134 potius
3615 1074 3789 1132 quam

2174 1154 2367 1210 violari
2399 1164 2605 1225 parata.

2245 1248 2299 1304 5.
2329 1245 2358 1287 ἀ
2380 1248 2575 1316 Aliter,
2610 1246 2726 1321 Ego
2754 1250 2853 1320 ﬂos
2882 1250 3053 1321 campi
3080 1292 3094 1317 ,
3123 1261 3172 1306 et
3192 1249 3365 1306 lilium
3413 1246 3737 1303 convallium
3769 1285 3788 1316 ,

2174 1351 2434 1414 tamquam
2465 1342 2635 1398 lilium
2678 1344 2733 1399 in
2780 1344 2950 1400 medio
2973 1345 3265 1417 spinarum.
3312 1344 3462 1402 Ecce
3485 1344 3655 1400 alium
3704 1343 3792 1398 lo-

2171 1451 2294 1493 cum
2319 1437 2371 1493 in
2397 1424 2507 1509 quo
2537 1437 2677 1494 solet
2706 1437 2972 1494 Dominus
2996 1438 3308 1495 conversari
3333 1479 3348 1505 ,
3381 1439 3553 1494 immo
3573 1453 3685 1493 non
3735 1436 3791 1491 in

2174 1547 2304 1595 uno.
2362 1532 2459 1588 sed
2491 1532 2544 1588 in
2602 1530 2887 1604 pluribus:
2935 1533 3087 1605 Ego,
3145 1535 3364 1605 inquit,
3433 1534 3535 1604 flos
3578 1533 3794 1603 campi;

2170 1629 2295 1697 quia
2367 1634 2643 1697 patentem
2713 1628 3116 1698 simplicitatem
3187 1645 3336 1701 purae
3409 1630 3611 1686 mentis
3679 1625 3793 1685 fre-

461 1723 710 1780 Ecrlesia
735 1738 856 1794 quas
880 1723 1112 1779 fructum
1140 1725 1457 1791 annuntiat,
1487 1726 1590 1781 hoc
1617 1735 1702 1781 est
1725 1768 1741 1792 ,
1778 1726 2067 1784 Dominum

2176 1728 2420 1789 quentat.
2468 1717 2540 1773 Et
2584 1719 2753 1775 lilium
2790 1721 3150 1788 convallium;
3180 1722 3284 1778 ﬂos
3347 1722 3497 1778 enim
3555 1720 3787 1777 humili-

457 1814 644 1872 Jesum
673 1814 951 1871 Christum
977 1857 992 1881 ,
1046 1815 1115 1870 de
1143 1830 1254 1886 quo
1281 1815 1488 1870 dictum
1519 1827 1604 1872 est
1645 1817 1858 1872 Mari-.13:
1902 1817 2067 1874 Bene-

462 1909 599 1964 dicta
632 1921 687 1964 tu
728 1910 863 1963 inter
889 1909 1127 1964 mulieres
1162 1950 1177 1973 ,
1228 1919 1274 1964 et
1305 1909 1832 1982 benedictus-{ructus
1876 1913 2070 1968 ventris

457 2003 534 2056 nu
559 2001 714 2073 (Luc.
738 2018 777 2066 ι,
802 2001 917 2072 se).

533 2097 589 2152 Ξ.
618 2096 742 2152 Alio
767 2113 985 2168 quoque
1023 2113 1187 2154 sensu
1214 2098 1403 2156 liorem
1455 2101 1549 2157 tibi
1599 2102 1915 2160 demonstro
1959 2120 2074 2161 car-

465 2188 702 2258 pendum
733 2230 747 2254 ,
772 2188 923 2243 illum
953 2190 1139 2258 utique
1163 2191 1254 2262 qui
1286 2192 1454 2248 dixit:
1504 2193 1621 2266 Ego
1646 2196 1745 2267 ﬂos
1773 2200 1945 2269 campi
1974 2241 1988 2265 ,
2022 2211 2072 2254 et

464 2284 633 2340 lilium
654 2284 986 2339 convallium.
1023 2285 1276 2357 Plerique
1317 2291 1785 2358 comparationem
1816 2291 1958 2347 hanc
1986 2307 2073 2349 se-

463 2377 700 2434 cundum
746 2386 996 2432 naturam
1036 2377 1228 2445 ﬂoris,
1276 2390 1332 2434 et
1361 2396 1517 2435 usum
1565 2392 1759 2453 putant
1809 2384 2073 2454 propositi

466 2469 728 2541 germinis
752 2471 1053 2540 aptiorem;
1086 2487 1153 2527 eo
1181 2472 1325 2543 quod
1355 2473 1465 2529 lilia
1513 2474 1718 2530 nullius
1741 2477 1907 2531 annui
1944 2493 2073 2535 usus

466 2563 670 2620 cultum
693 2565 1009 2634 requirant,
1027 2579 1128 2621 nec
1148 2566 1289 2621 sicut
1306 2581 1433 2637 erga
1461 2574 1783 2636 proventum
1802 2567 2071 2626 fructuum

464 2668 787 2715 caeterorum
814 2698 830 2723 ,
859 2659 935 2714 ita
976 2658 1141 2715 etiam
1170 2676 1297 2733 erga
1336 2663 1742 2733 generationem
1784 2663 1941 2720 istius
1971 2665 2072 2721 llo-

465 2752 564 2818 ris,
591 2751 841 2807 sollicitis
881 2752 936 2807 in
968 2754 1160 2809 orbem
1192 2754 1382 2810 redeat
1414 2755 1570 2812 labor
1600 2766 1752 2813 actus
1782 2759 2072 2829 agricolis;

463 2845 797 2915 quibuslibet
823 2847 968 2902 enim
991 2848 1331 2903 siccitatibus
1378 2850 1517 2920 agri,
1550 2865 1713 2906 omne
1744 2851 1876 2906 illud
1928 2850 2073 2923 quod

464 2939 631 2992 alitur
658 2938 714 2993 in
745 2938 934 2993 llorem
965 2939 1197 3009 quadam
1237 2942 1437 2995 virtute
1467 2942 1690 3013 genitali
1718 2957 1787 2998 ex
1818 2957 1961 3009 sese,
1995 2951 2075 2998 at-

464 3046 569 3101 que
596 3030 650 3086 in
674 3046 736 3086 se
768 3031 916 3086 succi
939 3045 1156 3103 semper
1182 3033 1410 3089 virentis
1435 3035 1740 3102 animatur;
1769 3035 1843 3090 ita
1867 3046 1926 3091 ut
1949 3051 2073 3092 cum

2173 1813 2298 1867 tatis
2336 1821 2420 1868 est
2446 1810 2732 1883 Christus,
2764 1830 2873 1870 non
2906 1815 3136 1872 luxuria:
3156 1857 3172 1883 ,
3199 1833 3307 1871 non
3337 1815 3682 1887 voluptatum
3711 1824 3793 1871 at-

2171 1920 2277 1977 que
2316 1905 2578 1974 lasciviae,
2620 1908 2715 1964 sed
2753 1907 2855 1964 ﬂos
2888 1909 3402 1980 simplicitatis,ﬂos
3436 1910 3787 1965 humilitatis.

2178 2005 2201 2033 ·
2238 1995 2365 2052 Flos
2388 1996 2618 2054 odorem
2641 2013 2798 2055 suum
2813 2013 2863 2055 et
2883 2002 3130 2057 succisus
3151 2011 3415 2072 reservat,
3438 2011 3495 2057 et
3515 2001 3792 2059 contritus

2172 2091 2495 2155 accumulat,
2533 2105 2634 2146 nec
2658 2090 2881 2147 avulsus
2900 2093 3132 2160 amittit;
3164 2093 3235 2149 ita
3258 2104 3314 2149 et
3344 2094 3611 2149 Dominus
3635 2093 3794 2150 Jesus

2173 2181 2228 2238 in
2260 2183 2356 2238 illo
2384 2182 2626 2254 patibulo
2653 2186 2833 2242 crucis
2876 2200 2978 2243 nec
3023 2187 3293 2245 contritus
3340 2189 3661 2258 emarcuit,
3693 2203 3793 2245 nec

2179 2274 2403 2329 avulsus
2424 2277 2672 2345 evanuit,
2705 2288 2759 2334 et
2788 2277 2878 2333 illa
2906 2279 3110 2336 lanceae
3145 2281 3442 2352 punctione
3497 2282 3787 2350 succisus,

2173 2380 2330 2422 sacro
2360 2367 2661 2437 speciosior
2686 2368 2789 2425 lusi
2843 2372 3060 2429 cruoris
3104 2373 3288 2430 colore
3314 2374 3599 2442 vernavit,
3649 2375 3790 2432 mori

2174 2459 2292 2530 ipse
2320 2460 2559 2527 nescius,
2592 2469 2649 2517 et
2681 2464 2911 2520 mortuis
2947 2474 3168 2523 aeternas
3213 2467 3342 2523 vita:
3369 2483 3573 2525 munus
3622 2469 3792 2526 exha-

2177 2551 2317 2608 laus.

2247 2644 2302 2700 6.
2339 2646 2520 2718 (Vers.
2551 2648 2632 2720 5.)
2664 2646 2684 2687 ί
2719 2649 3001 2721 Tamquam
3021 2652 3190 2709 lilium
3216 2654 3271 2709 in
3301 2655 3470 2711 medio
3491 2657 3786 2725 spinarum,

2180 2752 2361 2795 nonne
2382 2742 2525 2798 inter
2550 2744 2873 2813 asperitates
2890 2747 3136 2803 laborum
3167 2749 3648 2823 contritionesque
3677 2750 3791 2807 ani-

2181 2846 2392 2887 morum
2451 2833 2581 2889 boni
2645 2835 2747 2893 ﬂos
2797 2837 2985 2894 odoris
3042 2841 3318 2913 assurgit;
3367 2844 3494 2915 quia
3545 2843 3789 2901 contrito

2177 2925 2343 2982 corde
2373 2927 2513 2984 Deus
2545 2929 2807 2999 placatur.
2843 2931 2955 2988 Hoc
2981 2943 3066 2989 cst
3093 2933 3374 2992 desertum
3394 2979 3410 3003 ,
3442 2936 3577 2993 tiliae
3598 2979 3614 3007 ,
3645 2937 3789 3011 quod

2178 3018 2327 3075 ducit
2354 3020 2422 3075 ad
2470 3037 2736 3093 regnum,
2789 3024 2893 3082 hoc
2926 3036 3012 3083 cst
3054 3029 3219 3085 etiam
3266 3030 3592 3100 desertum,
3646 3032 3789 3106 quod

466 3121 719 3177 foliorum
753 3122 1015 3191 puberum
1056 3123 1264 3180 caulem
1304 3124 1495 3181 videas
1522 3130 1732 3183 aruisse
1759 3169 1774 3193 ,
1803 3128 1955 3183 lloris
1986 3139 2066 3184 ta-

2176 3110 2325 3167 llorel
2359 3121 2417 3168 ut
2446 3114 2642 3184 lilium,
2669 3117 2826 3188 juxta
2878 3119 3012 3177 illud
3040 3123 3185 3194 quod
3213 3124 3481 3197 scriptum
3517 3140 3645 3185 est:
3676 3129 3789 3186 La-

469 3230 592 3271 men
640 3224 830 3271 natura
883 3217 1148 3284 virescat;
1190 3217 1542 3274 absconditur
1588 3220 1732 3275 enim
1784 3220 2067 3290 viriditas,

466 3322 573 3362 non
605 3308 891 3363 amittitur.
924 3309 1027 3364 Ast
1052 3309 1142 3364 ubi
1174 3311 1357 3365 vernis
1387 3310 1550 3365 luerit
1585 3322 1879 3381 provocata
1916 3312 2070 3370 blan-

464 3399 636 3466 ditiis,
667 3400 1044 3457 indumentum
1087 3404 1354 3474 germinis
1384 3446 1397 3471 ,
1451 3417 1661 3460 comam
1691 3405 1877 3475 ﬂoris,
1902 3408 2069 3467 liliive

465 3491 694 3547 resumit
723 3503 970 3549 ornatus.

534 3584 589 3640 5.
615 3583 750 3639 Illud
777 3586 940 3640 etiam
968 3585 1206 3643 delectat
1235 3588 1523 3646 advertere
1548 3633 1562 3659 ,
1594 3591 1719 3661 quia
1756 3608 1863 3648 non
1897 3593 1952 3649 in
1982 3610 2070 3652 as-

465 3676 788 3747 peritatibus
819 3680 1086 3735 montium
1130 3681 1457 3753 incultisque
1498 3683 1759 3739 silvarum
1786 3684 1895 3741 lilia
1921 3727 1938 3755 ,
1971 3687 2069 3742 sed

463 3768 517 3823 in
565 3770 846 3825 hortorum
906 3772 1225 3829 ammnitate
1284 3785 1640 3845 generantur.
1717 3777 1856 3833 Sunt
1922 3780 2069 3836 enim

465 3859 608 3916 horti
640 3860 857 3933 quidam
900 3862 1242 3921 diversarum
1276 3868 1523 3936 pomiferi
1575 3870 1835 3925 virtutum
1866 3915 1881 3939 ,
1914 3870 2067 3942 juxta

463 3954 609 4025 quod
660 3956 924 4027 scriptum
968 3967 1091 4013 est:
1122 3958 1324 4015 Hortus
1366 3963 1676 4030 conclusus,
1721 3972 1829 4020 etc.
1891 3964 2065 4039 (Cant.

465 4062 540 4112 IV,
574 4044 688 4116 12),
713 4062 780 4101 eo
812 4049 955 4118 quod
983 4049 1071 4104 ubi
1106 4049 1388 4121 integritas
1408 4095 1422 4117 ,
1455 4054 1547 4109 ubi
1587 4058 1832 4125 castitas,
1864 4057 1954 4112 ubi
1986 4074 2072 4114 rc-

467 4138 618 4207 ligio,
653 4139 743 4192 ubi
771 4139 876 4194 lida
912 4141 1128 4197 silentia
1177 4156 1549 4214 secretorum;
1597 4149 1675 4204 ibi
1719 4150 1941 4206 claritas
1971 4168 2070 4208 an-

466 4228 710 4299 gelorum
734 4238 841 4294 est,
877 4230 950 4286 ibi
973 4232 1348 4290 cnnl‘essorum
1382 4237 1573 4305 violas,
1606 4239 1716 4293 lilia
1745 4241 2017 4313 virginum
2051 4286 2066 4312 ,

466 4337 606 4377 rosa:
638 4332 938 4395 martyrum
969 4336 1116 4382 sunt.
1149 4328 1295 4384 Bene
1333 4330 1502 4386 lilium
1530 4332 1779 4391 Christus
1811 4346 1916 4404 est,
1941 4339 2067 4408 quia

465 4414 556 4469 uhi
587 4425 889 4487 martyrum
920 4420 1171 4490 sanguis,
1204 4421 1275 4478 ibi
1303 4420 1554 4481 Chrisms
1584 4426 1671 4496 qui
1697 4437 1785 4483 est
1830 4429 1933 4486 ﬂos
1977 4446 2068 4487 su-

2173 3216 2303 3274 ture,
2329 3207 2520 3263 sterilis
2541 3250 2555 3273 ,
2580 3221 2628 3265 et
2654 3213 2879 3281 exsulta,
2904 3215 3166 3272 desertum
3196 3258 3210 3283 ,
3245 3229 3291 3274 et
3318 3220 3503 3291 ﬂoreat
3528 3232 3589 3277 ut
3620 3224 3787 3279 lilium

2175 3297 2349 3372 (Esai.
2381 3316 2550 3371 xxxv,
2579 3304 2655 3376 1).
2683 3305 2742 3361 in
2764 3305 2865 3363 hoc
2886 3307 3131 3379 deserto,
3162 3312 3308 3380 liliaz,
3332 3314 3500 3372 arbor
3521 3316 3625 3373 illa
3650 3320 3785 3374 bona

2171 3391 2454 3452 fructifera
2488 3412 2609 3468 qua:
2659 3398 2834 3457 honos
2884 3400 3096 3461 fructus
3137 3404 3304 3476 facit,
3338 3408 3528 3479 incipit
3563 3410 3785 3468 brachia

2171 3486 2439 3545 factorum
2494 3504 2718 3548 suorum
2765 3492 3071 3555 dillundere
3103 3539 3120 3566 ,
3174 3500 3439 3557 verticem
3481 3502 3786 3560 divinitatis

2169 3582 2440 3649 attollere,
2466 3584 2627 3654 juxta
2657 3602 2820 3659 quam
2847 3600 3053 3647 nostra:
3078 3592 3223 3665 ligna
3252 3594 3410 3651 silvae
3438 3594 3781 3665 frutescant;

2171 3673 2296 3743 quia
2320 3675 2462 3730 sicut
2481 3677 2644 3733 arbor
2671 3682 2800 3736 mali
2853 3684 2999 3739 inter
3041 3683 3186 3756 ligna
3233 3688 3427 3753 silvae,
3483 3689 3558 3746 ita
3617 3692 3783 3749 frater

2172 3780 2329 3822 mens
2349 3767 2402 3822 in
2427 3769 2608 3826 medio
2652 3771 2925 3842 liliorum;
2960 3786 3018 3833 ut
3048 3777 3239 3835 videns
3271 3780 3377 3837 hoc
3404 3781 3655 3840 Ecclesia
3682 3828 3696 3853 ,
3729 3791 3783 3841 et

2171 3858 2299 3917 ﬁdei
2330 3871 2535 3918 nostra:
2581 3863 2693 3935 jam
2746 3866 2872 3924 laeta
2913 3885 3170 3928 successu
3204 3914 3220 3937 ,
3269 3873 3450 3932 dicat:
3495 3875 3567 3932 In
3608 3878 3781 3933 mbra

2171 3957 2285 4018 eius
2313 3958 2583 4028 concupiui
2602 3967 2653 4015 et
2675 3962 2785 4017 sedi
2808 4004 2826 4032 ,
2853 3973 2903 4019 et
2925 3964 3123 4035 fructus
3158 3971 3274 4041 ejus
3330 3969 3503 4025 dulcis
3530 3972 3587 4028 in
3618 3972 3780 4046 fauci-

2173 4046 2265 4103 bus
2293 4050 2440 4105 meis.

2245 4140 2300 4198 7.
2335 4140 2517 4214 (Vers.
2546 4145 2604 4215 '5,
2635 4145 2716 4218 4.)
2740 4158 2765 4197 8
2796 4148 2932 4205 Nota
2961 4152 3105 4223 quod
3131 4168 3279 4227 scepc
3301 4155 3358 4213 in
3391 4155 3501 4214 hoc
3525 4158 3777 4217 Cantico-

2172 4246 2294 4288 rum
2334 4233 2477 4291 libro
2519 4237 2777 4297 Salomon
2811 4242 3084 4314 triplicem
3126 4247 3273 4303 illam
3314 4251 3642 4321 sapientiam
3671 4253 3776 4311 evi-

2170 4325 2366 4384 denter
2394 4334 2703 4404 cxpressit,
2737 4338 3000 4395 moralem
3045 4341 3288 4411 scilicet,
3333 4347 3681 4417 naturalem,
3725 4356 3776 4404 et

2173 4422 2478 4493 mysticam,
2510 4426 2654 4483 sicut
2682 4428 2735 4484 in
2768 4430 3081 4490 Proverbiis
3107 4434 3355 4506 dixerat;
3391 4450 3455 4496 ut
3499 4442 3774 4510 tripliciter

465 4503 671 4572 hlimis,
700 4506 1101 4579 immaculatus,
1132 4513 1409 4581 innoxius,
1442 4517 1492 4570 in
1525 4532 1633 4590 quo
1657 4534 1766 4574 non
1786 4522 2065 4591 spinarum

2176 4512 2274 4567 sibi
2307 4516 2597 4587 scriberet,
2634 4520 2727 4592 qui
2756 4524 3078 4594 sapientiam
3109 4528 3228 4600 ejus
3253 4503 3417 4588 vellet
3443 4503 3660 4593 audi-re.
3690 4534 3774 4592 Ait

464 4596 704 4654 oll‘cndat
732 4602 998 4671 aSperitas
1028 4645 1041 4668 ,
1084 4604 1179 4660 sed
1209 4606 1379 4677 gratia
1417 4608 1745 4667 circumfusa
1796 4613 2061 4674 clarehat.

465 4691 603 4749 Sunt
628 4695 773 4749 enim
803 4696 976 4766 spinae
1006 4713 1276 4765 rosarum,
1316 4717 1438 4772 quae
1463 4714 1590 4759 sunt
1622 4714 1890 4764 tormenta
1921 4725 2066 4765 mar-

461 4794 678 4856 tyrum;
709 4801 816 4843 non
847 4788 1007 4845 habet
1045 4791 1230 4861 spinas
1266 4793 1531 4852 inoli'ensa
1573 4797 1831 4858 divinitas
1863 4843 1878 4869 ,
1941 4819 2064 4875 quae

464 4887 733 4935 tormenta
758 4896 866 4936 non
887 4882 1078 4938 sensit.

538 4971 594 5026 4.
630 4983 652 5012 ι’
682 4972 965 5045 Tamquam
993 4976 1162 5032 lilium
1200 4979 1255 5034 in
1292 4982 1463 5037 medio
1485 4984 1774 5054 spinarum.
1798 4989 1952 5058 Quod
1981 5001 2067 5048 est

466 5062 733 5120 cvidentis
792 5066 972 5122 indicii
1021 5069 1347 5138 spiritalium
1400 5077 1760 5146 nequitiarum
1817 5082 2065 5139 sentibus

465 5156 722 5213 virtutem
751 5160 1011 5227 obsideri,
1041 5162 1186 5220 unde
1210 5163 1444 5223 fructum
1478 5186 1639 5228 nemo
1688 5175 1891 5232 referat
1917 5219 1930 5243 ,
1958 5178 2061 5233 nisi

463 5248 554 5316 qui
587 5262 778 5307 cautus
800 5253 1039 5310 accedat.
1073 5256 1238 5311 Smne
1268 5259 1427 5329 igitur
1454 5262 1568 5317 alas
1612 5264 1766 5338 virgo
1787 5310 1801 5335 ,
1830 5270 1924 5324 sed
1951 5270 2062 5342 spi-

461 5341 630 5399 ritus:
664 5354 724 5399 ut
744 5346 1063 5416 supervoles
1092 5349 1243 5418 vitia,
1273 5353 1316 5406 si
1342 5355 1659 5427 contingere
1696 5364 1850 5432 cupis
1877 5360 2063 5424 Chris-

534 5458 642 5532 f'ln
675 5461 806 5528 psal.
832 5476 995 5532 cxvnt
1018 5479 1186 5521 serm.
1211 5465 1277 5532 5,
1311 5484 1467 5525 num.
1500 5474 1553 5528 7.

531 5529 561 5610 ξ
740 5531 1083 5610 minime,
1115 5538 1181 5592 ad
1205 5529 1322 5610 cap.
1352 5555 1449 5596 χιι.

466 5602 763 5728 lm'mlfihu
807 5604 877 5661 de
911 5602 1077 5677 Virg.
1098 5648 1114 5676 ,
1171 5602 1297 5682 cap'.
1331 5612 1384 5679 7,
1418 5629 1569 5671 num.
1604 5618 1675 5675 45
1710 5661 1726 5687 ,
1754 5631 1812 5680 et
1836 5638 1968 5701 cap.
1998 5629 2053 5700 8,

2168 4620 2297 4676 ergo
2316 4606 2369 4663 in
2396 4608 2634 4668 Canticis
2672 4629 2870 4687 sponsa
2892 4618 2961 4676 de
2989 4636 3192 4693 sponso
3225 4642 3239 4680 :
3272 4624 3412 4683 Ecce
3436 4630 3656 4699 pulcher
3689 4648 3771 4699 cs,

2168 4703 2508 4760 consobrinus
2528 4722 2690 4773 meus,
2716 4725 2831 4766 ecce
2848 4713 3067 4786 pulcher
3083 4733 3137 4772 es
3150 4728 3197 4774 et
3214 4719 3468 4791 decorus;
3500 4726 3771 4781 declinatio

2169 4804 2346 4849 nostra
2359 4812 2521 4869 opaca
2529 4840 2544 4863 ,
2560 4801 2728 4856 trabes
2740 4803 3011 4861 domorum
3023 4819 3314 4868 nostrarum
3326 4816 3495 4883 cedri,
3512 4817 3772 4873 lacunaria

2169 4901 2346 4945 nostra
2393 4895 2619 4966 cupressi
2648 4895 2824 4967 (Cant.
2859 4915 2898 4964 ι,
2926 4900 2993 4957 15
3021 4912 3070 4959 et
3098 4905 3209 4979 16).
3238 4906 3538 4966 Possumus
3570 4913 3675 4968 hoc
3702 4911 3769 4968 de

2169 4983 2465 5040 moralibus
2510 4987 2788 5059 accipere;
2816 4993 2905 5049 ubi
2930 4996 3075 5052 enim
3102 4999 3402 5071 requiescit
3432 5002 3691 5061 Christus
3718 5012 3769 5060 et

2171 5071 2441 5168 Ecclesia,
2474 5079 2576 5136 nisi
2606 5082 2659 5137 in
2690 5086 2950 5154 operibus
2979 5103 3092 5147 suae
3130 5093 3344 5163 plebis?
3392 5095 3638 5168 Denique
3684 5096 3767 5154 ubi

2169 5165 2501 5238 impudicitia
2527 5214 2543 5239 ,
2579 5174 2671 5230 ubi
2697 5178 2974 5251 superbia,
3004 5183 3095 5239 ubi
3117 5184 3378 5257 iniquitas
3405 5165 3564 5255 erat,
3597 5192 3670 5248 ibi
3696 5190 3768 5245 ait

2171 5260 2431 5321 Dominus
2459 5265 2619 5325 Jesus
2643 5288 2657 5328 :
2684 5270 2859 5330 Filius
2897 5287 3069 5333 autem
3106 5277 3336 5337 hominis
3355 5299 3459 5339 non
3504 5284 3661 5341 habet
3685 5283 3767 5340 ubi

2169 5369 2325 5429 caput
2346 5377 2499 5416 suum
2521 5364 2733 5421 reclinet
2759 5366 2979 5440 (Matth.
3002 5388 3098 5429 vm
3121 5415 3138 5443 ,
3168 5373 3289 5449 20).
3324 5375 3400 5433 De
3427 5377 3766 5436 naturalibus

2234 5491 2263 5582 (ξ
2437 5499 2875 5582 tle_Virgi_nitate,
2909 5524 3029 5582 cap.
3055 5511 3107 5580 9,
3141 5530 3292 5571 num.
3315 5517 3405 5574 51.

2241 5575 2264 5655 Ϊ
2289 5567 2413 5655 .L.i.b'
2441 5588 2479 5655 '.'
2502 5567 2740 5655 “3.53.”.-
2771 5567 2992 5646 θυίωοι⁵
3444 5592 3539 5649 59.

2238 5635 2262 5733 ς
2288 5638 2405 5733 pip.
2432 5643 2501 5733 ac
2524 5635 3417 5733 χίτέίηίιειθ,ιοὶήιῖὲῖὶιῖιὶιιῗὲῖξ
3436 5635 3530 5721 ἐξ

2234 5716 2262 5756 ι
2289 5710 2413 5768 Lib.
2435 5713 2503 5774 de
2524 5710 2696 5787 Isaa'c,
2719 5734 2844 5795 cap.
2860 5710 2931 5792 ’4,
2965 5710 3116 5784 num:
3140 5710 3232 5785 ᾖ.

3126 6132 3920 6272 ἣιωΔ
