3920 6320
106 370 248 427 1875

1109 370 1150 425 Ε
1191 366 1504 426 SCRIPTIS
1543 365 1602 424 S.
1644 365 1973 425 AMBROSII
2010 365 2436 425 COLLECTUS.

3265 371 3402 428 1874

106 490 285 537 autem
318 481 449 553 quid
472 481 838 553 accipiamus?
883 481 948 536 In
980 482 1180 548 umbra,
1211 483 1403 554 inquit,
1435 486 1548 556 ejus
1577 497 1703 536 con-
1731 487 1784 548 Α
1814 480 2109 553 prOphelas
2138 489 2193 537 et
2217 482 2514 552 apostolos,
2549 481 2736 538 intima
2761 482 2925 539 corda
2950 482 3254 552 hominum,
3288 500 3413 541 ver-

106 576 273 644 cupivi
298 584 348 629 et
387 577 496 631 sedi
517 618 532 642 ,
563 587 610 630 et
653 577 852 646 fructus
876 580 987 649 ejus
1012 577 1178 631 dulcis
1206 577 1258 631 in
1281 577 1519 649 faucibus
1542 577 1700 645 meis;

106 667 195 737 qui
221 667 372 722 enim
405 676 614 723 terrena
645 667 1076 740 supergreditur,
1097 679 1154 724 ct
1175 669 1261 724 cui
1290 669 1561 725 mundana
1592 686 1707 724 mo-

107 759 323 814 riuntur
361 760 639 833 (quoniam
690 761 1030 831 crucifigitur
1060 763 1112 817 ei
1161 763 1394 819 mundus
1423 804 1438 830 ,
1490 773 1545 819 et
1591 764 1706 834 ipse

109 851 337 924 mundo)
363 855 546 908 omnia
592 869 711 923 quae
756 865 877 908 sunt
935 854 1034 909 sub
1070 855 1186 911 sole
1213 897 1226 920 ,
1257 855 1455 926 refugit
1480 866 1534 911 ct
1575 872 1706 912 con-

108 945 314 1000 tenmit.
351 946 431 1002 De
483 946 724 1016 mysticis
767 963 984 1019 quoque
1015 949 1124 1004 ait:
1174 947 1499 1005 Introducite
1550 966 1628 1004 me
1653 951 1706 1004 in

106 1041 308 1094 domum
340 1040 475 1105 vini,
504 1043 864 1096 constituitein
895 1059 972 1096 me
995 1042 1318 1098 charitatem.
1345 1044 1560 1099 Etenint
1602 1045 1703 1098 sie-

104 1143 160 1187 ttt
204 1134 428 1188 vineam
479 1149 631 1189 suam
691 1135 841 1203 vitis,
876 1137 945 1191 ita
971 1136 1238 1191 Dominus
1261 1137 1418 1193 Jesus
1451 1139 1706 1209 populum

105 1243 256 1283 suum
285 1228 441 1298 quasi
463 1227 589 1284 vitis
619 1237 821 1286 aeterna
844 1231 1168 1302 quibusdam
1200 1231 1437 1288 brachiis
1474 1231 1708 1288 charita-

110 1319 172 1374 tis
201 1321 572 1390 amplectitur.

176 1413 226 1468 8.
257 1413 562 1470 Considera
605 1415 859 1487 singula;
894 1416 948 1471 in
985 1416 1284 1473 moralibus
1326 1417 1428 1473 llos
1453 1426 1537 1474 est
1567 1417 1709 1474 inter

111 1507 288 1578 spinas
317 1506 496 1563 lilium
523 1549 538 1575 ,
567 1508 709 1564 sicut
740 1510 858 1575 ipse
894 1510 1004 1565 ait:
1042 1508 1156 1583 Ego
1194 1512 1293 1582 ﬂos
1324 1510 1491 1582 campi
1518 1551 1533 1577 ,
1560 1520 1607 1565 et
1645 1512 1708 1565 li-

111 1601 227 1654 lium
252 1600 574 1655 convallium
611 1599 796 1672 (Sup.,
827 1617 876 1656 υ.
911 1603 988 1671 1).
1037 1601 1094 1657 ln
1128 1603 1427 1658 moralibus
1459 1619 1586 1674 ergo
1608 1602 1709 1662 ﬂos

111 1699 206 1756 est,
229 1692 372 1746 sicut
407 1692 462 1747 in
495 1692 834 1748 naturalibus
871 1699 952 1749 sol
978 1694 1203 1764 justitiac
1235 1737 1249 1762 ,
1283 1696 1374 1766 qui
1418 1696 1602 1751 oriens
1647 1703 1708 1751 et

112 1799 396 1857 resurgens
443 1786 762 1852 illuminat,
809 1786 1066 1843 occidens
1097 1787 1402 1843 obumbrat.
1455 1787 1598 1843 Cave
1643 1803 1712 1845 ne

113 1878 198 1933 tibi
225 1878 441 1934 occidat
469 1921 484 1944 ,
521 1880 646 1949 quia
674 1879 938 1950 scriptum
971 1888 1085 1935 est:
1123 1879 1217 1936 Sol
1247 1897 1352 1936 non
1379 1881 1581 1936 occidat
1624 1899 1712 1936 su-

1810 576 2004 630 borum
2036 575 2307 630 suavitate
2359 575 2650 630 mulcebat.
2701 575 2810 631 Sed
2861 592 2972 632 non
3004 578 3180 632 solum
3229 577 3408 643 odor,

1811 684 1996 723 verum
2029 669 2190 722 etiam
2240 668 2395 724 cibus
2427 668 2610 724 suavis
2657 669 2710 724 in
2744 670 2888 724 ntalu
2921 679 3004 726 est
3037 688 3050 723 :
3084 685 3214 742 ergo
3254 671 3410 727 cibus

1811 765 1990 819 suavis
2014 773 2094 819 est
2123 764 2391 818 Christus.

1885 859 1972 912 15.
2017 858 2082 912 In
2113 858 2289 912 umbra
2319 861 2433 931 ejus
2464 858 2767 927 concupiui,
2803 867 2849 912 et
2880 858 3030 925 sedi;
3058 858 3232 929 legent
3262 858 3406 914 enim

1811 962 2131 1021 acceperat,
2170 953 2308 1006 hanc
2347 952 2712 1021 sequebatur,
2763 952 2902 1006 hanc
2932 953 3187 1008 currebat
3213 951 3355 1007 viam
3393 971 3406 1006 :

1810 1045 1864 1101 in
1915 1045 2035 1116 lege
2082 1046 2263 1113 itaque
2307 1045 2706 1115 requiescens,
2739 1046 2792 1100 in
2843 1045 3031 1101 umbra
3081 1045 3278 1100 Christi
3328 1061 3412 1102 re-

1811 1138 2150 1209 quiesccbat.
2182 1138 2327 1192 Bona
2353 1139 2565 1201 umbra,
2601 1154 2725 1207 qua:
2755 1153 2854 1193 nos
2877 1139 2944 1192 ab
2973 1139 3274 1208 iniquitatis
3296 1137 3412 1192 sole

1811 1231 2090 1287 defendit!
2125 1229 2222 1286 Cui
2257 1242 2436 1285 autem
2481 1232 2702 1285 dubium
2753 1232 2894 1302 quod
2944 1234 3026 1286 lex
3080 1232 3176 1287 Dei
3223 1232 3411 1287 umbra

1814 1325 1884 1379 sit
1914 1323 2150 1379 Christi?
2179 1323 2319 1392 Quid
2351 1335 2433 1378 est
2466 1324 2551 1379 lex
2581 1324 2690 1378 diei
2723 1324 2874 1392 festi,
2919 1326 3220 1380 neonteniae
3241 1365 3256 1389 ,
3291 1325 3415 1378 sab-

1812 1416 2083 1481 batorum,
2114 1415 2216 1469 nisi
2252 1415 2438 1470 umhra
2469 1414 2812 1470 futurorum?
2836 1415 2935 1483 Qui
2960 1415 3080 1470 dies
3108 1415 3407 1470 secundum

1816 1505 1990 1577 legem
2015 1506 2184 1578 Moysi
2221 1525 2232 1560 :
2265 1505 2332 1562 Ut
2357 1507 2570 1563 videam
2600 1523 2695 1562 sex
2731 1507 2850 1562 dies
2871 1550 2886 1574 ,
2921 1517 2976 1563 et
3009 1509 3206 1563 iterum
3248 1509 3415 1578 septis

1815 1615 1964 1654 mum
2008 1601 2194 1667 diem,
2245 1609 2301 1655 et
2352 1601 2432 1656 sic
2481 1610 2738 1670 perpetua
2772 1603 3006 1656 smcula?
3035 1601 3168 1669 Quis
3210 1603 3414 1657 mensis

1815 1691 2116 1748 secundum
2165 1693 2338 1764 legem
2390 1694 2595 1766 Moysi,
2632 1703 2691 1748 ut.
2720 1695 2901 1749 sciens
2937 1709 3216 1760 mensem,
3248 1696 3417 1750 sciam

1817 1785 2046 1856 primam
2075 1787 2279 1840 mensis
2303 1786 2671 1852 ueomeniam,
2715 1795 2770 1841 ct
2811 1801 2940 1842 vero
2981 1796 3170 1842 sancta
3203 1788 3254 1842 in
3289 1803 3421 1843 neo-

1819 1878 2017 1933 meniis
2045 1877 2361 1933 offerenda?
2389 1879 2522 1947 Quis
2553 1879 2852 1934 secundum
2903 1879 3076 1950 legem
3123 1881 3293 1953 Moysi
3319 1897 3417 1935 an—

113 1989 195 2043 per
217 1973 547 2027 iracundiam
588 1983 806 2028 vestram
848 1973 1067 2047 (Ephes.
1092 1991 1165 2042 tv,
1190 1974 1305 2046 26).
1356 1975 1413 2031 ln
1469 1977 1712 2048 mysticis
1743 1970 1791 2030 B
1820 1987 1952 2039 nus,
2005 1987 2100 2028 sex
2134 1973 2242 2027 illis
2292 1973 2485 2028 diebus
2534 1983 2788 2028 constans
2837 1974 2905 2028 dc
2933 1975 3128 2044 quibus
3154 1973 3229 2027 ait
3261 1991 3274 2027 :
3312 1973 3419 2029 Sex

113 2066 338 2122 Charitas
362 2076 449 2122 est
475 2109 492 2136 ,
549 2068 676 2138 quia
709 2067 992 2137 plenitudo
1035 2068 1171 2139 legis
1203 2079 1285 2124 est
1322 2069 1596 2125 Christus.
1648 2070 1714 2125 Et

114 2157 227 2213 ideo
276 2159 525 2216 Ecclesia
574 2175 696 2230 qua:
744 2159 918 2231 diligit
959 2158 1236 2216 Christum
1261 2202 1278 2229 ,
1319 2161 1600 2218 vulnerata
1631 2171 1715 2218 est

116 2250 389 2308 charitate.

178 2343 229 2399 9.
257 2344 545 2402 ﬂPulchre
585 2345 748 2401 etiam
776 2345 951 2401 lilium
1008 2345 1206 2402 dicitur
1253 2345 1530 2413 Ecclesia;
1575 2346 1716 2403 sicut

117 2437 246 2493 enim
268 2439 441 2496 lilium
492 2439 698 2511 fulget,
731 2440 801 2495 ita
831 2442 993 2497 etiam
1025 2441 1314 2512 splendent
1338 2457 1503 2511 opera
1555 2456 1707 2497 sanc-

121 2538 304 2585 torum.
339 2531 724 2588 Pulcherrime
782 2533 944 2588 etiam
972 2532 1177 2588 dictum
1211 2542 1330 2590 est:
1369 2533 1564 2588 Litium
1589 2551 1714 2589 con-

118 2623 505 2696 vallium;quia
534 2626 585 2680 in
633 2623 930 2681 humilibus
971 2627 1141 2698 magis
1168 2627 1346 2682 elucet
1371 2628 1569 2698 gratia.
1603 2627 1713 2683 Sed

117 2711 208 2771 hoc
251 2717 417 2772 lilium
465 2719 517 2772 in
566 2718 747 2773 medio
781 2717 1104 2789 spinarum,
1150 2719 1254 2775 hoc
1282 2728 1404 2786 est,
1453 2720 1594 2776 inter
1623 2719 1715 2776 Ju-

117 2806 250 2864 drcos
277 2819 327 2865 et
354 2809 678 2876 haereticos,
706 2811 808 2866 hoc
839 2820 923 2866 est
953 2812 1093 2867 inter
1139 2810 1531 2867 sollicitudines
1553 2811 1716 2882 hujus

118 2902 288 2957 siecnli
319 2943 333 2968 ,
363 2919 431 2974 qu
455 2918 499 2957 at
523 2912 763 2958 mentem
796 2902 1032 2960 hominis
1079 2904 1427 2976 animumque
1453 2920 1715 2976 compun-

120 3004 255 3064 gunt.
290 2996 600 3053 Possumus
624 2997 789 3053 etiam
832 2997 990 3054 aliter
1020 2999 1270 3070 accipere
1291 3042 1305 3065 ,
1337 3000 1458 3070 quia
1485 2999 1622 3055 sicut
1652 2999 1717 3053 li-

118 3085 234 3144 lium
261 3089 398 3145 inter
420 3090 620 3160 spinas
647 3091 852 3147 eminet
880 3132 896 3156 ,
943 3091 1015 3147 ita
1048 3107 1211 3162 super
1243 3107 1435 3147 omnes
1477 3106 1716 3148 conven-

124 3189 196 3235 tus
215 3181 462 3237 Ecclesia
490 3182 582 3238 Dei
616 3183 867 3253 refulget.

185 3274 265 3330 10.
307 3274 509 3332 Refert
561 3276 724 3331 etiam
770 3276 1120 3333 considerare
1150 3318 1165 3344 ,
1223 3277 1366 3349 quod
1393 3278 1495 3334 hoc
1544 3278 1715 3334 lilium

1816 2066 1964 2118 annis
2009 2066 2192 2120 seruiet
2239 2064 2530 2126 Hebraeus,
2564 2076 2611 2120 et
2661 2067 2879 2135 septimo
2929 2081 3066 2120 anno
3114 2065 3418 2120 liberabitur

1818 2157 2001 2227 (Deut.
2039 2173 2140 2225 xv,
2173 2157 2294 2229 ti);
2328 2167 2386 2212 ut
2417 2158 2770 2213 inveniantur
2800 2173 2893 2212 sex
2933 2157 3061 2212 anui
3091 2158 3288 2228 quibus
3323 2157 3425 2212 ali-

1816 2249 1939 2320 quis
1969 2259 2228 2320 operatur
2263 2263 2461 2305 terram
2491 2292 2506 2317 ,
2541 2252 2775 2321 septimo
2804 2261 2985 2306 autem
3013 2267 3158 2304 anno
3187 2252 3415 2307 remittit

1820 2343 1968 2398 illam
2021 2343 2314 2414 proselytis
2341 2385 2356 2409 ,
2388 2353 2444 2398 et
2474 2342 2810 2414 pauperibus
2834 2385 2847 2407 ,
2897 2353 2952 2397 et
2984 2343 3172 2398 heStiis
3215 2344 3420 2399 teme?

1817 2437 1954 2506 Quis
1984 2439 2250 2508 septimus
2269 2452 2465 2504 annus,
2496 2453 2605 2509 quo
2631 2438 3002 2494 concedantur
3029 2437 3211 2492 omnia
3238 2437 3421 2492 debita

1820 2531 2105 2586 Hebraeis?

1895 2625 1979 2680 11.
2023 2623 2082 2679 In
2110 2625 2210 2679 hac
2232 2624 2424 2679 umhra
2447 2624 2828 2692 requiescebat
2852 2623 3073 2679 Patrum
3105 2623 3264 2691 fides,
3288 2640 3417 2696 pro-

1821 2719 2110 2790 phetarum
2142 2727 2331 2772 sancta
2376 2717 2620 2773 devotio.
2658 2717 2751 2772 Dic
2781 2733 2916 2788 ergo
2957 2719 3308 2789 congregatio
3337 2734 3426 2774 rc-

1821 2814 2013 2884 ligiosa
2061 2812 2147 2867 vel
2175 2821 2364 2866 sancta
2396 2813 2576 2865 anima
2605 2829 2616 2866 :
2651 2809 2718 2865 In
2747 2811 2928 2867 umbra
2960 2813 3074 2882 ejus
3115 2813 3385 2882 concupiui
3411 2855 3428 2880 ,

1821 2917 1868 2961 et
1898 2905 2028 2960 sedi.
2064 2904 2265 2961 Umbra
2292 2904 2655 2974 estjubilazus
2691 2918 2872 2959 annus
2903 2922 2915 2958 :
2950 2905 3072 2974 quis
3111 2904 3256 2958 enim
3304 2905 3424 2970 ejus

1822 3001 2045 3072 mystica
2070 3000 2240 3066 videt,
2260 3011 2320 3054 ut
2345 2999 2483 3054 facie
2504 2999 2571 3054 ad
2599 2998 2793 3053 faciem
2821 3009 3114 3068 cognoscat
3141 3012 3260 3067 qua:
3284 3012 3429 3055 anno

1821 3091 2262 3165 quingentesimo
2309 3090 2635 3160 complenda
2688 3089 2834 3160 Lege
2885 3088 3206 3160 prmscripta
3258 3087 3431 3142 sunt?

1819 3188 2021 3246 Umbra
2065 3198 2194 3242 sunt
2245 3186 2361 3241 dies
2412 3185 2536 3240 festi
2568 3183 2864 3239 secundum
2911 3183 3113 3253 Legem
3163 3197 3194 3236 a
3242 3182 3421 3252 primo

1823 3297 2015 3338 mense
2054 3282 2270 3336 decima
2309 3279 2399 3334 die
2428 3279 2632 3333 mensis
2656 3319 2671 3343 ,
2707 3292 2878 3346 usque
2908 3276 2974 3330 ad
2998 3284 3244 3345 quartam
3276 3274 3424 3330 deci-

125 3368 396 3437 splendore
418 3371 824 3427 circumfusum
857 3372 961 3437 sit,
989 3371 1134 3426 intus
1160 3380 1340 3428 autem
1365 3373 1507 3443 quod
1539 3372 1722 3440 habet,
1751 3373 1795 3434 C
1832 3394 1974 3433 mam
2003 3420 2018 3445 ,
2051 3386 2106 3432 et.
2134 3375 2260 3430 inde
2294 3391 2464 3446 usque
2494 3372 2560 3427 ad
2591 3373 2907 3442 vigesimam
2932 3370 3163 3442 primam
3196 3369 3428 3425 mensis.

126 3464 331 3520 rubeam
360 3467 468 3532 sit,
494 3465 618 3519 boni
638 3475 692 3520 et
707 3466 882 3535 ipsum
898 3465 1104 3531 odoris;
1125 3481 1191 3522 eo
1210 3465 1354 3536 quod
1368 3481 1499 3521 caro
1519 3465 1721 3522 Christi

129 3557 259 3613 velut
287 3559 482 3615 morali
510 3557 1156 3616 divinitatisclaritudine
1196 3563 1582 3632 circumsepta,
1606 3577 1722 3618 coe-

135 3647 270 3708 lestia
296 3651 551 3709 habuerit
573 3653 963 3723 protectionem
995 3654 1202 3724 grati-.c.
1249 3654 1488 3726 Denique
1519 3655 1569 3709 in
1603 3669 1727 3725 pos—

142 3743 414 3800 terioribns
453 3746 570 3802 ait:
603 3743 896 3800 Fraternas
937 3762 1077 3799 meus
1131 3746 1422 3812 candidus,
1449 3757 1493 3800 et
1538 3749 1725 3801 rubens

143 3833 298 3906 (Cant.
329 3854 381 3902 γ,
414 3837 546 3910 10);
577 3836 840 3892 candidus
888 3838 1132 3894 claritate
1161 3838 1368 3911 1561
1397 3839 1603 3904 divina,
1636 3855 1727 3894 ru-

138 3929 258 3988 bens
281 3933 464 4004 specie
493 3932 699 3986 coloris
731 3931 974 3998 humani,
998 3947 1158 4001 quem
1189 3942 1530 3986 sacramento
1552 3933 1726 3987 incar-

141 4027 356 4083 nationis
383 4029 702 4098 assumpsit.
728 4026 1028 4098 Meritoque
1061 4035 1118 4082 et
1139 4027 1311 4096 ipsum
1359 4027 1503 4098 quod
1526 4035 1609 4082 est
1633 4043 1724 4081 rn-

142 4120 278 4175 brum
307 4165 322 4189 ,
355 4123 494 4180 bene
524 4123 654 4189 olet,
689 4122 815 4194 quia
841 4138 968 4177 caro
999 4121 1195 4178 Christi
1223 4124 1341 4177 sine
1365 4131 1588 4192 peccato
1619 4132 1724 4189 est,

142 4228 284 4283 quam
314 4217 504 4288 perfidi
529 4225 954 4283 contrectantes,
997 4233 1192 4272 manus
1242 4232 1369 4272 suas
1407 4217 1728 4288 inquinave-

144 4318 284 4361 runt:
323 4310 501 4364 sancti
553 4319 901 4375 venerantes,
926 4310 1146 4380 pietatis
1177 4309 1345 4364 odore
1398 4311 1724 4380 fragrarunt.

207 4402 288 4457 11.
313 4405 537 4475 Accepit
560 4403 702 4459 hunc
725 4404 950 4460 odorem
977 4404 1238 4459 Dominus
1260 4403 1420 4459 Jesus
1439 4403 1729 4473 fragrantis

144 4491 385 4550 Ecclesia:
413 4511 528 4552 sum
551 4539 566 4563 ,
600 4506 654 4552 et
697 4497 773 4551 ait
803 4516 814 4550 :
848 4496 985 4551 Ecce
1033 4497 1272 4568 proxima
1316 4512 1429 4550 mea
1476 4497 1627 4550 bona.
1665 4497 1732 4551 Et

146 4587 366 4646 Ecclesia
397 4593 531 4649 dicit
567 4591 632 4646 ad
662 4591 942 4647 Christum
975 4609 987 4644 :
1023 4591 1159 4645 Ecce
1194 4608 1244 4645 es
1271 4591 1435 4646 bonus
1463 4595 1729 4663 fraternus

145 4697 292 4751 mens,
318 4701 430 4739 ecce
460 4703 512 4740 es
543 4687 726 4752 bonus,
753 4695 1014 4756 tamquam
1051 4684 1249 4738 malum
1289 4685 1342 4737 in
1375 4685 1530 4755 lignis
1557 4686 1720 4739 silete.

1827 3473 1957 3541 Quae
1981 3469 2169 3524 umbra
2194 3476 2279 3523 est
2302 3467 2595 3522 celebritas
2624 3465 2715 3519 illa
2743 3465 2886 3519 inter
2911 3465 3142 3532 primum
3174 3472 3232 3519 et
3263 3463 3431 3533 septi-

1829 3580 1974 3620 mum
2007 3578 2247 3617 mensem
2276 3562 2327 3615 in
2362 3569 2611 3628 tempore
2636 3558 2731 3612 illo
2768 3558 3090 3629 anonymo?
3115 3555 3320 3612 Umbra
3352 3564 3438 3610 est

1828 3657 2165 3714 sanctiﬁcata
2186 3655 2412 3709 libertas
2435 3654 2486 3707 in
2509 3652 2758 3706 sabbato.
2786 3649 2992 3706 Umbra
3008 3659 3093 3705 est
3118 3650 3237 3704 dies
3261 3649 3434 3703 festus

1829 3752 2046 3823 Septimi
2077 3749 2285 3805 mensis
2316 3749 2652 3812 neomenim,
2687 3754 2743 3800 et
2771 3744 3096 3800 memorialc
3129 3744 3379 3799 tubarum
3409 3785 3424 3808 ,

1829 3845 2044 3914 septimi
2096 3841 2301 3897 mensis
2350 3840 2469 3894 dies
2515 3837 2794 3901 decimus,
2846 3837 2966 3891 dies
3007 3835 3431 3906 propitiationis.

1831 3938 1998 3992 Vides
2029 3935 2152 4004 quia
2209 3949 2397 3987 monas
2444 3940 2500 3985 et
2546 3929 2748 3992 decas,
2803 3929 2912 3984 duo
2941 3928 3064 3983 feSti
3113 3926 3252 3983 dies.
3299 3925 3433 3982 Item

1830 4033 2051 4102 quintus
2077 4028 2323 4082 decimus
2350 4025 2492 4088 dies,
2513 4021 2630 4076 dies
2655 4021 3156 4077 Tabernacnlorum
3190 4036 3288 4090 per
3308 4027 3437 4074 octo

1830 4125 1992 4180 dies:
2029 4125 2080 4178 in
2115 4123 2305 4179 umbra
2354 4123 2470 4178 lucc
2499 4124 2701 4177 omnia.
2750 4119 2809 4175 1n
2854 4119 3047 4174 umbra
3092 4118 3262 4186 prima
3316 4114 3438 4171 dies

1832 4227 2044 4282 vocata,
2078 4228 2130 4272 et
2161 4225 2350 4272 octava
2382 4217 2500 4273 dies
2523 4223 2714 4272 vocata
2747 4215 2800 4269 in
2830 4213 3044 4277 umbra,
3083 4228 3205 4284 quae
3232 4225 3434 4268 sceno-

1833 4309 2023 4380 paegiis
2051 4310 2367 4378 praescripta
2401 4309 2702 4364 secundum
2732 4306 2957 4375 Legem.

1904 4403 1989 4459 15.
2035 4403 2320 4458 Coostitue
2353 4403 2483 4455 mihi
2512 4402 2728 4469 aliquos
2766 4416 2835 4453 cx
2870 4397 3290 4453 circumcisione
3319 4410 3441 4450 cre-

1831 4496 2049 4562 dentes,
2078 4495 2133 4550 in
2160 4495 2303 4565 Lege
2324 4495 2541 4559 doctos,
2573 4492 2938 4547 observantiae
2964 4489 3215 4544 sollicitae
3247 4489 3398 4541 viros
3421 4526 3437 4553 ,

1833 4598 1888 4643 ct
1913 4603 2055 4642 nunc
2090 4586 2367 4656 Evangelii
2397 4585 2671 4655 agnitione
2699 4582 3062 4643 illuminatos,
3096 4577 3331 4648 spiritali
3356 4592 3444 4632 sa-

1831 4680 2045 4750 ginatus
2075 4679 2242 4746 gratia
2265 4720 2280 4744 ,
2309 4677 2442 4732 dicit
2471 4677 2526 4731 in
2569 4676 2654 4730 bis
2685 4676 2928 4730 Ecclesia
2958 4689 3080 4745 quae
3109 4671 3257 4726 videt
3277 4669 3442 4726 Chri-

148 4772 498 4833 Pulcherrima
523 4779 778 4835 collatio!
810 4778 948 4846 Quid
969 4777 1113 4832 enim
1140 4776 1418 4847 pulchrius
1438 4778 1722 4848 aptiusque
1749 4804 1808 4868 D
1833 4781 2001 4836 stum,
2026 4787 2146 4841 quin
2174 4785 2436 4841 spmisum
2469 4769 2683 4836 recipit,
2718 4785 2840 4837 quae
2861 4767 2988 4822 cibo
3014 4765 3133 4834 ejus
3163 4762 3437 4834 pascitur:

147 4866 240 4922 dici
266 4879 446 4939 queat,
476 4886 637 4941 quam
673 4881 733 4925 ut
762 4885 1022 4940 spcusnm
1051 4868 1234 4923 arbori
1260 4868 1386 4922 mali
1405 4869 1725 4938 comparet?

149 4957 448 5029 llnjusmodi
475 4964 620 5018 enim
655 4977 873 5033 pomum
904 4961 1128 5016 odorem
1160 4968 1375 5031 gratum
1423 4959 1587 5016 habet
1619 5003 1632 5027 ,
1670 4972 1727 5017 ut

148 5063 456 5110 ceterorum
481 5071 762 5124 pomorum
785 5052 1133 5125 fragrantiam
1157 5055 1361 5108 vincat.
1393 5053 1462 5108 Et
1480 5053 1731 5110 Christus

150 5145 332 5202 afﬁxus
360 5149 426 5203 ad
453 5149 679 5219 lignum,
713 5150 854 5204 sicut
886 5150 1086 5204 malum
1121 5147 1366 5217 pendens
1396 5147 1452 5202 in
1489 5148 1686 5203 arbore
1708 5192 1724 5216 ,

154 5233 336 5293 bonum
384 5239 605 5296 odorem
649 5239 940 5295 mundanae
989 5239 1252 5294 fundebat
1295 5238 1728 5310 redemptionis,

153 5340 264 5394 quae
292 5331 493 5398 peccati
521 5347 742 5402 gravem
767 5330 998 5387 detersit
1024 5329 1280 5399 fetorem,
1313 5342 1368 5386 et
1395 5341 1728 5402 unguentum

156 5426 301 5484 potus
328 5421 510 5477 vitalis
533 5422 745 5478 effudit.

224 5508 307 5564 12.
345 5510 630 5585 Tamquam
674 5516 872 5569 malum
896 5555 910 5580 .
944 5515 1150 5584 inquit,
1183 5517 1237 5572 in
1265 5517 1420 5588 lignis
1449 5517 1628 5584 silvae,
1659 5518 1733 5574 ita

157 5602 478 5661 consobrinus
505 5623 647 5662 meus
687 5608 741 5662 in
764 5606 937 5664 medio
967 5607 1233 5678 ﬁliorum;
1260 5623 1327 5665 eo
1371 5609 1516 5680 quod
1565 5624 1733 5681 super

235 5877 260 5905 ἰ
300 5869 352 5926 In
386 5872 521 5942 psal.
553 5883 720 5928 cxvm
760 5888 927 5931 serm.
957 5874 1015 5940 5,
1044 5885 1196 5929 num.
1229 5873 1262 5925 7
1288 5880 1342 5929 et
1360 5888 1477 5944 seq.

1837 4863 1902 4918 In
1927 4862 2109 4918 umbra
2135 4865 2245 4935 ejus
2274 4861 2566 4929 concupiui,
2592 4872 2639 4914 et
2661 4860 2790 4923 sedi,
2815 4868 2865 4912 et
2897 4861 3097 4930 fructus
3125 4858 3239 4924 ejus
3269 4853 3443 4907 dulcis

1833 4958 1886 5012 in
1919 4955 2156 5029 faucibus
2188 4957 2330 5009 meis.
2360 4955 2494 5022 Quis
2524 4952 2735 5008 fructus
2763 4953 2881 5021 ejus
2915 4948 3090 5005 dulcis
3114 4992 3127 5008 .
3157 4949 3263 5003 nisi
3295 4961 3436 5017 pra:-

1837 5052 2038 5108 dicatio
2059 5050 2358 5106 Dominicze
2391 5047 2701 5116 passionis?
2732 5054 2790 5100 ut
2817 5046 2935 5115 ipse
2961 5045 3070 5096 ait:
3104 5039 3242 5096 Ecce
3277 5040 3446 5095 luere-

1838 5149 1974 5202 ditas
1998 5146 2225 5210 Domini,
2258 5143 2355 5212 ﬁlii
2381 5159 2576 5196 merces
2599 5143 2799 5210 {ructus
2822 5145 3014 5193 ventris
3038 5134 3214 5205 (Psal.
3243 5148 3409 5189 cur!
3428 5174 3446 5200 ,

1836 5241 1916 5313 ⁸5).
1949 5240 2082 5308 Quis
2109 5239 2256 5293 enim
2279 5236 2494 5291 dulcior
2519 5233 2723 5289 fructus
2755 5241 2936 5302 potest
2955 5243 3078 5285 csse
3109 5229 3162 5283 in
3195 5225 3445 5282 faucibus

1839 5333 2064 5397 nostris,
2093 5347 2256 5402 quam
2286 5328 2540 5384 remissio
2572 5323 2962 5397 peccatorum?

1911 5425 2000 5480 16.
2045 5422 2074 5462 b
2111 5422 2177 5478 Et
2216 5427 2419 5496 fructus
2447 5422 2561 5492 ejus
2599 5420 2766 5474 dulcis
2793 5417 2993 5490 gutturi
3040 5431 3173 5470 meo.
3204 5413 3300 5469 Est
3329 5410 3444 5482 spi-

1840 5517 2042 5573 rituale
2073 5531 2296 5580 manna,
2327 5514 2434 5569 hoc
2465 5521 2582 5576 est,
2614 5511 2795 5581 pluvia
2828 5509 3091 5581 spiritalis
3119 5505 3410 5578 sapientize
3430 5544 3448 5571 ,

1839 5627 1961 5683 quae
2003 5609 2304 5682 ingeniosis
2343 5618 2401 5666 et
2429 5605 2805 5679 quaerentibus
2834 5604 2900 5662 de
2935 5603 3076 5661 coelo
3107 5600 3446 5668 infunditur,

1911 5872 1940 5910 δ
1991 5873 2235 5945 Epistola
2267 5873 2336 5931 ad
2364 5876 2645 5941 Irenaeum,
2679 5876 2731 5931 in
2763 5891 2882 5945 cap.
2909 5866 3003 5932 xvi
3027 5858 3241 5946 Exodi.
