3920 6324
485 331 624 393 1875

1481 338 2027 403 COMMENTARIUS
2069 341 2136 401 IN
2174 342 2467 403 CANTICA
2509 345 2787 405 CANTIC.

3646 348 3795 408 l876

477 460 535 507 et
562 453 759 508 irrorat
785 458 997 510 mentes
1016 453 1254 525 piorum,
1283 461 1341 511 et
1361 454 1619 512 obdulcat
1644 457 1831 514 fauces
1851 468 2076 515 eorum:
2107 461 2161 523 Α
2258 461 2343 515 l9.
2388 461 2714 517 lntroducite
2742 479 2822 518 me
2861 464 2913 519 in
2947 466 3156 519 domum
3186 467 3313 521 vini.
3343 465 3422 520 De
3446 464 3620 535 copiis
3650 481 3794 535 pta:-

479 546 570 615 qui
602 545 769 615 igitur
798 544 1134 603 intellexerit
1164 547 1494 605 inlusionem
1524 551 1725 607 divlnre
1751 555 2037 623 sapientia
2062 595 2078 622 ,

479 637 785 694 delectatur
812 653 912 695 nec
940 641 1106 695 alium
1135 641 1317 698 cibum
1339 644 1559 713 qumrit,
1593 660 1693 700 nec.
1722 647 1776 700 in
1798 648 1918 702 solo
1942 656 2082 717 pane

480 731 617 786 vivit
641 772 656 794 ,
688 731 785 787 sed
820 732 872 786 in
905 733 1052 788 omni
1083 734 1253 789 verbo
1288 735 1402 791 Dei.
1447 735 1548 804 Qui
1573 737 1845 793 curiosior
1877 739 2077 806 fuerit;

482 821 679 894 quaerit
724 823 850 894 quid
895 824 969 879 sit
998 824 1133 880 illud
1166 826 1311 896 quod
1344 827 1508 883 melle
1556 827 1775 884 dulcius
1827 830 1901 885 sit
1940 849 1952 885 :
1997 846 2085 886 re-

484 916 720 986 spondet
749 915 825 971 illi
867 917 1120 973 minister
1144 918 1238 975 Dei
1271 937 1285 973 :
1312 919 1411 976 Hic
1439 929 1524 976 est
1551 921 1707 991 panis
1735 938 1902 993 quem
1933 923 2085 980 dedit

477 1007 633 1064 vobis
655 1008 921 1064 Dominus
950 1010 1302 1067 manducare.
1324 1011 1462 1079 Quid
1485 1014 1556 1068 sit
1582 1014 1686 1070 iste
1708 1015 1885 1084 panis,
1920 1016 2080 1071 audi:

487 1100 747 1165 Verbum,
785 1100 995 1173 inquit,
1028 1104 1166 1166 quod
1196 1104 1458 1159 ordinavit
1501 1106 1661 1162 Deus.
1710 1108 1924 1181 1562
1959 1110 2085 1167 llaec

482 1208 615 1263 ergo
640 1193 919 1249 ordinatio
963 1195 1094 1262 Dei,
1137 1194 1256 1252 haec
1299 1198 1559 1252 alimonia
1591 1200 1690 1254 alit
1729 1204 1969 1257 animant
1997 1217 2085 1258 sa-

477 1286 723 1358 pientis,
766 1298 820 1341 et
864 1287 1139 1343 illuminat
1164 1295 1329 1359 atque
1374 1290 1669 1357 obdulcat,
1721 1294 2085 1365 resplendens

479 1379 729 1434 veritatis
749 1393 1004 1446 corusco,
1029 1388 1085 1435 et
1106 1382 1352 1437 muleens
1376 1393 1649 1454 tamquam
1675 1384 1798 1439 lavo
1821 1387 2080 1457 quodam,

477 1473 553 1527 ita
581 1473 925 1529 diversarum
957 1475 1219 1530 virtulttnt
1265 1477 1534 1532 suavitate
1561 1518 1575 1545 ,
1617 1480 1673 1533 et
1711 1494 1966 1536 sermone
1996 1496 2085 1536 sa-

481 1565 722 1635 pienlite.
754 1565 887 1620 Favi
913 1567 1060 1622 enim
1111 1568 1279 1623 mellis
1308 1585 1572 1624 sermones
1595 1581 1716 1626 sunt
1748 1571 1902 1641 boni,
1941 1573 2085 1630 sicut

476 1658 740 1727 scriptum
758 1666 842 1714 est
859 1660 912 1715 in
933 1660 1264 1715 Proverbiis.
1296 1660 1443 1732 Ergo
1467 1663 1557 1717 ubi
1584 1666 1825 1735 gustavit
1847 1667 2081 1723 fructum

476 1749 786 1818 suavitatis,
816 1752 1110 1822 impatiens
1132 1752 1198 1809 ad
1225 1753 1553 1824 perfectiora
1580 1755 1826 1823 festinat,
1847 1758 2076 1816 dicens:

2188 555 2410 624 paratis,
2445 557 2641 626 quaerit
2674 558 2931 628 progredi
2961 559 3026 613 ad
3052 560 3211 615 aliam
3239 561 3579 615 mansionem
3608 560 3664 614 in
3687 575 3793 631 qua

2186 649 2571 718 mysteriorum
2602 652 2836 721 gratiam
2881 662 2934 707 cl
2967 655 3175 710 laetitia:
3213 656 3394 726 capiat
3438 656 3793 711 suavitatem.

2186 741 2321 795 Hinc
2365 757 2579 813 quoque
2610 758 2942 815 promovcns
2989 757 3177 804 verum
3211 751 3314 805 iter
3337 792 3352 815 ,
3384 750 3462 804 ait
3492 766 3508 806 :
3543 751 3797 806 Ordinate

2182 836 2237 890 in
2264 853 2342 891 me
2369 836 2723 895 dilectionem.
2773 841 2923 895 Bona
2970 843 3166 898 stativa
3190 885 3204 908 ,
3251 844 3340 898 ubi
3390 843 3682 913 plenitudo
3714 850 3798 901 est

2183 930 2489 986 charitatis.
2516 931 2543 971 ι’
2577 932 2832 989 Charitas
2865 950 2973 990 non
3005 943 3186 1006 potest
3210 952 3335 993 esse
3359 937 3483 994 sine
3512 930 3649 1005 ﬁde;
3684 938 3797 994 tres

2184 1024 2332 1079 enim
2365 1026 2517 1081 velut
2568 1031 2736 1082 vades
2785 1039 2912 1082 sunt
2942 1029 3238 1096 Ecclesiae,
3267 1044 3395 1101 spes
3417 1073 3431 1097 ,
3462 1030 3631 1093 ﬁdes.
3665 1032 3801 1087 eba-

2185 1118 2337 1183 ritas,
2372 1134 2496 1174 cum
2523 1135 2648 1188 spes
2672 1123 3046 1191 praecesserit,
3075 1122 3211 1179 ﬁdes
3241 1124 3459 1181 fundata
3488 1124 3678 1192 fuerit,
3711 1142 3801 1181 or-

2184 1209 2406 1265 dinatur
2431 1211 2696 1279 charitas,
2731 1213 2979 1270 Ecclesia
3010 1217 3317 1286 copulatur.

2256 1302 2346 1356 20.
2376 1315 2395 1341 ο
2431 1303 2749 1373 Con/innate
2778 1323 2889 1372 nte,
2935 1307 3134 1378 inquit,
3171 1310 3228 1363 in
3251 1310 3530 1381 unguentis
3550 1353 3565 1378 ,
3606 1311 3799 1380 stipata

2184 1409 2265 1450 nte
2290 1397 2343 1449 in
2362 1398 2534 1451 malis.
2563 1398 2743 1454 llabes
2767 1401 2902 1454 alias
2929 1402 3265 1466 mansiones,
3291 1402 3356 1457 ad
3377 1410 3518 1473 uuas
3546 1401 3799 1459 Ecclesia

2184 1498 2305 1543 eum
2334 1487 2701 1547 delectatione
2729 1493 2993 1548 succedit.
3027 1494 3149 1550 Istae
3176 1496 3491 1551 mansiones
3521 1506 3649 1550 sunt
3676 1510 3803 1552 cru-

2184 1581 2265 1637 cis
2292 1579 2497 1637 Christi
2545 1592 2602 1638 et
2650 1585 2950 1655 sepultura:
2978 1628 2992 1653 ,
3031 1588 3082 1642 in
3130 1586 3331 1658 quibus
3377 1579 3663 1645 vulnerata
3718 1598 3802 1646 est

2184 1673 2469 1741 Ecclesia,
2512 1676 2611 1731 sed
2653 1678 2884 1736 vulnere
2933 1680 3249 1747 ebaritatis;
3283 1682 3481 1738 vulnus
3522 1680 3676 1739 enim
3708 1694 3791 1741 est

2186 1768 2334 1838 quod
2359 1767 2610 1826 Christus
2640 1775 2892 1843 excepit,
2926 1775 3021 1830 sed
3053 1782 3389 1846 unguentum
3418 1786 3505 1833 est
3536 1778 3689 1848 quod
3718 1779 3800 1835 er-

556 1845 643 1899 17.
679 1845 867 1917 (Vera.
915 1846 1068 1920 4-7.)
1094 1856 1120 1885 α
1150 1847 1478 1904 Introducite
1505 1867 1584 1904 me
1608 1852 1664 1906 in
1704 1851 1918 1907 domum
1941 1856 2079 1922 cini,
2113 1853 2163 1914 B
2190 1856 2346 1914 ludit.
2390 1859 2618 1916 Pomum
2649 1873 2732 1918 est
2761 1863 2907 1934 quod
2944 1845 3233 1937 pependit,
3267 1867 3372 1923 hoc
3413 1845 3639 1937 pomum
3675 1886 3799 1942 gus-

473 1937 773 1991 eonstitu’ite
796 1938 850 1991 in
872 1954 953 1993 me
972 1938 1321 2007 dilectionem,
1345 1942 1648 2011 con/innate
1673 1961 1753 1999 me
1774 1948 1827 1999 in
1852 1963 2083 2018 unguen-

483 2026 547 2079 tis
569 2066 583 2091 ,
612 2028 801 2098 stipate
825 2045 904 2083 me
929 2030 983 2083 in
1006 2031 1194 2097 malis;
1215 2031 1337 2101 quia
1359 2035 1643 2089 vulnerata:
1670 2035 1964 2093 dilectionis
1985 2055 2083 2112 ego

480 2132 614 2171 sum.
652 2117 806 2173 Lteva
846 2121 960 2190 ejus
983 2123 1077 2176 sub
1108 2123 1277 2193 capite
1316 2139 1460 2191 meo,
1493 2136 1539 2180 et
1570 2128 1780 2181 dextera
1806 2131 1919 2199 ejus
1939 2146 2082 2185 com-

482 2209 739 2280 plectetur
777 2228 876 2265 me.
924 2211 1181 2286 Adjurari
1207 2230 1294 2269 vos
1314 2256 1328 2281 ,
1355 2216 1482 2286 ﬁlia:
1512 2217 1866 2287 Hierusalem,
1895 2223 1948 2275 in
1978 2223 2084 2277 uir-

483 2300 679 2357 tutibus
715 2311 760 2355 et
788 2303 1188 2373 fortitudinibus
1227 2308 1381 2378 agri,
1428 2309 1473 2363 si
1521 2313 1893 2368 suscitaveritis
1921 2325 1967 2368 et
1998 2331 2083 2369 re-

477 2393 847 2448 suscitaveritis
899 2395 1266 2464 dilectionem,
1296 2415 1563 2471 usquequo
1607 2404 1844 2459 voluerit.
1889 2405 2083 2462 Merito

479 2485 675 2555 qurerit
702 2501 827 2541 eum
852 2530 866 2551 .
896 2489 1094 2545 merito
1131 2490 1439 2560 desiderat;
1470 2496 1595 2566 quia
1640 2496 1779 2553 bene
1807 2500 1988 2556 omnia
2026 2501 2082 2556 in

478 2575 587 2633 hoc
612 2593 776 2636 cursu
819 2589 984 2653 atque
1015 2585 1215 2642 Itinere
1240 2585 1514 2657 disposuit
1543 2590 1842 2661 imperator
1868 2602 2079 2654 noster.

474 2668 718 2728 Primum
763 2676 1010 2730 omnium
1062 2676 1190 2733 ﬁdei
1252 2679 1609 2738 fundamento
1672 2686 2080 2745 tabernaculum

481 2762 586 2819 hoc
614 2765 1054 2824 conﬁrmandum
1099 2773 1330 2840 potavit.
1364 2775 1569 2832 Deinde
1598 2778 1646 2833 si
1678 2794 1778 2850 qua
1807 2793 1891 2837 est
1923 2783 2081 2839 nobis

477 2869 669 2927 aspera
716 2868 878 2930 atque
920 2864 1072 2918 arida
1100 2874 1158 2921 et
1195 2876 1469 2938 prterupta
1499 2874 1746 2942 mansio,
1780 2873 2083 2947 Imperator

482 2957 663 3004 tamen
696 2951 801 3008 iste
844 2954 1057 3010 turbata
1087 2958 1380 3026 discernit,
1411 2962 1562 3018 arida
1603 2966 1827 3039 irrigat.
1860 2970 2079 3027 deserta

480 3038 762 3098 fecundat.
791 3043 847 3100 Si
874 3047 1001 3116 quid
1025 3052 1439 3119 amaritudinis,
1461 3057 1651 3127 siquid
1675 3038 2012 3130 tentationis,
2035 3067 2081 3120 si

479 3133 608 3203 quid
623 3135 959 3195 infirmitatis
981 3150 1085 3207 est,
1101 3143 1299 3200 ductor
1313 3155 1500 3202 noster
1520 3159 1769 3207 etatnara
1788 3164 2079 3225 temperat,

2190 1951 2324 2005 tavit
2348 1953 2589 2008 Ecclesia
2612 1996 2627 2021 ,
2673 1965 2728 2010 et
2769 1957 2843 2010 ait
2873 1974 2885 2011 :
2912 1956 2980 2011 Et
3008 1959 3212 2029 fructus
3240 1963 3357 2033 ejus
3385 1960 3560 2016 dulcis
3590 1964 3649 2017 in
3677 1970 3798 2035 fau-

2188 2044 2331 2099 cibus
2353 2047 2499 2101 meis.
2535 2047 2601 2103 Et
2634 2058 2685 2103 ut
2725 2050 2869 2106 scias
2915 2051 3039 2121 quia
3085 2066 3303 2122 pomum
3352 2065 3439 2110 est
3489 2055 3795 2121 Domitius,

2189 2135 2370 2207 legisti
2412 2153 2574 2209 supra
2611 2159 2624 2194 :
2660 2138 2944 2213 Tamquam
2972 2143 3169 2198 malum
3211 2146 3265 2199 in
3305 2146 3462 2219 lignis
3504 2148 3657 2203 silete
3680 2189 3697 2215 ,
3728 2149 3798 2203 ita

2189 2231 2528 2286 consobrinus
2567 2250 2730 2288 meus.
2756 2235 2867 2289 Nos
2894 2252 3113 2307 quoque
3142 2238 3343 2293 vulnus
3370 2238 3644 2305 fatemur,
3676 2252 3797 2297 eum

2192 2323 2552 2391 praedicamus
2605 2325 2880 2382 Christum
2925 2330 3276 2397 cruciﬁxum,
3312 2332 3408 2387 sed
3455 2333 3638 2390 bonus
3669 2335 3801 2392 odor

2188 2429 2376 2471 sumus
2420 2418 2570 2484 Deo;
2601 2421 2729 2489 quia
2758 2437 2887 2478 crux
2936 2423 3140 2479 Christi
3188 2424 3392 2481 Judaeis
3437 2429 3797 2495 scandalum,

2188 2508 2396 2566 Graecis
2424 2513 2656 2570 stultitia
2682 2555 2697 2580 ,
2749 2512 2909 2571 nobis
2933 2528 3113 2571 autem
3148 2519 3321 2573 virtus
3364 2516 3459 2575 Dei
3510 2529 3683 2592 atque
3712 2537 3798 2579 sa-

2186 2605 2389 2674 pientia
2422 2614 2526 2661 est.
2563 2607 2674 2663 Hoc
2705 2608 2938 2665 vulnere
2983 2610 3229 2667 Ecclesia
3282 2612 3641 2681 vulneratur,
3673 2628 3795 2673 cum

2187 2698 2491 2754 Salvatoris
2521 2703 2603 2755 sui
2636 2703 2896 2772 praedicat
2925 2714 3182 2767 mortem.
3209 2706 3305 2761 sed
3337 2707 3440 2761 hoc
3483 2708 3688 2764 vulnus
3718 2720 3795 2766 est

2186 2789 2493 2846 charitatis.
2528 2792 2775 2862 Denique
2797 2796 2887 2864 qui
2919 2811 3024 2849 non
3072 2796 3283 2863 credit,
3310 2808 3469 2869 negat
3500 2817 3514 2852 :
3544 2800 3643 2869 qui
3671 2799 3794 2856 dili-

2185 2883 2289 2954 git,
2336 2885 2650 2940 conﬁtetur.
2682 2886 3012 2941 Mauichmus
3057 2898 3241 2958 negat,
3271 2887 3627 2946 Christianos
3653 2890 3793 2946 fate-

2184 2989 2307 3043 tur;
2336 2987 2391 3035 et
2420 2980 2541 3034 ideo
2572 2982 2834 3051 scriptum
2868 2991 2952 3036 est
3002 3001 3015 3036 :
3070 2980 3298 3038 Utillora
3336 2984 3554 3039 vulnera
3594 2987 3790 3049 amici,

2184 3087 2339 3139 quam
2370 3074 2663 3127 voluntaria
2694 3074 2877 3128 oscula
2906 3075 3100 3129 inimici
3132 3076 3319 3146 (Prov.
3349 3086 3527 3142 siml,
3560 3077 3642 3151 6).
3677 3078 3794 3133 Pul-

2186 3163 2319 3219 ebre
2351 3179 2483 3233 ergo
2526 3164 2657 3218 dicit
2701 3166 2944 3220 Ecclesia
2981 3183 2993 3220 :
3032 3166 3169 3233 Quia
3214 3169 3487 3222 uulnerata
3529 3169 3790 3224 charitate

478 3231 1173 3305 etsollicitamitigat;dura
1187 3238 2077 3307 dissolvitetinvalidaconﬁt-mat.
2109 3243 2152 3305 C
2186 3270 2278 3325 ego
2300 3231 2433 3309 sum.

554 3344 639 3399 18.
685 3344 869 3401 Sicubi
902 3347 1017 3403 vult
1043 3346 1392 3419 requiescere
1437 3364 1536 3409 rex
1569 3364 1728 3411 terrm
1770 3362 2080 3418 extareitum

477 3448 661 3501 suum,
688 3450 795 3492 non
830 3440 1125 3509 ignobilem
1152 3444 1330 3499 vicum
1376 3440 1482 3500 noh
1515 3452 1915 3509 commeatibus
1940 3452 2081 3510 iudi-

480 3526 722 3598 gentein;
748 3533 855 3585 non
874 3542 1100 3590 arenosa
1131 3542 1188 3592 et
1213 3539 1357 3592 nuda
1373 3540 1711 3611 gignentium
1737 3562 1748 3597 :
1774 3547 1868 3602 sed
1890 3549 2078 3604 urbem

479 3618 728 3679 aediﬁciis
779 3627 1016 3682 nobilem
1043 3669 1057 3693 ,
1102 3631 1362 3687 refectam
1397 3642 1452 3690 et
1501 3636 1723 3693 uberem
1753 3643 2076 3712 copiarum,

477 3727 573 3771 aut
601 3724 789 3787 agrum
820 3730 1122 3788 amtenum,
1155 3734 1249 3779 aut
1278 3722 1543 3783 virentem
1588 3733 1822 3801 pascuis,
1857 3743 1952 3789 aut
1982 3750 2077 3791 ne-

480 3818 702 3863 morosa
746 3818 804 3864 et
828 3818 1159 3881 campestria
1200 3820 1412 3875 stativis
1460 3830 1764 3892 opportuna
1810 3826 2075 3886 decernit.

481 3905 627 3975 Ergo
655 3907 703 3961 si
736 3900 892 3979 reges
925 3902 1083 3965 lerrzb
1116 3924 1316 3970 norum
1345 3918 1631 3973 commoda
1674 3922 1965 3992 providere
1994 3909 2081 3980 se-

2256 3346 2348 3403 ξι.
2390 3345 2670 3403 Nudemus
2715 3350 2960 3405 membra
3012 3360 3197 3405 nostra
3230 3349 3377 3407 bono
3406 3352 3623 3407 vulneri
3646 3389 3663 3420 ,
3695 3354 3793 3407 hu-

2183 3438 2377 3495 demus
2407 3441 2619 3510 sagittae
2644 3442 2834 3497 electa:
2874 3459 2887 3495 :
2931 3443 3126 3512 sagitta
3161 3442 3277 3498 haec
3306 3443 3560 3498 Christus
3586 3455 3671 3500 est
3702 3446 3790 3512 qui

2182 3532 2319 3588 dicit
2350 3550 2364 3586 :
2400 3532 2590 3588 Posuit
2616 3549 2696 3588 me
2722 3535 2857 3589 sicut
2888 3537 3130 3605 sagittam
3157 3537 3373 3590 electam
3403 3535 3592 3609 (Esai.
3627 3552 3748 3593 XLIX
3770 3580 3784 3602 ,

2183 3626 2272 3697 ﬁ);
2308 3628 2508 3682 bonum
2539 3638 2623 3684 est
2648 3644 2781 3699 ergo
2813 3631 2912 3684 hac
2953 3631 3233 3684 vulnerari
3269 3630 3464 3700 sagitta
3484 3671 3500 3695 ,
3532 3646 3648 3686 non
3679 3644 3791 3685 mc-

2184 3720 2383 3775 dioeris
2410 3720 2714 3775 mansionis
2741 3722 2843 3777 iste
2865 3736 3175 3792 processus,
3210 3736 3316 3776 non
3343 3736 3537 3777 omnes
3561 3730 3789 3791 possunt

2182 3813 2389 3877 dicere,
2423 3816 2546 3883 quia
2576 3814 2849 3869 vulnerati
2878 3827 3007 3869 sunt
3033 3816 3352 3870 dilectione.
3381 3814 3599 3889 1563
3628 3816 3785 3871 Diea-

2182 3908 2315 3964 bant
2369 3908 2639 3979 apostoli,
2693 3925 2817 3964 eum
2871 3924 2967 3980 pro
3020 3909 3242 3965 Christo
3292 3911 3676 3978 lapidarentur
3726 3918 3786 3964 et

479 3999 773 4066 quentibus
796 4010 879 4067 se,
904 4013 1107 4072 quanto
1134 4004 1306 4076 inagis
1332 4008 1471 4064 Deus
1489 4011 1583 4081 qui
1606 4012 1778 4068 bonus
1797 4023 1901 4082 est,
1925 4019 2079 4072 novit

2188 4000 2461 4056 Christum
2493 3999 2853 4070 prmdicarent
2886 4019 2899 4057 :
2933 4001 3151 4057 dicebat
3177 4000 3380 4056 Paulus
3409 4016 3535 4056 cum
3568 4012 3652 4056 ter
3678 4002 3782 4055 vir-

482 4089 944 4156 quemadmodutn
974 4092 1255 4163 profutura
1283 4100 1538 4170 disponat
1578 4103 1933 4175 diligentibus
1970 4124 2031 4164 se
2057 4110 2081 4162 ?

482 4180 561 4235 Ae
590 4182 823 4250 primum
850 4184 897 4238 si
930 4186 1263 4257 incognitum
1296 4195 1629 4261 carpendum
1655 4206 1737 4251 est
1761 4198 1888 4266 iter,
1912 4199 2079 4257 duces

481 4272 757 4343 eliguntur
807 4275 1054 4345 viarum,
1086 4282 1177 4349 qui
1209 4294 1549 4351 praecurrant
1574 4289 1816 4358 agmini,
1848 4293 1945 4347 sed
1974 4295 2079 4350 hoc

477 4365 844 4435 imperatores
882 4369 971 4425 isti
1017 4371 1343 4443 injurlosutu
1375 4375 1479 4431 sibi
1523 4379 1860 4437 arbitrantur
1890 4400 1903 4436 :
1935 4378 2080 4442 Deus

477 4464 659 4515 autem
689 4459 955 4529 praeibat,
995 4477 1115 4520 cum
1146 4464 1364 4522 Hebraei
1395 4467 1635 4526 facerent
1664 4471 1773 4528 ii'er
1794 4512 1808 4540 ,
1842 4474 2079 4547 denique

476 4551 532 4605 in
560 4551 818 4609 columna
868 4555 1029 4612 nubis
1079 4558 1408 4629 loquebatur
1449 4563 1517 4617 ad
1560 4574 1679 4620 eos.
1715 4565 1786 4622 Et
1832 4576 1891 4623 ut
1935 4570 2077 4627 scias

2182 4095 2266 4164 gis
2291 4092 2623 4160 caederetur,
2655 4103 2708 4149 et
2733 4094 2819 4149 die
2859 4110 2923 4148 ac
2953 4104 3114 4150 nocte
3142 4094 3421 4150 Christum
3446 4095 3781 4150 adorandum

2183 4190 2436 4258 gentibus
2462 4187 2768 4259 disputaret
2796 4205 2811 4242 :
2843 4188 3033 4243 dicunt
3066 4188 3168 4244 hoc
3194 4199 3500 4261 martyres,
3531 4190 3623 4261 qui
3661 4188 3780 4243 vul-

2183 4290 2442 4337 nerantur
2485 4298 2585 4353 pro
2632 4283 2884 4349 Christo;
2916 4291 2974 4339 et
3020 4284 3147 4349 quia
3192 4284 3470 4339 vulnerari
3522 4299 3622 4353 pro
3666 4284 3779 4353 ejus

2184 4383 2504 4431 meruerunt
2528 4378 2768 4443 nomine,
2805 4377 2926 4446 plus
2951 4377 3205 4448 diligunt.
3241 4378 3321 4432 Ad
3356 4376 3498 4432 hanc
3526 4392 3661 4449 ergo
3692 4391 3781 4431 ve-

2183 4470 2339 4524 niens
2377 4471 2717 4526 mansionem
2748 4470 3018 4535 Ecclesia,
3050 4470 3117 4526 ad
3153 4470 3297 4525 hunc
3330 4486 3653 4542 processum
3679 4511 3694 4535 ,
3727 4477 3778 4522 ut

2183 4577 2283 4632 pro
2309 4561 2529 4619 Christo
2560 4563 2703 4618 ﬁlios
2731 4577 2861 4618 suos
2892 4562 3118 4629 offerat,
3162 4572 3223 4619 ut
3269 4564 3511 4634 excipiat
3557 4564 3776 4618 vulnera

478 4642 607 4714 quia
641 4647 903 4715 praeibat,
940 4648 1078 4705 Deus
1099 4691 1114 4716 ,
1148 4650 1367 4723 inquit,
1401 4655 1619 4726 prteibat
1656 4659 1778 4715 illos
1810 4662 2079 4718 :interdiu
2108 4635 2158 4695 ι)
2182 4656 2502 4721 charitatis,
2555 4658 2709 4727 quasi
2771 4658 2911 4713 bona
2963 4658 3085 4713 ﬁdei
3135 4659 3397 4713 alimenta
3451 4659 3737 4729 reperiens
3758 4696 3773 4720 ,

479 4739 689 4810 quidem
717 4740 771 4794 in
800 4742 1044 4798 columna
1086 4745 1236 4801 nubis
1281 4749 1552 4805 ostendens
1576 4751 1686 4807 illis
1728 4754 1895 4822 viam;
1924 4769 2081 4813 noctu
2110 4776 2119 4827 ς
2182 4750 2401 4818 Diemis
2424 4750 2632 4805 ἷτυειιιδ
2660 4750 2898 4823 Summ
2921 4750 3060 4820 ίυεεο
3093 4761 3149 4805 (δι
3175 4750 3383 4807 bona“
3407 4763 3641 4807 εωίθνοθ
3667 4764 3777 4806 ταδ’

477 4841 652 4886 autem
677 4834 732 4887 in
751 4835 991 4891 columna
1018 4840 1172 4911 ignis,
1206 4850 1256 4895 et
1281 4852 1382 4897 non
1403 4844 1674 4914 deﬁciebat
1698 4851 1940 4904 coluitina
1973 4868 2075 4907 nu-

477 4924 555 4979 bis
580 4926 810 4981 interdiu
836 4926 1031 5000 (Exod.
1074 4946 1199 4999 xm,
1231 4933 1297 4988 εί
1330 4945 1377 4990 et
1416 4934 1535 5006 22).
1571 4939 1717 4995 lianc
1761 4944 2077 5012 praeceden-

476 5028 588 5075 tem
642 5014 800 5077 nobis
826 5026 1136 5080 columnam
1179 5040 1420 5099 sequens
1464 5031 1746 5101 Ecclesia,
1800 5034 1905 5093 hon
1937 5040 2072 5096 dell-

480 5110 711 5168 rientem
730 5128 799 5170 ne
825 5108 940 5185 ipsa
957 5116 1239 5188 deﬁceret,
1264 5122 1453 5178 umbra
1477 5125 1594 5196 ejus
1616 5124 2071 5201 refrigerabatur;

475 5210 534 5258 et
556 5203 682 5261 ideo
710 5205 846 5263 dicit
890 5225 904 5263 :
934 5206 1001 5264 In
1046 5211 1228 5267 umbra
1259 5216 1371 5287 ejus
1413 5223 1714 5289 concupiui,
1748 5228 1796 5277 et
1842 5226 1989 5293 sedi,
2021 5236 2071 5282 et

476 5299 643 5355 dulcis
662 5305 774 5375 ejus
796 5306 996 5375 fructus
1014 5307 1069 5362 in
1098 5311 1338 5379 faucibus
1364 5314 1493 5369 meis
1522 5313 1713 5387 (Sup.,
1739 5330 1789 5373 tt.
1822 5320 1910 5389 3);
1942 5322 2071 5391 quia

439 5397 506 5443 -ι
538 5391 767 5449 Douiino
793 5398 1150 5467 pascebatur,
1183 5412 1237 5458 et
1263 5403 1494 5461 deducta
1534 5406 1588 5462 tu
1618 5408 1797 5466 locuin
1831 5426 2069 5483 paseno-

476 5487 593 5539 ruln
620 5496 677 5543 et
696 5490 892 5560 aquam
919 5492 1262 5553 reibetibuis.

561 5786 593 5884 ἶι
628 5779 855 5910 inlisi};
882 5799 1849 5943 i’ii'éibiiiiieiii'ifﬂiii.“éifq'

2181 4843 2291 4911 pit,
2323 4841 2516 4898 dicens
2545 4860 2558 4897 :
2593 4843 2807 4898 Gustate
2826 4855 2873 4897 et
2901 4844 3067 4898 uidete
3093 4845 3338 4914 quoniam
3376 4847 3552 4901 suavis
3577 4855 3653 4901 est
3678 4843 3778 4899 Do-

2180 4935 2373 4990 minus.
2406 4936 2472 4990 Et
2496 4935 2707 4991 addidit
2734 4935 2977 4992 Ecclesia
3005 4937 3190 4993 dicere
3222 4954 3236 4991 :

2250 5027 2343 5082 22.
2375 5025 2401 5065 ἀ
2430 5028 2583 5084 Lteva
2628 5035 2740 5104 ejus
2790 5031 2884 5084 sub
2911 5032 3082 5103 capite
3126 5047 3240 5086 meo
3265 5072 3279 5097 ,
3319 5043 3368 5087 et
3414 5033 3629 5089 dextera
3667 5035 3774 5105 ejus

2181 5122 2547 5192 complectetur
2577 5139 2675 5178 me.
2712 5124 2782 5178 Et
2827 5124 2946 5180 ista:
2980 5125 3288 5180 mansiones
3328 5133 3456 5179 sunt
3495 5127 3579 5180 ria
3613 5125 3771 5197 regali

2181 5212 2485 5268 incedentis
2535 5214 2830 5282 Ecclesia);
2883 5215 3072 5270 Multa:
3126 5217 3262 5270 enim
3300 5226 3420 5271 sunt
3484 5218 3773 5273 mansiones

2179 5305 2324 5375 apud
2346 5304 2558 5361 Patrem
2583 5323 2749 5361 meum
2784 5306 2966 5379 (Jean.
3002 5323 3091 5362 xw
3113 5349 3128 5374 ,
3174 5307 3255 5379 2).
3299 5307 3645 5364 Testilicatnr
3670 5310 3771 5365 Do—

2179 5400 2359 5454 minus
2386 5399 2581 5456 Jesus:
2618 5400 2683 5455 Et
2728 5418 2843 5456 ecce
2867 5403 3012 5457 venio
3036 5444 3051 5468 ,
3085 5412 3133 5456 et
3171 5412 3381 5457 accerso
3421 5410 3510 5457 tios
3537 5401 3767 5475 (ΗΜΛ).

2181 5490 2326 5545 Bona
2353 5491 2566 5548 mansio
2592 5491 2896 5562 sapientiae,
2922 5503 2979 5549 et
3008 5497 3125 5549 sive
3156 5494 3211 5549 in
3241 5494 3370 5549 Iaera
3393 5494 3540 5566 ejus,
3568 5497 3686 5552 sivi:
3717 5495 3768 5550 in

2178 5583 2425 5652 dextera,
2450 5588 2591 5642 bona
2621 5588 2863 5653 mansio;
2891 5587 3019 5658 quia
3059 5587 3146 5641 via
3182 5585 3377 5659 regalis
3398 5597 3506 5643 est.
3538 5586 3769 5659 Ideoque

2264 5823 2286 5851 ο
2317 5812 2373 5868 In
2399 5813 2532 5882 psal.
2563 5828 2732 5871 cxvm
2771 5828 2939 5893 serui.
2974 5816 3031 5880 5.
3060 5829 3211 5889 num.
3244 5814 3311 5945 1‘6

2264 5881 2286 5920 τι
2327 5884 2383 5944 In
2414 5886 2550 5945 psal.
2582 5878 2748 5945 civm
2787 5898 2955 5945 serm.
2987 5876 3041 5945 5.
3076 5901 3226 5944 num.
3290 5866 3311 5944 ἓ

2400 5856 2532 5882 ,,......
2564 5856 2732 5871 νη...
2771 5856 2939 5871 ...η
2974 5856 3031 5880 υ,
3060 5856 3211 5889 .,......
3279 5856 3310 5879 ν

2259 5881 2286 5920 ἀ
2327 5884 2383 5944 In
2414 5886 2550 5961 psal.
2582 5878 2748 5958 (ἀνω
2787 5886 2955 5945 scrin.
2987 5876 3041 5957 5,
3076 5856 3345 5948 nam“.
