3920 6332
103 318 265 375 1877
1138 325 1183 380 E
1219 316 1536 381 SCRIPTIS
1573 317 1634 383 ὃς
1674 314 2000 384 AMBROSli
2037 314 2462 385 lTDLLEC‘fUQ.
3328 318 3469 388 i878

103 443 434 512 sapientes
460 442 636 499 nuntii
657 442 887 498 dicunt:
928 441 1023 497 Via
1039 442 1206 514 regali
1231 442 1440 510 ibimus,
1466 444 1570 498 non
1594 442 1765 499 dicer-
1789 444 1843 514 Α
1939 436 2030 500 25.
2075 445 2189 501 Hoc
2218 456 2286 501 eo
2313 444 2553 502 diximus
2573 488 2587 511 ,
2634 446 2695 500 iit
2729 446 3085 517 probaremus
3129 456 3189 501 ea
3223 446 3343 502 esse
3372 448 3469 517 pb-

104 542 294 589 tetmts
324 534 390 588 in
424 535 850 600 deﬂetameque
874 535 932 588 in
961 534 1196 602 sinistra,
1217 535 1559 606 quoadusque
1586 545 1760 591 trans-
1869 538 2008 594 liora
2055 541 2174 609 qua:
2206 539 2382 595 futura
2428 538 2574 595 sunt.
2607 538 2854 610 Denique
2890 539 3022 593 larva
3056 538 3336 612 sapienlim‘
3369 543 3471 599 Sub‘

102 632 311 681 eamus
381 628 642 681 terminos
688 638 803 682 tuos
842 625 1034 698 (Num.
1072 642 1142 682 xx
1168 670 1182 692 ,
1218 627 1327 698 l7).
1365 629 1476 683 Hoc
1508 630 1764 685 discrunt
1867 636 2082 701 sponsae
2108 634 2286 701 capite
2313 636 2428 697 est,
2464 633 2685 689 dextera
2718 643 2896 689 autem
2926 640 3206 705 superitir,
3235 638 3354 707 qua:
3386 647 3467 691 to-

107 718 281 772 missi
316 733 353 772 a
389 719 589 792 Moyse
620 721 793 775 nuntii
838 720 904 775 ad
937 734 1118 791 regem
1151 719 1322 774 Edom
1347 762 1362 787 ,
1397 718 1502 777 hoc
1541 733 1621 777 εει
1654 726 1763 778 ter—
1867 735 1975 778 tam
2005 725 2387 792 complectitur
2413 736 2689 793 sponsam.
2730 724 2915 795 itaque
2942 724 3028 780 illa
3061 726 3215 795 quasi
3240 726 3469 784 fulcrum

108 827 365 877 renum;
403 813 543 884 quia
569 823 790 868 terrena
817 813 999 867 omnia
1028 814 1148 869 sive
1180 814 1232 868 in
1263 813 1534 881 dextera,
1561 816 1680 871 sive
1708 817 1760 872 in
1868 823 1953 869 est
1993 816 2192 886 quietis
2223 816 2510 883 praasentis
2533 857 2546 883 ,
2580 832 2687 884 quo
2721 818 2900 871 anima
2932 817 3116 872 innixa
3151 818 3468 888 requiescit.

108 903 398 970 sinistra,
446 905 590 959 mala
626 913 774 959 sunt.
808 903 945 959 Mala
980 907 1195 961 mansio
1231 907 1546 979 insipientia
1572 950 1587 972 ,
1621 910 1762 965 mala
1869 905 2041 962 Habet
2072 907 2160 964 ubi
2186 909 2413 963 reclin-t
2438 917 2603 978 caput
2633 916 2790 963 suum
2812 948 2829 975 ,
2860 910 2985 979 quia
3019 908 3150 965 laeva
3183 910 3466 981 sapientia:

115 998 363 1055 mansio
414 999 877 1068 intemperantia;
911 1010 966 1055 et
999 999 1123 1055 ideo
1155 1002 1450 1070 pertransit
1479 1000 1576 1055 has
1602 1016 1761 1056 man-
1866 1001 2069 1055 divitia:
2104 1009 2234 1055 sont
2274 1011 2327 1056 et
2361 1000 2557 1071 gloria.
2588 1001 2694 1056 l‘cr
2722 1001 2770 1056 id
2804 1014 3014 1071 tempus
3047 1002 3160 1057 haec
3188 1003 3467 1069 mulcent,

110 1090 322 1145 siones
352 1089 636 1147 Hebraeus
662 1109 675 1146 :
706 1104 815 1147 non
835 1090 1055 1147 divertit
1082 1091 1147 1147 ad
1165 1107 1281 1160 eas,
1310 1093 1405 1148 sed
1433 1096 1762 1163 pertransit;
1867 1105 1919 1149 et
1945 1106 2014 1149 ex
2046 1102 2199 1164 parte
2224 1094 2422 1148 solatio
2452 1100 2609 1158 sunt,
2641 1101 2695 1148 et
2727 1092 2885 1161 ideo;
2920 1092 3088 1149 Filius
3117 1095 3341 1149 hominis
3364 1110 3466 1150 uau

117 1191 182 1238 ut
214 1184 538 1255 perveniat
564 1182 631 1239 ad
661 1184 943 1239 sinistram
970 1184 1253 1254 sapientiae.
1280 1195 1335 1240 et
1361 1184 1641 1241 dexteram
1665 1228 1680 1253 ,
1709 1196 1764 1242 et
1868 1186 2084 1242 habebat
2114 1187 2203 1242 ubi
2230 1196 2386 1257 caput
2408 1185 2785 1259 156‘suum
2814 1187 3082 1242 reclinaret
3108 1188 3320 1261 (Matth.
3349 1204 3461 1256 vm,

121 1276 178 1332 in
207 1275 356 1347 ipsis
394 1286 644 1343 maneat,
677 1276 768 1331 ubi
791 1276 995 1332 divitia:
1023 1277 1413 1347 simplicitatis,
1443 1278 1534 1333 ubi
1566 1279 1760 1349 gloria,
1868 1280 1996 1352 20);
2029 1280 2154 1350 quia
2189 1294 2307 1334 cum
2333 1280 2473 1334 dives
2503 1286 2659 1346 esset,
2697 1294 2897 1350 pauper
2924 1283 3092 1351 factus
3126 1288 3201 1335 est
3226 1278 3305 1352 (ll
3336 1278 3459 1336 Cor.

122 1369 221 1424 ubi
252 1367 567 1439 langitudo
615 1370 738 1423 vitae
767 1379 871 1424 est.
906 1367 1205 1439 Longitudo
1232 1370 1376 1424 enim
1403 1369 1522 1423 vine
1548 1369 1603 1423 in
1639 1371 1766 1425 ἀείτ-
1871 1387 2001 1440 vni,
2033 1373 2113 1445 li).
2162 1373 2273 1430 Nec
2302 1374 2532 1445 gloriam
2569 1373 2804 1443 aliquam
2850 1372 3007 1428 istius
3056 1375 3243 1429 saeculi
3284 1377 3467 1445 requio

121 1472 237 1517 tera
266 1465 423 1536 ejus,
466 1472 525 1517 ut
548 1462 627 1517 ait
649 1461 908 1518 Salomon
944 1480 959 1517 :
991 1461 1060 1516 in
1087 1464 1301 1518 sinistra
1338 1472 1512 1517 autem
1539 1464 1652 1534 ejus
1684 1464 1767 1517 di-
1870 1468 2051 1535 rebat;
2086 1469 2211 1539 quia
2257 1476 2487 1524 venerat
2516 1480 2623 1522 non
2657 1476 2715 1521 ut
2744 1468 2797 1522 in
2830 1470 3112 1538 portione,
3140 1469 3232 1524 sed
3260 1477 3321 1524 ut
3353 1470 3480 1524 uni-

123 1557 271 1611 aitite
302 1565 359 1610 et
403 1555 587 1628 gloria
634 1554 821 1630 (Prov.
852 1572 943 1622 tu,
973 1556 1067 1627 16)
1112 1572 1126 1612 :
1162 1558 1214 1611 in
1243 1557 1477 1614 dextera
1502 1562 1611 1613 vlta
1644 1568 1763 1627 est,
1868 1573 2029 1614 verso
2062 1561 2299 1614 humano
2324 1561 2510 1631 generi
2534 1559 2884 1624 subveniret,
2913 1560 3104 1617 dicens
3136 1579 3149 1615 :
3177 1559 3312 1616 Mihi
3332 1562 3472 1616 indi-

127 1649 183 1704 in
214 1648 467 1704 siuiStra
501 1649 738 1721 requies.
775 1648 993 1706 Utinam
1022 1664 1190 1720 super
1212 1651 1492 1707 sinistram
1525 1653 1644 1724 ejus
1673 1669 1765 1708 re-
1869 1653 2099 1723 gnamim‘
2138 1654 2259 1723 quia
2299 1664 2462 1708 totum
2505 1653 2763 1709 hominem
2804 1668 2990 1708 sanum
3021 1655 3119 1723 feci
3161 1655 3216 1709 in
3255 1655 3468 1712 sabbato

130 1743 471 1814 quiescam,
502 1760 605 1799 nec
627 1759 867 1811 qttaeram
909 1745 1233 1801 cervicalia!
1268 1745 1359 1801 Vte
1393 1750 1540 1803 enim
1564 1748 1645 1801 his
1679 1749 1767 1814 qui
1869 1743 2052 1816 (Joau.
2102 1760 2208 1809 vn,
2254 1744 2387 1813 25);
2421 1744 2525 1799 hoc
2555 1753 2637 1798 est
2663 1752 2835 1800 totum
2857 1787 2871 1811 ,
2902 1760 3009 1799 non
3042 1756 3099 1800 ut
3149 1744 3466 1801 facultatum

126 1845 366 1890 ossuum
395 1836 718 1902 cervicalia,
757 1836 1013 1893 Ezechiel
1043 1837 1174 1892 dicit
1214 1838 1431 1908 (Ezech.
1475 1842 1571 1894 'xtn
1593 1881 1610 1909 ,
1646 1838 1762 1911 18).
1797 1846 1845 1916 Β
1870 1836 2167 1891 collatione
2194 1837 2418 1901 (litaret,
2457 1852 2563 1891 non
2598 1845 2656 1890 ιιι
2695 1836 2965 1892 honorum
2995 1836 3327 1909 insignibus,
3361 1846 3469 1894 non

132 1928 243 1986 Has
266 1929 607 1985 mansiones
628 1941 897 2002 praeparat
925 1929 1188 1986 Ecclesiae
1210 1947 1325 1987 sua:
1345 1932 1522 1988 bonus
1543 1933 1757 2001 ductor,
1870 1940 1929 1985 ut
1961 1929 2153 2001 gloria:
2181 1929 2463 1985 smeularis
2492 1930 2796 1986 cumularet
2822 1940 3144 2001 augmento;
3176 1932 3291 1987 haec
3323 1928 3469 1987 enim

131 2030 189 2076 et
218 2036 322 2092 per
343 2022 475 2078 vias
494 2021 779 2091 sapientiae
805 2020 993 2094 dirigit
1019 2022 1122 2078 iter
1143 2024 1284 2091 ejus.
1314 2024 1556 2095 Denique
1578 2024 1764 2080 laudat
1866 2039 1973 2079 non
2006 2023 2206 2080 habent
2234 2022 2585 2080 beatitudinis
2610 2028 2664 2079 et
2688 2025 2875 2094 gratiae
2904 2025 3297 2093 plenitudinem
3328 2040 3343 2080 :
3367 2018 3464 2081 sed

131 2115 365 2186 sapiens
397 2116 529 2169 vias
560 2114 681 2184 ejus
707 2131 720 2167 :
762 2113 871 2169 Via:
896 2118 1010 2189 ejus
1041 2115 1137 2170 vite
1162 2115 1343 2182 boum,
1390 2124 1442 2171 et
1482 2132 1658 2171 omnes
1681 2133 1765 2171 se-
1866 2123 2060 2182 totum,
2102 2117 2208 2173 hoc
2231 2127 2346 2185 est,
2377 2118 2524 2187 quod
2557 2117 2953 2187 longitudinem
2984 2120 3109 2172 vitae
3140 2119 3473 2189 complecte-

137 2208 280 2262 mitte
300 2210 426 2282 ejus
458 2208 517 2261 in
541 2223 668 2280 pace
689 2204 872 2280 (Prov.
907 2222 1005 2274 Ill,
1036 2206 1151 2280 l7).
1869 2218 2018 2264 retur
2046 2218 2291 2265 aeternae.
2329 2208 2517 2279 Neque
2560 2210 2704 2263 enim
2752 2209 3062 2264 communis
3106 2210 3233 2264 vita:
3279 2209 3475 2264 similis

206 2297 304 2354 25.
333 2307 361 2335 ει
390 2298 561 2353 Laeva
590 2302 703 2373 ejus
732 2299 827 2354 sub
858 2308 1013 2369 caput
1058 2312 1258 2366 meum,
1282 2310 1331 2354 et
1368 2300 1580 2356 dextera
1621 2301 1765 2356 illius
1869 2302 1977 2357 vita
2006 2303 2058 2357 in
2082 2303 2304 2358 dextera
2335 2311 2421 2357 est
2445 2303 2749 2372 sapientiae,
2783 2299 2876 2357 sed
2904 2301 3184 2372 longitudo
3212 2300 3338 2357 vita:
3362 2312 3468 2368 est,

139 2393 531 2463 contplecletatr
562 2408 660 2446 me.
691 2391 819 2447 Haec
868 2392 1113 2462 loquitur
1140 2408 1344 2462 sponsa
1389 2394 1461 2449 de
1503 2392 1723 2450 Christo
1745 2433 1762 2462 ,
1870 2407 1927 2451 ut
1949 2395 2039 2466 qui
2065 2396 2263 2465 accipit
2291 2396 2455 2450 vitam
2485 2413 2512 2448 a
2544 2396 2841 2465 sapientia,
2886 2409 2992 2450 non
3017 2396 3363 2467 exiguitatem
3392 2396 3471 2450 vl-

135 2485 318 2540 anima
347 2484 424 2541 de
451 2484 647 2541 Verbo
672 2483 774 2539 Dei
808 2501 822 2537 :
853 2484 1103 2541 Cbrisms
1131 2494 1314 2541 autem
1343 2485 1488 2541 idem
1520 2496 1606 2541 est
1635 2486 1765 2542 Ver-
1873 2497 1970 2555 tte,
2021 2488 2116 2544 sed
2148 2488 2569 2559 perpetuitatem
2614 2497 2670 2544 et
2704 2486 3025 2543 aiternitatis
3071 2487 3468 2559 longitudinem

142 2577 266 2632 bum
300 2578 403 2634 Dei
476 2588 641 2649 atque
685 2578 980 2648 sapientia.
1010 2578 1177 2634 Beata
1221 2594 1354 2650 ergo
1394 2578 1574 2634 anima
1602 2596 1763 2651 quam
1869 2582 2223 2653 adipiscatur.
3090 2654 3097 2663 .

139 2673 546 2744 complectitur
612 2673 900 2742 sapientia.
956 2672 1142 2743 Magna
1198 2681 1283 2728 est
1334 2672 1616 2744 sapientiae
1653 2686 1768 2728 ma-
1940 2673 2032 2728 26.
2064 2675 2248 2729 Bonus
2273 2674 2505 2729 amictus
2527 2673 2807 2730 aeternitas
2830 2673 2972 2729 vitae.
3002 2671 3031 2711 ιδ
3057 2673 3242 2745 Itaque
3267 2674 3465 2745 sponsa

147 2781 245 2821 nus
267 2808 283 2832 ,
314 2782 530 2838 magna
559 2766 785 2823 dextera
809 2811 824 2836 ,
866 2776 1036 2824 totam
1064 2767 1449 2837 complectitur
1483 2768 1720 2821 animam
1748 2784 1764 2833 ;
1870 2768 2136 2823 malorum
2160 2778 2515 2836 granatorum
2535 2809 2550 2832 ,
2575 2767 2684 2822 hoc
2708 2774 2824 2832 est,
2853 2766 3196 2822 diversorum
3225 2774 3283 2822 et
3305 2767 3467 2823 innu-

149 2867 255 2914 tota
282 2859 438 2915 enim
502 2861 707 2915 munita
758 2868 879 2923 est,
928 2877 1050 2931 quae
1093 2860 1425 2930 deSponsata
1456 2858 1638 2914 Verbo
1671 2859 1768 2914 Dei
1872 2859 2217 2915 merabilium
2260 2858 2530 2915 fructuum
2557 2903 2571 2924 ,
2600 2870 2656 2914 et
2694 2859 2967 2929 prmclpue
2999 2858 3128 2914 ﬁdei
3170 2856 3469 2925 odoribus,

149 2964 249 3008 est.
282 2953 592 3010 Plenitudo
621 2956 766 3009 enim
802 2956 1091 3026 sapientia:
1111 2995 1126 3019 ,
1172 2940 1368 3010 timere
1400 2954 1570 3009 Deum
1602 2972 1615 3008 :
1647 2971 1767 3025 quae
1870 2953 2081 3023 gratite,
2115 2951 2397 3022 sapientiae
2419 2960 2472 3006 et
2493 2951 2712 3022 glorite,
2738 2951 2971 3021 vitaeque
2999 2959 3217 3005 arteriam
3238 2949 3471 3005 subnisa

150 3057 279 3114 ergo
309 3045 500 3102 Deum
535 3047 694 3102 timet
719 3046 902 3103 anima
928 3089 943 3115 ,
977 3047 1140 3117 pleno
1176 3062 1236 3101 se
1274 3046 1447 3101 munit
1479 3047 1591 3115 ipsa
1632 3060 1771 3116 ιιι-ω·
1873 3042 2075 3098 divitiis
2101 3059 2222 3113 qua:
2249 3045 2538 3098 suntcirca
2565 3044 2843 3097 sinistram
2869 3052 2924 3098 et
2947 3041 3227 3098 dexteram
3253 3043 3474 3113 Sponsi,

156 3135 310 3191 sidio.
339 3138 523 3194 Mitlit
543 3140 813 3209 sapientia
849 3141 1038 3195 laevam
1069 3154 1223 3195 suam
1253 3139 1355 3195 sub
1377 3138 1581 3194 collum
1611 3139 1763 3210 ejus,
1872 3153 1970 3207 per
1989 3136 2201 3192 animas
2228 3147 2445 3192 sanctas
2468 3136 2805 3191 laudantium
2829 3137 3307 3208 congregationutn
3330 3135 3472 3207 plau-

153 3225 431 3285 dexteram
479 3241 661 3288 autem
685 3232 738 3287 in
762 3235 1118 3302 complexum
1148 3231 1285 3301 ejus.
1316 3231 1623 3301 Utrumque
1649 3233 1768 3303 qui-
1797 3248 1844 3313 ρ
1874 3230 2024 3287 sibus
2055 3230 2258 3286 excitat
2285 3230 2583 3294 Christum,
2616 3230 2803 3285 dicens
2832 3247 2845 3283 :

159 3317 275 3375 dem
302 3321 603 3378 brachium
643 3325 761 3394 ejus
791 3323 857 3379 ad
892 3323 1045 3378 utilia
1086 3323 1427 3389 extenditur;
1463 3323 1664 3378 habent
1692 3334 1770 3378 ta-
1946 3325 2038 3381 27.
2067 3326 2359 3391 cAdiuraui
2384 3340 2493 3391 vos,
2518 3325 2644 3394 ﬁlia!
2664 3323 3017 3389 Hierusalem,
3039 3324 3093 3377 in
3122 3322 3396 3377 uirtutibus
3424 3337 3453 3377 ι

164 3425 282 3467 tuen
308 3430 448 3485 prop
466 3415 545 3469 ria
577 3431 676 3471 sua
698 3416 927 3487 singula:
953 3415 1439 3484 matmssapieutite
1459 3432 1471 3468 :
1488 3414 1553 3470 In
1567 3417 1776 3471 dextera
1876 3421 2268 3493 fortitudinibus
2292 3423 2438 3491 agri,
2467 3420 2511 3475 si
2536 3419 2909 3475 suscitaueritis
2926 3460 2940 3484 ,
2983 3429 3030 3471 et
3057 3415 3477 3472 resuscitaveritis

164 3503 424 3574 longitudo
470 3508 587 3562 uiue
624 3516 740 3576 est,
774 3508 829 3562 in
857 3509 1074 3562 sinistra
1102 3518 1276 3561 autem
1297 3508 1489 3563 divitia
1512 3518 1557 3563 et
1577 3508 1766 3580 gloria.
1876 3513 2205 3569 dilectionem
2246 3528 2509 3585 usquequo
2550 3511 2787 3566 voluerit.
2821 3509 2966 3581 Ager
2998 3509 3090 3564 ille
3114 3524 3277 3579 quem
3306 3509 3478 3564 bene-

160 3600 322 3658 Bonis
358 3605 561 3673 utique
591 3618 783 3657 manus
798 3611 1034 3672 utroque
1048 3602 1231 3657 dotata
1254 3610 1340 3658 est
1359 3603 1613 3664 dotibus;
1638 3605 1773 3660 ineo
1875 3604 2013 3660 dixit
2038 3606 2329 3673 Dominus,
2361 3618 2469 3660 non
2499 3606 2601 3660 iste
2627 3614 2875 3660 terrenus
2897 3611 2990 3657 aut
3013 3602 3269 3657 horridus
3299 3600 3473 3665 silvis,

170 3705 342 3754 tamen
374 3697 592 3754 habent
620 3697 939 3753 varietatem
982 3698 1064 3751 sui
1095 3698 1361 3761 muneris.
1386 3697 1534 3768 quod
1555 3709 1607 3752 et
1630 3713 1772 3768 prac-
1876 3710 1969 3755 aut
1998 3699 2360 3771 confragosus
2388 3697 2750 3762 torrentibus,
2784 3707 2876 3750 aut
2907 3697 3113 3751 inutilis
3137 3695 3361 3758 vitibus,
3386 3703 3479 3746 aut

172 3790 337 3845 tentia
354 3802 409 3846 et
434 3790 624 3845 futura
642 3800 888 3860 tempora
905 3790 1397 3859 comprehendunt;
1416 3791 1619 3846 utlaava
1636 3806 1774 3862 prte-
1878 3792 2170 3849 infecunda
2196 3794 2385 3864 glarea
2428 3806 2678 3855 saxosus,
2703 3799 2794 3843 aut
2820 3789 3057 3853 hiulcus,
3085 3800 3138 3843 et
3161 3787 3347 3843 aridus
3373 3787 3480 3842 sic-

176 3883 404 3938 sentium
448 3882 866 3939 remuneratrix
888 3922 902 3945 ,
946 3881 1172 3937 dextera
1202 3883 1511 3937 futurorum
1543 3882 1638 3938 sit.
1876 3887 2061 3949 citate,
2094 3895 2187 3941 aut
2214 3885 2482 3954 sanguine
2524 3881 2773 3941 madidus
2795 3921 2809 3946 ,
2840 3890 2934 3935 aut
2959 3878 3207 3935 sentibus
3236 3878 3476 3932 Incultus

241 3974 332 4030 24.
371 3977 674 4034 Possumus
707 3980 809 4031 hoc
847 3976 1013 4031 etiam
1045 3976 1115 4032 de
1147 3977 1434 4048 prophetia
1470 3977 1645 4033 saneti
1677 3993 1773 4047 pa-
1877 3992 1929 4036 et
1961 3979 2156 4050 spinis,
2184 3978 2279 4034 sed
2310 3979 2402 4031 ille
2430 3992 2560 4048 ager
2580 3975 2649 4031 de
2676 3990 2784 4045 quo
2807 3974 3069 4029 Dominus
3101 3972 3169 4026 ait
3207 3993 3221 4025 :
3252 3970 3321 4024 Et
3358 3985 3476 4040 spe-

181 4064 420 4124 triarcha:
471 4069 639 4125 Israel
703 4083 1070 4139 cognoscere,
1121 4085 1246 4124 nam
1300 4085 1422 4125 cum
1488 4068 1775 4124 dexteram
1878 4074 1983 4127 cies
2028 4072 2143 4143 agri
2174 4086 2373 4125 mecum
2399 4080 2475 4124 est
2510 4067 2738 4139 (Psalm.
2770 4082 2937 4135 ms,
2965 4064 3081 4138 l9).
3119 4067 3176 4120 ln
3220 4064 3321 4119 hoc
3349 4078 3481 4134 agro

180 4170 324 4214 suam
358 4164 637 4231 posuisset
666 4176 832 4232 super
860 4160 1141 4234 Ephrtem,
1171 4161 1449 4217 sinistram
1480 4170 1660 4217 autem
1688 4178 1779 4219 su—
1884 4182 1985 4222 uva
2016 4166 2105 4220 illa
2137 4166 2411 4235 reperitur
2438 4179 2562 4234 qua:
2591 4175 2850 4231 expressa
2881 4160 3201 4231 sanguinem
3234 4156 3396 4224 ludit,
3424 4167 3481 4211 et

185 4263 276 4319 per
312 4254 622 4322 Manassen,
652 4264 707 4310 et
733 4266 1057 4313 convertere
1088 4273 1182 4313 eas
1208 4256 1415 4327 Joseph
1447 4261 1626 4314 aetatis
1648 4273 1778 4315 con—
1881 4257 2142 4313 mundum
2172 4258 2333 4313 diluit
2366 4274 2381 4311 :
2411 4258 2462 4311 in
2491 4256 2596 4313 hoc
2621 4270 2752 4325 agro
2793 4264 2881 4309 est
2913 4253 3047 4309 licus
3096 4253 3186 4308 illa
3227 4251 3330 4307 sub
3378 4262 3483 4320 qua

187 4344 507 4407 sideralione
539 4350 845 4412 voluisset;
888 4362 946 4406 ut
976 4350 1259 4408 dexteram
1290 4353 1464 4424 patris
1485 4368 1651 4421 super
1681 4367 1773 4407 ca-
1878 4352 2053 4406 sancti
2106 4351 2483 4419 requiescent,
2535 4347 2799 4420 spiritalis
2841 4348 3028 4419 gratiae
3082 4345 3356 4401 suavitate
3395 4356 3483 4399 re—

191 4450 280 4507 put
300 4443 548 4501 Manasse
574 4445 813 4501 senioris
836 4444 932 4500 lilii
957 4445 1274 4511 collocaret,
1304 4447 1499 4511 noluit,
1526 4457 1581 4502 et
1605 4445 1774 4501 dixit:
1879 4443 2050 4498 creati
2085 4460 2098 4497 :
2130 4442 2183 4497 in
2215 4442 2320 4497 hoc
2348 4456 2480 4511 agro
2517 4452 2599 4496 est
2625 4442 2766 4495 oliva
2797 4439 2890 4493 illa
2933 4436 3212 4493 fructifera
3237 4477 3252 4502 ,
3303 4435 3479 4491 domi-

192 4527 327 4598 Sﬂ'o,
351 4536 460 4604 ﬁli,
494 4545 543 4592 et
572 4536 656 4590 hic
678 4538 779 4592 erit
818 4538 872 4590 in
905 4537 1157 4609 pupulum
1183 4577 1198 4603 ,
1241 4549 1287 4591 et
1311 4538 1395 4592 hic
1422 4539 1774 4605 etraltabitur,
1881 4535 2019 4590 nica;
2067 4536 2241 4590 lluens
2298 4535 2446 4603 pacis
2512 4541 2846 4603 tmgnentum
2895 4546 2908 4582 :
2951 4530 3003 4582 in
3058 4528 3162 4582 hoc
3210 4540 3340 4597 agro
3386 4525 3488 4579 llu-

192 4624 274 4677 sed
298 4625 458 4695 {rater
489 4631 676 4702 (iunior
715 4633 885 4704 major
913 4632 1009 4685 erit
1038 4631 1131 4685 illo
1161 4630 1387 4702 (Cenes.
1414 4648 1608 4699 xu'ttt,
1646 4634 1772 4704 l9).
1803 4638 1853 4701 ι)
1881 4639 2003 4684 rent
2055 4628 2425 4697 tnalogranata
2448 4666 2462 4690 ,
2492 4639 2615 4694 qua:
2644 4622 2908 4693 plurimos
2953 4620 3163 4675 inicius
3219 4634 3327 4672 ttno
3357 4615 3482 4672 nues

193 4711 247 4769 In
273 4733 376 4788 quo
398 4722 573 4793 major
601 4723 626 4776 ἲ
652 4724 706 4778 in
735 4737 805 4779 eo
835 4725 1022 4791 utique
1061 4724 1186 4792 quia
1216 4723 1602 4780 benedictione
1633 4739 1775 4795 praa-
1876 4720 2179 4777 munimine
2211 4727 2430 4789 tegunt,
2474 4726 2527 4774 et
2553 4716 2787 4787 quodam
2830 4714 3017 4769 fovent
3044 4711 3326 4767 charilatis
3366 4724 3485 4765 am-

194 4801 327 4863 latus
354 4820 466 4879 est,
495 4812 808 4869 dicentibus
852 4814 1090 4883 posteris
1130 4814 1385 4884 Ephraam
1422 4834 1434 4869 :
1468 4814 1658 4871 Faciat
1689 4833 1742 4872 uo

513 4812 808 4869 licentihus
852 4814 1090 4883 posteris
1130 4814 1385 4884 Ephraam
1422 4834 1434 4869 :
1468 4814 1658 4871 Faciat
1689 4833 1776 4872 vos
1880 4815 2061 4885 plexn.

199 4891 327 4952 Deus
346 4902 477 4958 sicut
505 4905 623 4976 fecit
649 4902 897 4974 Ephrazut
920 4915 968 4962 et
994 4906 1274 4961 Manassen
1306 4906 1502 4977 (Ibid.,
1530 4908 1663 4980 20):
1694 4910 1776 4966 vel
1953 4912 2045 4966 28.
2070 4908 2097 4948 ά
2126 4908 2269 4978 Quia
2296 4908 2460 4978 igitur
2507 4904 2776 4976 sapientia
2807 4912 2861 4958 et
2886 4904 3115 4956 honesta
3147 4899 3370 4955 claritas
3418 4898 3489 4952 ita

201 4990 316 5058 quia
346 5008 527 5053 semen
555 4998 677 5069 ejus
707 4998 997 5054 multitudo
1027 5002 1293 5069 gentium,
1322 5018 1442 5072 quae
1471 5002 1522 5056 in
1549 5001 1653 5057 hoc
1677 5017 1781 5058 ste-
1886 5004 2127 5074 perfecta
2150 5011 2297 5069 sunt,
2326 5002 2370 5055 si
2399 5000 2640 5055 habeant
2661 4997 2985 5053 cltaritatcm
3014 4993 3321 5066 (plenitudo
3346 4992 3491 5048 enim

205 5081 320 5138 culo
350 5088 587 5146 laborem
618 5091 784 5161 elegit
806 5132 819 5153 ,
852 5092 1085 5148 credens
1125 5093 1180 5147 in
1233 5093 1527 5149 Dominum
1559 5093 1778 5158 Jesum,
1886 5096 2016 5165 legis
2043 5094 2222 5166 (Rom.
2252 5093 2477 5165 xm,iO)
2510 5104 2595 5147 eSl
2622 5088 2893 5160 charitas)
2923 5086 3182 5143 suscitari
3215 5095 3270 5141 et
3309 5100 3491 5140 resus-

205 5183 259 5229 ut
282 5185 700 5241 consolationem
734 5185 932 5242 haheat
966 5187 1294 5242 futurorum.
1326 5187 1573 5244 Manasse
1601 5197 1779 5244 autem
1885 5188 2043 5244 citari
2107 5186 2225 5241 vult
2289 5184 2655 5250 charitatetn,
2714 5181 2970 5237 suscitari
3028 5180 3082 5233 in
3130 5178 3301 5233 veteri
3360 5177 3495 5232 Tes-

209 5279 380 5327 Semen
408 5286 490 5333 est
515 5278 748 5348 populus
775 5277 1098 5345 oblivionis,
1129 5280 1219 5348 qui
1270 5281 1546 5350 proprium
1581 5280 1785 5335 oblitus
1889 5289 2167 5344 tamenin,
2209 5278 2527 5335 rcsuscitari
2584 5278 2636 5331 in
2684 5290 2845 5330 novo.
2889 5272 3142 5329 Charitas
3182 5272 3322 5328 Deus
3368 5281 3491 5338 est,

211 5370 499 5437 auctorem,
531 5370 800 5426 exaltatus
846 5370 911 5426 ad
944 5379 1161 5441 tempus
1202 5374 1256 5427 in
1297 5373 1400 5429 hoc
1434 5374 1635 5430 sarculo
1664 5383 1747 5430 est
1768 5416 1784 5441 ,
1890 5384 1948 5430 ut
1977 5374 2230 5443 legimus,
2254 5372 2499 5426 charitas
2525 5369 2773 5423 Christus
2801 5376 2886 5423 est
2917 5364 3130 5438 (lloaa.
3159 5380 3234 5428 tv,
3260 5362 3337 5437 8).
3359 5363 3492 5418 Sus.

215 5448 784 5532 dalurusiureliqunm
813 5478 1001 5532 pteuas
1018 5479 1246 5535 graves;
1278 5468 1403 5538 quia
1435 5467 1603 5523 Deum
1626 5480 1784 5523 suum
1887 5466 2088 5522 citatur
2140 5472 2404 5534 tamquam
2446 5463 2567 5525 leo,
2617 5469 2663 5515 et
2716 5458 2921 5514 catulus
2978 5457 3177 5522 leonis;
3238 5465 3293 5509 ut
3337 5454 3496 5512 Judﬂ

218 5550 268 5597 et
295 5545 566 5612 Dominum
598 5556 908 5626 denegavit.
1889 5558 2135 5614 ascendat
2161 5573 2224 5612 ea:
2263 5556 2494 5627 germine
2522 5553 2675 5627 (Gen.
2705 5568 2826 5609 χιιι
2855 5592 2871 5619 ,
2918 5550 2978 5622 9)
3003 5567 3017 5605 :
3048 5549 3409 5607 resuscitatur
3439 5554 3498 5601 ιιι

292 5760 316 5832 ξ
351 5754 402 5832 l_n
431 5762 566 5829 psal.
590 5774 937 5818 cxvtnserm.
974 5758 1062 5820 14.
1092 5774 1244 5815 ηιιιιι.
1273 5759 1349 5832 5i
1369 5770 1425 5816 et
1450 5773 1567 5832 seq.

1983 5768 2005 5832 ξ
2048 5757 2172 5832 ιιι).
2200 5770 2248 5832 ιι
2265 5755 2335 5812 de
2362 5753 2530 5813 Jacob
2558 5766 2612 5812 et
2640 5755 2745 5832 vita
2778 5754 3113 5832 beataucap.
3140 5751 3195 5818 l,
3225 5763 3372 5805 num.
3408 5746 3461 5806 5.

296 5818 322 5867 δ
360 5826 414 5899 ιιι
433 5818 573 5909 psal.
598 5847 765 5902 csvnt
794 5846 960 5892 serm.
991 5818 1081 5903 19,
1109 5846 1261 5892 num.
1288 5830 1379 5888 26.
1530 5818 1546 5832 ’
1975 5826 2002 5866 τι
2048 5828 2109 5886 ιιι
2139 5829 2277 5903 psal.
2303 5843 2468 5887 csvm
2516 5843 2684 5890 serm.
2714 5826 2769 5896 5,
2798 5818 2954 5882 num.
2970 5818 3061 5880 20.
