3920 6380
400 293 538 350 1879

1383 284 1938 345 COMMENTARIUS
1976 285 2043 343 ΙΝ
2083 284 2382 342 CANTICA
2420 281 2725 342 CANTIC.‘

3580 279 3757 338 1380

392 406 706 475 dormiens,
736 413 795 461 ut
816 403 1172 472 recumbens;
1204 404 1328 476 quia
1353 417 1467 459 non
1491 402 1755 471 humana,
1785 402 1885 459 sed
1907 416 2007 458 sua
2037 406 2091 468 Α
2114 402 2280 457 corde
2309 401 2485 458 Patris
2516 416 2681 472 super
2724 410 2942 458 sanctos
2979 414 3110 459 suos
3132 440 3148 466 ,
3191 399 3260 458 de
3301 399 3524 457 Oriente
3548 414 3757 470 super

393 508 449 559 et
481 499 661 555 Patris
704 499 992 567 majestate
1024 495 1323 552 suscitatus
1365 504 1451 552 est
1494 511 1524 551 a
1567 494 1820 551 mortuis.
1856 495 2009 552 Unde

398 596 475 651 ait
517 595 802 665 Scriptura
839 611 852 649 :
886 592 1017 660 Quis
1049 592 1315 647 suscitabit
1343 590 1535 645 illum?
1568 590 1687 645 Non
1736 590 1880 645 enim
1917 604 2012 660 po—

401 697 544 745 terat
577 687 731 741 illum
757 695 850 740 aut
872 686 1099 756 angelus
1121 696 1214 739 aut
1244 684 1494 740 Potestas
1519 684 1788 739 suscitare
1809 683 2009 748 aliena,

400 796 522 838 cum
568 780 685 850 ipse
716 779 856 834 alios
904 777 1219 834 suscitaret.
1256 777 1402 849 Ergo
1447 793 1568 833 eum
1612 778 1701 833 hic
1741 776 1919 832 dicit:
1951 775 2012 831 Si

407 872 781 928 suscitaveritis
812 881 860 925 et
882 871 1313 925 resnscitaveritis
1360 870 1726 935 dilectionem,
1755 886 2014 942 nsquequo

405 966 655 1030 voluerit;
683 965 749 1019 de
772 964 837 1019 iis
859 964 1014 1029 dicit,
1030 963 1122 1033 qui
1143 965 1609 1019 resurrecuonem
1634 962 1752 1034 ejus
1774 978 2015 1034 congrue

404 1071 630 1132 possunt
659 1058 961 1129 prmdicare
988 1100 1003 1124 ,
1036 1066 1094 1113 ut
1122 1056 1471 1113 audientibus
1504 1058 1758 1114 ardorem
1810 1057 1934 1113 ﬁdei
1962 1068 2017 1112 et

407 1154 715 1208 devotionis
738 1151 1077 1208 accendant:
1115 1150 1197 1204 vel
1227 1151 1523 1206 suscitatur
1553 1150 1803 1207 Christus
1845 1151 1898 1206 in
1931 1150 2016 1205 his

407 1249 499 1318 qui
534 1247 771 1315 primum
812 1245 1113 1311 accedunt,
1145 1244 1506 1299 resuscitatur
1536 1245 1588 1299 in
1619 1243 1706 1298 his
1746 1245 1837 1315 qui
1871 1251 2019 1313 pust-

400 1356 562 1412 quatn
594 1340 955 1406 accesserint,
988 1339 1349 1394 dormierunt.
1382 1338 1741 1411 Dormitergo
1764 1338 2018 1397 Christus

406 1436 842 1507 negligentibus,
877 1435 1173 1489 suscitatur
1204 1434 1256 1488 iu
1289 1433 1517 1489 sanctis.
1610 1464 1614 1469 ι

483 1527 575 1584 29.
604 1537 630 1565 η
664 1528 813 1582 llauc
842 1528 1028 1599 itaque
1057 1526 1383 1583 charitatem
1426 1526 1655 1581 suscitat
1693 1534 1749 1581 et
1782 1526 2019 1581 resusci-

412 1628 523 1689 tat,
559 1620 735 1677 doncc
766 1635 958 1676 vocem
1003 1620 1121 1691 ejus
1150 1620 1400 1690 accipiat,
1435 1626 1493 1675 et
1531 1619 1875 1689 praesentiam
1901 1619 2019 1689 ejus

413 1723 692 1771 accersat:
728 1714 853 1785 quia
886 1713 1150 1784 quaesitus
1178 1728 1284 1767 non
1310 1713 1486 1767 solum
1516 1714 1696 1779 venit,
1728 1712 1824 1767 sed
1854 1712 2018 1767 etiam

2112 492 2463 549 Occidentem
2488 534 2504 561 ,
2534 493 2602 548 de
2633 492 3022 564 Septentrioue
3057 507 3222 564 super
3261 491 3566 550 Meridiem.
3625 491 3758 548 Iste

2115 588 2320 659 estqui
2351 590 2599 645 ascendit
2628 603 2793 660 super
2833 587 3121 655 Occasum,
3174 588 3289 659 ipse
3334 604 3501 661 super
3541 588 3756 645 caelos

2116 684 2381 740 caelorum
2410 683 2477 737 ad
2507 682 2810 750 Orientem,
2834 682 2949 755 ipse
2974 681 3219 739 ascendit
3267 697 3432 754 super
3481 690 3756 750 montes,

2117 778 2233 849 ipse
2262 793 2427 849 Super
2458 777 2649 834 colles.

2189 870 2281 925 53.
2327 869 2539 925 Utinam
2563 884 2664 941 ego
2695 871 2861 925 miser
2891 867 3089 937 dicam,
3140 868 3287 925 dicat
3334 867 3516 924 anima
3553 883 3708 924 mea
3745 885 3761 923 :

2121 961 2254 1016 Ecce
2278 962 2374 1017 iste
2404 961 2631 1027 aduenit,
2662 970 2717 1016 et
2748 960 2970 1017 advenit
3012 977 3118 1017 non
3156 976 3320 1032 super
3342 969 3591 1027 terrena,
3631 977 3762 1018 non

2120 1072 2284 1126 super
2305 1055 2475 1111 valles
2507 1096 2520 1121 ,
2574 1055 2669 1111 sed
2721 1053 2977 1110 advenit:
3029 1054 3237 1111 Saliens
3282 1072 3439 1128 super
3486 1063 3716 1110 montes
3743 1071 3768 1121 ;

2121 1148 2267 1205 Deus
2292 1148 2436 1203 enim
2462 1148 2603 1204 Deus
2628 1149 2892 1204 montium
2913 1157 3015 1213 est,
3044 1164 3150 1204 non
3174 1148 3404 1203 Vallium
3437 1166 3451 1202 :
3483 1147 3574 1203 ubi
3602 1161 3765 1219 ergo

2121 1244 2266 1307 salit,
2301 1260 2466 1315 super
2495 1255 2711 1301 montes
2733 1247 2876 1300 salit.
2902 1245 2961 1300 Si
2987 1245 3065 1301 sis
3093 1247 3274 1311 mons,
3300 1246 3429 1300 salit
3456 1259 3640 1317 super
3670 1252 3759 1309 te,

2123 1342 2251 1397 salit
2271 1355 2438 1412 super
2462 1341 2679 1407 Isaiam,
2710 1340 2836 1396 salit
2862 1355 3028 1410 super
3058 1339 3421 1403 Hieremiam,
3475 1339 3609 1395 salit
3658 1352 3768 1393 su-

2126 1450 2222 1505 per
2248 1434 2492 1502 Petrum,
2520 1434 2785 1491 Joannem
2807 1477 2822 1503 ,
2852 1434 3137 1490 Jacobunt.
3188 1432 3392 1489 Montes
3419 1433 3478 1489 in
3506 1432 3764 1487 circuitu

2125 1532 2238 1602 ejus
2263 1528 2490 1602 (Psalm.
2518 1544 2701 1596 cutv,
2733 1528 2831 1600 2):
2873 1529 2918 1585 si
2959 1544 3065 1583 non
3093 1536 3248 1598 potes
3298 1542 3423 1583 esse
3469 1540 3639 1581 mons
3703 1532 3767 1580 et

2127 1638 2234 1679 non
2267 1623 2551 1694 praevales,
2584 1632 2705 1679 esto
2737 1622 2819 1678 vel
2849 1622 3028 1689 collis,
3067 1632 3124 1676 ut
3172 1636 3337 1692 super
3379 1629 3434 1676 te
3478 1617 3763 1675 Christus

2126 1715 2384 1772 ascendat
2409 1725 2495 1770 :et
2518 1714 2564 1770 si
2592 1715 2851 1781 transilit,
2869 1723 2925 1768 ut
2948 1721 3001 1769 te
3023 1715 3283 1769 transitus
3300 1712 3421 1784 ejus
3436 1711 3761 1768 custodiu.

415 1809 620 1865 saliens
646 1808 816 1865 venit.
867 1807 973 1863 Sed
1014 1808 1124 1878 jam
1156 1821 1388 1878 sponsus
1418 1806 1643 1875 aderat,
1669 1817 1729 1861 ut
1765 1807 2022 1877 probaret
2053 1806 2101 1867 B
2200 1810 2290 1867 54.
2338 1806 2582 1863 Diximus
2612 1806 2682 1863 de
2707 1805 2927 1863 Christo
2963 1815 3019 1863 et
3041 1806 3314 1873 Ecclesia,
3371 1790 3633 1861 dicamus
3684 1804 3765 1859 de

416 1903 557 1959 illud
602 1904 746 1974 quod
800 1902 979 1958 adhuc
1009 1902 1361 1972 loquentibus
1394 1900 1555 1957 nobis
1592 1900 1759 1955 dicit:
1800 1900 2020 1955 Adsum.

416 1995 445 2034 δ
467 1996 659 2065 Adest,
688 1998 812 2068 quia
836 1994 1132 2050 suscitatus
1160 2010 1190 2049 a
1219 1993 1432 2050 ﬁliabus
1459 1995 1632 2062 .lnd:e,
1655 1994 1809 2066 quasi
1836 2009 2025 2051 resus-

414 2089 612 2143 citatus
640 2105 668 2141 a
702 2088 918 2143 ﬁliabus
968 2088 1328 2143 Hierusalem.
1364 2086 1527 2144 Audit
1558 2088 1801 2145 Ecclesia
1829 2102 2024 2143 sonum

418 2181 571 2236 vocis
593 2181 711 2251 ejus
741 2189 796 2236 et
822 2182 954 2237 dicit
986 2199 998 2233 :
1668 2168 1675 2173 ’

494 2275 583 2331 50.
622 2274 804 2346 (Vers.
838 2275 920 2348 8.)
983 2274 1095 2330 νοω
1125 2278 1421 2332 consobrini
1452 2281 1582 2344 mei,
1616 2295 1732 2334 ecce
1756 2281 1840 2334 hic
1870 2280 2028 2334 adve-

422 2370 497 2422 nit
519 2370 711 2424 saliens
740 2387 896 2441 super
920 2380 1147 2438 montes,
1184 2373 1481 2428 transiliens
1525 2390 1679 2445 super
1700 2373 1877 2428 colles.
1909 2372 2023 2428 Ma-

423 2462 690 2533 nipularis
736 2474 819 2519 est
868 2464 956 2520 hic
1002 2464 1141 2521 liber
1170 2467 1369 2521 multas
1404 2467 1611 2521 habens
1638 2481 1901 2536 personas
1930 2482 2027 2522 no-

423 2556 579 2622 biles,
613 2558 764 2613 velut
790 2561 1107 2629 manipulus
1137 2561 1505 2632 triumphalis,
1537 2563 1844 2633 multosque
1875 2571 2026 2618 actus

422 2650 737 2720 signiﬁcans
760 2638 947 2723 {quos
979 2654 1282 2724 intelligere
1324 2657 1496 2726 magis
1540 2672 1701 2727 quam
1732 2671 2028 2726 expressus

426 2750 616 2800 tenere
648 2759 961 2814 possumus.
994 2745 1129 2801 Nam
1161 2747 1314 2817 quasi
1344 2748 1723 2803 advenientem
1766 2764 2027 2818 sponsum

424 2835 662 2892 audierit
690 2852 813 2891 cum
853 2838 1128 2908 aliquibus
1166 2840 1371 2909 pariter
1399 2840 1674 2896 viantibus
1713 2841 2029 2913 colloquen-

426 2936 558 2993 tem,
584 2928 717 2983 dicit
738 2945 974 2999 sponsa:
1004 2932 1122 2987 Vox
1141 2934 1439 2988 consobrini
1469 2937 1589 2990 mei.
1620 2921 1757 2991 Dum
1790 2937 2029 3008 loquitur

425 3032 547 3073 cum
586 3019 799 3075 ﬁliabus
829 3022 1190 3093 HieruSaletn,
1223 3036 1277 3080 et
1305 3037 1459 3099 rugat
1485 3038 1542 3083 ut
1567 3034 1824 3097 excitent,
1860 3042 1913 3086 et
1945 3047 2030 3087 re-

344 3177 353 3185 λ
428 3112 695 3167 suscitent
739 3128 1028 3184 sponsum;
1073 3116 1256 3171 subito
1297 3126 1571 3190 tamquam
1620 3120 1689 3175 de
1730 3121 2028 3193 longinquo

2130 1904 2309 1958 anima
2338 1911 2392 1957 et
2416 1901 2620 1959 Verbo.
2654 1903 2844 1956 Anima
2874 1902 3006 1973 justi
3038 1916 3237 1971 sponsa
3267 1910 3352 1956 est
3397 1900 3593 1965 Verbi,
3628 1900 3763 1957 hze'c

2129 1997 2174 2051 si
2204 1994 2497 2063 desideret,
2529 1996 2575 2050 si
2602 1995 2806 2066 cupiat,
2833 1994 2880 2050 si
2908 2005 3028 2051 oret
3055 2004 3109 2050 et
3135 2002 3254 2051 oret
3275 1994 3519 2060 assidue,
3542 2003 3600 2050 et
3627 2003 3764 2049 oret

2130 2091 2249 2146 sine
2276 2091 2385 2145 ulla
2416 2089 2830 2161 disceptatione,
2864 2098 2920 2144 et
2950 2099 3057 2143 tota
3088 2089 3333 2144 intendat
3362 2088 3419 2143 in
3444 2087 3709 2144 Verbum
3745 2105 3759 2140 :

2130 2184 2312 2239 subito
2334 2198 2522 2238 vocem
2551 2182 2653 2238 sibi
2673 2182 2886 2238 videtur
2906 2182 3026 2252 ejus
3042 2180 3232 2237 audire
3254 2196 3414 2252 quem
3436 2183 3547 2235 uo’u
3566 2179 3758 2246 videt,

2131 2286 2187 2334 et
2213 2279 2266 2332 in
2298 2277 2492 2332 timore
2520 2290 2717 2333 sensus
2737 2275 2961 2331 odorem
2993 2275 3293 2330 divinitatis
3320 2274 3439 2344 ejus
3465 2275 3758 2345 agnoscit,

2130 2372 2273 2445 quod
2300 2372 2580 2442 patiuntur
2636 2370 2957 2441 plerumque
3005 2370 3094 2440 qui
3139 2368 3276 2424 bene
3327 2367 3584 2425 credunt.
3641 2368 3756 2424 Re-

2132 2466 2350 2536 plentur
2377 2464 2558 2518 subito
2590 2477 2754 2519 nares
2781 2463 2975 2517 anitute
3007 2460 3237 2532 spiritali
3266 2462 3465 2532 gratia,
3498 2469 3555 2516 et
3572 2462 3759 2517 sentit

2130 2558 2232 2613 sibi
2267 2556 2571 2628 praesentia:
2610 2556 2729 2626 ejus
2754 2555 2941 2610 ﬂatum
2964 2556 3210 2626 aspirare
3232 2569 3394 2625 quem
3422 2554 3631 2625 quaerit
3650 2595 3669 2622 ,
3694 2564 3753 2609 et

2131 2651 2262 2707 dicit
2296 2670 2309 2705 :
2343 2651 2483 2707 Ecce
2512 2649 2614 2706 iste
2641 2650 2759 2721 ipse
2785 2659 2871 2706 est
2899 2664 3061 2721 quem
3116 2649 3367 2721 requiro,
3410 2649 3530 2720 ipse
3574 2664 3750 2721 quem

2131 2746 2404 2803 desidero.

2204 2838 2293 2894 55.
2337 2839 2524 2895 Nonne
2552 2852 2673 2894 cum
2706 2836 2909 2908 aliquid
2947 2836 3015 2892 de
3036 2836 3340 2907 Scripturis
3380 2840 3703 2906 Cogitamus
3733 2877 3749 2901 ,

2133 2945 2187 2993 et
2215 2935 2657 3004 esplanationem
2687 2933 2805 3004 ejus
2834 2932 3083 2988 invenire
3104 2922 3214 2986 non
3238 2944 3532 3001 possumus
3566 2947 3583 2995 ;
3609 2931 3749 2985 dum

2132 3027 2467 3092 dubitamus,
2496 3025 2623 3080 dum
2649 3025 2973 3095 quaarimus,
2995 3023 3173 3079 subito
3197 3023 3354 3077 nobis
3374 3023 3531 3094 quasi
3575 3037 3752 3093 super

2134 3130 2370 3188 montes,
2394 3119 2446 3174 id
2471 3127 2575 3179 est.
2602 3119 2862 3172 altissima
2882 3116 3133 3186 dogmata
3154 3115 3389 3182 videtur,
3408 3114 3744 3170 ascendere.

429 3205 609 3260 missm
640 3208 788 3261 vocis
819 3223 1011 3262 sonum
1056 3211 1299 3265 sentiens
1322 3250 1337 3275 ,
1367 3212 1499 3267 dicit
1530 3229 1542 3264 :
1581 3211 1697 3266 Vox
1736 3214 2029 3269 consobrini
2055 3204 2100 3267 C
2134 3210 2339 3266 Deinde
2367 3212 2518 3282 quasi
2547 3225 2712 3279 super
2740 3209 2912 3265 colles
2943 3222 3212 3278 apparens
3235 3206 3421 3272 nobis,
3460 3206 3748 3261 illuminat

429 3304 557 3368 mei,
590 3305 919 3358 annuntians
946 3320 1107 3376 quem
1140 3306 1380 3360 nuntiari
1427 3307 1532 3361 sibi
1562 3321 1687 3363 ante
1727 3308 2027 3377 quaerebat.

430 3396 604 3463 Quem
629 3399 882 3466 cupiebat
910 3400 981 3452 ab
1011 3400 1136 3455 aliis
1164 3400 1453 3464 suscitari,
1487 3418 1581 3457 sua
1609 3417 1768 3471 prece
1793 3405 2031 3458 resusci-

429 3499 621 3554 tatum,
644 3507 671 3542 a
690 3491 849 3545 Patre
864 3492 1167 3561 venirejam
1182 3496 1435 3560 credens,
1463 3494 1582 3549 laeta
1600 3496 1733 3550 dicit
1751 3513 1763 3548 :
1779 3495 1896 3551 Vox
1907 3515 2030 3551 con-

429 3583 626 3638 sobrini
672 3585 792 3639 mei.
832 3585 979 3639 Bene
1026 3585 1254 3649 addidit,
1300 3588 1597 3641 consobrini
1649 3590 1780 3655 mei;
1818 3600 1875 3644 ut
1921 3607 2028 3645 non

431 3676 574 3741 alite,
594 3675 688 3731 sed
713 3677 1043 3732 consobrina
1071 3677 1186 3732 sola
1210 3677 1313 3733 sibi
1339 3679 1460 3749 ejus
1487 3678 1790 3736 vindicaret
1827 3681 2031 3737 adven-

433 3778 566 3822 tum.

509 3860 719 3936 1565
745 3864 835 3919 5L
880 3864 1036 3933 Ecce,
1069 3866 1263 3936 inquit,
1290 3868 1387 3922 iste
1414 3868 1661 3939 advenit,
1710 3869 1887 3925 adhuc
1931 3884 2031 3941 ego

430 3969 553 4009 eum
581 3971 789 4023 qurere,
821 3967 877 4012 et
906 3958 994 4011 ille
1016 3958 1128 4027 jam
1158 3959 1307 4013 venit
1342 3976 1354 4011 :
1393 3959 1572 4015 adhuc
1621 3975 1721 4030 ego
1776 3958 2031 4031 suﬁ‘ragia

429 4054 587 4114 captu
614 4057 670 4100 ut
701 4048 901 4113 veniat,
933 4057 986 4101 et
1009 4048 1100 4102 ille
1120 4047 1231 4117 jant
1264 4050 1545 4118 proximus
1567 4062 1649 4104 est
1684 4067 1697 4103 :
1732 4066 1833 4122 ego
1860 4049 2033 4106 susei-

430 4135 534 4188 tari
558 4136 687 4189 mihi
715 4135 1036 4191 charitatem
1065 4138 1245 4208 cupio,
1271 4155 1371 4209 ego
1414 4156 1502 4195 me
1533 4142 1868 4197 vulneratam
1899 4144 2032 4198 cha-

434 4224 609 4278 ritatis
643 4236 795 4294 puto,
837 4236 887 4280 et
934 4228 1001 4280 ad
1044 4243 1130 4283 me
1181 4230 1298 4297 plus
1328 4230 1441 4299 ipsa
1484 4231 1723 4287 charitas
1767 4222 2029 4290 fes‘i’inat:

439 4331 543 4386 ego
571 4316 704 4385 dixi,
736 4318 896 4386 veni;
929 4320 1053 4374 salit
1083 4320 1176 4375 ille
1201 4330 1255 4376 et
1287 4323 1524 4378 transilit
1555 4342 1569 4378 :
1600 4340 1702 4396 ego
1730 4342 1860 4397 rogo
1905 4344 2030 4384 eum

437 4412 631 4466 venire
678 4428 802 4468 cum
860 4415 1061 4484 gratia,
1111 4416 1213 4470 iste
1251 4418 1552 4487 gratiarum
1605 4429 1863 4489 operatur
1904 4437 2035 4493 aug—

433 4512 654 4568 menta;
688 4514 742 4559 et
773 4505 899 4559 dmn
931 4507 1099 4571 venit,
1136 4507 1470 4565 incrementa
1499 4513 1685 4583 gratia:
1713 4527 1898 4567 secum
1940 4530 2033 4570 ve-

2137 3316 2393 3371 mentem,
2425 3314 2483 3359 ut
2511 3304 2761 3359 infundat
2805 3303 3078 3368 sensibus,
3109 3300 3254 3372 quod
3289 3301 3538 3356 invenire
3581 3315 3745 3372 posse

2133 3400 2351 3456 difﬁcile
2373 3398 2694 3455 videbatur:
2726 3412 2856 3469 ergo
2883 3397 3035 3467 quasi
3063 3411 3129 3450 ex
3149 3394 3375 3450 absente
3408 3394 3467 3449 ﬁt
3490 3407 3744 3465 praesens

2132 3495 2372 3551 Verbum
2407 3494 2458 3549 in
2490 3493 2743 3548 cordibus
2773 3493 2994 3546 nostris.
3043 3489 3113 3544 Et
3158 3504 3348 3545 rursus
3377 3504 3501 3544 eum
3532 3487 3742 3559 aliquid

2135 3588 2291 3643 nobis
2319 3586 2709 3641 subobscurum
2750 3593 2855 3648 est,
2899 3592 3171 3653 tamquam
3224 3580 3550 3637 subducitur
3605 3580 3742 3636 Ver-

2133 3681 2282 3746 bum,
2315 3689 2370 3735 et
2399 3688 2672 3748 tamquam
2700 3676 2941 3731 absentis
2971 3675 3266 3731 adventum
3303 3674 3687 3731 desideramus
3717 3689 3735 3739 ;

2133 3784 2187 3831 et
2216 3776 2409 3829 iterum
2435 3780 2683 3843 apparet,
2719 3772 2960 3827 ostendit
2995 3785 3055 3825 se
3086 3770 3240 3826 nobis
3276 3777 3559 3842 tamquam
3597 3784 3737 3839 prte—

2133 3882 2259 3923 sens
2287 3868 2359 3922 sit
2389 3865 2547 3921 nubis
2572 3865 2623 3919 in
2645 3863 2712 3919 iis
2735 3880 2856 3935 qua:
2884 3864 3209 3934 requirimus
3238 3861 3659 3932 cognoscendis.

2206 3960 2295 4015 '56.
2338 3958 2476 4014 Salit
2504 3972 2633 4027 ergo
2660 3957 2713 4012 iu
2755 3955 3179 4026 uniuscujusque
3205 3954 3372 4009 corde
3393 3953 3728 4025 frequenter,

2137 4052 2370 4108 transilit
2394 4063 2448 4107 et
2469 4053 2582 4107 exit
2602 4051 2964 4107 ctrevertitur
2988 4067 3000 4106 :
3027 4050 3070 4103 si
3090 4049 3355 4120 sequaris,
3377 4048 3425 4102 si
3447 4048 3727 4119 requiras,

2134 4147 2180 4201 si
2214 4146 2309 4201 tibi
2339 4144 2575 4200 ﬁdelium
2602 4154 2752 4216 grata
2785 4142 3156 4212 disputatione
3183 4140 3469 4195 doctorum
3493 4140 3729 4196 Verbum

2134 4180 2180 4201 s.
2214 4180 2309 4201 ιιυ.
2339 4180 2575 4200 manu...
2603 4180 2752 4216 5......
2785 4180 3156 4212 u...,,.............
3183 4180 3469 4195 ..νωνηηη
3511 4180 3729 4196 ww..."
3917 4180 3920 4257 {

2134 4238 2276 4309 quod
2301 4239 2509 4294 exierat
2535 4246 2696 4307 atque
2730 4236 3043 4299 transierat,
3101 4233 3347 4305 postules
3393 4232 3728 4289 resuscitari.

2136 4333 2287 4388 Sicut
2320 4334 2403 4387 illa
2426 4350 2546 4403 qua:
2563 4331 2812 4404 quaesivit
2839 4340 2893 4386 et
2924 4329 3152 4393 invenit,
3182 4344 3303 4399 qua:
3328 4328 3474 4383 dixit
3501 4347 3513 4384 :
3548 4325 3730 4382 Frater
3917 4348 3920 4457 Α

2137 4444 2279 4457 ...-...
2304 4427 2538 4457 ...,......-...-.
2588 4426 2758 4457 -...-...,.
2777 4441 2888 4457 an...
2918 4424 3075 4457 ...:...-.
3106 4424 3159 4457 ε..
3205 4421 3354 4457 ...πλη
3400 4426 3519 4457 οε...
3556 4421 3723 4457 Iram,

2136 4444 2279 4481 meus
2301 4427 2559 4490 transivit,
2585 4426 2758 4479 anima
2777 4441 2889 4478 mea
2917 4424 3075 4479 exivit
3106 4424 3161 4477 in
3205 4421 3354 4478 verba
3399 4426 3519 4496 ejus
3556 4421 3729 4495 (Cant.

2138 4536 2196 4585 v,
2229 4520 2306 4592 6).
2344 4521 2482 4590 Ergo
2513 4520 2615 4574 etsi
2666 4533 2829 4588 super
2876 4527 3089 4573 montes
3133 4517 3277 4583 salit,
3323 4532 3601 4588 sequere:
3630 4515 3727 4572 etsi
3917 4518 3920 4657 |

2138 4627 2299 4657 sunpr
2323 4611 2509 4657 nolles-
2541 4624 2789 4657 senilem.
2816 4608 3180 4657 Reneritmlur
3205 4609 3349 4657 enim
3380 4609 3433 4657 in
3456 4609 3726 4657 montibus

430 4594 531 4662 hit,
562 4604 618 4650 et
640 4596 910 4652 veniendo
930 4600 1183 4669 acquirit,
1208 4602 1335 4671 quia
1367 4604 1548 4659 studet
1583 4604 1749 4659 etiam
1778 4606 1896 4676 ipse
1917 4622 2030 4662 sua:
2058 4595 2113 4656 Ῑ)
2136 4627 2299 4683 super
2323 4611 2512 4675 colles,
2541 4624 2789 4681 sequere.
2815 4608 3180 4679 Reperiuntur
3205 4609 3349 4663 enim
3380 4609 3433 4663 in
3456 4609 3726 4664 montibus

434 4692 649 4760 placere
675 4692 911 4748 dde-tm.
944 4693 1080 4749 Salit
1106 4711 1271 4765 super
1296 4698 1520 4753 excelsa
1549 4741 1564 4765 ,
1589 4709 1646 4753 ut
1677 4702 1940 4756 ascendat
1961 4702 2029 4756 ad

429 4798 716 4852 sponsam;
737 4799 951 4854 sponsa:
975 4787 1117 4840 enim
1144 4788 1415 4843 thalamus
1444 4790 1680 4846 tribttnal
1699 4801 1782 4845 est
1802 4792 2025 4847 Christi.

430 4878 569 4935 Salit
595 4895 761 4950 super
784 4882 978 4946 Adam,
1011 4884 1248 4938 transilit
1288 4903 1455 4957 super
1479 4886 1864 4960 Synagngam;
1908 4890 2031 4945 salit

429 4990 596 5043 super
626 4975 852 5043 Gentes,
885 4978 1115 5031 transilit
1146 4993 1309 5048 super
1338 4979 1581 5036 Judzeos.

500 5066 593 5120 52.
638 5066 929 5123 Videamus
963 5070 1245 5125 salientem
1304 5072 1443 5127 Salit
1480 5074 1547 5129 de
1586 5075 1725 5131 caelo
1768 5076 1819 5130 in
1854 5075 2031 5148 Virgi-

426 5177 578 5227 nem,
603 5161 671 5215 de
695 5172 849 5217 utero
884 5162 937 5216 in
963 5179 1226 5233 praesepe,
1260 5164 1327 5220 de
1351 5165 1591 5223 Jordaue
1612 5168 1667 5223 in
1689 5183 1929 5229 crucem.
1960 5170 2029 5225 de

429 5269 592 5310 cruce
616 5256 668 5309 in
702 5256 966 5310 tumulum
998 5298 1013 5322 ,
1058 5259 1110 5312 in
1161 5260 1356 5314 emtum
1400 5260 1470 5315 de
1516 5264 1791 5331 sepulcro.
1842 5263 2024 5319 Proba

432 5346 563 5400 mihi
613 5346 778 5403 David
823 5351 1133 5415 salientem,
1168 5351 1332 5420 proba
1360 5363 1714 5419 currentem;
1767 5366 1823 5410 tu
1876 5355 2024 5410 enim

425 5438 608 5493 dixisti
646 5456 661 5493 :
698 5439 985 5496 Exsultavit
1013 5452 1068 5496 ut
1093 5446 1240 5515 gigas
1295 5444 1364 5497 ad
1416 5447 1727 5501 currendam
1773 5447 1944 5513 viam,
1994 5464 2025 5502 α

429 5551 629 5590 summo
652 5539 777 5591 corio
799 5540 1020 5609 egressio
1048 5539 1160 5609 ejus
1182 5556 1201 5602 ;
1222 5549 1270 5593 et
1298 5555 1543 5594 occursus
1587 5543 1703 5613 ejus
1754 5557 1917 5612 usque
1955 5541 2025 5594 ad

430 5644 680 5681 summum
704 5634 838 5701 ejus,
884 5648 974 5685 nec
1004 5640 1077 5685 est
1106 5633 1191 5699 qui
1217 5648 1269 5686 se
1294 5633 1577 5687 abscondat
1623 5651 1655 5687 a
1700 5634 1872 5688 calore
1911 5637 2026 5705 ejus

434 5715 607 5786 (Psal.
639 5736 790 5788 xvut,
818 5722 852 5774 6
883 5733 930 5776 et
963 5723 1039 5793 7).
1067 5723 1134 5778 Et
1160 5740 1302 5779 nunc
1332 5724 1479 5792 salit,
1509 5736 1721 5782 etnunc
1744 5727 1930 5794 currit,
1959 5725 2025 5781 de

500 5834 527 5866 ι
565 5830 683 5885 Lib.
715 5833 785 5887 de
818 5833 984 5896 Isaae,
1013 5824 1133 5904 cap.
1164 5839 1218 5903 1i,
1253 5826 1402 5893 num.
1432 5826 1526 5893 δί.

2136 4716 2191 4761 et
2245 4705 2296 4760 in
2339 4704 2570 4760 collibus
2612 4713 2900 4758 venatores
2954 4702 3211 4768 Domini,
3267 4703 3356 4772 qui
3404 4702 3727 4773 investigant

2136 4811 2231 4851 eos
2261 4796 2350 4865 qui
2382 4796 2669 4864 capiuntur
2696 4792 2763 4847 ad
2796 4794 2956 4848 vitam
2986 4811 3001 4860 ;
3031 4793 3110 4849 sic
3132 4795 3275 4848 enim
3301 4792 3446 4848 dixit
3479 4809 3577 4863 per
3607 4793 3726 4849 Hie-

2136 4889 2361 4944 remiam
2396 4887 2538 4942 Deus
2573 4905 2584 4940 :
2620 4885 2750 4941 Ecce
2774 4886 2919 4940 mitto
2942 4886 3128 4941 multos
3153 4886 3437 4958 piscatores
3468 4894 3518 4941 et
3543 4886 3725 4941 multos

2135 4992 2423 5045 venatores,
2452 4992 2499 5034 et
2520 4979 2843 5034 venabantur
2873 4995 2959 5033 €08
2978 4996 3135 5050 super
3177 4995 3379 5034 omnem
3415 4992 3641 5034 montem
3680 4986 3725 5032 et

2136 5094 2290 5140 super
2319 5092 2522 5132 omnem
2547 5077 2728 5130 collem
2764 5072 2977 5148 (Jerem.
3023 5090 3134 5141 ιιι,
3167 5075 3281 5146 16).
3328 5073 3403 5129 lbi
3460 5089 3596 5145 ergo
3637 5089 3724 5145 po-

2139 5171 2295 5240 pulus
2326 5170 2419 5225 Dei
2445 5179 2719 5238 qua-ratur
2743 5176 2795 5224 et
2848 5167 3155 5222 inveniatur
3175 5168 3226 5221 in
3256 5164 3398 5221 Petri
3421 5176 3477 5221 et
3498 5167 3551 5221 in
3583 5162 3722 5221 Pauli
3917 5162 3920 5217 |

2134 5262 2403 5324 doctrina,
2426 5262 2620 5332 gratia,
2655 5260 2941 5330 disciplint
2972 5277 2986 5324 ;
3023 5271 3079 5313 ιιι
3106 5275 3210 5313 non
3243 5259 3295 5313 in
3321 5258 3575 5314 cauvalle
3601 5259 3720 5319 sint,

2136 5356 2228 5410 ubi
2255 5355 2437 5420 ﬂetus,
2472 5355 2566 5410 sed
2598 5355 2650 5409 in
2675 5356 2954 5409 montibus
2989 5371 3019 5409 a
3060 5352 3256 5423 quibus
3292 5364 3722 5422 unumquemque
3918 5346 3920 5411 l

2132 5447 2383 5503 Christus
2410 5448 2696 5514 illuminat,
2722 5458 2777 5502 et
2805 5461 2928 5502 cum
2953 5446 3171 5501 Petrum
3195 5445 3453 5516 legimus,
3480 5443 3719 5500 Christus

2136 5539 2436 5594 illuminat:
2468 5547 2523 5594 et
2551 5555 2672 5594 cum
2704 5538 2929 5593 Paulum
2971 5538 3218 5608 legimus,
3248 5537 3500 5592 Christus
3528 5534 3719 5591 illumi—
3917 5534 3920 5605 4

2136 5640 2248 5686 nat.
2299 5631 2521 5687 (Iuravit
2550 5632 2768 5697 Paulus,
2795 5629 3422 5695 Christusilluminavit;
3467 5629 3716 5699 quoniam

2134 5725 2383 5780 invocato
2408 5725 2616 5780 Domini
2643 5724 2773 5781 Jesu
2802 5724 3046 5791 nomine,
3074 5722 3401 5789 resurrexit,
3446 5721 3608 5793 cujus
3642 5734 3717 5777 δη·
3917 5724 3920 5799 |

2210 5835 2237 5875 δ
2277 5831 2333 5893 In
2367 5839 2502 5909 psal.
2529 5840 2691 5895 bivttt
2728 5848 2893 5895 serm.
2923 5839 2978 5903 6,
3005 5822 3154 5893 nutu.
3191 5832 3347 5892 5-15.

3424 6232 3813 6276 silari-1""
