3920 6308
95 326 232 382 1881

1076 324 1117 379 Ε
1157 324 1473 385 SCRIPTIS
1514 328 1572 386 S.
1614 327 1945 389 AMBROSII
1981 327 2408 387 COLLECTUS.

3258 338 3402 394 i882

91 447 255 493 natus
303 445 397 492 est
447 451 685 492 munere.
749 436 1051 493 Suscitavit
1109 447 1379 495 mortuam
1445 440 1639 498 Petrus
1680 485 1694 510 ,
1724 444 1775 506 Α
1802 453 1858 500 et
1891 444 2291 509 transilientem
2317 460 2435 515 eos,
2469 447 2558 519 qui
2584 446 2801 504 infirmo
2817 449 2983 506 corde
2999 447 3254 508 virtutem
3285 453 3404 525 ejus

90 528 346 585 Christus
384 530 738 596 illuminavit;
769 540 825 587 et
856 531 978 588 ideo
993 533 1069 588 ait
1104 550 1117 588 :
1146 532 1465 590 lliuminaus
1496 545 1552 590 tu
1581 538 1693 592 nti-

94 626 335 680 rabiliter
364 643 400 679 a
422 625 674 680 montibus
704 628 912 681 wternis
945 626 1120 698 (Psal.
1174 645 1340 697 Lxxv,
1372 630 1453 702 5).

163 718 253 771 37.
301 717 419 772 Nos
450 718 609 785 igitur
651 718 742 787 qui
795 729 1008 776 montes
1054 735 1177 777 esse
1226 737 1331 776 nou
1384 738 1691 793 possumus,

91 818 298 866 stemus
356 810 570 884 1566
598 812 650 866 in
679 813 957 869 montibus
982 814 1064 869 vel
1106 814 1159 870 in
1187 815 1418 871 collibus
1444 833 1458 883 ;
1487 826 1547 872 ut
1570 833 1690 874 cum

90 906 302 961 miserit
363 908 665 977 piscatores
714 923 843 963 suos
907 908 1168 966 Dominus
1241 919 1297 967 et
1356 921 1688 981 venatores,

89 1009 147 1057 ut
200 1010 480 1056 venentur
529 1015 625 1057 eos
676 1002 766 1073 qui
796 1017 958 1074 supra
991 1018 1210 1060 omnem
1261 1014 1501 1062 montem
1531 1018 1688 1076 sunt,

92 1094 173 1150 vel
201 1107 374 1162 super
403 1108 621 1148 omnem
653 1094 853 1149 collem
882 1136 897 1162 ,
932 1096 985 1151 id
1018 1104 1125 1162 est,
1172 1096 1227 1152 in
1281 1098 1417 1167 legis
1474 1109 1531 1155 et
1561 1115 1693 1172 pro-

87 1186 380 1259 phetarum
447 1186 776 1257 prteceptis;
839 1197 894 1244 et
957 1188 1085 1244 novi
1134 1198 1190 1245 et
1244 1190 1444 1246 veteris
1500 1191 1692 1247 Testa-

89 1278 251 1333 menti
284 1276 606 1348 cognitione
649 1293 867 1334 omnem
891 1278 1155 1335 habentes
1184 1283 1679 1349 conversationem,

90 1370 370 1427 inveniant
399 1384 497 1426 nos
530 1379 750 1440 paratos
770 1412 784 1437 ,
819 1380 873 1427 et
906 1372 1054 1427 velut
1085 1374 1254 1428 bonas
1282 1374 1543 1447 colligant
1573 1376 1687 1446 spi-

89 1480 194 1529 cas,
223 1472 538 1534 opportuno
562 1465 711 1519 missi
741 1480 1012 1523 messores
1035 1477 1279 1540 tempore
1304 1488 1317 1535 ;
1346 1472 1469 1540 quia
1493 1471 1537 1526 si
1566 1473 1687 1543 quis

90 1570 235 1615 extra
271 1565 521 1613 montem
567 1569 661 1613 aut
707 1560 907 1615 collem
950 1559 1114 1616 fuerit
1169 1574 1451 1633 repertus,
1504 1565 1686 1638 colligi

90 1650 231 1705 velut
266 1650 412 1705 bona
442 1650 592 1722 spica
628 1667 735 1707 non
766 1654 965 1723 poterit
992 1654 1060 1709 ab
1088 1654 1195 1723 his,
1225 1658 1315 1727 qui
1371 1667 1429 1713 ut
1467 1675 1686 1730 compa-

90 1745 308 1801 rationis
340 1745 611 1803 faciamus
633 1747 862 1803 alterius
881 1751 1238 1819 mentionem,
1263 1753 1502 1809 triticum
1530 1771 1556 1809 a
1592 1771 1685 1824 pa-

1798 552 1997 609 eapere
2054 553 2161 593 non
2220 547 2451 609 possunt
2495 557 2507 597 :
2562 540 2764 598 deinde
2831 544 3254 616 prospicientem
3309 562 3405 619 per

1798 631 2084 703 aenigmata
2114 631 2527 702 prophetarum,
2554 633 2786 706 legendo
2816 650 2936 704 eos,
2967 646 3023 694 et
3052 639 3287 695 tenendo
3308 654 3403 695 eo-

1797 738 1916 779 rum
1949 740 2232 780 sermones
2257 724 2452 791 ;‘videt
2481 726 2627 781 enim
2660 726 3107 797 prospicientem,
3130 729 3227 785 sed
3247 730 3400 796 quasi

1798 830 1897 886 per
1922 816 2243 884 fenestram,
2284 833 2394 872 non
2437 818 2591 889 quasi
2633 817 2809 874 adhuc
2837 830 3190 890 praesentem.
3240 822 3401 882 Videt

1797 910 2127 967 eminentem
2153 926 2321 982 super
2350 910 2506 968 retia.
2530 911 2669 981 Quid
2691 920 2776 968 est
2810 912 2913 969 hoc
2932 913 3083 971 ?Nisi
3113 914 3252 971 forte
3272 916 3398 986 quia

1798 1005 1887 1061 illa
1919 1008 2056 1062 retia
2083 1007 2241 1061 nobis
2268 1015 2419 1072 sunt,
2447 1023 2554 1061 non
2586 1007 2662 1061 illi
2690 1008 2827 1063 retia
2856 1018 3003 1076 sunt,
3033 1026 3101 1066 eo
3124 1011 3266 1082 quod
3303 1010 3396 1067 illa

1794 1098 1975 1153 anima
1999 1099 2178 1154 adhuc
2205 1100 2345 1153 intra
2376 1099 2656 1154 sensibilia
2701 1110 2757 1155 et
2803 1102 3073 1159 mundana
3122 1104 3225 1170 sit,
3274 1120 3396 1176 qua:

1795 1202 2033 1247 mentem
2082 1191 2318 1247 hominis
2360 1207 2559 1263 capere
2614 1200 2670 1248 et
2720 1194 2955 1264 quodam
3005 1196 3127 1253 sinu
3174 1200 3397 1271 proprio

1793 1294 2196 1342 consueverunt
2224 1287 2527 1344 involvere.

1863 1378 1955 1433 40.
1986 1378 2069 1433 Εη
2098 1380 2211 1450 ipse
2237 1389 2341 1434 stat
2364 1391 2478 1452 post
2508 1383 2759 1454 parietem
2813 1393 3084 1451 nostrum,
3117 1384 3398 1457 respiciens

1794 1485 1885 1538 per
1914 1472 2184 1541 fenestras,
2226 1473 2550 1542 prospiciens
2590 1490 2682 1544 per
2710 1477 2861 1530 retia.
2907 1473 2936 1514 ι’
2984 1475 3208 1531 Viderat
3249 1477 3396 1534 enim

1791 1558 2037 1616 Ecclesia
2066 1563 2151 1617 vel
2181 1563 2362 1618 anima
2390 1563 2524 1630 justi
2549 1565 2841 1621 salientem
2885 1567 3027 1623 sicut
3055 1567 3395 1625 hinniculum

1789 1667 1955 1723 super
1987 1663 2219 1720 montes,
2249 1663 2305 1710 et
2334 1665 2562 1726 repente
2592 1657 2824 1727 primum
2851 1659 3122 1729 aspiciens
3149 1674 3272 1732 post
3302 1677 3396 1734 pa-

1788 1745 1980 1800 rietem
2038 1746 2233 1801 domus
2276 1762 2426 1813 sure,
2484 1750 2909 1819 prospicientem
2957 1768 3055 1822 per
3100 1752 3392 1823 fenestras,

91 1838 183 1895 leis
208 1854 474 1910 separare
521 1839 824 1896 mittentur.
863 1841 1230 1899 Plurimarum
1280 1845 1441 1915 igitur
1489 1862 1683 1917 opera-

1791 1840 2119 1894 emineutem
2148 1855 2244 1910 per
2272 1842 2432 1907 retia,
2483 1842 2719 1899 exsultat
2743 1856 2799 1899 et
2823 1844 3043 1916 gaudet,
3071 1848 3196 1917 quia
3223 1851 3393 1906 etiam

93 1932 290 1987 tionum
337 1932 577 1990 solertes
620 1934 899 1990 ministros
946 1935 1206 1991 Dominus
1259 1937 1423 1993 habet
1451 1981 1465 2004 ,
1525 1938 1685 1994 iidem

92 2025 406 2095 piscatores,
445 2025 612 2081 iidem
642 2028 808 2082 etiam
842 2038 1130 2085 venatores
1158 2040 1316 2098 sunt,
1347 2044 1509 2103 atque
1541 2048 1687 2088 mes-

91 2130 252 2173 sores.
279 2116 336 2172 Si
367 2117 425 2173 in
462 2127 712 2191 tempore
736 2121 933 2177 messis
962 2137 1070 2192 quo
1108 2122 1419 2194 diriguntur
1449 2126 1535 2180 isti
1569 2142 1689 2182 me-

94 2219 218 2277 tere,
251 2223 503 2268 maturus
534 2223 842 2285 exspectes,
878 2216 1165 2273 salientem
1201 2219 1251 2273 in
1293 2220 1566 2277 montibus
1595 2237 1687 2292 po-

95 2307 213 2359 teris
243 2305 467 2372 intueri,
495 2307 781 2364 etvidebis
808 2308 1097 2365 Dominum
1126 2310 1316 2367 Jesum
1340 2314 1573 2369 similem
1600 2332 1684 2371 ca-

97 2399 270 2467 preolo
299 2409 394 2455 aut
422 2400 654 2456 hinnulo
684 2418 969 2480 cervorum
1011 2420 1178 2477 super
1209 2418 1423 2464 montes
1470 2409 1683 2465 Detln-l.

98 2489 389 2548 Saliteuim
435 2509 605 2564 super
641 2496 938 2552 Ecclesiam
971 2515 1094 2567 qua:
1140 2511 1224 2555 est
1270 2502 1466 2557 domus
1508 2505 1684 2573 panis,

99 2598 156 2638 eo
181 2587 316 2655 quod
347 2585 598 2645 ﬁdelium
634 2590 796 2645 corda
835 2592 1114 2649 confirmet
1146 2610 1161 2659 ;
1208 2595 1348 2652 unde
1388 2606 1443 2652 et
1487 2611 1686 2668 sponsa

100 2674 159 2732 de
183 2692 246 2733 eo
272 2678 407 2736 dicit
438 2698 452 2734 :

163 2770 244 2826 58.
290 2773 473 2843 (Vcrs.
502 2773 588 2846 9.)
619 2776 821 2832 Similis
837 2788 914 2832 est
936 2781 1276 2837 consobrinus
1304 2799 1443 2838 meus
1487 2801 1688 2853 caprea:

103 2871 178 2916 aut
219 2863 435 2921 hinnulo
476 2884 748 2923 cervorum
778 2911 794 2939 ,
827 2887 980 2944 super
1031 2885 1228 2928 montes
1289 2876 1512 2943 Bel/rel;
1561 2880 1688 2935 salit

104 2956 231 3010 enim
258 2973 421 3028 super
447 2960 780 3029 Ecclesium,
808 2979 929 3032 quae
959 2976 1039 3021 est
1070 2966 1263 3022 tlotnus
1293 2970 1409 3035 Dei,
1442 2985 1510 3025 eo
1542 2972 1686 3042 quod

104 3047 323 3108 ﬁdelium
368 3054 542 3109 corda
592 3054 898 3134 confirmet.
954 3058 1149 3115 Merito
1198 3062 1340 3116 sicut
1389 3064 1682 3134 capreola,

105 3144 214 3209 quia
256 3159 415 3216 capra
463 3147 521 3201 in
577 3147 703 3203 altis
741 3133 1004 3219 pascitur.
1038 3151 1244 3208 Dorcas
1282 3133 1480 3210 dicitur
1520 3171 1549 3210 a
1600 3157 1683 3211 vi-

1795 1929 1907 2001 ipsa
1956 1939 2169 1987 amatur
2196 1948 2224 1987 a
2253 1932 2493 2004 Spouso.
2521 1934 2624 2002 Qui
2659 1944 2931 2008 tamquam
2964 1950 3020 1995 et
3056 1939 3177 2012 ipse
3206 1942 3397 1999 vulne-

1792 2031 1944 2078 ratur
1964 2024 2246 2080 cltaritatis
2263 2025 2486 2093 decore,
2512 2027 2727 2083 dilecta:
2748 2043 2873 2084 cum
2895 2031 3126 2100 primum
3154 2033 3395 2103 abesset,

1790 2113 1856 2169 ad
1882 2116 2068 2170 oscula
2103 2126 2320 2188 rogatus
2350 2117 2589 2173 adfuerit
2618 2119 2864 2191 (rogatur
2909 2124 3056 2177 enim
3098 2139 3221 2178 cum
3262 2124 3400 2181 dici-

1793 2221 1880 2265 tur
1925 2208 2101 2283 (Cant.
2147 2228 2187 2278 t,
2238 2212 2291 2285 1)
2322 2231 2334 2267 :
2368 2212 2642 2268 Osculetur
2677 2230 2756 2268 me
2791 2215 2856 2269 ab
2885 2217 3077 2272 osculis
3116 2218 3224 2273 oris
3258 2219 3387 2293 sui),

1789 2303 1990 2360 deinde
2027 2321 2217 2375 preces
2261 2306 2659 2378 blanditiasque
2689 2323 2907 2377 sponsrc
2938 2324 3044 2364 non
3081 2311 3391 2382 spreverit,

1790 2397 1988 2454 dilecta
2019 2401 2121 2454 sibi
2144 2400 2313 2456 ubera
2344 2400 2635 2471 praebentis
2661 2418 2674 2466 ;
2725 2412 2894 2472 atque
2924 2403 2976 2458 in
3005 2403 3265 2459 interiora
3294 2406 3392 2460 do-

1792 2509 1914 2547 mus
1940 2509 2061 2549 eam
2083 2495 2351 2565 benignus
2374 2495 2650 2551 induxerit
2679 2513 2691 2551 :
2717 2495 2919 2551 deinde
2937 2505 3207 2568 tamquam
3234 2497 3393 2554 lasci-

1791 2586 1957 2641 vieuti
1992 2587 2182 2642 ludens
2224 2604 2431 2654 atuore,
2476 2590 2600 2659 quia
2644 2588 2812 2644 vellet
2858 2599 3168 2658 pertentare
3199 2604 3393 2646 sensus

1790 2681 2047 2745 amantis,
2098 2696 2244 2751 saepe
2296 2696 2550 2752 egressus
2592 2690 2651 2736 ut
2698 2692 3038 2753 quaereretur
3080 2698 3109 2737 a
3150 2683 3387 2754 Sponsa,

1789 2791 1937 2846 szepe
1973 2792 2257 2847 regressus
2309 2786 2368 2832 ut
2415 2777 2737 2833 invitaretur
2780 2778 2848 2832 ad
2894 2778 3102 2842 oscula,
3158 2778 3394 2834 astiterit

1790 2881 1917 2941 post
1971 2873 2236 2942 parietem
2256 2914 2271 2939 ,
2304 2872 2647 2942 prospexerit
2679 2887 2774 2941 per
2805 2871 3092 2937 fenestras,
3140 2871 3390 2927 eminens

1788 2981 1954 3037 super
1980 2968 2117 3022 retia
2148 2983 2164 3033 ;
2198 2976 2257 3021 ut
2282 2982 2390 3021 non
2441 2976 2586 3021 totus
2611 2966 2858 3031 abesset,
2898 2980 3002 3021 nec
3050 2966 3203 3036 quasi
3249 2973 3397 3021 totus

1790 3061 2038 3124 intraret.
2070 3070 2123 3117 et
2149 3063 2265 3133 ipse
2295 3060 2362 3116 ad
2394 3076 2455 3117 se
2476 3075 2734 3131 sponsam
2763 3068 3021 3125 vocaret;
3054 3070 3113 3115 ut
3134 3058 3386 3115 veniendi

1790 3154 1856 3209 ad
1880 3169 1939 3210 se
1964 3155 2197 3211 invicem
2230 3157 2422 3211 tierent
2450 3155 2688 3225 gratiora
2721 3154 3065 3221 commercia,
3109 3167 3386 3209 amorem-

106 3236 280 3305 tlendo,
308 3240 613 3297 doreadion
644 3244 790 3299 enim
819 3245 966 3300 visus
995 3248 1255 3302 acutioris
1286 3258 1388 3304 est.
1415 3250 1555 3319 Quid
1582 3251 1683 3306 hoc
1711 3246 1756 3308 C
1787 3263 1891 3318 quc
1916 3248 2117 3302 militiis
2144 3248 2429 3303 adOlercnl
2458 3248 2823 3303 sermmlibtls-

109 3330 264 3399 aptius
285 3331 532 3394 Christo.
558 3336 646 3405 qui
674 3335 888 3391 Patrem
920 3336 1054 3391 vidit
1081 3354 1240 3408 quem
1289 3355 1449 3394 neruo
1500 3342 1640 3396 vidit
1666 3360 1679 3396 :

108 3433 184 3475 aut
209 3424 250 3477 si
279 3424 397 3492 quis
430 3426 571 3480 vidit
600 3426 654 3481 in
680 3426 922 3495 Christo,
957 3429 1074 3500 ipse
1105 3432 1245 3486 tilius
1272 3434 1555 3488 revelavit?
1576 3434 1685 3490 Me-

109 3514 200 3569 rito
225 3516 352 3573 sicut
381 3519 635 3574 [tinnulas
659 3537 953 3590 cervorum,
1002 3523 1261 3579 ltinnultts
1310 3527 1466 3596 quasi
1515 3527 1680 3595 filius,

110 3608 181 3663 cui
205 3621 435 3680 paternae
466 3615 760 3671 inoleverit
788 3616 872 3671 vis
904 3627 1148 3684 naturae;
1192 3628 1248 3675 ut
1297 3638 1418 3678 eum
1470 3624 1682 3678 occulta

112 3719 203 3761 nou
226 3706 444 3777 lateant,
470 3723 758 3781 serpentes
786 3712 1015 3783 fugiant,
1058 3730 1266 3770 venena
1310 3732 1417 3771 non
1461 3716 1679 3774 laedant.

113 3794 327 3870 Denique
354 3802 587 3859 eductus
608 3803 677 3859 de
704 3804 944 3861 latibulis
974 3806 1087 3861 suis
1126 3822 1354 3876 serpens
1400 3812 1490 3880 qui
1550 3810 1684 3866 edu-

112 3889 308 3947 cebatur
334 3910 401 3951 ex
431 3895 680 3963 homine,
710 3898 925 3953 dicebat
953 3916 965 3951 :
999 3901 1137 3966 Quid
1178 3902 1361 3958 venisti
1402 3915 1520 3956 ante
1551 3913 1680 3957 tem-

113 3999 197 4051 pus
238 3997 469 4055 torquere
500 4006 595 4044 nos
627 3988 843 4060 (Matth.
882 4007 997 4057 \‘III,
1028 3992 1143 4065 29).
1185 3993 1509 4063 Spectemus
1552 4010 1683 4067 ergo

113 4076 366 4138 salientem
392 4083 541 4139 hunc
572 4083 931 4153 hinnieulum,
967 4094 1029 4142 ut
1056 4103 1161 4143 non
1192 4090 1465 4159 possimus
1489 4089 1681 4146 timere

114 4179 413 4239 serpentem.

174 4262 253 4318 59.
279 4273 304 4302 ⁸
330 4265 409 4322 Εη
431 4270 543 4337 ipse
569 4278 672 4323 stat
692 4280 808 4341 post
837 4273 1087 4344 parietem
1119 4284 1372 4342 nostrum,
1405 4275 1682 4347 respiciens

116 4368 191 4420 per
223 4358 494 4429 fenestras,
548 4364 867 4434 prospiciens
907 4381 997 4434 per
1038 4367 1188 4420 retia.
1244 4366 1402 4423 Venit
1446 4384 1578 4439 ergo
1626 4375 1682 4425 et

117 4442 268 4512 primo
298 4464 415 4522 post
459 4456 729 4525 parietem
761 4466 875 4525 est,
931 4468 989 4512 ut
1029 4458 1343 4515 inimicitias
1386 4462 1584 4517 animus
1627 4471 1680 4517 et

118 4544 330 4609 corporis
357 4548 552 4615 solvat,
582 4549 797 4605 sublato
834 4551 1042 4620 pariete
1086 4553 1177 4620 qui
1231 4554 1676 4623 impedimentum

1867 3341 2076 3414 1567
2134 3341 2221 3397 41.
2286 3341 2468 3414 (Vers.
2520 3340 2636 3412 10.)
2669 3340 2912 3415 Exsurge
2938 3381 2950 3403 ,
2983 3340 3157 3410 inquit
3189 3381 3204 3406 ,
3236 3341 3384 3409 veni,

1787 3436 2026 3506 proxima
2049 3450 2184 3502 mea,
2243 3438 2470 3505 formosa
2497 3449 2630 3499 mea,
2661 3432 2904 3487 columba
2927 3448 3041 3487 mea
3070 3449 3089 3499 ;
3133 3440 3192 3488 et
3234 3442 3288 3487 tu
3340 3433 3386 3487 si

1789 3525 1993 3579 habeas
2037 3525 2320 3581 fundatum
2376 3514 2666 3597 parietem,
2701 3539 2807 3579 nou
2839 3524 2991 3579 illttm
3026 3524 3265 3579 medium
3296 3524 3387 3594 qui

1785 3616 1981 3673 domus
2014 3618 2176 3673 unius
2205 3626 2426 3688 separet
2451 3617 2719 3682 membra,
2753 3616 2849 3672 sed
2876 3615 3204 3672 aedificatum
3223 3630 3388 3686 supra

1785 3710 2198 3768 fundamentum
2231 3714 2605 3784 apostolorum
2636 3722 2686 3766 et
2715 3713 3122 3782 prophetarum,
3152 3718 3210 3764 ut
3230 3724 3384 3764 com-

1788 3804 2037 3876 paginata
2082 3805 2201 3875 ejus
2250 3814 2525 3861 structura
2572 3815 2786 3860 crescat
2831 3804 2882 3856 in
2937 3803 3232 3872 templum,
3281 3816 3385 3858 nec

1785 3896 2131 3952 disterminet
2157 3897 2274 3967 ejus
2302 3898 2540 3962 interna,
2572 3894 2668 3951 sed
2694 3895 2917 3950 muniat.
2943 3893 3000 3949 Si
3024 3893 3225 3948 habeas
3253 3907 3386 3963 ergo

1785 3990 1837 4045 in
1882 4001 1933 4046 te
1971 3990 2384 4046 aediﬁcationem
2444 3990 2561 4057 Dei,
2616 3997 2672 4045 et
2721 3988 2787 4041 ad
2836 3988 3120 4042 Orientem
3165 3994 3385 4056 pateant

1783 4098 2002 4153 semper
2029 4083 2286 4138 fenestrte
2317 4091 2444 4149 tuae,
2479 4082 2631 4137 venit
2680 4080 2942 4144 Verbum,
2976 4078 3096 4135 Stat
3127 4088 3241 4149 post
3285 4094 3383 4150 pa-

1784 4178 1960 4230 rietem
2008 4187 2151 4231 tuum
2195 4174 2373 4250 (Cant.
2413 4192 2473 4242 ιι,
2501 4173 2595 4247 9);
2631 4175 2767 4229 oculi
2807 4173 2953 4229 enim
2992 4171 3201 4226 Domini
3231 4187 3385 4244 super

1774 4272 1947 4342 justas
1980 4268 2156 4336 (Psal.
2186 4285 2380 4337 χχχιιι,
2409 4267 2496 4341 16)
2526 4284 2539 4335 ;
2572 4268 2819 4340 prospicit
2861 4282 2953 4338 per
2980 4270 3234 4337 fenestras
3274 4275 3387 4321 tuas

1787 4360 1963 4431 (Cant.
1996 4377 2054 4428 ιι,
2088 4360 2165 4433 9).

1774 4493 1778 4497 -
1855 4455 1944 4510 42.
1988 4456 2119 4523 Qua:
2147 4465 2274 4510 sunt
2316 4455 2571 4511 fenestrae
2626 4454 2784 4509 istte?
2827 4453 3081 4524 Legimus
3112 4452 3383 4507 fenestras

1782 4546 1850 4601 de
1874 4547 2072 4618 quibus
2092 4547 2224 4602 dicit
2257 4546 2593 4602 Hieremias:
2619 4545 2839 4599 Intravit
2861 4561 2997 4598 mors
3019 4559 3110 4615 per
3130 4546 3383 4615 fenestras

118 4639 389 4697 concordia:
436 4642 722 4715 videbatur
766 4645 989 4701 afferre.
1042 4646 1249 4704 Deinde
1285 4651 1542 4719 prospicit
1586 4665 1681 4719 per
1709 4644 1761 4704 D
1786 4640 2003 4712 (Jerem-
2041 4657 2117 4706 ικ.
2144 4640 2262 4712 21),
2297 4656 2390 4710 Pe"
2412 4654 2547 4710 quas
2585 4639 2803 4693 ίηιτθνίί
2849 4636 3074 4692 “arma
3100 4677 3116 4702 ι
3163 4635 3386 4690 “mam

121 4722 394 4788 fenestras:
425 4752 546 4808 qua:
574 4739 685 4793 sint
713 4736 997 4805 fenestrae,
1039 4741 1165 4795 audi
1218 4740 1543 4811 Propltetam
1591 4742 1677 4797 di-

121 4829 304 4878 centem
336 4843 347 4879 :
380 4825 644 4885 Fenestra:
676 4842 868 4902 aperta:
906 4842 1025 4886 sunt
1074 4850 1102 4888 e
1145 4832 1273 4889 celo
1325 4835 1498 4906 (Esai.
1529 4853 1677 4904 xxrv,

125 4906 220 4978 isl-
248 4914 535 4989 Prophetas
564 4923 745 4993 itaque
772 4924 1066 4995 signiﬁcat,
1108 4941 1208 4996 per
1253 4942 1391 4996 quos
1418 4929 1682 4984 Dominus

123 5013 268 5091 genus
295 5015 526 5081 respexit
560 5013 880 5081 bumanunt,
912 5018 1225 5088 priusquam
1256 5021 1307 5074 in
1342 5027 1514 5075 terras
1565 5022 1680 5091 ipse

124 5089 462 5161 descenderet.
494 5108 561 5163 Et
587 5108 750 5166 hodie
779 5111 825 5165 si
858 5127 962 5181 qua
984 5128 1109 5167 eum
1134 5115 1316 5168 anima
1342 5116 1567 5170 multum
1596 5132 1681 5171 re-

124 5185 303 5255 quirat,
334 5198 551 5255 multum
597 5202 899 5258 merebitur
947 5204 1374 5271 misericordize;
1424 5208 1678 5278 quoniam

124 5280 200 5345 qui
223 5287 431 5345 multum
457 5294 705 5365 requirit,
736 5296 961 5350 multum
992 5296 1223 5352 debetur
1239 5300 1310 5353 ei.
1335 5299 1389 5355 Si
1418 5314 1522 5370 qua
1551 5314 1681 5369 ergo

128 5374 280 5433 anima
307 5397 422 5440 eum
466 5388 762 5445 studiosius
806 5400 1052 5461 qurerat,
1098 5393 1259 5464 longe
1306 5395 1455 5449 audit
1490 5408 1678 5449 vocem

130 5465 229 5560 flos
249 5488 261 5524 :
284 5486 333 5530 et
361 5485 599 5548 quamvis
625 5483 697 5540 ab
721 5485 842 5541 aliis
871 5486 1142 5556 requirat,
1183 5502 1294 5559 prte
1335 5489 1468 5560 ipsis
1498 5503 1526 5541 a
1558 5488 1681 5558 qui-

132 5555 430 5639 1³¹¹²⁵ίιιιωιιίι,
461 5577 610 5631 audit
640 5593 828 5633 vocem
858 5555 999 5649 ejus.
1040 5555 1202 5636 Videt
1235 5555 1680 5638 euut-salientem

132 5648 188 5704 ad
213 5669 265 5712 se
292 5664 483 5737 venire,
516 5668 571 5725 id
602 5681 709 5735 est,
748 5680 1133 5742 properantem
1164 5681 1329 5745 atque
1371 5683 1681 5730 currentem

196 5808 347 5900 aHLib.
372 5844 436 5903 de
460 5845 629 5918 Isaac,
659 5861 781 5924 cap.
811 5849 868 5917 4,
902 5867 1050 5908 ηυιιι.
1078 5852 1171 5921 ὅΞ,
1202 5853 1289 5910 53.

1782 4733 1972 4788 libido.
2006 4732 2208 4788 Oculus
2230 4738 2355 4787 tuus
2388 4731 2622 4786 terrestre
2649 4739 2752 4785 est.
2783 4728 2840 4785 Si
2872 4728 3076 4784 videris
3098 4725 3383 4781 mulierem

1785 4827 1850 4881 ad
1875 4826 2371 4897 concupiscendum
2395 4841 2537 4891 eam,
2575 4825 2797 4879 intravit
2839 4838 2986 4877 mors
3034 4837 3131 4889 per
3163 4821 3380 4876 oculum

1784 4929 1933 4975 tuum
1972 4939 1984 4973 :
2016 4922 2063 4975 si
2086 4920 2289 4975 videris
2313 4919 2717 4989 possessionem
2740 4917 2938 4980 viduae,
2972 4915 3055 4970 vel
3094 4914 3384 4969 thesauros

1784 5016 2034 5083 minoris,
2062 5026 2116 5071 et
2143 5025 2260 5070 tuas
2283 5016 2611 5070 excitaveris
2631 5013 2977 5084 cupiditates,
3000 5010 3220 5066 Intravit
3246 5025 3384 5064 mors

1782 5129 1874 5184 per
1897 5116 2199 5184 fenestram.
2223 5111 2373 5167 Sicut
2402 5124 2536 5181 ergo
2569 5124 2664 5181 per
2692 5109 2807 5165 haec
2830 5110 2998 5163 intrat
3024 5121 3193 5173 mors,
3220 5107 3387 5160 intrat

1784 5216 1840 5261 et
1869 5206 1977 5261 vita
2011 5223 2023 5258 :
2064 5205 2108 5259 si
2142 5205 2398 5261 decorem
2434 5203 2626 5274 puellae
2661 5202 2934 5271 aspiciens
2963 5215 3132 5255 sacra:
3157 5241 3173 5265 ,
3223 5211 3387 5254 veno-

1780 5297 1917 5353 reris
1947 5298 2235 5352 Dominum
2258 5295 2465 5361 Jesum,
2493 5295 2635 5366 quod
2666 5293 2720 5348 in
2750 5304 2966 5349 teneros
2988 5307 3160 5346 annos
3174 5289 3387 5346 venerit

1789 5401 1920 5447 retas
1947 5394 2265 5456 senectutis,
2298 5394 2405 5447 vita
2430 5390 2801 5455 immaculata,
2826 5398 2883 5445 et
2904 5391 3017 5459 ipse
3050 5388 3217 5443 tiliam
3240 5397 3382 5441 tuam

1789 5476 2022 5549 bﬂ'eras;
2067 5493 2125 5538 ιιι
2164 5486 2254 5555 pio
2298 5493 2654 5540 causecretur
2698 5483 2968 5539 velamine
3009 5500 3021 5535 :
3072 5481 3118 5535 si
3174 5494 3390 5551 posses-

1790 5577 2000 5633 sionem
2072 5578 2300 5633 minoris
2352 5593 2459 5634 non
2518 5586 2792 5647 tamquam
2839 5576 3105 5633 sollicitus
3172 5573 3390 5629 invasor

1790 5673 2043 5744 aspicias,
2073 5672 2168 5730 sed
2199 5676 2355 5744 quasi
2396 5686 2592 5744 parens
2615 5671 2838 5727 sedulus
2887 5670 3146 5742 religioso
3189 5665 3392 5724 tuearis

1869 5853 1896 5894 ι)
1926 5854 1981 5912 lu
2007 5856 2141 5927 psat.
2170 5866 2336 5916 cxvnt
2364 5866 2530 5915 serm.
2562 5855 2615 5923 6,
2648 5866 2798 5913 num.
2824 5853 3011 5913 18οὶ6ι
