3920 6356
444 332 630 421 ηιεεδ

1452 322 1993 390 GOMilENTARlUS
2033 321 2102 389 tu
2141 316 2439 391 esuries
2481 313 2754 391 CANTIC.

3662 330 3795 388 1884

479 450 676 506 affectu
703 466 716 503 :
748 463 841 519 per
873 447 969 504 has
998 446 1265 505 fenestras
1295 446 1557 518 prospicit
1581 445 1854 513 Christus,
1886 454 1946 502 tlt
1974 460 2073 502 vo.
2102 437 2159 508 Α
2184 447 2273 501 illa
2303 444 2347 501 si
2382 444 2672 516 possimus,
2701 445 2786 501 vel
2814 440 2956 501 linea
3010 445 3321 500 intueamur
3368 446 3655 501 extrema.
3710 444 3797 500 Se-

483 551 574 599 cet
600 556 879 612 sponsam.

2186 542 2348 600 debat
2376 544 2515 598 intra
2539 542 2755 598 domum
2785 542 2995 611 Sponsa
3028 542 3218 595 devbta
3251 540 3515 608 Domino,
3539 539 3693 597 intra
3717 556 3801 612 pa-

554 635 645 691 45.
689 633 939 689 Emincns
968 644 1124 704 super
1143 633 1316 687 retia:
1339 632 1478 688 bene
1500 628 1726 687 eminens
1748 647 1767 698 ;
1789 631 1912 703 q‘uia
1935 631 2087 686 Bolus
2186 639 2376 693 rietetn
2405 637 2567 707 Legis
2590 648 2644 692 et
2915 632 3327 703 prophetarum,
3360 628 3707 704 spiritalium
3731 630 3801 688 la-

483 735 569 783 est
592 742 751 798 quem
786 726 918 781 retia
952 741 1058 779 non
1091 724 1422 780 involverint
1469 734 1840 795 peccatorum.
1884 724 2087 781 Omnes

484 821 626 876 intra
664 819 798 874 retia
828 833 1071 881 eramus,
1104 818 1274 873 immo
1298 816 1476 873 adhuc
1509 818 1651 872 intra
1676 819 1811 873 retia
1852 818 2086 882 sumus;

486 913 612 983 quia
642 925 800 967 nemo
823 912 941 967 sine
970 920 1194 982 peccato
1222 909 1327 965 nisi
1358 910 1506 965 solus
1536 910 1728 976 Jesus,
1770 925 1932 982 quem
1982 925 2089 965 non

486 1013 910 1075 cognoscentem
946 1011 1253 1073 peccatum,
1299 1014 1579 1072 peccatum
1621 1019 1719 1073 pro
1766 1002 1922 1059 nobis
1964 1000 2094 1057 fecit

489 1097 669 1166 Pater,
703 1098 907 1155 etenim
938 1096 1161 1152 tradidit
1188 1111 1311 1153 eum
1333 1096 1561 1166 laqueis,
1597 1095 1820 1151 tradidit
1849 1110 1973 1150 eum
2002 1109 2093 1150 re-

494 1191 675 1246 tibus:
724 1191 947 1245 mittens
987 1202 1113 1245 eum
1153 1203 1260 1243 nou
1294 1188 1348 1243 in
1400 1200 1625 1258 peccato
1681 1188 1735 1243 in
1782 1202 1893 1258 quo
1939 1172 2121 1242 erant.

489 1299 684 1339 omnes
708 1284 978 1347 homines,
1010 1280 1107 1338 sed
1132 1282 1183 1335 in
1214 1280 1625 1336 similitudinem
1649 1281 1835 1336 carnis
1861 1280 2094 1351 peccati,

493 1376 635 1432 utde
664 1383 888 1447 peccato
902 1374 1189 1430 damnaret
1214 1383 1495 1443 peccatum
1521 1373 1572 1426 iu
1597 1387 1781 1428 carne.
1809 1372 2094 1428 Peccatum

493 1481 609 1525 erat
629 1486 779 1532 caro.
806 1468 1106 1524 secundum
1135 1467 1264 1522 illud
1288 1468 1411 1539 quia
1434 1466 1784 1523 hmreditario
1807 1475 1927 1523 erat
1955 1466 2100 1521 dam-

494 1573 619 1616 nata
650 1560 959 1626 maledicto,
991 1568 1275 1631 peccatum
1305 1570 1424 1615 erat
1460 1559 1717 1615 ilicet-bra
1758 1568 1814 1616 et
1855 1559 2100 1615 ministra

498 1657 730 1726 peccati.
768 1655 929 1711 Venit
959 1655 1220 1710 Dominus
1256 1654 1448 1721 Jesus,
1492 1664 1546 1709 et
1586 1655 1636 1709 iu
1683 1666 1848 1711 Carne
1879 1663 2101 1724 peccato

497 1748 734 1802 obnoxia
765 1747 1015 1803 n'tilitiam
1048 1746 1263 1801 virtutis
1283 1746 1529 1801 exercuit
1563 1764 1575 1798 :
1608 1744 1746 1801 facta
1775 1755 1905 1802 sunt
1932 1760 2100 1800 tuent-

2191 731 2371 803 pidum
2402 728 2835 786 exazdillcatione
2867 728 3171 793 fundattuu,
3197 724 3288 800 qui
3308 726 3613 784 claudebat
3647 739 3802 796 atque

2189 816 2423 880 vallabat
2448 824 2667 879 domum
2705 822 2931 895 regiam,
2968 822 3177 891 plenam
3222 814 3597 893 iucunditatis
3647 832 3802 892 atque

2194 917 2415 973 laetitiae.
2455 914 2750 974 Mirabatur
2794 916 3077 972 thesauros
3108 917 3311 984 regios,
3371 925 3427 972 et
3481 914 3804 970 intuebatur

2194 1011 2447 1076 sollicite,
2481 1011 2705 1078 cupiens
2728 1004 3047 1080 sapientiam
3069 1024 3187 1078 qua:
3206 1007 3303 1062 has
3326 1007 3430 1062 sibi
3459 1002 3692 1062 divitias
3720 1006 3805 1060 de-

2198 1113 2546 1167 monstraret,
2580 1094 2908 1158 adsciscere.
2938 1101 2996 1156 In
3029 1110 3245 1157 secreto
3272 1111 3418 1167 erat,
3452 1099 3559 1155 sed
3612 1100 3804 1154 secreti

2198 1196 2366 1267 ipsius
2393 1196 2746 1265 interpretem
2778 1193 3111 1265 requirebat.
3145 1191 3308 1250 Venit
3348 1192 3628 1247 Dominus
3658 1190 3805 1247 Jes‘us

2197 1288 2405 1345 saliens
2433 1288 2593 1359 supel-
2618 1286 2858 1343 montes.
2888 1274 3054 1342 Nobis
3094 1286 3220 1341 sero
3260 1284 3559 1342 videbatur
3602 1286 3806 1351 venire,

2198 1382 2292 1438 sed
2322 1382 2415 1439 ille
2444 1383 2794 1454 properabat.
2827 1381 3074 1437 Saliebat
3094 1379 3333 1452 denique
3355 1389 3408 1435 et
3436 1366 3802 1446 transiliebat,

2200 1487 2256 1533 ut
2283 1476 2595 1532 Iudaeorum
2623 1476 2927 1546 corporalia
2966 1482 3022 1530 et
3060 1488 3254 1529 saxosa
3297 1473 3564 1545 dogmata
3620 1470 3808 1528 lransi-

2200 1569 2346 1625 liret.
2377 1568 2564 1625 Astitit
2593 1574 2715 1639 post
2734 1560 3002 1640 parietem
3031 1566 3227 1621 dmnus
3249 1582 3372 1637 qua:
3404 1577 3529 1622 erat
3564 1565 3617 1620 in
3642 1566 3804 1622 veteri

2202 1661 2589 1725 Testamento,
2633 1659 2978 1732 prospiciens
3027 1652 3125 1731 per
3165 1658 3327 1732 Legis
3383 1658 3719 1726 fenestram,
3762 1670 3807 1715 ct

2206 1756 2592 1826 prophetarum
2623 1769 2909 1811 cavernas.

503 1837 597 1892 bra
628 1848 814 1892 nostra
838 1838 950 1908 jam
978 1852 1087 1893 non
1112 1853 1262 1892 arma
1298 1837 1561 1904 libidinis,
1586 1838 1681 1893 sed
1729 1852 1880 1892 arma
1922 1838 2099 1891 virtu—

2276 1852 2368 1907 47.
2412 1851 2660 1906 Nondum
2694 1859 2851 1906 erant
2878 1848 3074 1905 domus
3104 1846 3252 1904 illius
3291 1854 3487 1919 aperta
3525 1834 3805 1913 vestibula,

502 1928 570 1984 tis
604 1945 620 1995 ;
656 1944 889 1999 namque
921 1928 1012 1984 ubi
1038 1939 1195 1984 erant
1228 1929 1502 1984 incentiva
1538 1928 1801 1998 libidinis,
1850 1928 1924 1984 ibi
1962 1944 2107 1984 nunc

503 2031 630 2076 sunt
652 2022 922 2077 domicilia
951 2021 1242 2077 castitatis.
1280 2020 1378 2075 Hic
1414 2035 1549 2091 ergo
1579 2022 1728 2077 venit
1753 2021 1820 2076 ad
1858 2021 2106 2092 laqueos,

505 2115 601 2167 sed
634 2114 974 2169 voluntarios
999 2156 1011 2166 .
1044 2115 1196 2169 venit
1225 2114 1290 2168 ad
1330 2115 1488 2180 retia,
1520 2114 1615 2170 sed
1644 2129 1890 2171 securus.
1942 2115 2107 2170 Plena

503 2217 661 2263 erant
689 2209 870 2262 omnia
904 2209 1132 2272 retibus,
1154 2208 1353 2263 referta
1378 2207 1610 2276 laqueis,
1636 2208 1765 2263 audi
1796 2208 2066 2263 dicentem
2095 2225 2108 2261 :

507 2298 575 2353 In
606 2299 689 2353 via
717 2298 816 2353 hac
839 2316 997 2371 quant
1018 2300 1364 2365 ambulabant,
1394 2298 1775 2354 absconderant
1796 2301 2005 2371 superbi
2036 2300 2114 2353 la-

505 2408 692 2461 queum
718 2390 846 2444 milii
872 2389 1047 2455 (Psat.
1074 2405 1217 2455 cht,
1254 2389 1335 2462 4).
1373 2391 1436 2445 Et
1466 2391 1518 2445 in
1552 2392 1693 2446 libro
1723 2391 2006 2461 sapientiae
2029 2389 2114 2447 Si-

509 2488 642 2539 rach
670 2486 910 2539 moneris
938 2492 998 2539 ut
1022 2496 1323 2555 cognoscas
1350 2486 1473 2555 quia
1502 2485 1556 2539 iu
1589 2484 1770 2540 medio
1794 2485 2115 2557 laqueorum

513 2579 760 2635 ambulas
792 2577 985 2650 (Eccti.
1018 2594 1094 2644 ut,
1122 2577 1239 2651 20).
1275 2578 1420 2647 Quot
1445 2579 1597 2646 vitia,
1644 2589 1725 2635 tot
1766 2578 1900 2634 retia
1932 2597 1947 2637 :
1986 2589 2117 2650 quot

518 2680 764 2743 peccata,
801 2683 879 2727 tot
905 2674 1108 2744 laquei.

2209 1942 2449 1998 nondum
2479 1941 2662 1996 claves
2693 1941 2977 2012 sapientia:
3001 1952 3279 2011 portarum
3327 1936 3576 1995 claustra
3619 1937 3807 2010 patefe-

2209 2044 2420 2101 ccrant,
2450 2038 2649 2107 quibus
2678 2035 2841 2107 Legis
2870 2034 3269 2091 claudebantur
3299 2035 3520 2090 interna
3554 2049 3570 2099 ;
3620 2031 3689 2087 de
3726 2046 3806 2087 su-

2211 2131 2426 2203 periore
2454 2143 2657 2195 tamen,
2690 2129 2794 2185 hoc
2834 2138 2937 2195 est,
2969 2126 3202 2198 spiritali
3256 2134 3412 2196 parte
3463 2118 3806 2197 prospectans

2213 2223 2519 2279 Ecclesiam
2551 2230 2726 2287 vocat,
2759 2230 2814 2276 ut
2848 2234 2945 2292 per
2967 2214 3167 2290 Leg'ein
3199 2227 3255 2273 et
3287 2218 3618 2289 prophetas,
3652 2216 3809 2271 Evan-

2214 2317 2340 2388 gelii
2372 2316 2577 2371 vertice
2604 2314 2853 2370 sublimis
2876 2322 3195 2384 assurgens,
3230 2313 3365 2367 retia
3384 2300 3638 2366 iudaictc
3656 2309 3806 2365 inter-

2218 2410 2562 2481 pretationis,
2595 2417 2649 2463 et
2677 2407 2850 2463 nodos
2877 2404 3152 2476 intrepido
3181 2405 3353 2459 calcet
3387 2400 3648 2474 vestigio.
3679 2390 3808 2455 ideo-

2217 2519 2324 2576 que
2358 2501 2606 2558 Proxiniu
2630 2513 2876 2569 vocatur,
2902 2511 2960 2555 ut
2980 2499 3259 2555 adhaereat
3281 2497 3532 2562 Christo,
3560 2494 3805 2551 mundam

2218 2612 2326 2651 non
2359 2605 2570 2666 quaerat
2603 2613 2616 2649 :
2663 2595 2785 2649 ideo
2831 2593 3119 2657 Formam,
3157 2601 3214 2645 ut
3242 2586 3535 2661 speciosus
3558 2578 3806 2659 evangeli-

2223 2691 2464 2745 zantium
2500 2689 2667 2759 pedes
2699 2690 2938 2759 perferat
2968 2703 2980 2739 :
3015 2685 3142 2741 ideo
3170 2681 3450 2750 Columba,
3484 2692 3543 2738 ut
3569 2670 3805 2752 Spiritalia

594 2770 686 2824 44.
729 2768 1073 2825 Haereditarii
1106 2770 1219 2840 jam
1249 2780 1300 2826 te
1329 2787 1501 2827 nexus
1550 2772 1827 2839 tenebant,
1857 2771 2007 2828 venit
2054 2786 2105 2827 at

2225 2790 2394 2855 petat,
2424 2781 2700 2837 terrestria
2724 2779 3094 2850 derelinquat.

521 2863 748 2933 laqueos
795 2863 975 2928 lesus.
1025 2873 1085 2918 υι
1130 2864 1302 2919 Adam
1352 2865 1639 2921 solveret:
1691 2867 1838 2922 venit
1889 2865 2123 2921 liberare
2295 2876 2387 2930 48.
2433 2873 2607 2941 Ecce,
2653 2871 2862 2942 inquit,
2914 2870 3078 2926 hiems
3146 2866 3419 2942 prateriit,
3473 2862 3637 2925 imber
3684 2860 3803 2926 abiit,

527 2960 668 3026 quod
720 2961 971 3030 perierat.
1020 2960 1226 3017 Omnes
1272 2963 1478 3018 retibus
1528 2963 1847 3018 tenebamur
1877 3003 1892 3029 ,
1945 2964 2105 3018 nullus

2227 2970 2462 3025 discessit
2484 2969 2602 3033 sibi,
2645 2968 2805 3039 ﬂores
2833 2966 2931 3021 risi
2969 2966 3165 3020 suntin
3188 2964 3346 3031 terra,
3379 2960 3589 3034 tempus
3626 2956 3807 3016 secandi

528 3053 904 3110 aliumeruere
924 3043 1155 3124 poterat,
1173 3070 1294 3109 cum
1312 3071 1370 3111 se
1395 3057 1567 3127 ipsum
1587 3072 1696 3112 non
1713 3068 2121 3127 possetcrucre.
2229 3064 2455 3118 advenit.
2485 3063 2627 3117 Ante
2677 3062 2969 3116 adventum
3003 3046 3206 3114 Christi
3251 3057 3428 3113 bietns
3481 3042 3639 3113 eral:
3687 3048 3809 3108 venit

528 3147 678 3203 Talis
711 3163 843 3218 ergo
878 3148 1221 3204 necessarius
1276 3146 1395 3213 fuit,
1443 3165 1602 3219 quem
1637 3149 1851 3205 vincula
1901 3160 2129 3221 genera-
2229 3154 2499 3219 Christus,
2535 3154 2661 3208 fecit
2688 3158 2957 3208 aestatem,
2994 3148 3148 3206 Tunc
3193 3152 3377 3205 omnia
3427 3158 3592 3204 erant
3641 3146 3806 3202 norunt

532 3240 698 3295 tionis
733 3240 985 3295 humanae
1008 3240 1220 3295 delictis
1247 3241 1478 3296 obnoxia
1525 3256 1633 3297 non
1687 3246 1967 3309 tenerent,
2022 3259 2128 3298 non
2158 3228 2203 3292 C
2236 3246 2416 3318 indiga
2450 3287 2463 3311 ,
2514 3245 2655 3301 nuda
2704 3245 3010 3300 virtutum:
3065 3242 3257 3314 passus
3299 3250 3386 3297 est
3431 3239 3718 3304 Christus,
3766 3242 3811 3289 et

534 3337 768 3406 cepisset
822 3335 1084 3399 avaritia,
1113 3352 1220 3390 non
1250 3337 1471 3406 ligasset
1496 3335 1673 3390 dolus.
1728 3335 1778 3390 ls
1826 3334 1975 3391 ‘soltts
2014 3344 2134 3392 erat
2234 3342 2413 3394 omnia
2442 3348 2726 3408 cmpcrunt
2754 3348 2914 3393 nova:
2935 3338 3127 3408 gratia:
3155 3334 3437 3393 fecundari
3475 3328 3803 3407 germinibtls.

534 3428 715 3495 Jesus,
748 3431 981 3499 quicum
1016 3428 1177 3499 hujus
1204 3430 1384 3484 carnis
1433 3444 1493 3485 se
1535 3429 1987 3485 circumdedisset
2016 3433 2133 3486 vln-
2236 3426 2415 3490 Imber
2443 3433 2573 3490 abiit
2611 3432 2839 3487 luxuria!
2864 3430 3207 3502 proliuentis,
3234 3438 3290 3486 et
3317 3430 3507 3485 nubila
3543 3427 3687 3483 tetris
3710 3430 3806 3478 orla

537 3522 697 3587 ειιίίδ,
722 3532 911 3592 captus
938 3538 1043 3576 non
1073 3532 1213 3587 erat,
1243 3538 1347 3577 non
1398 3531 1517 3578 erat
1562 3524 1857 3595 alligatus:
1913 3525 2007 3579 sed
2057 3526 2137 3579 tli-
2236 3529 2456 3598 ﬂagitiis
2491 3528 2689 3582 aestiva
2744 3525 2857 3595 jam
2920 3540 3069 3597 pura:
3118 3520 3481 3580 conscientiae
3546 3512 3805 3575 serenitate

540 3629 800 3684 rumpens
822 3630 884 3669 ca
908 3623 1070 3684 atque
1098 3615 1434 3680 dissolvens,
1486 3616 1552 3670 ad
1601 3631 1661 3671 se
1706 3612 1876 3687 magis
1924 3618 2139 3673 voCavit
2239 3620 2508 3675 lasanlur.
2542 3620 2669 3675 Ideo
2698 3635 2804 3675 non
2845 3618 3084 3673 cvadnnl
3120 3626 3352 3687 quorum
3387 3612 3516 3688 fuga
3560 3614 3610 3670 in
3657 3608 3807 3664 hieme

541 3707 863 3771 Ecclesiam,
896 3706 1231 3778 Prospiciens
1281 3725 1372 3777 per
1412 3710 1623 3780 laqueos
1653 3748 1668 3775 ,
1717 3711 1945 3765 eminens
1982 3727 2139 3780 super
2240 3712 2297 3766 fit
2323 3727 2337 3778 ;
2367 3711 2490 3783 quia
2514 3724 2623 3766 non
2653 3721 2959 3781 sequuntur
2987 3707 3197 3764 Domini
3230 3708 3581 3779 passionem,
3603 3717 3698 3758 non
3721 3698 3803 3753 tol-

540 3801 718 3865 reu‘a;
759 3807 820 3855 ut
854 3810 909 3855 et
954 3800 1071 3871 ipsa
1113 3802 1349 3858 disceret
1396 3804 1627 3859 vinculis
1655 3819 1759 3859 non
1803 3805 1992 3861 teneri.
2030 3805 2139 3862 De—
2242 3806 2353 3859 lunt
2382 3818 2596 3859 crucem
2632 3818 2807 3871 suam,
2836 3808 2893 3858 et
2918 3801 3195 3857 Christum
3224 3796 3554 3871 sequuntur.

545 3895 708 3964 nique
729 3910 795 3949 eo
823 3911 993 3965 usque
1027 3911 1135 3950 non
1165 3895 1326 3965 longe
1350 3911 1379 3950 a
1410 3896 1642 3952 vinculis
1670 3897 1793 3964 fuit,
1828 3908 1884 3953 ut
1917 3910 2015 3970 pro
2044 3916 2140 3954 ηο-
2313 3897 2401 3953 49.
2442 3896 2622 3952 Imber
2652 3895 2879 3965 impedit
2903 3895 3065 3949 ﬂores
3097 3909 3110 3946 :
3142 3901 3198 3947 at
3226 3906 3369 3947 nunc
3406 3886 3571 3946 tiores
3596 3876 3803 3970 videnlur

544 3986 626 4043 bis
655 3989 863 4044 subiret
883 4001 937 4043 et
964 3993 1217 4051 mdrtem,
1242 3989 1336 4044 sed
1369 3997 1550 4046 tamen
1594 4007 1700 4045 non
1731 3968 1932 4048 servits
1951 3994 2143 4049 mortis
2244 3991 2297 4046 ltt
2331 3999 2495 4046 terra.
2532 3990 2666 4044 Boni
2698 3988 2863 4046 liores
2894 3986 3151 4060 apostoli,
3182 3985 3274 4057 qui
3319 3985 3654 4040 diversorum
3688 3968 3801 4031 scri-

544 4079 792 4145 ei'fectus,
824 4080 917 4136 sed
944 4082 1080 4135 liber
1104 4083 1558 4149 intermortuus;
1591 4084 1889 4139 libereuim
1913 4086 2144 4156 eratqni
2244 4095 2459 4156 ptorotn
2506 4096 2728 4139 suorum
2772 4092 2933 4153 atque
2986 4080 3213 4151 dperiim
3280 4074 3545 4135 fuderiidt
3591 4072 3796 4130 odorem-

545 4172 819 4226 solvenda:
835 4174 1025 4228 mortis
1057 4181 1378 4243 potestatem
1400 4174 1651 4230 habebat.
1678 4176 1925 4248 Denique
1951 4174 2064 4248 ipse
2092 4188 2145 4234 te
2250 4177 2469 4250 Tempus
2499 4177 2708 4231 secandi
2729 4177 2968 4240 aduenit,
3018 4174 3236 4245 quando
3278 4180 3492 4228 matura
3533 4169 3583 4225 itt
3625 4159 3801 4220 horreis

550 4264 743 4320 doceat
772 4268 861 4335 qui
894 4266 970 4321 ait
990 4285 1001 4319 :
1024 4266 1221 4322 Solvite
1237 4268 1484 4337 templum
1505 4273 1620 4333 hoc,
1639 4279 1685 4323 et
1704 4270 1759 4324 in
1786 4270 1956 4325 triduo
1972 4284 2145 4326 resus-
2248 4269 2516 4325 frumenta
2549 4270 2862 4324 conduntur
2889 4285 2904 4331 ;
2934 4279 2988 4324 et
3017 4271 3108 4338 qui
3138 4266 3315 4332 inetit,
3362 4258 3660 4321 mercedem
3687 4254 3799 4310 acci-

549 4356 863 4412 cituboillud
886 4357 1066 4427 (Joan.
1094 4375 1155 4424 tt,
1181 4360 1609 4430 19).Audiamus
1634 4363 1953 4432 itaquequid
1967 4364 2143 4420 dicat:
2250 4366 2347 4435 pit.
2387 4362 2497 4419 Vox
2522 4364 2735 4418 turturis
2759 4362 2940 4418 audita
2959 4371 3057 4429 est,
3100 4362 3224 4430 quia
3251 4358 3462 4415 invenit
3491 4354 3586 4412 sibi
3616 4342 3796 4407 niduui:

624 4451 718 4508 45.
762 4453 943 4524 (\‘ers.
980 4453 1224 4526 11-15.)
1259 4454 1514 4527 Exsurge,
1546 4456 1659 4511 ueni
1703 4458 1942 4529 proxima
1984 4474 2146 4525 mea;
2252 4457 2496 4514 Ecclesia
2547 4459 2691 4513 enim
2749 4457 2944 4512 domus
2996 4466 3082 4512 est
3133 4452 3425 4509 castitatis.
3507 4440 3658 4504 Ficus
3703 4436 3798 4509 qlia?

554 4548 660 4602 hoc
684 4558 787 4611 est,
821 4562 982 4618 surge
1004 4563 1033 4602 a
1068 4551 1318 4614 mortuis,
1351 4564 1583 4621 exsurge
1615 4565 1645 4606 a
1678 4551 1929 4619 vinculis,
1953 4553 2150 4623 'quibus
2176 4613 2222 4623 ᾳ
2255 4559 2476 4619 propter
2523 4548 2964 4604 infecunditatem
3021 4542 3316 4617 jubebatur
3369 4538 3582 4605 excidi,
3634 4536 3800 4606 [πωπω

551 4643 884 4697 circumdata
917 4644 1210 4699 tenebaris.
1243 4644 1509 4715 Ex~urge,
1553 4646 1680 4716 quia
1727 4661 1829 4713 ego
1876 4613 2148 4703 resurrexi
2176 4613 2230 4674 Β
2254 4644 2516 4716 {crrejmlt
2538 4644 2710 4713 ca’pil.
2748 4642 2909 4696 Vilica
2939 4640 3199 4694 lmnSIam
3230 4634 3296 4691 εὶ
3324 4630 3579 4707 Εεγριο.
3601 4628 3797 4716 iam?”

554 4734 651 4787 tibi
684 4752 697 4787 :
729 4734 881 4790 solve
911 4734 1125 4790 vincula
1157 4710 1476 4808 iniquitatis,
1530 4710 1655 4808 quia
1702 4710 1801 4809 ego
1847 4739 1958 4810 jam
2013 4738 2151 4796 solvi
2254 4710 2507 4790 macet-iis
2534 4710 2812 4789 destructa
2840 4731 3126 4801 depositis,
3168 4728 3485 4784 incursatur
3527 4726 3555 4778 a
3597 4710 3797 4775 bestiis;

555 4829 651 4885 tibi
682 4849 696 4884 :
726 4833 875 4897 veni,
909 4831 1032 4902 quia
1060 4832 1169 4900 jam
1204 4833 1338 4886 retia
1358 4832 1533 4887 soluta
1555 4841 1701 4899 sunt,
1725 4832 1893 4903 Virgo
1916 4832 2149 4904 peperit,
2255 4842 2356 4882 nec
2384 4825 2633 4882 informis
2661 4826 2925 4888 sentibus,
2957 4823 3050 4879 sed
3082 4823 3248 4878 odora
3276 4821 3387 4892 jam
3419 4816 3651 4874 ﬂoribus.

556 4939 690 4993 puer
711 4932 870 4979 natus
895 4938 964 4980 ex
992 4925 1201 4994 virgine
1221 4934 1323 4992 est,
1359 4924 1492 4979 nihil
1515 4924 1674 4980 debet
1702 4925 1954 4982 muliebri
1981 4924 2154 4981 luere—
2330 4922 2419 4976 50.
2463 4929 2489 4959 ι
2516 4920 2778 4993 Exsurge,
2804 4920 2998 4990 inquit,
3028 4918 3163 4983 veni,
3190 4912 3580 4986 iii-ominantem,
3609 4909 3798 5002 fartim?

553 5018 731 5085 ditati,
756 5017 908 5088 quasi
947 5017 1089 5072 illius
1123 5016 1368 5073 mulieris
1396 5034 1502 5074 tlott
1536 5027 1789 5074 tenetur:
1831 5033 1994 5073 cerne
2038 5034 2152 5075 mc-
2258 5029 2390 5075 mea.
2437 5013 2678 5067 columba
2720 5026 2856 5077 mea,
2891 5015 3119 5083 ΡθνῙεεῑα
3166 5020 3324 5072 mea;
3377 5003 3603 5075 Proxima
3645 4999 3797 5088 utique

553 5109 703 5164 dium
729 5079 990 5181 parietem
1018 5110 1267 5165 maceria:
1288 5110 1397 5179 jam
1427 5111 1686 5176 solutum,
1714 5111 1801 5181 qui
1833 5111 2149 5167 interiorum
2259 5105 2384 5160 ﬁdei
2432 5105 2727 5170 desiderio,
2782 5108 3011 5176 {annosa
3066 5101 3268 5156 decore
3321 5094 3554 5157 virtutis.
3603 5079 3796 5181 601W“

553 5177 842 5257 all‘rctuum
872 5202 1218 5258 concordiam
1243 5177 1538 5267 dividebat,
1575 5212 1631 5258 et
1662 5177 2014 5258 indiversum
2047 5216 2147 5257 οι.
2256 5202 2433 5273 gratia
2513 5199 2780 5269 spirituali
2836 5212 2851 5265 ;
2929 5204 3111 5266 penum
3163 5194 3299 5248 enim
3362 5188 3601 5247 columba:
3669 5177 3794 5273 dear:

554 5294 755 5349 citabat
793 5296 1166 5350 di~sensioncs
1218 5295 1587 5366 corporalium
1636 5297 1967 5365 passionum.
2013 5294 2150 5351 Veni
2257 5303 2477 5365 gentattc
2529 5300 2786 5347 aeternam
2843 5288 2992 5346 illam
3029 5286 3333 5359 signiﬁcant
3386 5265 3795 5366 ιιοῑοειηιεηξνξί

556 5404 685 5460 ergo
713 5406 903 5445 secura
927 5431 943 5456 ,
981 5391 1141 5459 cupio
1170 5354 1358 5446 videre
1401 5388 1592 5446 faciem
1646 5400 1815 5456 tuam,
1864 5399 1918 5447 et
1960 5389 2150 5445 audire
2257 5354 2528 5442 columba:
2554 5386 2770 5442 volatus
2797 5384 3032 5455 Spiritus
3079 5380 3247 5436 sancti
3276 5373 3606 5450 praesentiam

559 5448 743 5540 vocem
772 5494 914 5537 tuam
951 5501 965 5539 :
996 5483 1139 5549 veni,
1175 5494 1231 5537 ut
1257 5484 1368 5553 jam
1406 5499 1492 5539 me
1520 5499 1617 5553 per
1638 5488 1773 5540 retia
1809 5498 1915 5539 non
1944 5484 2151 5549 videas,
2262 5480 2422 5537 ravit.
2454 5480 2625 5535 Vocat
2652 5481 2814 5550 igitur
2852 5477 2919 5533 at]
2967 5488 3028 5533 se
3074 5481 3191 5532 eam
3240 5471 3491 5526 Christus
3540 5470 3593 5517 ut
3632 5448 3789 5558 vel???

559 5575 656 5631 sed
681 5575 820 5630 facie
835 5575 902 5630 ad
930 5540 1381 5633 faciem'vultibus
1408 5540 1668 5633 amatoris
1689 5577 1885 5633 dilecta
1905 5540 2151 5648 potiaris:
2262 5573 2522 5645 quoniam
2561 5540 2930 5644 splt'ittialibbs
2972 5569 3082 5640 jam
3128 5563 3318 5636 pretiis
3361 5561 3535 5648 dotata
3563 5540 3788 5648 ﬁliiﬁlii?

632 5668 724 5726 46.
770 5668 840 5724 Et
868 5668 956 5725 hic
981 5669 1081 5727 ista
1105 5669 1286 5727 ethice
1306 5670 1536 5727 decursa
1561 5672 1689 5728 sint.
1721 5634 1941 5748 Mystica
1976 5682 2158 5728 autem
2271 5634 2408 5735 huic
2434 5680 2569 5735 ecce,
2594 5634 2793 5739 inquit,
2820 5634 2989 5719 hiems
3006 5634 3272 5734 preter-iit,
3292 5657 3455 5713 imm
3477 5646 3613 5710 ubi“.
3638 5634 3790 5692 άί⁸⁶⁸⁹⁹

648 5840 674 5869 σι
701 5830 784 5909 Es
802 5830 1064 5907 Apologia
1078 5831 1253 5908 David
1270 5841 1569 5907 postrema,
1590 5850 1710 5909 esp.
1735 5835 1792 5904 8,
1814 5850 1966 5893 mtm.
1984 5835 2077 5904 43,
2093 5832 2180 5909 44.
