3920 6310
115 402 254 460 1885

1092 407 1130 463 e
1174 392 1482 464 scatrrts
1521 398 1580 464 s.
1624 394 1947 466 annuos“
1986 380 2413 471 COLLECTUS.

3274 414 3413 476 1886

110 522 176 574 sit
202 520 319 583 sibi;
353 516 513 589 ﬂbres
539 521 635 575 nisi
673 530 790 577 sunt
816 521 870 575 in
899 530 1055 576 terra.
1112 510 1303 579 Videte
1353 522 1712 594 qd‘emadmo-L
1742 512 1790 585 Α
1818 522 2154 582 canticorum
2185 516 2199 580 ἑ
2238 519 2399 584 Ficus
2422 526 2637 600 protulit
2655 546 3012 603 grossossnos.
3052 528 3415 604 ltaquecat'te-

113 614 236 668 dum
267 622 462 668 sancta
492 612 750 668 invitetur
770 612 1033 669 Ecclesia.
1063 613 1275 682 Hiems,
1296 615 1495 686 inquit,
1519 616 1715 671 disces-

115 706 178 760 n‘t
207 706 345 774 sibi;
404 721 474 762 ne
516 706 751 763 hiemem
805 707 948 762 nuda
994 708 1276 776 formidet,
1311 708 1545 765 hiemem
1604 724 1710 764 non

117 802 407 872 temporis,
440 801 535 857 sed
569 801 924 869 infirmitatis,
951 816 1071 873 quae
1090 816 1277 873 agrum
1308 803 1507 859 anima:
1531 802 1714 858 fecun-

116 896 242 951 dmn
276 895 433 950 Omni
462 894 595 950 llore
617 894 898 964 dispoliat.
927 894 1021 949 Est
1043 895 1187 950 enim
1220 894 1394 950 hiems
1441 910 1547 950 non
1603 905 1715 951 ter-

116 988 225 1045 reni
255 987 413 1053 solis,
445 999 529 1043 e51
554 987 729 1042 hiems
769 988 989 1053 mentis,
1033 986 1253 1058 quando
1301 988 1486 1042 animo
1544 987 1716 1058 frigus

117 1082 373 1143 illabitur,
409 1080 629 1149 quando
656 1095 825 1151 vapor
849 1078 1014 1134 animi
1044 1082 1289 1135 vanescit
1308 1120 1323 1143 ,
1364 1080 1581 1151 quando
1607 1079 1716 1133 sol-

119 1174 256 1228 vitur
279 1174 435 1244 vigor
460 1186 652 1228 sensus
676 1198 691 1238 δ
723 1172 940 1243 quando
967 1173 1164 1228 nimius
1216 1172 1413 1227 humor
1452 1171 1712 1237 exundat,

120 1277 171 1323 et
193 1276 432 1324 mentem
465 1277 676 1337 graiat,
700 1267 1167 1339 quandointerior
1196 1268 1390 1339 caligat
1436 1276 1713 1337 aSpectus.

123 1362 186 1418 Et
231 1361 355 1416 ideo
405 1362 485 1415 ait
539 1361 847 1418 Dominus:
906 1360 1088 1415 Videte
1136 1376 1199 1415 ne
1248 1362 1342 1431 ﬁat
1388 1364 1514 1433 fuga
1550 1370 1717 1416 vestra

121 1456 279 1507 hieme
302 1454 383 1507 vel
409 1453 625 1507 sabbato
658 1451 871 1526 (Matth.
902 1468 1048 1519 xxiv,
1070 1450 1164 1525 20)
1190 1470 1205 1518 ;
1238 1452 1438 1507 bonum
1470 1452 1616 1508 enim
1658 1455 1718 1507 ut

125 1556 244 1600 tunc
284 1545 405 1600 dies
431 1545 624 1616 judieii
681 1547 765 1602 vel
819 1546 1009 1601 mortis
1051 1545 1345 1611 adveniat,
1391 1559 1514 1600 cum
1574 1544 1720 1615 viget

122 1638 280 1692 animi
307 1638 506 1693 blanda
547 1637 863 1708 temperies,
888 1646 1011 1693 cum
1039 1637 1263 1693 emleste
1285 1632 1605 1708 tnysterium
1630 1650 1717 1692 se-

122 1744 245 1786 rena
271 1730 393 1786 luce
423 1730 757 1801 resplendet,
789 1742 912 1785 cum
943 1744 1039 1785 cor
1067 1739 1315 1785 nostrum
1361 1729 1513 1785 ardet
1535 1728 1592 1784 in
1619 1742 1716 1784 no-

125 1824 220 1880 bis.
252 1822 404 1878 Tunc
424 1823 573 1877 enim
604 1821 855 1879 Christus
886 1832 970 1877 est
1002 1836 1268 1892 praesens,
1312 1823 1453 1877 sicut
1483 1831 1716 1878 testatur

1818 620 1891 675 ris
1920 622 2229 678 albentibus
2271 627 2445 693 primo
2496 632 2619 681 vere
2649 626 2931 697 virgultis,
2976 626 3089 682 sola
3121 628 3253 683 licus
3285 644 3415 697 pro-

1816 712 1935 783 prio
1991 714 2164 768 nest-it
2219 712 2353 771 ﬂore
2390 730 2718 780 canescere;
2764 733 2830 772 eo
2871 716 3008 771 forte
3037 719 3182 787 quod
3231 718 3415 774 nullus

1814 805 1885 861 sit
1911 804 2030 862 istis
2059 802 2323 863 maturior
2352 812 2481 864 iisns
2511 811 2564 864 in
2593 812 2787 880 pomis.
2822 810 3065 880 Namque
3079 812 3419 867 succedenti-

1816 897 1916 954 bus
1969 899 2093 953 aliis
2122 917 2243 968 qua!
2289 902 2441 970 quasi
2479 900 2869 973 degenerantia
2924 903 3265 974 despuuntur
3297 945 3312 969 ,
3360 913 3414 958 et

1815 990 1987 1046 arenti
2021 990 2231 1047 infirma
2264 993 2448 1048 radice
2473 1037 2487 1059 ,
2537 997 2813 1049 renovatis
2849 995 3047 1062 quibus
3100 996 3171 1049 sit
3220 1010 3419 1050 succus

1818 1080 2023 1147 utilior,
2057 1092 2347 1140 esuuntur.
2383 1085 2603 1140 Manent
2625 1095 2802 1142 tamen
2829 1086 3008 1157 aliqua
3038 1088 3277 1156 perrara,
3316 1102 3417 1143 nec

1812 1176 2093 1242 decidunt,
2129 1176 2323 1251 quibus
2352 1179 2441 1234 hic
2473 1189 2770 1248 proventus
2795 1181 3078 1249 arriserit,
3110 1191 3166 1235 ut
3202 1181 3270 1237 de
3302 1198 3417 1237 mc-

1816 1272 1906 1327 dio
1943 1270 2170 1327 duarum
2234 1272 2509 1343 virgarum
2556 1273 2828 1329 claviculo
2891 1273 3041 1328 brevi
3094 1284 3415 1343 erumpente

1817 1370 2188 1437 promergant,
2218 1378 2325 1436 quo
2353 1366 2586 1437 geminis
2628 1374 2766 1421 tecta
2817 1365 3109 1436 praesidiis,
3145 1354 3417 1437 tamquam

1816 1466 2022 1514 natura:
2047 1457 2287 1528 parentis
2308 1459 2513 1529 gremio
2539 1501 2555 1523 ,
2583 1458 2730 1514 succi
2764 1458 2876 1512 fotu
2912 1459 3171 1527 plenioris
3213 1459 3422 1514 inoles-

1816 1558 1960 1607 cant.
1992 1550 2066 1607 Ea
2109 1552 2479 1608 clementioris
2514 1568 2660 1607 aurae
2700 1561 2989 1622 provocata
3032 1552 3328 1621 temperie:
3367 1560 3421 1607 et

1816 1642 2202 1716 proliXiOribus
2223 1646 2407 1700 adulta
2440 1644 2778 1713 temporibus
2799 1686 2812 1708 ,
2846 1645 2934 1698 ubi
2967 1644 3275 1700 silvestrem
3303 1645 3423 1699 ani-

1817 1746 1965 1791 mum
2003 1735 2149 1791 succi
2183 1736 2380 1807 prioris
2413 1738 2708 1803 exuerint,
2756 1737 2939 1807 Specie
2962 1736 3175 1792 cretei-is
3212 1747 3265 1792 et
3297 1752 3415 1791 ma-

1820 1830 2059 1905 turitatis
2090 1834 2265 1905 gratia
2291 1836 2677 1904 praeferuntur.

122 1917 172 1971 in
202 1915 496 1987 Evangelia
532 1918 793 1972 Ammaon
822 1924 876 1972 et
901 1914 1172 1984 CleOpbas
1201 1916 1448 1971 dicentes
1482 1928 1495 1969 :
1524 1914 1717 1970 Nonne
1745 1913 1793 1974 B
1890 1926 1981 1981 52.
2007 1924 2199 1996 Specta
2226 1940 2369 1983 nunc
2401 1927 2580 1982 cultus
2608 1937 2662 1981 et
2692 1926 2904 1981 animos
2932 1926 3246 1982 Judmormn
3276 1970 3291 1996 ,
3321 1927 3414 1999 qui

125 2027 206 2064 cor
231 2019 464 2064 nostrum
494 2009 684 2063 ardens
713 2018 821 2064 erat
857 2011 913 2064 in
949 2009 1094 2064 nobis
1142 2011 1196 2063 in
1256 2011 1338 2063 via
1372 2052 1386 2076 ,
1438 2023 1553 2065 cum
1592 2024 1718 2081 ape-

124 2104 300 2157 ruisset
327 2103 381 2156 in
410 2102 562 2157 nobis
584 2101 887 2173 Scriptura:
917 2100 1073 2173 (Luc.
1105 2115 1256 2167 xxtv,
1290 2100 1404 2172 δὲ).
1432 2101 1588 2171 Viget
1617 2116 1715 2156 att-

129 2204 225 2250 tem
253 2195 492 2259 animus,
525 2194 744 2264 quando
786 2195 949 2250 etiam
993 2193 1095 2248 ilus
1147 2194 1362 2249 videtur
1417 2197 1469 2248 in
1532 2194 1711 2249 tertia.

126 2287 246 2355 Quis
272 2299 354 2342 est
382 2286 490 2342 iste
522 2287 626 2341 llos
662 2286 790 2342 boui
821 2286 1009 2341 odoris
1033 2326 1049 2353 ,
1091 2287 1196 2341 nisi
1243 2287 1335 2341 ille
1389 2287 1480 2357 qui
1535 2276 1711 2341 dixit:

132 2380 233 2452 Ego
256 2382 349 2451 nos
371 2382 547 2449 campi
574 2390 622 2435 et
650 2382 820 2436 litium
849 2380 1164 2434 convallium
1193 2379 1417 2451 (Supra,
1448 2394 1580 2434 vers.
1611 2374 1666 2448 1)
1700 2394 1713 2434 :

131 2474 192 2528 de
216 2472 317 2545 qiio
347 2483 401 2528 et
429 2474 489 2528 in
526 2474 683 2529 Esaia
714 2476 976 2544 scriptum
998 2480 1118 2529 est:
1149 2472 1303 2527 Exiet
1330 2473 1477 2543 virga
1528 2472 1591 2526 d‘e
1630 2486 1719 2526 ra-

133 2567 232 2620 dice
247 2566 414 2633 Iesse,
444 2577 495 2622 et
518 2567 667 2638 uirga
695 2581 757 2620 ea:
783 2564 962 2620 radice
987 2565 1253 2627 ascendet,
1282 2575 1330 2619 ct
1353 2566 1451 2633 ﬂos
1482 2566 1546 2620 ea:
1571 2567 1718 2635 virga

135 2661 251 2715 θεῖσι
277 2658 446 2731 (Emi.
481 2674 562 2726 ιι,
593 2661 668 2730 l).
703 2660 876 2716 Radix
926 2660 1109 2729 utique
1149 2658 1353 2715 familia
1401 2659 1716 2715 Iudaeorum

136 2760 229 2819 est,
256 2754 403 2825 virga
426 2754 621 2817 Maria;
658 2751 759 2809 llos
788 2752 969 2808 Maria;
1016 2750 1270 2809 Christus
1303 2768 1316 2804 :
1364 2753 1456 2822 qui
1501 2753 1719 2822 quando

135 2856 301 2902 nostra
333 2847 653 2917 resplendet
682 2849 734 2903 iu
761 2857 929 2913 terra,
955 2858 1009 2903 et
1036 2844 1087 2901 in
1113 2850 1246 2918 agro
1266 2848 1462 2902 animat
1485 2847 1716 2914 redolet,

138 2941 213 2996 vel
239 2942 288 2996 in
315 2941 564 2998 Ecclesia
592 2957 688 2997 sua
717 2946 941 3006 vernat,
976 2940 1076 2996 hec
1105 2940 1273 3013 frigus
1315 2934 1607 3010 possumus
1654 2941 1720 2995 ti-

140 3049 294 3104 mere;
340 3052 442 3091 nec
484 3032 726 3106 pluviam
773 3035 976 3099 vereri,
1023 3033 1117 3090 sed
1160 3043 1481 3103 exspectare
1529 3028 1719 3102 judlrii

141 3126 287 3182 diem.
312 3130 375 3183 Et
402 3128 534 3184 ideo
565 3127 807 3184 Ecclesia
836 3139 894 3181 ut
926 3129 1067 3182 hunc
1088 3126 1281 3183 ﬂorem
1302 3126 1538 3193 videret,
1570 3127 1720 3181 omni

143 3221 304 3277 studio
332 3221 651 3291 festinabat,
680 3222 823 3277 sicut
853 3222 969 3291 ipsa
999 3221 1051 3275 in
1079 3221 1475 3289 posterioribus
1509 3218 1724 3293 1569

1820 2016 1974 2087 quasi
2008 2018 2165 2086 primi
2215 2017 2422 2074 fructus
2460 2019 2600 2074 male
2653 2019 2848 2075 feracis
2894 2020 3194 2091 Synagogre
3218 2063 3234 2087 ,
3265 2016 3423 2090 quasi

1821 2111 2056 2166 labentis
2085 2111 2441 2168 similitudine
2465 2123 2792 2167 corruerunt
2820 2155 2834 2177 ,
2865 2123 2923 2168 ut
2953 2129 3207 2169 mansura
3254 2129 3422 2184 supra

1821 2210 1995 2259 acvunt
2048 2206 2217 2259 nostri
2266 2206 2485 2276 generis
2552 2216 2710 2276 poma
2776 2206 3156 2263 succederent.
3203 2205 3421 2263 Etenim

1823 2296 2029 2367 primus
2057 2298 2356 2371 Synagoga:
2381 2300 2647 2370 p0pulus,
2689 2301 2841 2371 quasi
2872 2300 3055 2355 radice
3086 2316 3312 2371 operum
3346 2303 3425 2355 in-

1822 2390 2013 2445 firmus
2054 2388 2269 2459 arenti,
2312 2392 2615 2447 ubertatem
2659 2392 2942 2463 sapientiae
2992 2394 3253 2447 naturalis
3293 2392 3426 2448 hau-

1822 2484 1930 2540 rire
1952 2494 2060 2540 non
2083 2480 2279 2556 potuit.
2314 2486 2383 2541 Et
2409 2475 2533 2543 ideo
2566 2486 2716 2542 Velut
2741 2488 2947 2541 inutilis
2963 2486 3167 2541 decidit
3192 2486 3422 2553 fructus,

1822 2587 1883 2633 ut
1919 2581 2073 2646 quasi
2099 2595 2168 2635 ex
2200 2579 2390 2634 iisdem
2421 2580 2705 2635 elaviculis
2735 2580 2948 2634 arboris
2990 2578 3280 2634 fructuosas
3304 2621 3319 2647 ,
3355 2579 3425 2635 de

1823 2674 2152 2745 pinguedine
2204 2675 2486 2746 religionis
2531 2674 2766 2745 antiqu
2813 2688 2986 2729 novus
3034 2673 3293 2729 Ecclesiae
3325 2689 3427 2745 po-

1824 2767 1982 2837 pulus
2007 2777 2330 2835 emergeret.
2364 2766 2505 2838 Ergo
2542 2766 2636 2822 ille
2665 2768 2758 2839 qui
2797 2776 2936 2832 erat,
2965 2782 3087 2823 esse
3119 2766 3337 2833 desivit,
3371 2776 3430 2822 ut

1822 2859 1928 2915 iste
1957 2860 2225 2929 inciperet.
2250 2862 2337 2929 qui
2367 2872 2473 2914 non
2506 2868 2656 2915 erat:
2701 2860 2860 2929 primi
2896 2868 3078 2914 tamen
3106 2875 3171 2914 ex
3214 2857 3380 2913 Israel
3412 2899 3426 2924 ,

1822 2962 1959 3024 quos
1992 2961 2202 3007 naturae
2229 2952 2512 3008 validioris
2556 2956 2741 3006 tantbs
2767 2951 3075 3017 extulerat,
3106 2947 3209 3004 sub
3236 2946 3428 3004 umbra
3497 2939 3507 2949 ’

1824 3047 1982 3119 Legis
2009 3054 2063 3103 et
2090 3047 2292 3112 crucis,
2324 3048 2376 3101 in
2417 3047 2701 3117 utriusque
2754 3046 2875 3100 siuti
2906 3059 3071 3100 succo
3096 3044 3315 3115 gemino
3337 3058 3430 3098 co-

1827 3142 2009 3210 lorati,
2035 3142 2211 3214 grossi
2244 3142 2665 3197 maturescentis
2696 3141 2946 3210 exemplo
2966 3182 2980 3205 ,
3030 3138 3430 3210 pulcherrimo-

1826 3250 1944 3291 rum
1976 3237 2146 3307 gratia
2195 3234 2468 3291 fructuum
2514 3233 2730 3290 cauet-is
2784 3222 3194 3303 praestiterunt,
3236 3231 3432 3303 quibus

146 3322 350 3372 testatur
374 3316 571 3374 dicens
604 3334 617 3371 :
648 3313 715 3369 In
736 3316 896 3370 cubiti
925 3313 1166 3369 noctibus
1198 3315 1413 3382 qttwsittt
1450 3326 1602 3384 quem
1647 3313 1722 3366 di-

1834 3326 2067 3383 tiicitur:
2100 3320 2355 3384 Sedebitis
2393 3344 2550 3399 super
2576 3327 2853 3383 duodecim
2881 3328 3119 3392 thronos,
3138 3325 3434 3397 judicantes

147 3407 426 3479 ligitant'ma
444 3428 572 3467 mea
603 3408 780 3484 (Cant.
817 3426 896 3477 ιιι,
930 3412 1010 3481 1).

210 3525 290 3583 50.
320 3536 345 3565 α
374 3526 536 3582 Ficus"
577 3524 1021 3597 prb't’ulitgrosso‘s
1056 3528 1200 3580 Suos.
1253 3526 1390 3593 Apta
1433 3518 1733 3595 Synagogie

151 3618 338 3675 arboris
374 3622 538 3678 istius
583 3618 924 3691 comparatio
949 3629 1035 3675 est
1064 3662 1076 3685 ,
1110 3621 1232 3690 quia
1266 3618 1404 3675 sicut
1429 3619 1593 3674 arbor
1632 3619 1733 3674 ista

150 3710 274 3769 foliis
325 3710 637 3771 redundans
687 3712 982 3769 liuentibus
1011 3756 1026 3781 ,
1067 3722 1218 3783 Spem
1265 3710 1595 3781 possessoris
1648 3710 1733 3765 sui

153 3818 284 3861 cassa
328 3804 667 3878 spcratormii
704 3814 1062 3876 proventuum
1108 3806 1524 3874 exspertatione
1569 3803 1738 3859 desti-

155 3896 272 3953 tuit:
299 3899 370 3955 ita
398 3902 565 3956 etiam
588 3901 642 3956 in
672 3899 961 3972 SVnagoga
981 3941 995 3964 ,
1025 3900 1150 3955 dum
1176 3896 1431 3953 doctores
1458 3896 1575 3969 ejus
1603 3913 1735 3965 Ope-

158 3991 288 4047 ribus
335 3995 633 4059 infecundi,
674 3994 860 4049 verbis
905 4003 1113 4048 tantum
1168 3992 1318 4047 velut
1346 3989 1491 4045 foliis
1536 3986 1735 4045 redun-

157 4079 382 4141 dantibus
402 4084 731 4158 gloriantur,
763 4086 941 4140 inanis
971 4085 1160 4139 umbra
1204 4082 1365 4153 Legis
1396 4084 1730 4154 exsuperat;

158 4186 265 4244 spes
287 4182 457 4235 autem
500 4172 624 4235 falsi
650 4184 963 4250 etSpectata
1014 4185 1310 4249 proventus
1334 4219 1348 4244 ,
1391 4176 1574 4248 populi
1609 4185 1730 4231 vota

161 4267 403 4325 credentis
439 4268 641 4327 illudit.
1656 4344 1659 4349 η

222 4359 304 4416 51.
329 4360 420 4419 Est
440 4358 606 4419 etiam
635 4364 687 4418 in
718 4371 914 4418 natura
952 4360 1169 4417 arboris
1202 4372 1312 4433 quo
1339 4360 1512 4432 magis
1540 4359 1733 4416 credas

160 4446 429 4524 εἴωθε)ςὼ
463 4456 703 4527 speciem
734 4454 1147 4526 cotnparatione
1194 4454 1356 4525 hujus
1392 4468 1729 4523 expressam.

165 4540 354 4601 Etenim
382 4540 426 4604 si
456 4549 746 4619 diligenter
767 4547 1032 4619 inquiras,
1073 4547 1369 4602 discretam
1418 4545 1486 4599 ab
1513 4534 1613 4599 usti
1646 4559 1734 4598 ar-

168 4633 337 4694 borum
370 4644 683 4698 catterar'um
715 4638 1171 4698 consuetudinem
1201 4651 1411 4695 natura:
1436 4638 1594 4708 hujus
1643 4637 1728 4692 in-

1835 3423 2109 3478 duodecim
2137 3424 2299 3477 tribus
2330 3421 2500 3478 Israel
2528 3422 2742 3492 (Matth.
2772 3438 2884 3483 XIX,
2918 3420 3037 3490 28).

1907 3514 2071 3574 53.1)
2138 3513 2309 3571 Vinete
2373 3517 2615 3586 ﬂorentes
2678 3513 2934 3567 dederunt
3007 3513 3220 3567 odorem
3281 3528 3429 3565 suum

1836 3609 2033 3684 (Snp.,
2068 3624 2115 3661 v.
2149 3607 2232 3679 5).
2266 3608 2408 3663 Bene
2440 3624 2537 3676 per
2570 3608 2783 3661 vincam
2816 3606 3059 3662 Ecclesia
3089 3606 3433 3675 designatur;

1836 3695 2062 3756 utenini
2095 3700 2219 3755 vitis
2271 3694 2553 3754 maritatur
2598 3697 2925 3763 arboribus,
2978 3698 3049 3751 ita
3090 3710 3289 3764 corpus
3320 3695 3439 3749 aui-

1832 3809 1935 3849 m:e
1962 3835 1976 3859 ,
2004 3790 2182 3847 animi
2232 3807 2448 3862 quoque
2490 3790 2705 3860 COrpori
2730 3789 3113 3859 conjungilur:
3168 3799 3225 3841 ιιι
3262 3791 3419 3842 vilica

1834 3887 1962 3943 dtim
1990 3870 2186 3956 ligatur
2214 3928 2227 3949 ,
2252 3884 2478 3956 erigitur
2508 3927 2522 3949 ,
2555 3897 2609 3939 et
2647 3883 2821 3938 recisa
2852 3900 2959 3937 non
2994 3883 3256 3936 minuitur
3283 3922 3298 3947 ,
3340 3879 3434 3934 sed

1834 3990 2093 4051 augetur;
2130 3980 2199 4033 ita
2233 3978 2385 4049 plebs
2416 3985 2603 4033 sancta
2625 3977 2751 4032 dum
2787 3976 3004 4047 ligatur,
3033 3976 3280 4030 exuitur:
3306 3973 3432 4027 dum

1837 4072 2149 4128 humiliatur
2175 4112 2189 4137 ,
2243 4064 2540 4125 attollitur:
2591 4069 2719 4124 dum
2763 4069 3028 4124 reciditur
3060 4108 3075 4134 ,
3116 4060 3431 4122 coronatur.

1835 4165 1976 4235 Quin
2008 4164 2170 4221 etiam
2219 4174 2280 4220 ut
2322 4172 2475 4219 tener
2500 4165 2750 4219 surculus
2777 4204 2792 4229 ,
2839 4160 3013 4218 veteri
3052 4160 3327 4216 absci~sus
3369 4158 3436 4213 ab

1835 4260 2065 4325 arbore,
2098 4258 2151 4312 in
2179 4256 2403 4312 alterius
2432 4255 2545 4311 fetu
2584 4255 2785 4311 radicis
2828 4254 3124 4311 inseritur:
3158 4246 3231 4307 ita
3268 4256 3438 4322 popu-

1835 4352 1921 4406 lus
1948 4350 2035 4407 bic
2063 4359 2282 4406 sanctus
2309 4350 2510 4405 surculi
2535 4352 2735 4405 veteris
2778 4348 3122 4404 cicatricibus
3163 4340 3433 4411 enodatis,

1835 4442 1888 4499 iit
1917 4458 2058 4498 novo
2090 4439 2182 4497 illo
2213 4440 2394 4497 crucis
2428 4442 2585 4512 signo
2640 4446 2913 4510 tamquam
2958 4439 3166 4510 gremio
3208 4432 3309 4508 pia:
3343 4454 3434 4506 pa-

1835 4535 2008 4591 rentis
2053 4528 2194 4589 foliis
2234 4532 2519 4590 inolescit:
2570 4531 2914 4601 Spiritusque
2968 4538 3190 4584 sanctus
3250 4530 3302 4584 in
3337 4529 3438 4585 hac

1835 4632 2145 4687 carceretitn
2182 4636 2386 4697 corpus
2432 4626 2639 4682 inlusus
2669 4667 2684 4692 ,
2716 4626 2864 4681 velut
2904 4625 2956 4679 in
2996 4625 3135 4679 altas
3175 4623 3441 4678 demissus

168 4730 363 4798 venies;
392 4750 620 4807 namque
658 4735 780 4789 alite
806 4733 995 4789 liorem
1049 4730 1229 4787 ferunt
1257 4732 1548 4801 antequam
1587 4699 1810 4784 fruc-D
1838 4712 2105 4779 terrarutii
2162 4719 2386 4777 scrobes
2416 4761 2430 4785 ,
2494 4734 2648 4791 aqua:
2697 4716 2956 4773 salutaris
3020 4717 3228 4787 irriguo
3279 4714 3439 4770 diluit

168 4812 291 4887 tum,
334 4836 593 4898 pomaque
630 4834 863 4883 ventura
918 4824 1223 4897 praenuntio
1274 4824 1355 4879 sui
1401 4823 1534 4879 ilore
1587 4823 1733 4877 desi-

170 4916 346 4979 suam:
386 4917 499 4976 haec
542 4920 657 4976 sola
687 4920 758 4976 ab
783 4918 939 4975 initio
964 4933 1118 4988 poma
1164 4917 1433 4989 germinat
1456 4931 1554 4987 pro
1584 4915 1734 4970 flori-

174 4999 294 5058 bus:
324 5006 373 5061 in
400 5009 519 5065 aliis
543 5011 642 5068 llos
663 5011 935 5069 decutitur
987 5023 1043 5067 et
1075 5010 1234 5083 poma
1289 5002 1590 5065 nascuntur
1616 5024 1631 5075 ;
1679 5008 1732 5062 in

179 5093 265 5151 bac
290 5102 438 5170 petua
463 5105 736 5173 decidunt,
762 5110 821 5161 tit
851 5108 1007 5176 poma
1037 5103 1351 5161 succedant.
1388 5103 1527 5170 Ergo
1552 5102 1734 5173 priora

178 5185 254 5241 illa
280 5196 422 5250 cas’Sa
468 5196 735 5253 fructuum
762 5240 776 5264 ,
813 5196 930 5253 vice
951 5195 1104 5253 floris
1128 5205 1410 5265 emergunt
1438 5212 1451 5249 :
1480 5192 1552 5248 ita
1600 5206 1738 5263 prae-

179 5282 278 5335 coci
317 5284 536 5355 quodam
584 5290 839 5347 nascendi
870 5307 971 5348 usu
998 5333 1011 5356 ,
1050 5307 1172 5363 quae
1225 5278 1474 5345 ordinem
1528 5296 1738 5343 natura:

178 5372 444 5446 nesciunt,
485 5382 805 5439 beneficium
855 5388 1066 5439 natura:
1095 5397 1315 5439 servare
1350 5386 1460 5437 noti
1488 5370 1735 5450 possunt.

180 5459 371 5524 Etenim
398 5484 497 5544 qua
553 5492 613 5533 se
644 5476 826 5532 me’dio
872 5476 1089 5532 trudere
1115 5476 1184 5532 de
1250 5476 1454 5532 conice
1526 5484 1738 5545 gemma

182 5565 479 5632 consuerit,
516 5580 579 5624 ea
626 5567 989 5624 minutissima
1036 5571 1262 5641 quaeque
1314 5567 1473 5638 liujus
1517 5565 1739 5636 generis

184 5652 326 5720 roma
369 5660 753 5733 prorumpunt:
783 5662 851 5719 de
888 5661 1087 5734 quibus
1128 5661 1357 5735 legimus
1394 5660 1450 5718 ui
1498 5644 1740 5716 Catilleis‘

255 5892 280 5925 ⁸
323 5885 431 5949 Lib.
459 5907 551 5969 vti,
580 5894 635 5956 in
667 5864 866 5964 Lucam
891 5934 907 5965 ,
933 5890 1000 5952 ad
1024 5907 1144 5962 cap.
1177 5908 1294 5962 xui.

1840 4814 2100 4887 quidquid
2147 4823 2229 4869 est
2277 4812 2503 4868 fetidum
2537 4854 2551 4878 ,
2596 4812 3072 4879 membrorumque
3123 4818 3434 4863 nostrorum

1842 4906 2058 4967 habitus
2086 4910 2137 4963 in
2165 4909 2441 4964 caelestem
2470 4905 2629 4976 erigit
2657 4905 3022 4973 disciplinam.

1913 5000 2004 5059 54.
2031 5003 2180 5056 lianc
2207 5004 2417 5055 vineam
2448 4996 2676 5069 diligens
2700 4997 2937 5067 agriCula
2968 4992 3153 5050 fodere
3176 5036 3190 5059 ,
3224 4988 3401 5064 rigare
3420 5038 3434 5062 ,

1841 5093 2175 5151 contendere
2200 5091 2521 5156 consuevit,
2561 5088 2972 5158 eruderatisqne
3006 5096 3235 5141 terrente
3283 5086 3443 5140 molis

1841 5187 2154 5259 aggeribus,
2180 5188 2345 5254 opera
2369 5184 2617 5253 corporis
2646 5181 2814 5236 nostri
2863 5194 3009 5236 nunc
3037 5178 3153 5234 sole
3186 5189 3393 5257 torrere
3427 5220 3440 5243 ,

1843 5295 1989 5336 nunc
2012 5278 2186 5334 imbre
2224 5274 2550 5347 perfundere
2578 5317 2594 5342 ,
2624 5274 2829 5342 stipare
2878 5287 3062 5342 agrum
3095 5270 3287 5325 solitus
3313 5311 3327 5336 ,
3376 5284 3444 5323 ne

1843 5374 2085 5430 sentibus
2110 5376 2322 5440 gcm’ma
2370 5366 2596 5422 tardatur
2617 5409 2632 5427 ,
2663 5382 2732 5420 ne
2779 5365 3017 5420 luxuriet
3065 5362 3256 5418 umbra
3286 5361 3443 5416 folio-

1844 5480 1963 5524 rum
1990 5508 2003 5533 ,
2029 5462 2429 5534 Verborumque
2476 5461 2811 5516 infructuosa
2846 5458 3104 5530 iactantia
3155 5452 3447 5510 virtutibus

1844 5558 2265 5625 obumbrando,
2332 5556 2699 5613 maturitatem
2767 5548 3029 5609 naturalis
3089 5550 3293 5606 indolis
3344 5549 3448 5604 itu-

1844 5656 2053 5731 pediat.

1937 5884 1967 5929 ιι
2003 5884 2123 5965 Lib.
2152 5898 2209 5952 ix
2246 5882 2303 5943 in
2338 5880 2499 5955 Luc.,
2529 5876 2598 5945 ad
2627 5891 2747 5952 cap.
2778 5891 2870 5935 xx.
