3920 6374
463 368 602 429 1887

1444 367 1989 427 COMMENTARIUS
2029 369 2095 427 IN
2135 369 2435 427 CANTICA
2472 368 2744 428 CANTIC.

3639 369 3782 428 1888

537 487 626 545 55.
653 485 837 562 (νει-ε.
871 484 986 560 14.)
1011 495 1037 525 ι
1075 485 1144 540 Et
1171 487 1284 542 veni
1312 528 1328 554 ,
1351 485 1547 557 inquit,
1575 485 1814 541 columba
1841 502 1974 554 mea,
2007 487 2061 541 in
2087 492 2139 551 Α
2167 487 2532 558 praemunitio.
2586 487 2823 559 Ideoque
2844 495 2902 545 et
2931 488 3057 544 huic
3095 487 3290 545 animm
3310 486 3425 545 ait:
3456 487 3527 542 Et
3552 488 3708 556 veni,
3735 497 3787 543 tu

464 581 735 654 tegimento
761 588 918 651 petrte
938 619 952 643 ,
984 582 1141 653 juxta
1168 578 1613 650 prwmunitionem
1629 595 1649 644 ;
1677 578 1778 633 hoc
1801 585 1906 645 est,
1938 578 2062 634 veni

458 673 610 745 juxta
651 674 1045 744 Evangelium:
1096 673 1499 744 propugnacula
1555 672 1677 728 fidei
1727 682 1832 728 tuae
1865 715 1881 740 ,
1914 682 2065 744 gesta

463 776 591 823 sunt
611 764 847 822 Christi:
883 767 1022 821 muri
1054 766 1129 820 tui
1174 766 1413 822 subsidia
1435 807 1452 834 ,
1495 766 1710 840 1570
1743 767 1908 823 verba
1938 774 2067 823 sunt

467 858 713 915 Domini:
744 858 925 930 passio
948 858 1217 914 Dominici
1244 859 1515 930 corporis,
1543 870 1631 914 tua
1662 861 1831 915 virtus
1860 867 1965 915 est.

537 950 629 1008 56.
687 949 912 1006 Ostende
953 952 1081 1005 mitti
1122 952 1304 1022 [aciem
1336 960 1516 1020 tuam,
1568 964 1616 1008 et
1657 953 1865 1008 insinua
1894 969 2069 1008 vocem

467 1053 646 1109 tuam;
694 1044 819 1114 quia
855 1060 954 1098 vos:
983 1054 1073 1099 tua
1105 1046 1278 1099 suavis
1307 1053 1384 1100 est
1411 1086 1426 1111 ,
1474 1056 1519 1100 et
1548 1047 1705 1112 facies
1730 1056 1819 1100 tua
1859 1045 2065 1101 decora.

468 1134 665 1192 Suavis
686 1145 772 1191 est
798 1150 900 1191 vox
927 1143 1053 1202 tua;
1076 1138 1200 1209 quia
1230 1152 1319 1191 ore
1338 1137 1397 1207 ﬁt
1425 1138 1684 1208 confessio
1715 1139 1785 1192 ad
1814 1139 2069 1195 salutem:

467 1235 523 1283 et
552 1227 747 1285 decora
777 1228 974 1294 facies;
1005 1230 1130 1299 quia
1153 1244 1277 1301 quae
1303 1245 1411 1286 non
1439 1231 1715 1288 erubescit
1742 1243 2019 1288 auctorem
2052 1273 2068 1300 ,

467 1337 575 1377 non
618 1322 966 1378 contunditur
995 1323 1362 1393 redemptore.
1412 1323 1663 1380 Ostendit
1714 1340 1845 1396 ergo
1873 1324 2071 1382 faciem

468 1430 623 1471 suam
650 1457 665 1483 ,
692 1416 1030 1486 signaculum
1063 1417 1240 1471 crucis
1268 1416 1596 1487 praeferens:
1632 1428 1687 1474 et
1716 1419 1957 1475 insinuat.
1978 1436 2074 1475 vo-

470 1526 589 1567 cem
618 1526 771 1566 suam
806 1553 821 1578 ,
861 1511 1246 1567 auctoritatem
1304 1513 1710 1584 prazdicationis
1764 1530 2074 1571 assumens.

467 1604 830 1676 Integimento
875 1605 1019 1661 enim
1065 1606 1316 1676 corporis
1345 1606 1566 1674 Christi,
1603 1622 1710 1678 quo
1760 1608 2075 1679 redemptus

471 1706 609 1755 esta
643 1707 900 1768 peccato,
948 1699 1346 1754 munimentum
1382 1699 1570 1771 gratia:
1620 1700 1883 1770 spiritalis
1927 1701 2078 1756 inve-

471 1791 678 1856 nit;ut
706 1788 967 1846 salutaria
1001 1790 1102 1845 sibi
1141 1801 1196 1846 et
1227 1791 1432 1847 sentiat
1481 1801 1535 1847 et
1574 1792 1848 1864 loquatur.
1885 1794 2077 1851 Suavis

2164 582 2399 637 columba
2418 597 2554 649 mea,
2576 583 2631 636 in
2647 582 2918 655 tegimento
2935 593 3092 656 petra:
3107 584 3260 656 juxta
3276 583 3787 656 praemunitiouem:

2167 674 2375 729 ostende
2411 674 2540 729 mihi
2577 676 2766 746 faciem
2804 686 2986 739 tuam,
3044 686 3090 730 et
3132 677 3339 731 insinua
3382 692 3566 730 vocem
3612 690 3783 731 tuam.

2169 768 2424 825 Hortatur
2453 767 2522 824 ad
2549 768 2935 825 conﬁdentiam
2965 811 2981 835 ,
3015 778 3074 824 ut
3100 784 3205 824 non
3228 770 3517 825 erubescat
3550 784 3787 826 crucem

2168 859 2389 929 Christi,
2416 875 2514 915 nec
2545 860 2663 931 ejus
2689 861 3047 930 signaculum.
3078 860 3338 917 Hortatur
3368 860 3437 917 ad
3464 860 3795 918 confessio-

2171 968 2336 1019 nem,
2370 953 2484 1007 vult
2511 966 2703 1008 omnes
2742 951 2966 1009 insidias
3000 952 3299 1017 dimoveri;
3328 962 3388 1008 ut
3429 953 3623 1009 bonus
3664 953 3791 1011 ﬁdei

2171 1045 2310 1101 odor
2339 1045 2533 1113 sitiret,
2564 1053 2624 1098 ut
2653 1044 2772 1100 dies
2809 1044 3045 1115 fulgeat,
3079 1056 3139 1101 ut
3168 1045 3415 1102 adversa:
3448 1047 3645 1102 noctis
3674 1061 3799 1102 um.

2171 1137 2267 1193 bra
2313 1152 2418 1192 non
2455 1147 2681 1203 noceat;
2724 1138 2976 1208 quoniam
3010 1139 3100 1209 qui
3122 1138 3278 1209 juxta
3325 1138 3621 1194 Christum
3668 1148 3794 1207 est,

2173 1229 2338 1286 dicit:
2410 1227 2535 1284 Nox-
2596 1231 2894 1300 prwcessit,
2947 1230 3060 1285 dies
3117 1241 3288 1285 autent
3340 1233 3798 1303 appropinquavit

2175 1321 2357 1393 (Rom.
2403 1337 2533 1375 xxtn
2560 1361 2576 1387 ,
2614 1322 2724 1393 12).
2763 1321 2859 1377 Est
2902 1330 2959 1378 et
3004 1323 3191 1377 umbra
3252 1321 3618 1378 saecularium
3677 1337 3800 1394 qua:

2175 1417 2418 1487 prteterit
2448 1458 2462 1484 ,
2493 1426 2543 1472 et
2574 1417 2695 1472 dies
2747 1416 3055 1474 caelestium
3096 1417 3341 1473 Christus
3370 1459 3387 1485 ,
3426 1417 3521 1488 qui
3586 1418 3799 1473 sanctis

2179 1510 2293 1565 suis
2323 1511 2489 1564 lucet.

2253 1604 2341 1661 60.
2377 1604 2559 1677 (Vers.
2592 1605 2704 1677 13.)
2740 1617 2763 1646 ο
2800 1606 3049 1661 Prendite
3079 1607 3222 1662 nobis
3250 1607 3426 1680 vulpes
3449 1609 3688 1677 pusillas
3709 1625 3798 1663 ex.

2183 1699 2515 1753 terminantes
2540 1700 2736 1765 vineas,
2768 1710 2820 1754 ut
2844 1700 3002 1755 vinea:
3020 1710 3211 1755 nostra:
3231 1702 3477 1771 ﬂoreant.
3502 1699 3799 1771 Scriptura

2182 1807 2306 1848 cum
2334 1793 2607 1848 hominem
2633 1792 2796 1861 dicit,
2831 1793 2922 1863 qui
2951 1802 3037 1850 est
3059 1793 3128 1848 ad
3169 1793 3465 1864 imaginem
3494 1805 3557 1849 et
3596 1793 3798 1848 simili-

471 1900 602 1956 ergo
631 1899 755 1950 vox,
782 1898 905 1954 qua:
929 1883 984 1938 in
1001 1882 1202 1940 divinis
1227 1884 1553 1941 testimoniis
1571 1886 1896 1956 loquebatur
1923 1904 1937 1941 :
1968 1886 2077 1942 De-
2108 1892 2157 1953 Β
2187 1884 2428 1940 tudinem
2460 1884 2587 1940 Dei:
2623 1895 2938 1954 peccantem
2979 1892 3159 1940 autem
3191 1900 3298 1940 non
3352 1884 3677 1952 hominem,
3706 1884 3799 1940 sed

471 1996 593 2034 cora
624 1980 803 2050 facies,
839 1995 960 2049 quae
1000 1978 1054 2034 iu
1086 1988 1383 2050 conspectu
1413 1994 1602 2052 regum
1628 1995 1739 2036 non
1778 1981 2080 2038 confunde-

479 2070 659 2127 batur.

546 2164 637 2220 57.
670 2163 698 2203 ι)
730 2163 1002 2236 Exsurge,
1037 2164 1253 2235 inquit,
1278 2166 1415 2231 veni,
1443 2167 1681 2239 proxima
1703 2183 1814 2223 mea
1827 2185 1847 2234 ;
1889 2167 1943 2223 id
1966 2176 2077 2234 est,

477 2274 713 2330 exsurge
735 2274 762 2311 a
785 2258 1244 2314 delectationibus
1270 2258 1478 2326 mundi,
1511 2274 1750 2331 exsurge
1772 2276 1800 2313 a
1827 2260 2077 2328 terrenis,

475 2364 534 2411 et
550 2355 671 2411 veni
704 2354 770 2410 ad
795 2370 904 2421 me,
938 2370 1060 2427 quae
1088 2355 1268 2412 adhuc
1315 2356 1530 2411 laboras
1563 2397 1579 2421 ,
1619 2362 1685 2412 'et
1718 2366 1945 2412 onerata
1975 2371 2034 2411 es
2065 2396 2080 2423 ,

473 2463 595 2518 quae
643 2446 878 2502 sollicita
926 2461 986 2503 es
1060 2463 1181 2519 qua:
1247 2457 1377 2504 sunt
1431 2448 1650 2505 mundi:
1727 2449 1852 2504 veni
1921 2464 2084 2519 supra

477 2539 739 2596 mundum
778 2582 792 2608 ,
826 2542 950 2597 veni
1004 2541 1073 2597 ad
1123 2557 1212 2598 me
1243 2583 1259 2607 ,
1312 2542 1437 2614 quia
1465 2558 1566 2615 ego
1622 2543 1727 2599 vici
1783 2543 2083 2599 mundum:

475 2636 600 2691 veni
635 2648 804 2706 pr0pe
828 2651 913 2692 me
935 2678 950 2703 ,
985 2635 1099 2707 jam
1149 2636 1374 2708 pulchra
1427 2644 1645 2693 aeterna:
1674 2637 1799 2692 vita:
1838 2638 2036 2693 decore
2068 2679 2083 2705 ,

472 2728 586 2801 jam
618 2728 869 2784 columba
902 2769 917 2794 ,
974 2729 1029 2785 id
1071 2739 1187 2796 est,
1232 2730 1380 2786 mitis
1424 2739 1589 2803 atque
1619 2740 1936 2799 mansueta,
1974 2731 2085 2801 jam

478 2831 589 2876 tota
649 2822 805 2892 plena
857 2824 1052 2893 gratia:
1087 2824 1543 2894 spiritalis.,Jnre
1594 2841 1725 2897 ergo
1777 2826 1889 2894 jam
1952 2825 2088 2881 retia

479 2914 671 2970 timere
696 2931 803 2970 non
837 2916 1022 2982 debet,
1051 2931 1173 2971 eum
1213 2918 1261 2972 is
1292 2927 1451 2974 vocet
1496 2918 1563 2972 ad
1596 2934 1656 2974 se
1695 2919 1927 2973 animam
1953 2959 1966 2984 ,
1996 2919 2087 2989 qui

482 3008 834 3064 tentamentis
865 3016 921 3063 et
961 3008 1168 3063 retibus
1200 3009 1388 3064 mundi
1430 3026 1537 3065 non
1569 3012 1741 3080 potuit
1780 3011 1924 3082 capi.
1956 3010 2087 3066 Nam

483 3114 606 3155 cum
638 3098 888 3154 homines
925 3099 978 3154 in
1009 3099 1190 3154 medio
1240 3100 1557 3169 laqueorum
1599 3102 1962 3168 ambulemus,
1997 3118 2092 3173 per

482 3194 855 3264 appetentiam
902 3207 1042 3249 esca:
1079 3193 1286 3249 retibus
1321 3192 1483 3248 simul
1511 3204 1566 3249 et
1613 3194 1824 3264 laqueis
1863 3196 2089 3252 obnoxii

2184 1989 2276 2033 aut
2316 1988 2629 2049 serpentem
2653 2020 2669 2046 ,
2699 1989 2792 2035 aut
2833 1995 3035 2050 equum
3067 1980 3481 2037 adhinnientem
3537 1980 3761 2036 feminis
3783 2021 3796 2045 ,

2184 2082 2278 2125 aut
2309 2070 2676 2141 vulpeculam,
2706 2080 2796 2125 aut
2821 2073 3128 2142 jumentum
3157 2087 3354 2128 vocare
3373 2072 3700 2129 consuevit.
3732 2073 3802 2128 De

2186 2177 2414 2233 quorum
2444 2179 2553 2218 uno
2582 2164 2659 2218 ait
2693 2164 2982 2218 Dominus:
3037 2163 3149 2230 Ite,
3174 2165 3329 2218 dicite
3350 2164 3495 2236 vulpi
3526 2164 3617 2219 illi
3648 2163 3795 2238 (Luc.

2187 2268 2303 2319 χιιι,
2327 2253 2420 2323 5'2)
2444 2295 2460 2321 ,
2501 2255 2603 2309 hoc
2629 2262 2733 2321 est,
2761 2254 2829 2309 de
2856 2254 3096 2310 Herode.
3129 2255 3197 2310 Et
3243 2254 3376 2311 alibi
3402 2270 3533 2311 cum
3559 2270 3627 2310 se
3654 2256 3801 2311 frau-

2186 2345 2439 2401 dulenter
2470 2346 2791 2419 interrogari
2813 2346 3162 2414 adverteret,
3191 2346 3367 2403 dixit:
3398 2346 3609 2419 Vulpes
3632 2350 3798 2419 foveas

2188 2440 2395 2507 habent,
2428 2450 2475 2494 et
2500 2442 2733 2495 volucres
2757 2441 2873 2496 caeli
2896 2441 3065 2504 nidos,
3095 2440 3181 2495 ubi
3201 2441 3532 2512 requiescant
3579 2438 3796 2514 (Matth.

2188 2549 2303 2601 vut,
2345 2534 2479 2607 20);
2512 2549 2580 2590 eo
2617 2534 2761 2606 quod
2813 2534 3188 2590 fraudulenter
3226 2534 3278 2589 in
3311 2535 3666 2591 terrestrium
3690 2549 3798 2607 pas-

2189 2629 2403 2684 sionum
2432 2630 2753 2699 quibusdam
2784 2628 3023 2684 latibulis
3053 2628 3428 2685 demorentur.

2265 2721 2354 2778 61.
2390 2721 2542 2778 Unde
2572 2723 2733 2778 etiam
2760 2722 2989 2779 Samson
3023 2723 3179 2778 binas
3204 2722 3400 2793 vulpes
3426 2722 3543 2779 sibi
3565 2722 3753 2779 nexuit
3776 2763 3789 2786 ,

2192 2813 2258 2869 ad
2284 2832 2512 2886 quarum
2538 2816 2739 2871 caudas
2780 2817 3019 2887 alligavit
3049 2816 3198 2874 faces
3216 2858 3232 2884 ,
3262 2825 3318 2873 et
3343 2816 3559 2873 dimisit
3585 2831 3682 2873 eas
3710 2830 3795 2887 per

2192 2923 2400 2964 messes
2431 2908 2840 2982 Allaphylorum
2881 2907 3081 2982 (Judic.
3118 2911 3215 2979 xv)
3240 2926 3254 2963 :
3280 2924 3377 2980 per
3401 2910 3551 2966 hanc
3575 2910 3789 2980 figuram

2193 3005 2509 3075 siguilicans
2535 3004 2678 3074 quod
2710 3004 2939 3077 improbi
2985 3019 3049 3060 ac
3079 3003 3408 3061 fraudulenti
3438 3005 3715 3071 homines,
3745 3010 3794 3057 et

2195 3097 2433 3152 maxime
2483 3096 2762 3162 haeretici,
2809 3097 3033 3153 liberam
3067 3097 3307 3169 linguam
3359 3096 3604 3153 habeant
3630 3097 3697 3151 ad
3725 3095 3790 3149 la-

2199 3191 2491 3245 trandum:
2524 3190 2621 3245 sed
2670 3191 2850 3247 exitus
2897 3190 3188 3261 impeditos
3214 3232 3229 3258 ,
3261 3201 3351 3245 aut
3384 3190 3629 3262 litigiosa
3652 3189 3791 3260 prin—

481 3302 690 3341 sumus.
709 3285 804 3342 llle
828 3286 879 3340 in
903 3300 1137 3356 corpore
1160 3287 1372 3356 positus
1400 3287 1535 3342 retia
1570 3302 1677 3342 non
1706 3288 1957 3353 timebat,
1991 3288 2085 3343 sed
2115 3282 2160 3346 C
2193 3284 2356 3353 cipia,
2391 3283 2552 3340 linem
2591 3300 2721 3339 vero
2749 3283 2956 3339 fraudis
2994 3299 3107 3341 sum
3152 3283 3405 3340 incendio
3454 3283 3786 3353 deputatum.

484 3379 762 3434 eminebat
803 3395 968 3448 super
1012 3380 1153 3435 retia
1187 3421 1201 3447 ,
1254 3380 1306 3435 id
1348 3389 1431 3435 est
1464 3422 1479 3446 ,
1533 3396 1695 3451 supra
1758 3389 2090 3437 tentamenta

485 3471 672 3526 mundi
696 3480 752 3526 et
780 3471 1029 3541 corporis
1061 3472 1379 3542 passiones;
1415 3471 1581 3528 immo
1604 3487 1659 3529 et
1680 3473 1818 3529 alios
1845 3474 2090 3532 eminere

490 3562 738 3618 faciebat.

557 3658 647 3714 58.
679 3657 943 3729 Exsurge,
968 3659 1111 3728 veni,
1138 3660 1382 3729 proxima
1405 3674 1548 3729 mea,
1579 3660 1690 3716 noli
1719 3661 1908 3718 timere
1931 3663 2087 3727 retia,

475 3755 591 3826 jam
631 3755 893 3826 praeteriit
943 3755 1141 3813 hiems.
1175 3754 1334 3813 Venit
1384 3758 1602 3827 pascha,
1630 3758 1777 3814 venit
1804 3759 2092 3831 indulgeu-

483 3849 579 3916 tia,
610 3850 762 3906 venit
783 3849 1034 3906 remissio
1057 3853 1682 3921 peecatorum,cessavit
1712 3853 2088 3921 tentatio,im-

485 3942 584 3999 her
604 3943 754 4010 abiit,
788 3943 1026 4012 procella
1048 3945 1181 4000 abiit
1202 3954 1257 4001 et
1287 3946 1583 4017 quassatio.
1623 3948 1767 4003 Ante
1796 3947 2087 4003 adventum

484 4036 689 4094 Christi
764 4036 941 4092 hiems
1034 4048 1154 4093 erat
1205 4080 1220 4103 ,
1307 4048 1432 4106 post
1510 4040 1807 4097 adventum
1883 4040 2088 4097 Christi

484 4128 649 4184 liores
690 4138 857 4193 sunt,
906 4130 1050 4185 unde
1097 4132 1208 4186 ait:
1270 4129 1457 4187 Flores
1499 4133 1594 4186 visi
1626 4142 1747 4187 sunt
1812 4134 1868 4187 in
1930 4143 2088 4189 terra.

488 4219 591 4276 Uhi
618 4227 745 4275 ante
774 4220 966 4288 spinae,
997 4220 1070 4277 ibi
1119 4235 1263 4275 nunc
1283 4220 1479 4286 ﬂores;
1512 4222 1754 4295 Tempus,
1787 4224 1983 4294 inquit,
2011 4242 2086 4281 se.

487 4312 642 4367 candi
664 4312 892 4367 advenit.
942 4312 1040 4368 Ubi
1075 4322 1201 4368 ante
1246 4313 1523 4369 desertum
1554 4354 1571 4379 ,
1618 4314 1693 4369 ibi
1736 4318 1933 4372 messis
1984 4326 2089 4372 est.

498 4407 610 4464 Vos;
637 4408 854 4463 turturis
875 4408 1056 4464 audita
1084 4419 1156 4464 est
1186 4410 1399 4463 interra
1442 4419 1654 4465 nostra:
1702 4410 1843 4465 bene
1882 4410 2094 4467 addidit

488 4502 750 4574 propheta
774 4512 973 4567 nostra,
998 4502 1155 4573 quasi
1201 4502 1509 4566 admirans,
1534 4502 1679 4573 quod
1720 4502 1807 4559 ubi
1838 4514 1964 4559 ante
1992 4503 2095 4559 im-

487 4596 781 4667 pudicitia,
811 4597 883 4651 ibi
929 4597 1176 4652 castitas.
1229 4595 1392 4651 Ficus
1431 4597 1646 4668 protulit
1700 4614 1907 4667 grossos
1947 4613 2090 4652 suos.

2194 3374 2430 3448 Ideoque
2457 3387 2510 3433 et
2534 3385 2805 3433 trecentas
2833 3379 3027 3448 vulpes
3048 3378 3287 3446 dimisit,
3318 3393 3386 3434 eo
3431 3378 3584 3449 quod
3614 3373 3789 3449 perfidi

2194 3474 2374 3529 crucis
2405 3473 2622 3545 quidem
2661 3474 3048 3544 prmdicatione
3077 3490 3139 3531 se
3170 3472 3564 3530 commendare
3589 3470 3785 3529 deside-

2196 3576 2355 3621 rant:
2387 3567 2480 3622 sed
2513 3569 2829 3639 mysteriqu
2858 3568 2978 3639 ejus
3006 3578 3197 3625 tenere
3236 3584 3343 3624 non
3387 3576 3622 3640 possunt
3646 3608 3659 3631 ,
3704 3580 3788 3637 qut

2198 3657 2298 3712 hac
2327 3659 2535 3732 1571
2557 3659 2945 3730 praedicatione
2973 3661 3275 3732 composita
3300 3702 3316 3729 ,
3367 3670 3424 3716 et
3460 3661 3600 3717 falsa
3638 3668 3788 3729 atque

2196 3752 2446 3808 simulata
2478 3797 2493 3820 ,
2542 3770 2698 3811 urere
2756 3755 2929 3827 magis
2976 3755 3185 3812 fructus
3232 3764 3506 3813 conantur
3548 3755 3782 3818 alienos:

2197 3863 2318 3904 eum
2345 3848 2528 3919 utique
2556 3865 2683 3906 vera
2709 3866 2840 3906 crux
2870 3851 3084 3908 Domini
3122 3867 3230 3908 nou
3261 3861 3457 3910 exurat
3481 3852 3657 3909 aliena
3686 3862 3784 3903 me-

2197 3941 2323 4006 rita,
2348 3943 2442 4007 sed
2472 3941 2743 3998 fecundet.

2192 4090 2197 4093 _
2270 4034 2360 4090 6'2.
2390 4034 2689 4107 Meritoque
2732 4036 2998 4107 scriptum
3022 4045 3108 4093 est
3131 4055 3146 4093 :
3172 4036 3424 4093 Prendite
3452 4037 3599 4092 nobis
3624 4033 3783 4104 vulpes

2199 4126 2438 4196 pusillas,
2455 4127 2849 4184 exterminantes
2869 4130 3062 4193 vineas,
3085 4138 3142 4183 ut
3164 4129 3327 4184 vinea:
3349 4139 3545 4184 nostra:
3556 4129 3779 4199 ﬂoreant.

2198 4217 2317 4286 Quo
2338 4220 2641 4276 ostenditur
2662 4221 2803 4292 quod
2828 4222 2911 4277 vel
2957 4222 3215 4277 Dominus
3252 4222 3416 4279 Jcsus
3443 4222 3532 4278 vel
3557 4217 3779 4277 Ecclesia

2199 4308 2672 4369 fraudulentorum
2728 4313 2887 4370 dolos
2949 4315 3124 4371 vineis
3171 4316 3286 4370 suis
3353 4309 3779 4372 exterminandas

2197 4417 2319 4459 esse
2350 4405 2660 4476 prmcipiat;
2716 4422 2783 4462 nc
2815 4406 3086 4476 pusillulis
3135 4407 3311 4464 vineis
3353 4417 3626 4474 noceant,
3671 4402 3777 4475 quia

2200 4497 2398 4554 adultis
2433 4500 2547 4569 jam
2587 4500 2787 4556 vitibus
2836 4516 3035 4558 nocere
3074 4517 3181 4557 non
3214 4510 3465 4573 possunt.
3506 4498 3777 4558 [hereticos

2202 4596 2346 4649 enim
2385 4594 2759 4666 imperfectum
2812 4603 3023 4653 tentare
3052 4604 3264 4669 potest,
3311 4611 3419 4652 non
3460 4600 3638 4668 potest
3664 4603 3777 4661 sup-

487 4690 619 4759 Quze
657 4690 811 4761 quasi
833 4689 1165 4746 infructuosa
1189 4689 1481 4760 jubebatur
1501 4689 1748 4746 abscindi
1769 4733 1783 4758 ,
1816 4691 1931 4747 haec
1952 4690 2096 4747 fruc-
2122 4684 2176 4746 D
2203 4687 2451 4761 plantare
2471 4690 2797 4761 perlectum.

483 4790 571 4837 tus
594 4780 794 4837 afierre
821 4780 932 4850 jam
962 4780 1148 4852 cmpit.
1181 4780 1287 4837 Sed
1328 4781 1459 4853 quid
1491 4782 1709 4838 dubitas
1737 4825 1751 4850 ,
1783 4785 1908 4855 quia
1931 4799 2087 4855 gros-

484 4888 579 4929 sos
608 4872 786 4928 dixit?
815 4872 1032 4929 Priores
1061 4873 1289 4929 discutit
1316 4915 1332 4939 ,
1366 4882 1424 4928 ut
1456 4875 1791 4944 posteriores
1834 4875 2090 4931 meliores

485 4966 711 5023 afferat:
747 4966 890 5023 sicut
916 4966 1216 5039 Synagogze
1249 4965 1456 5035 fructus
1489 4967 1764 5037 abjicitur,
1799 4978 2094 5024 renovatur

487 5071 669 5115 autem
701 5059 984 5117 Ecclesiae.
1742 5097 1764 5106 ε-
1850 5091 1898 5121 πρ

557 5151 647 5209 59.
684 5152 753 5207 Ει
776 5152 1027 5224 quamvis
1050 5151 1207 5224 plena
1234 5152 1603 5224 tranquillitas
1631 5155 1723 5220 sit,
1757 5163 1814 5211 et
1837 5155 2095 5211 adoleve-

486 5244 595 5300 rint
618 5244 902 5315 mysteria,
928 5245 1125 5300 iterum
1152 5256 1341 5325 tamen,
1372 5246 1540 5301 dicit:
1572 5246 1816 5319 Exsurge
1837 5265 2015 5304 secura
2038 5251 2092 5304 in

488 5338 766 5410 tegimento
787 5348 967 5410 μείνω,
1003 5337 1056 5394 id
1087 5347 1191 5402 est,
1220 5347 1334 5395 tuta
1367 5338 1625 5410 prtesidio
1657 5341 1930 5412 passionis
1958 5358 2095 5398 meae

488 5442 542 5489 et
564 5434 694 5490 fidei
722 5436 1084 5492 munimento.
1128 5437 1406 5494 Suxerunt
1447 5437 1591 5493 enim
1628 5437 1736 5493 mel
1763 5436 1832 5495 de
1857 5447 2008 5508 petra
2041 5447 2096 5493 et

488 5524 668 5582 oleum
700 5526 769 5583 de
797 5528 949 5583 firma
978 5537 1152 5599 petra.
1193 5529 1307 5585 lloc
1330 5531 1689 5605 integimento
1733 5530 1928 5585 anima:
1976 5529 2092 5601 pio-

490 5631 609 5675 rum
642 5619 880 5689 indutte,
909 5623 1022 5694 jam
1056 5622 1219 5678 nuda:
1262 5637 1371 5680 non
1411 5631 1584 5692 sunt,
1609 5633 1664 5681 et
1687 5625 1804 5681 haec
1845 5623 1956 5680 illis
2009 5631 2095 5681 est

564 5740 592 5801 ξι
618 5731 676 5785 1η
698 5732 837 5801 psal.
869 5747 1038 5788 cxvm
1069 5748 1238 5789 serm.
1266 5733 1322 5800 6,
1353 5750 1503 5790 num.
1527 5735 1619 5792 35.

560 5800 590 5839 ι)
614 5800 739 5875 _Lib.
763 5802 832 5875 d_e
862 5803 1033 5871 Isaac.
1064 5818 1187 5871 cap.
1220 5804 1276 5869 4,
1299 5819 1448 5860 num.
1496 5807 1567 5861 54
1596 5814 1652 5875 et
1681 5820 1797 5875 seq.

568 5881 587 5907 ε
614 5868 671 5926 ln
698 5872 834 5941 psal.
868 5868 1031 5927 exvut
1061 5868 1227 5929 scim:
1262 5868 1353 5940 ll,
1384 5886 1536 5930 num.
1557 5874 1647 5930 29'.

2269 4783 2357 4839 65.
2390 4782 2575 4853 (Vers.
2607 4782 2721 4856 16.)
2740 4783 2767 4821 (ί
2794 4781 2983 4839 Frater
3011 4800 3152 4840 meus
3183 4785 3330 4852 mihi,
3350 4793 3399 4840 et
3428 4800 3524 4857 ego
3554 4783 3648 4839 illi.
3675 4778 3773 4833 Vox

2199 4876 2299 4932 ista
2329 4884 2412 4930 est
2441 4874 2696 4947 virginis;
2747 4890 2870 4932 nam
2922 4875 3327 4932 immaculatum
3358 4891 3564 4947 corpus
3589 4890 3616 4929 a
3646 4864 3773 4926 virili

2199 4968 2563 5039 permixtione
2592 4982 2834 5036 servare,
2857 4978 2913 5024 et
2938 4968 3173 5039 palmam
3204 4968 3542 5025 castimoniae
3566 5010 3582 5035 ,
3602 4966 3773 5021 limoso

2197 5063 2251 5119 in
2282 5061 2511 5133 corpore
2565 5078 2737 5134 usque
2787 5062 2857 5119 ad
2904 5063 3219 5133 angelorum
3275 5061 3766 5119 conversationem.

2196 5156 2447 5214 cusmdia
2487 5154 2817 5226 integritatis
2846 5155 3083 5212 evehere
3110 5197 3125 5221 ,
3154 5155 3361 5211 utilitas
3399 5155 3606 5225 privata
3630 5193 3645 5216 .
3670 5148 3770 5203 laus

2198 5261 2281 5305 est
2315 5249 2548 5319 publica.
2582 5247 2755 5317 Quam
2801 5264 2958 5304 rarus
3010 5248 3064 5302 in
3114 5248 3279 5304 terris
3309 5289 3325 5313 ,
3355 5247 3444 5319 qui
3489 5246 3591 5302 hoc
3618 5243 3769 5314 potest

2199 5343 2387 5400 dicere
2415 5386 2429 5410 ,
2453 5358 2616 5415 quam
2648 5343 2861 5399 alienus
2889 5359 2918 5399 a
2949 5342 3095 5398 vitiis
3128 5384 3144 5409 ,
3191 5358 3352 5414 quam
3393 5348 3697 5413 segregatus
3714 5328 3769 5383 ab

2197 5437 2345 5492 omni
2378 5437 2498 5493 labe
2550 5438 2757 5507 peccati
2794 5479 2808 5502 ,
2857 5436 2949 5507 qui
3008 5435 3141 5491 nihil
3182 5435 3383 5491 habeat
3431 5449 3556 5491 cum
3592 5422 3764 5486 saeculo

2196 5543 2509 5596 commune,
2542 5529 2763 5585 dicens:
2806 5528 3035 5586 Dilectus
3074 5545 3220 5584 meus
3251 5528 3377 5583 mihi
3404 5537 3456 5583 et
3499 5542 3588 5599 ego
3611 5519 3696 5584 illi,
3720 5515 3764 5568 in

2195 5625 2364 5681 medio
2396 5624 2613 5681 uberum
2655 5641 2888 5681 meorum
2915 5623 3336 5682 commorabitur.
3367 5631 3391 5660 ε
3425 5621 3636 5680 Scilicet
3653 5606 3761 5670 nihil

2273 5736 2301 5776 ἀ
2328 5737 2387 5793 In
2415 5738 2550 5809 psal.
2581 5754 2745 5796 cxvut
2771 5754 2937 5797 serm.
2964 5739 3053 5796 16.

2276 5819 2299 5846 ·
2332 5809 2388 5866 1η
2416 5811 2551 5880 psal.
2580 5826 2741 5868 cxvm
2761 5825 2926 5869 serm.
2958 5810 3014 5879 8,
3044 5826 3194 5872 num.
3228 5814 3265 5871 3
3290 5824 3345 5871 et
3369 5827 3482 5884 seq;
