3920 6306
87 191 233 250 1889

1071 204 1113 261 Ε
1153 206 1460 267 SCRIPTIS
1489 209 1546 267 S.
1592 207 1915 269 AMBROSII
1955 209 2376 274 COLLECTUS.

3260 229 3401 290 £890

85 307 281 361 mundi
307 308 474 380 hujus
516 310 618 367 sibi
648 311 921 383 vindicet,
958 318 1045 373 cui
1085 336 1192 376 non
1225 323 1296 377 sit
1334 326 1698 396 corporaiium
1729 342 1776 402 Α
1807 330 2138 383 consortium
2160 331 2456 400 vindicare,
2483 331 2802 405 iuqtto'nihil
2825 351 2979 394 suum
3005 339 3231 398 invenit.
3248 342 3406 400 Ideo-

85 403 375 470 possessio
403 404 750 475 cupiditatum
780 451 795 477 ,
828 426 986 482 quem
1031 429 1137 470 non
1181 417 1479 475 inﬂammet
1508 422 1691 489 libido,

85 508 196 547 non
225 495 481 552 stimulet
523 500 745 555 avaritia
777 543 793 570 ,
845 518 953 560 non
983 505 1216 570 lascivia
1250 509 1562 579 effeminet,
1587 531 1695 570 non

84 585 300 641 luxuria
324 587 607 647 decoloret
631 633 645 656 ,
679 610 786 649 non
830 606 1040 654 sternat
1075 601 1303 658 ambitio
1329 647 1342 672 ,
1375 621 1480 661 non
1512 623 1695 664 mace-

84 677 424 748 retinvidia,
454 696 556 738 non
589 684 768 756 aliqua
800 691 1142 761 negotiorum
1182 698 1525 755 saecularium
1564 717 1694 757 cura

86 769 387 827 sollicitet:
411 789 572 830 verus
591 777 839 835 minister
859 782 1067 848 altaris,
1097 785 1206 841 Deo
1229 798 1406 856 natus,
1428 808 1533 848 non
1556 795 1690 862 sibi;

85 861 212 918 Levi
254 865 433 934 enim,
461 877 516 922 ut
567 869 730 926 habet
769 871 1151 946 interpretatio
1179 921 1193 944 ,
1237 882 1540 953 signiﬁcat:
1576 861 1694 956 Ipse

85 956 215 1012 mihi
247 970 596 1032 assumptus;
627 965 924 1035 signiﬁcat:
957 971 1023 1025 Et
1045 971 1162 1043 ipse
1188 990 1383 1044 meus;
1424 981 1696 1051 significat

85 1061 137 1102 et
156 1058 367 1106 tantum
393 1069 408 1106 :
431 1054 750 1126 Assumptus
769 1076 784 1124 ;
801 1061 1068 1131 signiﬁcat
1094 1083 1106 1118 :
1131 1067 1515 1141 Etassumptus
1536 1075 1689 1131 mihi.

153 1142 243 1198 ﬁt.
279 1143 408 1214 Ipse
438 1145 577 1202 idem
605 1190 618 1213 ,
650 1161 703 1204 et
727 1152 860 1206 mihi
901 1153 1031 1211 Levi
1054 1169 1106 1213 et
1140 1159 1254 1216 Deo
1276 1171 1376 1218 est.
1405 1164 1692 1232 Quomodo

87 1238 224 1294 idem
254 1248 310 1294 et
337 1242 474 1296 mihi
503 1244 755 1301 sacerdos
783 1257 839 1303 et
865 1248 978 1306 Deo
1005 1261 1110 1308 est.
1146 1255 1210 1309 Et
1237 1258 1370 1312 mihi
1401 1259 1692 1318 advocatus

87 1344 135 1389 et
165 1335 391 1390 Domini
441 1337 762 1409 deprecator
805 1355 916 1400 est:
970 1363 1067 1414 pro
1102 1366 1188 1406 me
1213 1352 1448 1410 offerens
1486 1359 1694 1412 sacriﬁ-

87 1432 250 1495 cium,
281 1437 341 1485 et
380 1430 522 1486 idem
569 1450 628 1490 se
658 1435 893 1494 oﬂ‘erens
919 1441 1171 1501 Domino.
1207 1447 1448 1520 Denique
1486 1463 1538 1507 et
1563 1454 1691 1510 alibi

89 1518 208 1575 Leti
237 1520 695 1593 interpretatione
715 1529 935 1600 dicitur,
975 1533 1081 1590 Pro
1102 1554 1211 1604 me;
1237 1518 1438 1596 etenim
1467 1545 1512 1598 si
1543 1561 1570 1598 a
1603 1561 1692 1603 me

89 1613 400 1671 nominetur
422 1617 581 1684 Levi,
611 1621 740 1677 Levi
771 1640 868 1694 pro
897 1643 985 1683 me
1015 1641 1130 1686 est:
1163 1634 1205 1687 si
1228 1651 1322 1704 pro
1350 1652 1436 1692 me
1473 1638 1687 1708 offerat,

89 1722 179 1777 pro
207 1725 295 1764 me
322 1721 448 1766 est:
481 1714 524 1768 si
555 1730 655 1786 pro
687 1734 773 1774 me
821 1721 1141 1781 interveniat
1169 1769 1184 1794 ,
1213 1745 1309 1797 pro
1354 1747 1440 1788 me
1467 1742 1578 1789 est:
1605 1737 1686 1791 sin

89 1813 258 1860 autem
285 1820 520 1863 vocetur
548 1827 575 1864 a
601 1812 857 1884 Domino,
891 1819 1005 1888 ipse
1034 1822 1166 1878 mihi
1191 1825 1418 1882 dicitur:
1456 1829 1558 1886 hoc
1583 1841 1686 1902 est,

91 1911 186 1950 non
208 1898 298 1952 alii
325 1899 672 1970 tributarius,
700 1923 806 1964 non
835 1910 1161 1971 decimarius
1189 1959 1203 1983 ,
1235 1935 1341 1974 non
1383 1921 1450 1977 de
1473 1939 1691 1993 posses-

92 1989 233 2044 sione
262 1993 579 2050 muniﬁcus.
607 1996 726 2068 Ipse
750 2001 881 2057 mihi
905 2045 918 2066 ,
952 2005 1053 2062 hoc
1082 2019 1185 2078 est,
1218 2019 1486 2082 tamquam
1512 2017 1686 2073 abun-

91 2085 216 2141 dans
246 2102 344 2157 pro
374 2092 495 2145 suis
525 2095 799 2151 omnibus.
828 2097 945 2154 Non
978 2102 1046 2157 ab
1079 2103 1180 2161 hoc
1213 2106 1454 2166 decimas
1477 2130 1686 2183 quiero,

95 2195 190 2234 non
217 2180 430 2240 fructus
456 2226 470 2250 ,
501 2201 611 2242 non
641 2187 780 2245 dona
809 2230 823 2257 ,
858 2208 961 2248 non
996 2213 1252 2266 munera;
1284 2202 1399 2272 ipse
1430 2206 1562 2260 mihi
1594 2224 1690 2277 pro

94 2287 306 2332 munere
333 2286 442 2345 est,
476 2279 600 2350 ipse
628 2293 714 2339 est
737 2299 836 2354 pro
869 2288 1092 2344 tributo.
1118 2290 1234 2346 Non
1268 2297 1319 2349 in
1345 2302 1691 2366 possessione

96 2384 181 2424 sua
210 2373 506 2430 muniﬁcus
535 2377 666 2432 mihi
699 2420 713 2446 ,
763 2380 860 2436 sed
903 2382 1020 2452 ipse
1059 2387 1186 2442 mihi
1232 2395 1524 2461 possessio,
1576 2397 1690 2467 ipse

95 2477 234 2517 meus
261 2463 515 2535 fructus,
550 2469 666 2540 ipse
711 2488 865 2528 meus
894 2491 1110 2534 sensus.
1160 2480 1484 2555 Assumptus
1521 2503 1549 2541 a
1579 2506 1687 2556 me,

98 2556 169 2609 vel
197 2569 516 2630 assumptus
546 2563 678 2618 mihi
706 2607 720 2630 ,
747 2581 852 2622 non
887 2578 1062 2638 potest
1088 2571 1192 2629 hoc
1219 2575 1336 2632 sine
1367 2578 1546 2636 divina
1570 2599 1691 2640 esse

95 2654 269 2717 gratia.
305 2653 469 2708 Sicut
498 2656 641 2712 enim
689 2663 964 2729 possessio
993 2681 1098 2719 non
1134 2680 1314 2736 potest
1368 2689 1486 2729 mea
1526 2690 1646 2733 esse
1670 2719 1685 2742 ,

99 2744 188 2799 nisi
217 2761 398 2804 emero
426 2764 589 2806 eam:
619 2752 698 2808 sic
726 2768 832 2809 non
861 2767 1041 2825 potest
1065 2774 1185 2815 esse
1211 2763 1358 2829 Levi,
1394 2767 1496 2822 nisi
1528 2768 1692 2826 fuerit

100 2854 388 2914 assumptus
418 2861 460 2900 ει
489 2846 720 2903 Domino
744 2892 758 2915 ,
802 2866 922 2907 cum
950 2855 1092 2908 enim
1137 2871 1447 2929 assumptus
1488 2863 1646 2920 fuerit
1674 2909 1688 2933 ,

101 2946 231 2991 recte
256 2937 420 2994 dicitu
435 2955 487 3005 ι’,
513 2941 628 3010 ipse
657 2958 830 3000 meus.
859 2946 1100 3018 Denique
1132 2965 1254 3006 cum
1285 2953 1454 3026 Moysi
1484 2957 1689 3014 dictum

101 3038 247 3094 esset,
281 3041 335 3084 ut
363 3033 576 3102 populo
601 3033 910 3092 Judacorum
945 3055 1042 3108 per
1066 3042 1240 3098 tribus
1271 3045 1510 3116 singulas
1557 3050 1694 3106 divi-

103 3118 554 3189 dcretincolatus,
578 3127 997 3188 etdistribueret
1023 3136 1247 3206 singulis
1281 3141 1527 3195 tribubus
1560 3158 1688 3213 por-
1717 3171 1761 3235 Ο

104 3217 320 3276 tionem:
352 3223 569 3279 tribum
602 3225 897 3284 Leviticam
913 3235 1132 3304 excepit
1154 3234 1297 3290 Deus
1329 3237 1516 3294 dicens
1562 3241 1691 3297 ﬁliis

105 3309 246 3368 Levi:
282 3315 400 3372 Non
424 3319 536 3372 erit
557 3321 604 3373 ei
624 3325 828 3392 portio,
851 3341 1012 3396 neque
1049 3345 1161 3384 sors
1186 3332 1237 3384 in
1275 3335 1442 3388 medio
1469 3336 1692 3403 fratrum

110 3419 330 3476 suorum;
383 3413 511 3483 quia
540 3412 796 3472 Dominus
825 3417 968 3472 Deus
1015 3438 1136 3490 pars
1186 3441 1362 3478 eorum
1411 3438 1485 3482 est
1512 3430 1688 3498 (Deut.

114 3513 158 3564 κ,
187 3499 266 3570 9):
296 3515 349 3560 et
399 3506 536 3562 alibi
568 3525 581 3562 :
617 3507 727 3580 Ego
778 3510 1031 3568 Dominus
1075 3519 1243 3587 portio
1299 3536 1472 3576 eorum
1497 3522 1688 3594 (Nunt.

113 3605 244 3661 xvut,
267 3598 382 3669 20).

174 3686 256 3744 65.
287 3691 528 3765 Negatur
575 3696 659 3752 his
686 3707 900 3758 terrena
933 3704 1128 3762 divisio
1155 3750 1168 3773 ,
1217 3718 1274 3764 ut
1301 3709 1399 3779 ipsi
1427 3712 1554 3767 dum
1589 3731 1693 3771 sac-

115 3781 330 3841 cularem
356 3789 458 3845 sibi
487 3805 593 3845 non
641 3793 920 3851 vindicant
948 3800 1252 3868 portionem
1279 3845 1293 3867 ,
1329 3805 1461 3860 ﬁant
1491 3809 1694 3864 cccles-

115 3874 174 3930 lis
198 3886 494 3948 possessio:
524 3887 603 3941 vel
629 3888 732 3946 hoc
754 3893 931 3947 solum
965 3897 1215 3952 noverint
1243 3899 1546 3968 possidere,
1589 3902 1690 3958 hoc

115 3977 206 4035 est,
246 3971 363 4030 ﬁdei
391 3988 445 4033 et
491 3978 794 4039 devotionis
835 3986 1196 4058 obsequium,
1246 3992 1419 4046 multo
1467 3995 1691 4051 ditiores

117 4073 256 4129 quam
285 4071 370 4137 qui
402 4075 812 4141 possessionum
840 4095 1058 4137 suarum
1087 4086 1259 4153 spatia
1287 4087 1461 4157 ampla
1490 4089 1690 4144 diﬁ‘uu-

118 4151 250 4211 dunt.
290 4162 696 4229 Quantumlibet
744 4173 887 4228 enim
936 4174 1072 4232 ﬁnes
1114 4151 1246 4233 suos
1275 4151 1601 4250 extendant,
1637 4197 1691 4240 et

120 4251 244 4302 terra
267 4251 466 4322 deﬁcit,
497 4269 552 4314 et
573 4275 723 4317 mare
751 4263 979 4320 includit
1003 4268 1221 4326 insanas
1259 4275 1605 4345 cupiditates,
1637 4289 1692 4334 et

119 4341 334 4402 pendunt
364 4350 562 4406 tributa
586 4354 789 4424 majora
824 4373 984 4429 quam
1017 4360 1225 4419 fructus
1271 4341 1419 4422 sunt.
1463 4370 1532 4424 At
1559 4341 1690 4426 vero

119 4430 208 4489 iste
232 4439 354 4496 nihil
384 4447 690 4515 possidens,
715 4451 850 4506 nulli
881 4453 985 4508 nisi
1011 4455 1117 4511 Deo
1140 4458 1356 4523 militat,
1391 4478 1551 4533 supra
1583 4475 1691 4520 ter-

120 4539 218 4584 ram
262 4535 376 4603 ejus
399 4550 482 4594 est
520 4543 696 4612 portio
730 4587 744 4613 ,
804 4562 911 4603 non
937 4564 1058 4604 cum
1112 4561 1252 4608 terra
1308 4555 1526 4624 deﬁcit,
1582 4575 1687 4615 non
1715 4573 1768 4634 D

120 4627 237 4682 mari
280 4631 560 4692 clauditur.
611 4639 777 4710 Cujus
805 4645 984 4713 portio
1034 4648 1171 4704 Deus
1199 4659 1324 4719 est,
1357 4655 1523 4708 totius
1557 4670 1686 4725 pos-

121 4729 282 4778 sessor
309 4739 388 4785 est
429 4741 656 4792 naturae.
712 4735 818 4793 Pro
862 4741 1008 4811 agris
1041 4743 1204 4813 igitur
1233 4745 1352 4815 ipse
1404 4748 1505 4802 sibi
1558 4751 1689 4806 satis

120 4822 207 4874 est,
224 4813 418 4878 habens
435 4825 632 4883 bonum
657 4828 913 4899 fructum,
941 4835 1030 4905 qui
1049 4813 1344 4907 numquam
1368 4842 1539 4910 possit
1561 4858 1690 4913 per-

123 4902 206 4962 ire.
252 4913 352 4972 Pro
373 4919 622 4980 domibus
651 4927 783 4983 satis
805 4939 889 4984 est
917 4902 1039 4998 sibi,
1077 4941 1134 4986 ut
1164 4933 1233 4988 sit
1279 4932 1545 4992 habitatio
1587 4939 1690 4993 Do-

125 5002 255 5072 mini,
287 5018 338 5064 et
355 5017 607 5086 templum
643 5019 733 5076 Dei
760 5064 774 5087 ,
805 5039 912 5092 quo
939 5024 1068 5081 nihil
1097 5036 1277 5097 potest
1314 5045 1437 5086 esse
1485 5035 1686 5100 pretio-

125 5092 238 5194 sius.
279 5101 413 5170 Quid
457 5112 598 5168 enim
663 5116 956 5185 pretiosius
1009 5092 1153 5175 Deo?
1210 5122 1319 5177 Aut
1368 5092 1496 5194 quid
1537 5126 1689 5182 deest

127 5183 234 5246 huic
253 5196 361 5254 viro
385 5204 471 5272 qui
504 5183 678 5276 potest
703 5209 885 5266 dicere
910 5230 923 5266 :
958 5211 1082 5268 Non
1113 5217 1376 5288 contingat
1418 5220 1544 5272 mihi
1569 5221 1685 5292 glo-

125 5283 236 5341 riari
263 5293 355 5348 nisi
384 5298 438 5352 in
480 5317 632 5356 cruce
675 5303 889 5361 Domini
933 5310 1098 5363 nostri
1140 5309 1267 5365 Jesu
1312 5309 1547 5379 Christi,
1601 5333 1691 5385 per

127 5388 255 5442 ‘luem
294 5389 414 5444 mihi
459 5396 679 5451 mundus
736 5398 1017 5468 cruciﬁxus
1073 5413 1146 5457 est
1180 5445 1194 5471 ,
1253 5416 1299 5459 et
1351 5422 1446 5479 ego
1498 5407 1690 5463 mundo

129 5465 302 5536 (Galat.
335 5496 404 5549 vr,
435 5484 534 5559 4)?

191 5585 272 5645 66.
301 5592 409 5656 Non
430 5609 607 5671 potest
633 5602 689 5660 in
739 5607 843 5665 hoc
877 5611 1130 5685 princeps
1158 5613 1343 5672 mundi
1391 5615 1549 5689 hujus
1584 5618 1689 5676 sibi

194 5742 216 5773 ⁸
245 5735 296 5794 In
319 5748 448 5813 psal.
469 5765 628 5810 cxvm
654 5767 817 5812 serm.
850 5756 940 5825 14,
967 5771 1119 5816 ηιιιη.
1140 5757 1194 5812 2.

1804 436 1907 490 que
1932 421 2191 479 Dominus
2219 426 2308 496 qui
2341 427 2489 482 venit
2521 428 2719 486 docere
2742 473 2754 496 ,
2789 441 2844 486 ut
2884 433 3039 490 ﬁcrct
3080 436 3234 492 nobis
3265 439 3405 494 Deus

1803 514 1999 581 portio,
2026 515 2130 569 ait:
2179 517 2322 571 Venit
2372 520 2505 573 enim
2537 522 2693 594 hujus
2720 527 2901 580 mundi
2934 529 3175 600 princeps
3198 571 3213 596 ,
3268 541 3314 585 et
3351 533 3404 586 in

1801 620 1880 656 me
1911 605 2098 660 invenit
2135 608 2267 661 nihil
2294 607 2475 682 (Joan.
2527 628 2640 679 xw,
2686 614 2798 686 50).
2826 616 3131 689 Meritoque
3169 620 3406 676 imitato-

1801 712 1889 750 res
1920 699 2002 752 sui
2031 715 2152 756 esse
2178 702 2367 758 volens
2391 746 2406 771 ,
2431 705 2536 760 ait:
2573 705 2752 763 Nolite
2777 712 3039 782 possidere
3067 731 3275 781 aurum,
3309 734 3404 772 ne-

1798 803 1897 856 que
1914 801 2185 862 argentum
2212 836 2226 860 ,
2269 811 2430 866 neque
2457 801 2730 867 pecuniam
2772 801 2992 872 (Matth.
3020 821 3050 859 χ
3079 847 3093 871 ,
3123 805 3200 879 9).
3247 806 3405 864 Unde

1799 880 1992 939 Petrus
2021 887 2318 943 ostendens
2347 890 2397 943 in
2422 890 2535 946 Deo
2565 893 2867 962 portionem
2899 897 3001 952 sibi
3027 913 3171 965 esse,
3205 915 3311 955 non
3345 901 3398 956 in

1798 977 2018 1045 smculo,
2051 982 2163 1034 ait:
2193 982 2473 1053 Argentum
2501 994 2546 1039 et
2575 1003 2760 1041 aurum
2791 1005 2893 1042 non
2925 990 3087 1046 habeo
3106 1032 3121 1057 ,
3147 993 3238 1047 sed
3263 993 3403 1063 quod

1800 1071 1981 1136 habeo,
2015 1073 2233 1146 1572
2257 1077 2352 1130 hoc
2377 1079 2469 1131 tibi
2487 1079 2554 1132 do
2579 1097 2597 1133 :
2620 1081 2674 1133 in
2699 1083 3039 1140 nomineJesu
3063 1084 3254 1142 Christi
3282 1087 3402 1142 Na-

1797 1168 1974 1218 zareni
2003 1183 2190 1239 surge,
2223 1179 2270 1223 et
2302 1171 2508 1225 ambula
2538 1172 2678 1244 (Act.
2727 1191 2806 1240 tu,
2839 1177 2930 1248 6);
2989 1178 3090 1234 hoc
3119 1190 3233 1246 est,
3287 1181 3404 1239 hmc

1797 1266 1880 1312 cst
1909 1259 2088 1328 portio
2117 1276 2255 1327 mea,
2283 1267 2458 1331 portio
2489 1282 2606 1320 mea
2647 1266 2897 1325 Christus
2946 1281 3062 1326 est:
3088 1272 3153 1327 In
3199 1275 3403 1330 nomine

1795 1349 1956 1421 igitur
1995 1351 2188 1407 Christi
2230 1355 2359 1409 Jesu
2395 1374 2565 1429 surge,
2598 1369 2645 1413 et
2677 1360 2886 1416 ambula
2907 1361 3098 1436 (Ibid).
3132 1365 3244 1421 Hoc
3275 1375 3360 1422 est
3387 1410 3401 1434 ,

1796 1439 1847 1494 in
1881 1446 2132 1510 portione
2162 1462 2280 1500 mea
2323 1447 2475 1504 dives
2497 1466 2636 1518 sum,
2672 1453 2724 1506 in
2757 1455 3010 1523 portione
3061 1473 3178 1513 mea
3211 1471 3404 1529 p0tens

1795 1547 1938 1591 sum.
1974 1537 2166 1592 Merito
2190 1540 2324 1595 tales
2363 1558 2638 1612 praesumo
2671 1544 2880 1603 fructus
2923 1549 3079 1606 istius
3111 1555 3399 1622 partionis,

1796 1630 2024 1686 utsalus
2065 1642 2119 1688 et
2155 1638 2261 1689 vita
2309 1636 2572 1706 donetur;
2607 1642 2730 1710 quia
2770 1643 2873 1698 hoc
2917 1656 3000 1700 est
3034 1647 3187 1702 istius
3236 1649 3403 1719 patri-

1798 1724 2043 1778 monium
2089 1728 2357 1796 portionis
2400 1746 2560 1800 quam
2593 1734 2730 1804 elegi
2763 1735 2935 1792 mihi:
2982 1737 3214 1796 Dilectus
3259 1758 3401 1798 meus

1796 1818 1938 1884 mihi,
1975 1829 2020 1872 et
2039 1835 2129 1890 ego
2153 1821 2252 1875 illi.

1865 1910 1954 1964 67.
2003 1912 2106 1978 Qui
2136 1915 2370 1982 pascitur
2397 1916 2530 1971 inter
2557 1917 2694 1973 lilia.
2738 1919 2939 1976 Lilium
2986 1923 3291 1980 castitatem
3321 1925 3398 1980 si-

1792 2004 2033 2073 gniﬁcat.
2062 2005 2174 2060 Scit
2203 2007 2387 2079 itaque
2423 2009 2596 2065 bonus
2653 2023 2872 2082 pastor,
2929 2016 3018 2070 ubi
3055 2026 3238 2086 pascat
3284 2033 3402 2087 gre-

1793 2112 1912 2166 gem
1945 2113 2122 2165 suum,
2149 2114 2268 2168 quae
2296 2100 2491 2169 pabula
2521 2103 2711 2159 ovibus
2743 2106 2854 2160 suis
2880 2108 3191 2176 expediant.
3217 2109 3243 2136 ⁸
3271 2109 3402 2177 Quae

1795 2198 1919 2246 sunt
1942 2206 2142 2261 pascua
2171 2202 2373 2259 nostra,
2405 2193 2510 2250 hoc
2537 2203 2623 2250 est
2645 2238 2659 2262 ,
2689 2196 2950 2267 ﬁdelium,
2976 2200 3078 2255 nisi
3106 2199 3404 2258 Christus?

1793 2283 1848 2338 lu
1872 2284 2027 2354 cujus
2060 2285 2273 2356 pascuis
2303 2303 2364 2343 se
2398 2289 2630 2345 locatum
2681 2291 2953 2363 Propheta
3003 2295 3215 2352 hetatus
3255 2309 3338 2353 est
3369 2339 3388 2367 ,

1794 2378 2018 2435 dicens:
2063 2379 2131 2434 In
2175 2383 2288 2436 loco
2341 2400 2548 2453 pascua:
2576 2426 2590 2452 ,
2641 2387 2712 2440 ibi
2763 2404 2845 2442 me
2891 2390 3163 2444 collocavit
3214 2390 3392 2463 (Paul.

1793 2488 1928 2540 χχιι,
1960 2473 2051 2545 2);
2085 2474 2156 2529 ibi
2185 2477 2330 2530 enim
2358 2492 2458 2531 nos
2487 2483 2656 2546 pascit
2686 2490 2740 2535 et
2782 2481 2976 2536 reﬁcit.
3003 2483 3149 2538 Bona
3175 2499 3398 2555 pascua,

1792 2578 2138 2622 sacramenta
2160 2567 2341 2623 divina
2369 2577 2516 2624 sunt.
2561 2570 2754 2642 Carpis
2781 2575 2894 2629 illic
2937 2592 3135 2632 novum
3176 2577 3390 2649 ﬂorem,

1795 2659 2112 2728 quibonum
2164 2660 2388 2716 odorem
2441 2661 2592 2716 dedit
2623 2670 3072 2725 resurrectionis:
3106 2672 3286 2741 carpis
3333 2673 3399 2726 li-

1794 2752 1924 2806 lium
1954 2794 1969 2820 ,
2002 2755 2054 2809 in
2087 2772 2195 2827 quo
2226 2759 2293 2812 sit
2327 2759 2583 2828 splendor
2606 2763 2950 2818 :cternitatis:
2985 2764 3166 2836 carpis
3193 2781 3396 2832 rosam,

1793 2843 1899 2901 hoc
1927 2859 2032 2915 est,
2067 2849 2336 2906 Dominici
2385 2855 2636 2923 corporis
2667 2856 3005 2926 sanguinem.
3040 2858 3185 2913 Bona
3231 2860 3397 2915 etiam

1795 2955 2016 3009 pascua,
2053 2943 2173 2998 libri
2205 2955 2331 3000 sunt
2362 2947 2766 3018 Scripturarum
2813 2953 3120 3008 caelestium
3146 2996 3162 3022 ,
3192 2955 3244 3009 in
3277 2955 3400 3026 qui-

1795 3035 1894 3089 bus
1925 3037 2239 3106 quotidiana
2273 3040 2506 3097 lcctione
2533 3043 2842 3111 pascimur,
2879 3047 2930 3100 in
2959 3046 3158 3117 quibus
3183 3063 3401 3104 recrea-

1797 3143 1916 3182 mur
1946 3145 2009 3184 ac
2037 3131 2340 3198 reﬁcimur;
2371 3148 2493 3189 cum
2525 3151 2590 3191 ea
2620 3153 2741 3207 quae
2771 3139 2974 3211 scripta
3023 3151 3150 3196 sunt
3197 3142 3398 3213 degus-

1797 3229 1974 3276 tamus
2003 3263 2018 3288 ,
2077 3224 2156 3278 vel
2183 3240 2398 3280 summo
2426 3243 2524 3283 ore
2577 3229 2739 3284 libata
2781 3232 3118 3301 frequentius
3160 3235 3402 3290 rumina-

1795 3331 1938 3371 mus.
1967 3317 2061 3372 His
2093 3321 2307 3388 pascuis
2328 3337 2460 3391 grex
2486 3322 2697 3378 Domini
2726 3325 3024 3395 saginatur.
3059 3327 3204 3383 Bona
3234 3330 3398 3386 etiam

1794 3408 1998 3465 Christi
2029 3427 2225 3482 pascua
2275 3426 2487 3471 montes
2534 3420 2908 3487 convallium;
2957 3438 3082 3477 nam
3115 3432 3172 3479 et
3205 3425 3258 3479 in
3312 3425 3398 3482 bis

1794 3504 1966 3572 pascit
2015 3504 2262 3560 Christus
2295 3507 2433 3562 sicut
2472 3510 2756 3578 capreolos
2785 3525 2878 3567 aut
2919 3513 3184 3572 hinnulus
3210 3532 3404 3572 cervo-

1794 3609 1936 3660 rum,
1968 3595 2071 3650 hoc
2088 3607 2194 3664 est,
2225 3598 2277 3652 in
2305 3599 2691 3668 splendoribus
2721 3614 3062 3661 sanctorum.

1867 3689 1954 3744 68.
1990 3691 2173 3763 (Vers.
2208 3693 2320 3764 l7.)
2351 3692 2378 3732 δ
2402 3693 2577 3749 Donec
2607 3698 2798 3767 arpiret
2831 3699 2940 3753 dies
2969 3741 2983 3764 ,
3011 3711 3058 3754 et
3084 3701 3400 3759 inclinentur

1794 3781 2009 3837 umbraa.
2036 3782 2298 3839 Zachreus
2332 3785 2382 3838 in
2423 3784 2673 3841 arborem
2716 3791 2988 3860 sycomori
3033 3793 3300 3858 ascendit,
3337 3803 3399 3851 ut

1793 3871 2066 3928 Christum
2118 3875 2366 3931 videret:
2411 3878 2568 3933 nobis
2612 3896 2828 3952 quoque
2879 3885 3138 3954 expandit
3203 3902 3396 3944 manus

1793 3981 1921 4022 suas
1947 3966 2124 4033 Jcsus,
2161 3977 2220 4022 ut
2244 3976 2416 4024 totum
2442 3971 2702 4027 mundum
2724 3975 3093 4032 obumbraret.
3115 3977 3399 4046 Quomodo

1794 4076 1901 4115 non
1934 4077 2123 4116 sumus
2146 4063 2196 4117 in
2230 4063 2446 4132 umbra,
2479 4067 2568 4137 qui
2595 4069 2774 4124 crucis
2800 4070 2919 4140 ejus
2950 4075 3282 4144 protegimur
3308 4091 3398 4132 ve.

1794 4153 2072 4207 lamento?
2099 4155 2382 4223 Quomodo
2410 4174 2518 4213 non
2549 4175 2736 4216 sumus
2759 4161 2811 4216 in
2845 4163 3032 4218 umbra
3053 4208 3068 4233 ,
3113 4183 3249 4236 quos
3275 4183 3402 4224 cru-

1794 4247 1987 4301 cilixus
2009 4264 2037 4301 a
2070 4249 2410 4320 malignitate
2428 4253 2611 4307 sreculi
2631 4264 2685 4309 et
2711 4259 2957 4326 corporis
2981 4258 3178 4316 ardore
3206 4260 3399 4318 defen-

1795 4338 1905 4392 dit?
1939 4341 2020 4395 An
2057 4343 2350 4410 nescimus,
2377 4347 2634 4416 quoniam
2681 4347 2919 4406 Verbum
2971 4353 3067 4409 Dei
3099 4355 3320 4412 veniens
3344 4358 3400 4416 in

1795 4431 1939 4488 hunc
1971 4435 2230 4491 mundum
2259 4478 2272 4502 ,
2324 4454 2431 4495 non
2464 4440 2605 4496 sicut
2657 4442 2890 4500 Verbum
2921 4447 3162 4505 advenit.
3226 4452 3400 4520 Quale

1795 4533 1914 4580 erat
1942 4527 1992 4580 in
2027 4529 2292 4599 principio
2321 4571 2336 4595 ,
2365 4533 2525 4600 quale
2556 4542 2674 4588 erat
2703 4536 2846 4605 apud
2878 4538 3076 4594 Deum:
3103 4543 3192 4596 sed
3218 4553 3403 4599 semet-

1793 4619 1964 4687 ipsum
1987 4621 2289 4688 exinanivit,
2314 4625 2532 4691 formam
2549 4627 2680 4679 servi
2695 4630 2955 4697 accipiens
2974 4630 3200 4707 (Philip.
3227 4651 3285 4704 ll,
3311 4635 3390 4709 7).

1799 4710 1956 4765 Venit
2003 4713 2054 4766 in
2089 4715 2232 4768 nube
2273 4714 2400 4780 levi,
2449 4726 2502 4771 et
2531 4732 2653 4772 cum
2686 4731 2833 4776 esset
2877 4722 3048 4778 virtus
3075 4725 3342 4783 Altissimi
3377 4771 3394 4799 ,

1796 4804 2136 4860 obumbravit
2165 4806 2382 4874 Mariae;
2417 4820 2474 4864 ut
2507 4812 2917 4884 transﬁgurarct
2958 4832 3155 4890 corpus
3180 4821 3402 4880 humili-

1798 4902 1922 4955 tatis
1971 4911 2175 4957 nostrac
2205 4903 2527 4963 ,conforme
2570 4906 2686 4960 ﬁeri
2729 4912 2945 4981 corpori
3011 4913 3204 4983 gloria:
3259 4930 3393 4974 sure.

1797 4992 2059 5049 Sicutille
2091 5011 2220 5066 ergo
2247 4996 2478 5051 formam
2505 5000 2754 5067 mutavit,
2788 5017 2909 5057 cum
2931 5019 2999 5060 ex
3033 5005 3248 5077 Virgine
3277 5023 3402 5065 nas-

1797 5096 2055 5140 ceretur:
2091 5087 2162 5142 ita
2210 5097 2264 5144 et
2322 5089 2481 5145 nobis
2536 5107 2822 5148 sermones
2871 5095 2963 5150 Dei
3021 5099 3398 5170 transﬁgurari

1795 5179 2070 5245 videntur,
2091 5195 2213 5235 eum
2247 5181 2503 5252 leguntur
2528 5185 2579 5239 in
2597 5185 2918 5258 Evangelia,
2935 5203 3056 5244 cum
3078 5194 3289 5260 Species
3305 5208 3398 5250 eo-

1795 5287 1912 5326 rum
1939 5270 2154 5326 videtur
2181 5273 2235 5328 in
2269 5273 2564 5342 Scripturis
2593 5279 2746 5346 quasi
2786 5293 2884 5347 per
2909 5283 3224 5350 speculum;
3272 5285 3398 5356 quia

1796 5371 1902 5418 tota
1931 5365 2130 5419 veritas
2156 5363 2242 5420 hic
2272 5381 2377 5421 non
2408 5377 2590 5435 potest
2612 5372 3041 5442 comprehendi,
3064 5391 3186 5431 cum
3215 5388 3399 5436 autem

1793 5458 2003 5512 venerit
2032 5458 2175 5528 quod
2203 5457 2502 5529 perfectum
2530 5470 2650 5532 est,
2701 5479 2811 5519 non
2836 5465 2950 5534 jam
2981 5483 3079 5538 per
3103 5469 3400 5528 discussio-

1796 5565 1942 5618 nem,
1967 5567 2073 5606 non
2105 5566 2203 5620 per
2241 5550 2482 5622 speciem
2529 5555 3017 5630 uLtransﬁgurati,
3047 5561 3143 5618 sed
3185 5562 3400 5638 integra

1799 5653 1960 5716 atque
1989 5658 2252 5715 expressa
2273 5643 2506 5704 veritate
2525 5647 2893 5721 resplendent.

1868 5762 1895 5802 δ
1924 5762 1982 5822 In
2012 5765 2146 5839 psal.
2176 5781 2336 5822 cxvm
2366 5779 2535 5826 serm.
2562 5769 2616 5827 3.
