3920 6334
502 185 632 257 tesi

1495 173 2044 248 COMMENTARIUS
2082 173 2149 238 tu
2188 173 2490 238 CANTICA
2527 163 2802 234 cauato.

3681 158 3813 229 tsaz

569 301 657 358 tit).
693 309 719 338 ιι
748 298 960 376 Flectat
985 311 1118 371 ergo
1142 299 1378 354 animam
1411 297 1541 367 jugo
1570 296 1758 363 Verbi,
1792 305 1847 351 et
1874 295 2101 352 habenis
2129 305 2180 366 Α
2208 294 2401 364 irrepit
2448 292 2648 363 impuri
2693 289 2861 347 libido
2886 286 3213 346 concubitus
3240 328 3255 352 ,
3299 292 3427 343 tunc
3455 284 3817 356 perturbatur

498 396 610 449 suis
644 402 829 463 regat,
863 401 920 447 ut
950 391 1226 447 voluntate
1271 390 1364 445 Dei
1400 388 1705 445 abducatur
1741 404 1773 444 a
1807 389 1953 445 vitiis
1980 434 1995 459 ,
2049 397 2105 444 et
2206 404 2302 444 cor
2320 388 2573 459 squalore
2592 384 2967 449 immunditim,
2989 398 3095 443 non
3119 380 3816 450 videturcastitas,puritas

497 490 622 544 vitm
650 489 873 543 odorem
902 488 1078 556 capiat
1101 490 1358 550 atteram;
1388 499 1496 539 non
1527 484 1670 538 enim
1696 485 1812 539 hmc
1842 485 1946 539 vita
1977 499 2102 555 per~

500 584 640 641 fus-ta
679 593 800 647 est,
842 581 935 637 sed
966 582 1080 636 hmc
1136 580 1244 635 vita
1286 580 1339 633 in
1399 578 1635 639 umbra.‘
1662 578 1791 635 Ideo
1834 588 1892 634 ut
1943 577 2107 633 homo

501 677 750 733 Christus
784 675 946 731 .Iesus
986 690 1054 730 ex
1087 672 1312 744 Virgine
1358 680 1680 730 nasceretur
1705 713 1719 735 ,
1761 671 2107 728 obumbravit

500 771 671 825 virtus
721 768 983 824 Altissimi
1041 774 1270 823 matrem
1322 765 1587 831 futuram;
1641 764 1766 834 quia
1808 765 1863 819 in
1916 764 2106 819 umbra

500 863 823 928 descendit,
849 863 917 917 ab
945 862 1135 919 umbra
1179 863 1445 932 incipiens
1484 862 1696 932 operari
1735 860 1965 915 salutem
2012 860 2112 916 ho-

500 957 683 1025 tninis,
718 965 1265 1013 etcousummaturus
1296 955 1547 1010 claritate
1569 953 1702 1009 solis
1729 952 1943 1009 αξιοι-υἱ.
1974 951 2109 1009 Um-

503 1053 599 1113 bra
624 1061 706 1109 est
768 1069 901 1123 ergo
933 1053 1039 1107 vita
1087 1051 1223 1107 hare.
1270 1050 1489 1107 Festina
1535 1050 1601 1105 ad
1633 1050 1827 1118 solem,
1853 1058 1910 1115 ut
1939 1057 1991 1106 te
2017 1049 2107 1104 de-

502 1146 689 1202 fendat
718 1145 786 1202 ab
813 1147 1017 1201 umbra:
1044 1144 1203 1213 hujus
1237 1143 1455 1214 frigore,
1491 1153 1545 1199 et
1588 1144 1825 1198 calorem
1862 1143 1957 1197 tibi
1990 1156 2113 1212 per-

509 1240 701 1299 fundat
727 1240 1002 1295 mstivum.
1036 1237 1105 1295 Et
1134 1238 1256 1297 ideo
1299 1236 1494 1293 suadet
1533 1235 1797 1292 orandum
1832 1277 1848 1302 ,
1904 1249 1973 1289 ne
2021 1234 2114 1288 fiat

507 1334 632 1405 fuga
673 1342 855 1397 nostra
881 1332 1060 1389 hieme
1082 1340 1174 1387 aut
1196 1331 1426 1386 sabbato
1452 1375 1463 1394 ,
1493 1347 1599 1386 non
1625 1338 1837 1399 tempus
1863 1329 2116 1399 diemque

512 1426 850 1497 significans,
881 1424 973 1480 sed
1007 1425 1201 1495 frigere
1224 1438 1322 1479 nos
1357 1422 1569 1478 meritis
1600 1421 1916 1493 prohibens,
1941 1429 1997 1477 et
2017 1419 2117 1481 bo-

511 1534 706 1579 norum
737 1532 963 1588 operum
996 1532 1120 1571 esse
1159 1515 1394 1585 jejunos.

1011 1606 1240 1663 CAPUT
1274 1605 1610 1662 TERTIUM.

2209 498 2317 539 non
2360 479 2741 536 consideratur
2773 520 2789 546 ,
2820 475 3092 548 pudieitim
3119 473 3292 545 gloria
3324 486 3430 528 non
3461 479 3814 527 recensetur.

2281 576 2333 631 ὃ.
2376 575 2492 631 Nox
2536 583 2673 636 erat.
2724 571 2944 644 quando
2966 569 3140 627 Judas
3171 567 3435 639 prodidit,
3467 566 3699 637 quando
3728 565 3819 622 Pe-

2212 679 2327 725 trus
2352 670 2587 739 negavit.
2620 665 2718 722 [llo
2748 666 2911 737 igitur
2942 661 3214 734 praecipue
3260 671 3509 733 tempore
3547 657 3822 730 justifies-

2211 761 2390 825 tiooes
2422 759 2515 819 Dei
2541 760 2725 814 animo
2741 755 3048 813 retexendm
3087 763 3237 818 sunt,
3261 750 3546 823 relegenda
3566 751 3822 807 mandata

2212 855 2512 914 hortatorla
2541 873 2553 908 :
2589 853 2684 909 illa
2711 852 2778 908 de
2807 852 3064 907 castitate
3094 858 3366 918 praerepta
3398 861 3503 902 non
3530 846 3748 912 absint,
3774 854 3826 900 ut

2215 950 2299 1007 his
2322 957 2585 1018 occupata
2609 962 2788 1011 ineius,
2822 944 3161 1015 ﬂagrantiam
3193 940 3462 1007 libidinis,
3512 939 3714 995 carnis
3749 954 3825 996 re-

2213 1041 2454 1113 SIinguat
2481 1041 2758 1097 ardorem.
2790 1037 2941 1094 Tene
2967 1034 3097 1093 illud
3127 1035 3345 1091 animo:
3376 1032 3585 1088 Laoabo
3613 1048 3710 1103 per
3729 1033 3826 1086 sin-

2215 1136 2365 1206 gulas
2402 1141 2576 1199 noctes
2617 1131 2799 1187 lectum
2839 1144 3006 1183 meum
3053 1126 3226 1197 (Psal.
3259 1141 3343 1193 vt,
3377 1123 3456 1196 7).
3505 1122 3647 1193 Quis
3686 1125 3824 1179 enim

2216 1228 2424 1295 stupris
2453 1224 2695 1289 deditus,
2727 1221 2947 1292 flagitiis
2974 1219 3267 1285 involutus,
3286 1218 3432 1273 lavat
3464 1232 3559 1287 per
3582 1217 3825 1287 singulas

2216 1330 2405 1379 noctes
2437 1318 2635 1374 lectum
2663 1314 2869 1371 suum?
2914 1313 3099 1369 Nescit
3139 1311 3293 1375 ﬂere,
3341 1311 3432 1382 qui
3463 1310 3649 1365 uetula
3677 1326 3823 1365 com-

2217 1412 2415 1475 mittit;
2437 1423 2487 1466 et
2518 1427 2641 1471 cum
2655 1410 2721 1465 sit
2752 1408 2872 1480 ipse
2898 1405 3287 1478 lacryntahilts,
3317 1421 3428 1460 non
3458 1404 3630 1459 habet
3662 1419 3826 1475 preme

2217 1506 2487 1578 lacrytnas
2526 1518 2660 1560 sua).
2701 1505 2771 1558 At
2814 1502 2906 1557 ille
2934 1501 3026 1571 qni
3067 1500 3299 1570 castigat
3324 1514 3522 1569 corpus
3556 1513 3739 1564 suum,
3781 1508 3827 1553 et

2219 1599 2304 1657 sui
2331 1598 2608 1677 sollicitus
2635 1596 2968 1667 gubernator
2996 1604 3112 1662 est,
3158 1606 3321 1664 atque
3368 1594 3736 1664 ingemiscens
3777 1603 3826 1649 et
3894 1590 3895 1615 ³

588 1704 639 1758 1.
675 1702 857 1776 (Vers.
894 1702 971 1769 l.)
998 1699 1026 1739 ι)
1050 1699 1119 1754 1η
1149 1699 1306 1755 cubili
1337 1716 1469 1765 meo,
1489 1700 1541 1753 in
1566 1709 1717 1755 nocte
1738 1698 1949 1767 ᾳιιιεείυῑ
1971 1713 2118 1768 quem
2223 1690 2416 1757 dolens
2448 1690 2633 1759 lapsus
2664 1689 2969 1761 superioris
3009 1685 3295 1749 oﬁ'eusam,
3331 1686 3531 1754 quierit
3563 1686 3827 1755 quomodo

512 1798 692 1851 dilexit
715 1797 889 1849 anima
911 1811 1024 1848 mea
1045 1811 1063 1848 :
1096 1796 1309 1865 quwsivi
1336 1810 1453 1847 eum
1492 1804 1537 1847 et
1567 1810 1669 1847 non
1699 1793 1890 1848 inveni.
1920 1792 2119 1851 Exsur-

514 1908 630 1964 gant
653 1892 841 1961 itaque,
873 1901 919 1944 et
941 1906 1170 1960 quaerant
1198 1890 1253 1944 in
1289 1890 1492 1968 civitate
1521 1930 1536 1953 ,
1566 1889 1620 1942 in
1641 1888 1759 1954 [oro
1785 1929 1799 1953 ,
1834 1888 1887 1941 in
1909 1887 2118 1959 plateis,

515 2001 665 2052 quem
686 1985 868 2043 dilexit
899 1986 1071 2039 animo
1098 2001 1231 2040 mea.
1286 1983 1589 2053 Acceperat
1632 1982 1743 2053 jam
1779 1984 1895 2037 lucc
1942 1981 2122 2043 anima

516 2078 657 2137 bona
677 2079 895 2149 pignora
912 2078 1223 2144 charitatis,
1247 2077 1338 2134 sed
1368 2078 1492 2148 quia
1514 2091 1732 2147 semper
1753 2077 1971 2133 solliciti
2002 2091 2124 2133 esse

517 2173 802 2238 debemus,
828 2186 1051 2240 semper
1078 2172 1307 2237 intenti,
1334 2181 1389 2225 et
1424 2172 1547 2241 quia
1584 2170 1821 2226 Verbum
1869 2170 1961 2225 Dei
1984 2170 2126 2224 sicut

518 2266 774 2338 capreola
794 2265 1000 2331 exsilit,
1023 2274 1115 2323 aut
1155 2264 1300 2319 sicut
1330 2264 1587 2319 hinnulus
1625 2279 1940 2331 cervorum;
1976 2277 2124 2318 sem-

521 2374 620 2431 per
643 2358 828 2430 vigilet
849 2358 1052 2426 anima,
1077 2367 1131 2416 et
1155 2358 1458 2427 praetendat
1487 2373 1608 2413 eum
1640 2373 1799 2427 quem
1822 2357 2018 2427 qumrit
2035 2398 2050 2424 ,
2074 2366 2129 2412 et

520 2466 680 2523 quem
731 2460 916 2511 tenere
951 2449 1249 2505 desiderat.
1299 2448 1427 2505 ideo
1468 2450 1620 2520 quasi
1661 2449 1977 2518 sublapsum
2024 2447 2126 2504 sibi

523 2544 838 2614 deplorans,
877 2542 941 2597 In
964 2542 1142 2604 cubili.
1176 2543 1376 2613 inquit,
1407 2559 1519 2599 meo
1540 2583 1556 2609 ,
1582 2543 1635 2596 in
1663 2541 1895 2596 noctibus
1920 2540 2131 2612 quaesivi

522 2652 672 2707 quem
701 2637 884 2690 dilexit
928 2636 1106 2689 anima
1147 2651 1278 2695 mea.
1327 2634 1431 2703 Qui
1466 2636 1605 2691 bene
1632 2634 1845 2705 quaerit,
1880 2634 1935 2688 in
1964 2632 2129 2687 cubili

524 2739 752 2801 qurerat,
785 2731 837 2787 in
866 2729 1119 2787 noetibus
1144 2736 1387 2800 quaerat:
1419 2743 1519 2785 nec
1541 2728 1658 2784 dies
1677 2727 1921 2793 feriatus,
1956 2742 2133 2797 neque

527 2831 717 2885 noctes
743 2822 880 2876 sint:
912 2821 1116 2877 nullum
1160 2831 1372 2891 tempus
1418 2829 1622 2877 vaceta
1654 2819 1871 2889 pietatis
1918 2818 2130 2884 officio;

528 2915 627 2977 etsi
660 2929 765 2968 non
799 2915 1069 2970 invenerit
1097 2916 1309 2984 primo,
1342 2924 1658 2985 perseveret
1702 2915 1756 2971 in
1782 2913 2129 2985 requirendo.

529 3003 767 3077 Ideoque
796 3004 964 3061 dicit:

2222 1784 2410 1853 abluat
2433 1798 2552 1840 eam
2584 1781 2804 1839 ﬂetibus
2835 1781 3197 1851 ptenitentiat,
3241 1780 3330 1836 hic
3352 1780 3501 1835 lavat
3525 1795 3628 1851 per
3655 1779 3825 1850 singu-

2222 1881 2305 1941 las
2332 1888 2525 1937 noctes
2553 1878 2753 1934 lectum
2778 1892 2959 1933 suum.
3000 1876 3119 1931 Non
3147 1875 3484 1930 dormiamus
3512 1873 3688 1944 igitur
3714 1874 3827 1928 totis

2225 1973 2516 2041 noctibus,
2569 1971 2666 2028 sed
2711 1971 3003 2028 maximam
3042 1979 3250 2040 partem
3293 1982 3482 2024 earum
3526 1966 3747 2023 lectioni
3778 1974 3824 2019 ct

2225 2068 2569 2125 orationibus
2593 2066 2938 2137 deputemus.
2968 2064 3109 2121 Audi
3155 2063 3420 2119 Ecclesia:
3451 2074 3651 2118 vocem
3692 2074 3824 2130 quae-

2226 2162 2400 2223 rentis
2426 2162 2592 2221 etiam
2622 2161 2675 2221 in
2715 2159 2966 2215 noctibus
2986 2157 3263 2215 Christum
3289 2174 3304 2213 :
3338 2153 3408 2210 In
3435 2154 3625 2221 cubili,
3645 2154 3820 2226 inquit,

2228 2273 2364 2324 meo,
2394 2257 2447 2312 in
2477 2255 2710 2311 noctibus
2733 2254 2942 2324 quaesiui
2969 2269 3118 2324 quem
3146 2251 3328 2307 dilexit
3350 2250 3533 2305 anima
3562 2264 3696 2303 mea.

2300 2350 2356 2406 4.
2400 2350 2603 2419 Accipe
2651 2348 2952 2405 secundum
3001 2347 3238 2403 litteram
3268 2387 3283 2410 ,
3323 2345 3452 2416 quia
3490 2343 3743 2415 quaesivit
3776 2344 3817 2397 in

2232 2444 2484 2501 noctibus
2512 2442 2745 2510 orando,
2776 2440 3146 2513 deprecando,
3169 2441 3336 2497 etiam
3366 2440 3632 2512 lacrymis
3654 2437 3820 2507 deplo—
3894 2420 3895 2493 ί

2230 2536 2422 2593 rando.
2456 2536 2723 2605 Quaesivit
2772 2535 2827 2591 in
2878 2533 3161 2601 noctibus;
3216 2533 3341 2604 quia
3376 2531 3569 2587 Posuit
3612 2530 3816 2586 tenebras

2234 2629 2509 2689 latibulum
2547 2645 2700 2685 suum
2752 2625 2927 2703 (Psal.
2961 2643 3105 2693 sui,
3149 2625 3277 2695 η),
3322 2633 3384 2680 ut
3428 2638 3682 2696 quaerere
3713 2637 3815 2677 eum
3894 2630 3895 2703 ξ

2235 2724 2522 2789 sollicitius
2546 2722 2906 2789 disceremus.
2945 2720 3207 2790 Qumsivit
3247 2720 3416 2792 igitur
3459 2719 3516 2774 in
3565 2715 3815 2789 prophetis

2238 2819 2484 2877 Ecclesia
2517 2835 2583 2876 ex
2612 2819 2870 2889 gentibus
2915 2823 3275 2887 congregata,
3321 2824 3375 2870 et
3425 2813 3555 2871 ideo
3592 2809 3813 2869 credidit.

2237 2910 2483 2983 Denique
2508 2911 2775 2973 adventus
2803 2908 3065 2965 Dominici
3096 2905 3406 2964 testimonia
3437 2906 3510 2962 de
3540 2903 3811 2976 prophetis,

2240 3005 2605 3077 Evangelistm
2652 3003 2963 3074 Paulusque
3003 3010 3336 3072 posuerunt,
3389 3000 3539 3057 unde
3585 2999 3813 3069 scriptum

600 3100 657 3155 9..
683 3098 863 3172 (Vers.
896 3100 979 3171 2.)
1010 3098 1301 3171 Exsurgam
1334 3099 1516 3169 itaque
1544 3142 1558 3165 ,
1585 3109 1633 3155 et
1664 3115 1893 3169 quaeram
1931 3100 1987 3154 in
2009 3099 2134 3155 civi—
2158 3089 2204 3153 C
2237 3109 2359 3156 est:
2387 3098 2521 3165 Quia
2548 3114 2650 3157 non:
2681 3098 2818 3153 nocti
2846 3096 3043 3152 indicat
3072 3095 3339 3150 scientiam
3372 3091 3551 3167 (Ρωι.
3575 3106 3721 3156 svnt,
3745 3089 3808 3157 ὅ).

530 3203 652 3262 tate,
682 3196 737 3251 in
769 3194 903 3262 foro,
934 3195 988 3249 in
1018 3194 1224 3267 plateis.
1253 3193 1319 3247 Et
1362 3192 1596 3251 fortasse
1621 3193 1743 3247 ideo
1793 3209 1897 3247 non
1929 3192 2138 3247 invenit

531 3289 730 3355 adhuc,
761 3289 883 3359 quia
911 3290 963 3342 in
994 3288 1111 3344 foro
1142 3288 1394 3359 quresivit
1417 3330 1431 3355 ,
1463 3288 1552 3342 ubi
1587 3288 1710 3343 lites
1747 3295 1907 3342 sunt:
1941 3287 1993 3342 in
2023 3286 2136 3357 pla-

533 3382 637 3438 teis
669 3424 683 3449 ,
746 3382 835 3437 ubi
891 3382 1148 3439 nundinze
1188 3398 1368 3438 rerum
1418 3381 1627 3455 1573
1670 3381 1978 3447 venalium;
2030 3396 2136 3436 non

534 3476 678 3530 enim
704 3475 949 3531 Christus
970 3477 1196 3546 pecunia
1220 3486 1587 3546 comparatur.
1625 3486 1648 3515 ο
1681 3475 1896 3531 Nullum
1928 3484 2141 3544 tempus

536 3567 867 3637 praedicandi
894 3583 1126 3624 vacuum
1178 3569 1320 3623 sinat
1353 3579 1537 3624 sancta
1569 3568 1786 3625 devotio
1834 3571 2137 3640 pratterire.

532 3658 593 3717 Si
623 3660 905 3716 studentes
950 3661 1212 3719 doctrinis
1241 3661 1591 3718 saecularibus
1631 3677 1918 3734 perparum
1947 3676 2141 3718 somno

2237 3193 2503 3263 Quaasivit
2532 3192 2586 3247 in
2628 3192 2898 3257 noctibus,
2927 3190 2979 3249 in
3012 3187 3487 3261 persecutiouibus
3503 3198 3561 3243 et
3579 3183 3812 3249 adversis,

2238 3287 2294 3343 in
2326 3285 2771 3343 tribulationibus
2793 3294 2848 3342 et
2878 3284 3158 3343 doloribus
3180 3281 3352 3340 duris.
3393 3281 3514 3338 Nox
3549 3289 3634 3337 est
3668 3276 3812 3335 omni-

2241 3384 2363 3448 bus,
2419 3384 2619 3454 quibus
2661 3398 2769 3441 non
2812 3390 2899 3438 est
2942 3380 3182 3453 perfecta
3226 3381 3532 3447 securitas;
3586 3378 3715 3436 unde
3754 3375 3814 3429 ait

2245 3476 2504 3537 Dominus
2523 3492 2537 3535 ς
2568 3476 2750 3533 Veniet
2773 3492 2880 3531 nos:
2899 3475 3107 3544 quando
3125 3490 3272 3529 nemo
3293 3483 3457 3543 potest
3479 3473 3694 3547 operari.
3709 3469 3811 3525 Cum

2242 3568 2296 3622 in
2325 3569 2420 3623 hoc
2442 3569 2636 3623 mundo
2661 3585 2795 3636 sum,
2826 3568 2918 3623 lum
2942 3566 3100 3637 huius
3127 3568 3311 3621 mundi
3330 3567 3643 3639 sum(loan.
3663 3560 3810 3630 ml).

2243 3661 2361 3718 Non
2391 3678 2523 3734 ergo
2535 3676 2828 3732 operemur
2854 3661 2911 3719 in
2935 3661 3211 3728 tenebris;
3230 3663 3274 3717 si
3306 3663 3455 3717 enim
3482 3662 3808 3729 lurentopeta

538 3750 858 3825 indulgent;
892 3762 1097 3824 quanto
1125 3754 1297 3824 magis
1323 3754 1414 3825 qui
1455 3756 1622 3811 Deum
1671 3756 1896 3826 cupiunt
1944 3769 2144 3825 cogno-
2243 3763 2429 3811 nostra
2451 3796 2467 3821 ,
2493 3769 2601 3811 non
2633 3770 2927 3825 operamur
2954 3757 3006 3811 in
3038 3755 3303 3821 tenebris,
3336 3755 3432 3812 sed
3460 3756 3519 3811 in
3552 3754 3752 3810 lumine.

536 3860 740 3917 scere,
799 3862 905 3903 non
956 3847 1157 3904 debent
1206 3863 1401 3904 somno
1430 3848 1680 3918 corporis
1713 3846 1990 3917 impediri,
2039 3847 2140 3902 nisi

537 3954 797 4013 quantum
850 3950 1056 3998 natura:
1103 3941 1239 3999 satis
1262 3942 1379 3998 est?
1412 3942 1576 3999 David
1614 3958 1709 4013 per
1736 3941 1981 4013 singulas
2011 3955 2143 3997 noc-

543 4045 660 4091 ctes
691 4035 891 4091 lectum
916 4049 1071 4090 suum
1104 4035 1360 4108 laerymis
1405 4035 1670 4101 diluebat,
1696 4036 1958 4107 surgebat
1983 4034 2142 4090 etiam

542 4130 722 4184 noctis
749 4129 930 4183 medio
960 4169 974 4194 ,
1008 4139 1069 4183 ut
1119 4130 1346 4185 Domino
1368 4130 1748 4186 confiteretur:
1797 4140 1851 4186 et
1893 4140 1947 4184 tu
1978 4140 2145 4185 totam

2320 3848 2373 3904 5.
2420 3844 2546 3907 Dies
2577 3856 2659 3903 est
2687 3847 2887 3918 quibus
2911 3848 3068 3905 adest
3095 3845 3378 3915 Chrisms,
3410 3864 3519 3903 nox
3548 3856 3627 3902 est
3647 3841 3808 3915 quibus

2247 3956 2309 3998 se
2339 3940 2589 4011 denegat.
2619 3941 2734 3997 Non
2766 3956 3019 4012 magnum
3048 3941 3142 3997 tibi
3170 3941 3218 3998 si
3248 3951 3376 3998 tunc
3402 3941 3628 3997 Domino
3643 3935 3808 4010 gratias

2248 4050 2397 4107 agas,
2426 4035 2645 4106 quando
2668 4036 2719 4091 in
2752 4036 3030 4107 prosperis
3056 4044 3114 4093 et
3131 4036 3389 4093 secundis
3415 4050 3476 4092 es
3503 4053 3519 4092 :
3543 4034 3630 4092 sed
3653 4032 3807 4086 situnc

2250 4131 2531 4188 adlimreas
2561 4132 2778 4191 Christo
2799 4175 2815 4200 ,
2847 4131 3064 4202 quando
3112 4141 3166 4189 te
3210 4140 3532 4203 persecutor
3572 4123 3802 4197 exagitat.

541 4227 759 4275 noctem
791 4221 976 4290 sapori
1030 4221 1310 4276 existimas
1352 4221 1755 4292 deputandam?
1785 4222 1937 4277 Tunc
1980 4223 2149 4293 inagis
2251 4223 2469 4294 quando
2509 4224 2692 4295 aliqua
2738 4224 2980 4296 procella
3014 4224 3316 4294 perturbat.
3349 4223 3593 4281 Amisisti
3628 4211 3805 4274 lilium?

547 4310 641 4366 tibi
673 4310 911 4377 orandus
940 4319 1022 4367 est
1054 4312 1335 4382 Dominus,
1364 4321 1492 4369 tune
1524 4314 1774 4386 praesidia
1804 4314 2146 4384 postulanda,

545 4404 702 4476 culpa
752 4406 989 4460 cavenda
1022 4448 1038 4473 ,
1081 4405 1299 4477 quando
1350 4405 1566 4465 videtur
1603 4405 1807 4463 habere
1856 4413 2144 4463 secretum.

2252 4313 2310 4370 In
2344 4315 2439 4370 illo
2465 4316 2688 4385 dolore,
2742 4316 2795 4375 in
2840 4316 2931 4377 illa
2981 4325 3145 4373 nocte
3171 4361 3188 4383 ,
3245 4317 3300 4373 in
3330 4315 3420 4371 illa
3451 4310 3800 4372 destitutione,

2255 4421 2534 4469 memento
2564 4410 2779 4469 Domini
2822 4412 2917 4467 Dei
2950 4411 3027 4473 tui
3054 4430 3069 4477 ;
3101 4427 3171 4469 ne
3196 4410 3355 4482 quasi
3386 4426 3496 4467 non
3525 4404 3798 4470 exauditus.

545 4492 699 4557 Tunc
728 4497 964 4553 maxime
1016 4497 1232 4568 quando
1282 4498 1521 4555 tenebrae
1552 4499 1604 4554 in
1650 4497 1879 4557 circuitu
1907 4513 2030 4554 meo
2056 4539 2070 4564 ,
2098 4507 2153 4552 et
2177 4487 2229 4549 D
2257 4503 2500 4576 ingratus
2524 4503 2621 4571 sis,
2648 4513 2703 4567 οι
2728 4504 2780 4563 in
2810 4512 2899 4563 tua
2931 4505 3304 4575 pmvariceris
3345 4518 3605 4561 mulum,
3648 4494 3801 4553 Pulsus

548 4590 783 4671 Ρπίθίθε
834 4606 921 4646 me
959 4591 1219 4661 0l‘eriunt
1247 4633 1261 4657 ,
1307 4590 1758 4653 considerandum
1813 4590 1958 4662 quod
2012 4590 2154 4646 Deus
2256 4610 2317 4652 es
2349 4597 2400 4653 in
2433 4597 2723 4653 exsilium?
2761 4598 3032 4657 Memento
3058 4596 3275 4654 Domini
3290 4597 3391 4655 Dei
3414 4597 3518 4663 tui,
3554 4608 3618 4650 ne
3649 4583 3802 4661 patria

548 4686 730 4739 omnia
755 4684 996 4740 intuetur
1021 4683 1361 4741 abscondita.
1414 4684 1491 4741 Ne
1517 4684 1722 4745 dixeris
1751 4700 1882 4756 ergo
1909 4685 2151 4741 circum-
2256 4688 2559 4745 interdicta:
2587 4688 2907 4748 charitatem
2932 4690 3045 4751 Deo
3076 4690 3356 4761 praetcrea.
3399 4688 3636 4758 Alicujus
3658 4675 3801 4736 diVilis

534 4777 700 4851 fusus
725 4779 964 4846 tenebris
991 4820 1006 4846 ,
1048 4779 1166 4849 quis
1196 4795 1282 4835 me
1307 4778 1490 4841 videt?
1520 4780 1589 4834 Et
1615 4796 1777 4850 quem
1804 4793 1999 4835 vereor
2025 4794 2150 4849 sep-
2256 4796 2553 4854 oppressus
2578 4785 2841 4855 potentia,
2876 4784 3106 4843 amisisti
3129 4784 3379 4855 proprias
3409 4781 3708 4840 facultates,
3739 4771 3803 4823 in‘

553 4880 641 4927 tus
670 4872 965 4943 parietibus
1003 4882 1057 4927 et
1094 4871 1375 4928 inclusus?
1406 4872 1541 4941 Quia
1596 4870 1783 4931 Vultus
1814 4870 2021 4927 Domini
2065 4888 2153 4925 su-
2256 4877 2408 4948 diges
2438 4878 2697 4953 sumptu?
2740 4877 3012 4945 Memento
3037 4877 3254 4941 Domini
3288 4877 3387 4935 Dei
3426 4878 3537 4942 uti,
3561 4886 3623 4930 ne
3647 4880 3735 4925 nox
3760 4868 3800 4913 le

535 5032 539 5037 τ
550 4981 642 5038 per
679 4966 922 5036 facientes
973 4964 1113 5021 mala
1159 4963 1389 5036 (Psalm.
1419 4980 1584 5021 sum
1617 5008 1633 5033 ,
1669 4965 1781 5035 t7).
1815 4965 2057 5035 Denique
2105 4963 2151 5019 si
2256 4971 2517 5043 egestatis
2542 4952 2778 5041 abducat
2801 4987 2830 5027 a
2863 4970 3167 5035 devotionis
3199 4968 3416 5033 affectu.
3456 4968 3567 5047 [loc
3589 4970 3660 5021 est
3684 4952 3797 5047 eniti!

559 5055 825 5121 arbitrum
853 5071 961 5113 non
990 5057 1141 5113 vides
1160 5100 1173 5126 ,
1202 5066 1255 5119 te
1281 5057 1458 5128 ipsum
1503 5072 1612 5119 non
1639 5058 1834 5117 vides?
1864 5057 1994 5114 Tua:
2014 5071 2153 5113 con-
2259 5065 2575 5123 mandatum
2597 5065 2780 5141 Legis,
2814 5076 2872 5123 ut
2894 5067 2949 5124 in
2983 5074 3145 5123 nocte
3171 5064 3343 5136 magis
3371 5044 3797 5141 qumras,quandtl

550 5150 794 5206 scientia:
811 5152 1186 5209 teStimonium
1206 5168 1315 5220 non
1331 5152 1570 5213 vereris?
1592 5152 1783 5213 Nescis
1798 5153 1947 5209 illam
1970 5153 2159 5224 caligi—
2258 5160 2432 5229 magis
2454 5134 2773 5217 exaudiaris
2788 5175 2817 5215 a
2842 5160 3092 5227 Domino,
3141 5167 3197 5213 et
3219 5134 3400 5229 possis
3422 5155 3630 5231 dicere:
3657 5134 3797 5201 ¹π¹ά⁸

551 5258 674 5300 nem
701 5244 876 5309 noctis
898 5260 1004 5301 non
1036 5246 1394 5315 opertorium,
1420 5244 1514 5302 sed
1542 5244 1871 5303 incentivum
1894 5261 2017 5302 esse
2031 5259 2157 5316 pee-
2259 5251 2520 5307 ῡυιιιιὶοηε
2546 5252 2776 5309 invocavi
2798 5251 3099 5317 Dominum,
3126 5260 3177 5309 et
3210 5248 3469 5317 esaudisit
3492 5261 3568 5311 me
3586 5243 3633 5301 in
3658 5232 3793 5293 ιαιίι*

553 5337 684 5391 cati?
703 5337 837 5392 Cum
860 5352 1055 5397 somno
1087 5346 1143 5405 et
1163 5340 1287 5397 cibo
1314 5341 1536 5401 fervent
1567 5355 1819 5411 corpora,
1839 5351 1966 5396 tunc
1991 5340 2153 5396 etiam
2256 5343 2378 5409 dine
2402 5343 2652 5403 Dominus
2680 5343 2858 5419 (Psal.
2886 5360 3062 5415 cxvii,
3095 5342 3176 5417 5).

546 5434 753 5503 .mcntis
772 5434 926 5504 vigor
949 5448 1152 5504 sopore
1171 5434 1406 5503 laxatur,
1438 5449 1632 5495 somno
1659 5433 1970 5493 resolvitur.
1996 5432 2151 5489 Tunc
2329 5436 2385 5492 6.
2428 5438 2533 5494 Sed
2558 5453 2659 5495 nec
2678 5453 2928 5510 quaerere
2958 5435 3330 5509 perfunctorie
3355 5431 3589 5505 abundat
3611 5422 3670 5481 ad
3697 5427 3792 5489 δι’*

626 5613 653 5685 f‘
679 5612 901 5685 inpsal.
930 5630 1101 5685 cxvm
1128 5631 1299 5685 serto.
1328 5616 1385 5683 5,
1408 5631 1561 5681 nam.
1591 5617 1684 5679 35-

626 5616 901 5712 ;zuat-
922 5630 1101 5712 913'."
1128 5631 1302 5712 sm
1328 5616 1561 5712 eam
1591 5617 1684 5679 εε-

2293 5627 2315 5654 °
2344 5618 2399 5675 lo
2430 5620 2566 5689 psal.
2590 5634 2754 5677 csvut
2782 5633 2949 5676 serm.
2974 5618 3029 5685 7,
3056 5632 3207 5674 num.
3242 5616 3307 5673 51
3337 5622 3392 5672 et
3413 5629 3528 5684 seq.

679 5683 798 5740 Lib.
827 5684 895 5741 ds
922 5684 1094 5755 Isaac,
1125 5702 1245 5757 cap.
1269 5686 1323 5755 5,
1364 5688 1457 5763 βε.
