3920 6334
122 228 279 319 ἕβῆἤ

118 350 290 418 tiam,
321 353 435 431 sed
469 357 764 425 utinsistas
786 371 843 425 et
860 365 1113 427 intendas
1136 379 1369 433 muneri.
1399 381 1530 439 Deni

118 445 211 499 vel
232 445 507 505 Ecclesia
541 452 619 507 vel
646 456 848 523 anima,
868 476 991 531 qua:
1014 470 1294 539 requisivit
1325 474 1375 531 in
1402 476 1591 544 cubili,
1611 495 1760 551 qun:-

120 538 259 594 sivit
292 540 351 617 in
388 545 671 615 noctibus,
704 553 880 625 primo
906 573 1012 613 non
1032 561 1273 635 invenit;
1301 570 1423 639 quia
1456 572 1686 633 fortasse
1706 577 1761 633 in

122 630 301 686 cubili
336 637 626 705 quaesivit.
664 632 878 731 1574
901 646 1008 705 Sed
1035 630 1404 731 posteaquam
1425 630 1682 735 surrexit,

121 720 267 777 abiit
300 725 358 779 in
394 720 691 797 civitatem
715 720 862 805 (vide
894 758 961 799 ne
990 720 1049 801 iu
1081 747 1226 813 illam
1260 720 1533 814 civitatem
1564 762 1614 816 in
1653 778 1759 834 qua

121 815 409 881 Dominus
440 824 821 886 celebraturus
853 836 1084 907 pascha,
1134 842 1436 920 discipulos
1463 852 1760 913 deSIinavit

120 908 322 966 dicens
367 909 612 987 (Matth.
648 936 809 991 xxvx,
844 927 912 983 18
934 930 990 998 ):
1025 930 1107 988 Ite
1124 934 1178 989 in
1208 908 1463 997 civitatem
1486 945 1557 999 ad

122 1002 286 1076 dam)
311 1014 528 1089 postea
560 1029 719 1082 quam
762 1016 816 1072 in
854 1020 1006 1091 loro,
1061 1034 1118 1080 ut
1163 1029 1313 1099 dixi,
1345 1002 1754 1109 qttmsivit',‘ubi

119 1094 313 1151 oleum
347 1101 646 1171 venditur,
672 1109 817 1178 quod
844 1127 1237 1183 exspectantes
1265 1122 1538 1199 Sponsum
1566 1147 1753 1211 emere

123 1200 523 1261 consuerunt;
554 1196 643 1252 ubi
661 1196 878 1269 jus,nbi
898 1205 1071 1277 leges.
1098 1210 1155 1265 Si
1170 1215 1411 1283 enimlex
1425 1196 1750 1299 spiritualis,

122 1289 180 1336 et
210 1281 403 1345 forum
438 1290 631 1362 utique
658 1296 966 1367 spirituale,
1000 1302 1089 1358 ubi
1125 1305 1405 1377 disputant
1427 1281 1588 1384 periti
1616 1319 1752 1391 legis

124 1384 375 1432 aeternae.
411 1379 577 1448 Quod
607 1384 784 1443 forum
828 1406 934 1469 noq
966 1394 1152 1452 litibus
1194 1379 1588 1467 tumultu-osum
1626 1422 1746 1483 est,

124 1466 219 1522 sed
270 1468 502 1545 Christi
542 1466 1270 1561 tribunalibusgloriosum.
1322 1494 1422 1567 Ubi
1472 1466 1745 1573 qqmsivit:

124 1557 402 1630 inquam?
451 1563 515 1619 In
565 1569 706 1635 loro,
754 1584 808 1628 et
850 1557 972 1645 post
1017 1583 1267 1650 quaesivit
1311 1558 1362 1642 iu
1411 1557 1628 1660 plateis,
1679 1594 1748 1652 de

125 1650 327 1719 quibus
357 1653 415 1708 hi
449 1659 543 1726 qui
576 1660 642 1729 ad
674 1665 1082 1731 patrisfamilias
1105 1650 1423 1749 Evangelici
1458 1650 1742 1753 prandium

121 1749 523 1815 convenirent,
561 1755 1002 1828 colligebantur:
1054 1769 1143 1838 qui
1166 1774 1341 1827 vocati
1370 1781 1742 1857 excusandum
1773 1788 1821 1867 β

123 1851 181 1867 ιιι
220 1842 290 1867 ..1.
340 1843 481 1867 1.--.2--
502 1862 566 1867 ...Α
588 1864 601 1867 Α
632 1850 663 1867 ι·
816 1853 851 1867 ι-

122 1851 182 1896 se
220 1842 292 1896 ab
339 1843 664 1915 hujusmodi
709 1853 883 1922 epulis
915 1874 1021 1913 non
1046 1869 1318 1935 putarunt.
1355 1869 1549 1935 Postea
1582 1842 1740 1945 quam

124 1930 178 1987 in
219 1931 347 1990 foro
373 1978 389 2002 ,
429 1941 656 2008 inquam
678 1985 694 2011 ,
726 1953 781 2000 et
807 1950 1003 2017 plateis
1028 1959 1306 2026 qumsivit,
1340 1961 1529 2018 incidit
1563 1967 1612 2019 in
1647 1984 1745 2047 eos

125 2026 213 2094 qui
234 2027 592 2087 circumeunt
619 2034 921 2106 civitatem,
964 2052 1018 2099 et
1059 2053 1186 2102 tunc
1212 2049 1430 2107 domum
1464 2057 1640 2133 potuit
1665 2040 1745 2113 iu-

125 2120 316 2175 venire
338 2123 495 2192 quod
530 2142 839 2199 quaereret;
872 2133 1108 2193 fortasse
1135 2142 1277 2210 quod
1313 2144 1365 2199 in
1397 2120 1745 2209 tribulatione

127 2218 183 2267 et
208 2225 360 2269 metu
391 2219 580 2286 pOsila
610 2222 1042 2294 magislnveniat
1068 2234 1320 2305 gratiam.
1358 2237 1598 2312 Denique
1621 2259 1746 2315 pos-

128 2306 299 2363 terius
325 2309 407 2364 ait
434 2328 449 2365 :

198 2398 253 2453 7.
284 2399 477 2469 (Vers.
496 2403 583 2478 3.)
596 2404 910 2467 Invenerunt
930 2430 1009 2469 me
1019 2416 1108 2485 qui
1128 2418 1445 2478 circumeunt
1466 2425 1742 2498 civitatem,

137 2491 359 2549 tulerunt
392 2498 532 2553 mihi
584 2502 822 2571 pallium.
876 2507 1069 2565 Habuit
1115 2528 1248 2585 ergo
1284 2525 1600 2575 certamen:
1648 2491 1744 2591 sed

136 2786 279 2840 quem
305 2775 499 2831 dilexit
521 2783 698 2836 anima
712 2799 845 2849 mea,
868 2787 1103 2846 vidistis?
1122 2794 1249 2859 Quae
1260 2793 1535 2854 Christum
1561 2803 1750 2873 loque-

136 2862 310 2933 batur,
343 2886 453 2926 uex
481 2886 647 2929 exuta
675 2888 755 2932 est
785 2881 972 2950 pallio,
1019 2894 1075 2940 et
1121 2901 1281 2957 quem
1325 2893 1624 2963 quaerebat,
1665 2897 1748 2953 in-

142 2958 300 3016 venit.
326 2961 492 3022 Disce
534 2972 995 3038 quemadmodum
1024 2990 1300 3048 qumratur
1326 2958 1577 3043 Christus
1617 3006 1631 3045 :
1677 2993 1746 3047 ab

141 3047 220 3104 his
246 3054 436 3124 utique
476 3060 573 3130 qui
607 3078 713 3118 non
766 3047 1137 3136 perfunctorie
1182 3089 1457 3145 qun-runt,
1491 3082 1585 3137 scd
1626 3085 1742 3140 vio-

1126 258 1169 316 E
1204 261 1517 339 θρϐἰρτιδ
1556 270 1614 333 s.
1656 272 1980 345 AMBROSII
2017 282 2438 354 uouemus.

1537 386 1759 454 queisla
1789 397 1839 469 Α
1868 392 2051 452 dilexit
2095 403 2270 461 anima
2291 424 2420 462 mea.
2466 411 2763 474 Possumus
2815 432 2872 478 et

3324 320 3463 383 1894

2921 425 3000 483 sic
3050 429 3373 507 intelligere.
3413 444 3466 501 ln

1868 489 2029 543 cubiti
2056 498 2252 562 qna-rit
2278 501 2551 557 Christum
2577 548 2590 572 ,
2634 511 2724 580 qui
2756 517 2949 582 quierit
2978 535 3102 576 eum
3146 540 3268 582 cum
3320 543 3470 589 tran-

1865 581 2151 651 quillitate,
2180 603 2301 644 cum
2332 608 2485 661 pace.
2542 598 2599 653 lu
2651 606 2901 662 noctibus
2959 617 3175 684 qnmrit,
3209 626 3466 690 quoniam

1864 685 1962 741 per
1995 677 2281 745 parabolas
2308 685 2662 758 loquebatur;
2694 694 2878 753 Posuit
2899 706 3047 760 enim
3082 711 3318 769 tenebras
3344 719 3467 775 lati-

1862 764 2039 822 bulum
2067 787 2238 841 suum,
2270 787 2318 831 et
2346 795 2449 834 nox
2468 786 2606 838 nocti
2625 787 2822 844 indicat
2852 795 3118 853 scientiam
3141 801 3313 871 (Psal.
3332 825 3462 882 xvn,

1866 859 1885 882 Ι
1898 859 1952 882 ._\\
2013 863 2048 882 [ι
2064 879 2077 882 -
2091 865 2102 876 ⁸
2166 866 2178 882 Ι
2420 874 2430 882 ·
2724 881 2729 882 ⁷

1863 859 1977 931 12).
2012 863 2235 936 Deinde,
2267 874 2523 941 qttuttiam
2554 893 2675 948 qua:
2701 881 2936 942 dicimus
2963 890 3015 944 in
3044 859 3211 952 corde

1859 964 1923 1003 ea
1946 967 2046 1009 uos
2071 971 2437 1031 compungcre
2464 966 2662 1027 debent
2689 972 2742 1028 in
2774 977 3066 1039 cubilibus.

1933 1064 2018 1121 11.
2059 1066 2166 1125 Sed
2222 1082 2400 1131 tamen
2453 1095 2556 1137 nec
2602 1086 2683 1141 sic
2740 1089 2970 1162 invenit,
3015 1106 3070 1154 et
3113 1101 3235 1157 ideo
3288 1107 3456 1166 dicit:

1858 1156 2188 1235 Exsurgam,
2232 1167 2285 1222 id
2324 1182 2434 1238 est,
2483 1178 2686 1248 erigam
2717 1194 2767 1237 et
2801 1188 3048 1246 attollam
3098 1195 3456 1260 intentionem

1856 1262 2056 1319 meam,
2108 1266 2167 1309 ut
2210 1273 2449 1327 quaeram
2479 1264 2743 1339 impigre,
2792 1292 3031 1345 quaeram
3064 1286 3296 1345 sollicite
3328 1312 3340 1347 :
3376 1295 3459 1350 in-

1854 1340 2031 1399 troibo
2055 1343 2107 1400 in
2141 1346 2439 1408 civitatem.
2469 1356 2629 1413 Este!
2657 1340 2975 1437 anituaquae
2995 1372 3164 1430 dicit:
3194 1378 3302 1451 Ego
3332 1386 3459 1441 civi-

1853 1438 1931 1484 tas
1956 1436 2173 1502 munita,
2202 1455 2298 1512 ego
2347 1445 2529 1502 civitas
2552 1452 2757 1509 obsessa
2798 1456 2819 1527 (
2845 1436 2990 1518 Esai.
3022 1479 3170 1525 xxvn
3193 1512 3205 1529 .
3238 1436 3314 1544 ξ).
3359 1477 3457 1534 Est

2805 1519 2815 1527 .
3064 1519 3205 1529 ""“
3238 1519 3314 1544 'I'
3359 1519 3456 1534 ⁵⁴⁰⁹

1852 1519 2044 1579 civitas
2072 1529 2275 1585 munita
2302 1549 2400 1602 per
2424 1536 2720 1611 Christum,
2749 1559 2834 1602 est
2863 1552 3055 1610 civitas
3082 1556 3176 1614 illa
3199 1561 3456 1622 Hierusa-

1850 1606 1953 1664 lem
1982 1613 2036 1675 in
2065 1619 2224 1682 cmlo.
2259 1620 2311 1679 in
2341 1638 2442 1694 qua
2462 1630 2953 1696 abundantdivinae
2973 1648 3104 1717 legis
3130 1654 3457 1726 interpretes

1853 1708 1901 1726 Λα
1935 1701 2065 1726 ,12---3
2114 1708 2143 1726 '5
2493 1721 2503 1726 ‘
2538 1722 2548 1726 ‘

1851 1708 1906 1763 et
1931 1701 2343 1775 disciplinarum
2392 1721 2585 1788 periti,
2631 1740 2727 1795 per
2753 1746 2889 1800 quos
2920 1701 3153 1795 Verbum
3186 1701 3455 1820 Deirquaa-

1851 1794 1986 1820 ..:.....
2033 1798 2157 1820 nu-—
2206 1819 2213 1820 κ
2345 1809 2355 1819 ·
2479 1813 2489 1820 ·
2579 1818 2587 1820 “

2638 1794 2641 1795 ν
2770 1794 2782 1800 _
3186 1794 3278 1803 _-.
3307 1794 3441 1820 ...ων

1848 1794 2005 1850 ritur.
2031 1798 2306 1872 Quaeram,
2343 1809 2538 1881 inquit,
2576 1818 2630 1872 in
2672 1820 2792 1877 loro
2822 1827 2967 1884 illius
2993 1834 3254 1907 civitatis,
3282 1844 3333 1899 in
3364 1847 3456 1905 illo

1851 1885 1958 1907 f.,..A
2032 1891 2042 1907 Ι
2070 1892 2082 1903 ’
2122 1901 2133 1907 ⁸
2391 1904 2399 1907 “

1850 1885 1966 1955 [9⁸η
1991 1891 2084 1961 libi
2119 1901 2354 1963 "actam
2379 1904 2499 1970 jura
2524 1914 2780 1982 consulti,
2816 1920 2906 1975 ubi
2953 1925 3132 1983 oleum
3154 1885 3449 2009 iv'eiidittir,

1850 1986 1988 2009 an-..
2024 1988 2121 2009 rm
2156 2008 2189 2009 η
2247 1997 2278 2009 ..
2427 2002 2438 2009 .
2513 2004 2525 2009 -

3154 1986 3166 1995 .
3218 1986 3449 2009 τ---η---ν

1845 1986 1989 2055 quod
2020 1988 2364 2064 Evangelicze
2390 2002 2628 2074 virgines
2657 2027 2846 2071 emunt
2871 2061 2885 2085 ,
2938 2033 2995 2078 ut
3038 2041 3259 2099 semper
3308 2036 3453 2094 iaces

1847 2091 1962 2135 suae
2014 2083 2264 2154 luceant,
2298 2108 2399 2148 nec
2434 2112 2527 2152 eas
2558 2101 2739 2162 fumus
2770 2110 3071 2182 iniquitatis
3117 2126 3449 2199 exstinguat.

1847 2168 2094 2199 num-..“
2192 2180 2204 2199 ε
2224 2197 2237 2199 μ
2326 2186 2357 2199 ,Α
2439 2188 2449 2199 .
2556 2193 2568 2199 -
2669 2196 2679 2199 -

1845 2168 2096 2237 Quaeram
2128 2219 2142 2244 ,
2190 2180 2403 2254 inquit,
2436 2188 2487 2245 in
2517 2193 2712 2261 plateis
2754 2201 2806 2254 in
2857 2168 3068 2275 quibus
3103 2168 3452 2285 superﬂuunt;

1846 2278 2002 2334 aquae
2026 2268 2095 2333 de
2122 2271 2233 2337 illis
2253 2278 2490 2338 fontibus
2509 2268 2951 2368 prorumpentes,
2981 2302 3049 2358 de
3073 2268 3452 2377 quibus-gini;

1848 2372 1974 2413 mon
2004 2360 2135 2427 dicit
2157 2380 2281 2424 esse
2307 2376 2627 2441 potandum.

1920 2475 2007 2529 12.
2050 2477 2363 2544 Invenerunt
2385 2508 2483 2559 me,
2521 2495 2713 2568 inquit,
2747 2509 2986 2564 custodes
3011 2514 3100 2582 qui
3124 2517 3445 2580 circumeunt

1846 2566 2121 2627 civitatem.
2158 2576 2294 2640 Dum
2321 2588 2514 2652 quarrit
2543 2566 2712 2661 igitur
2736 2598 3045 2670 Christum;
3080 2607 3288 2668 invenit
3323 2631 3448 2673 eus-

1849 2659 2004 2714 todes
2043 2667 2133 2734 qui
2177 2670 2229 2723 in
2262 2675 2563 2733 ministerio
2587 2694 2746 2749 sunt;
2795 2692 2863 2744 ab
2893 2692 2978 2748 his
3005 2701 3265 2769 requirit:
3307 2705 3448 2763 Num

1846 2768 1995 2822 quem
2020 2756 2381 2830 diligitanima
2399 2786 2511 2825 mea
2537 2775 2774 2833 vidistis?
2792 2779 2900 2837 Sed
2929 2756 3109 2844 anima
3132 2756 3262 2863 qua)-

1847 2850 2063 2916 quaerit,
2088 2855 2255 2911 etiam
2282 2864 2539 2923 custodes
2571 2873 2784 2927 transit.
2825 2876 2967 2934 Sunt
3008 2882 3154 2938 enim
3184 2893 3445 2959 mysteria

1846 2954 1969 3009 qua:
1994 2944 2156 3002 etiam
2180 2953 2361 3021 angeli
2387 2963 2781 3031 concupiscunt
2815 2970 3002 3029 videre
3024 3016 3039 3041 ,
3071 2980 3213 3035 unde
3252 2980 3451 3043 Petrus

1846 3034 1954 3089 ait:
1990 3035 2249 3098 Nuntiata
2275 3056 2417 3115 sunt,
2471 3052 2667 3123 inquit,
2702 3059 2843 3115 vobis
2868 3079 2961 3135 per
2987 3084 3071 3123 eos
3091 3072 3275 3141 quibus
3300 3093 3453 3133 evan-

142 3137 309 3199 leuter
353 3150 636 3221 retinent,
665 3131 804 3211 sicut
850 3159 950 3214 ista
992 3179 1117 3233 qnte
1157 3131 1261 3220 ait:
1300 3169 1461 3224 Τριιηὶ
1492 3189 1606 3227 eum
1654 3192 1746 3231 nec
1771 3169 1816 3232 C
1849 3131 2219 3241 3i”“””"""
2266 3140 2472 3241 bium“
2514 3147 2727 3225 1575
2778 3168 2956 3213 “mdo
2991 3177 3148 3218 mmo
3194 3169 3258 3221 de
3286 3172 3450 3241 δίελθ’

143 3232 412 3307 dimittam,
443 3258 573 3296 eum
606 3243 711 3300 (ide
743 3249 969 3318 invenit,
999 3232 1356 3316 meditatione
1393 3267 1742 3323 constrinxit.

208 3328 262 3384 8.
304 3330 361 3387 Si
413 3335 594 3391 bonos
647 3341 905 3398 custodes
929 3344 1292 3419 ;accipitnns,
1341 3354 1530 3425 utique
1566 3360 1745 3429 angeli

145 3428 282 3476 sunt.
324 3425 431 3493 Qui
471 3444 606 3485 vero
652 3434 879 3503 angelos
911 3441 1177 3499 transivit.
1217 3442 1450 3500 Verbum
1494 3447 1741 3518 invenit;

148 3512 369 3589 ideoque
388 3538 499 3578 non
526 3528 759 3582 multum
786 3528 1065 3588 intervalli
1096 3533 1215 3604 fuit,
1250 3552 1372 3592 cum
1405 3543 1654 3599 transivit
1678 3546 1747 3602 ab

142 3606 245 3675 his,
275 3622 332 3669 et
353 3616 568 3674 invenit
596 3619 802 3678 Jesum.
863 3626 1149 3694 Quomodo
1173 3647 1305 3703 ergo
1332 3635 1472 3691 infra
1500 3638 1746 3696 tulerunt

149 3702 384 3772 pallium,
413 3711 521 3766 nisi
546 3713 684 3770 forte
707 3702 1341 3788 quiaprocessuull’ensw
1371 3730 1516 3797 tldei,
1552 3732 1743 3790 Eccle-

149 3796 222 3851 sia
259 3798 384 3857 dum
426 3807 690 3876 nudatur,
721 3827 751 3866 a
786 3814 1014 3871 Domino
1037 3817 1159 3887 plus
1182 3833 1412 3888 amatur,
1433 3829 1743 3896 exspolians

151 3900 206 3945 te
231 3904 469 3953 veterem
526 3900 799 3960 hominem
844 3919 901 3962 ut
938 3925 1137 3967 novum
1179 3914 1387 3983 induat,
1423 3934 1584 3991 quem
1633 3938 1741 3978 non

152 3984 393 4051 operiunt
419 4005 667 4062 peccata,
700 4000 795 4052 sed
823 4002 1021 4056 mentis
1044 4013 1255 4063 secreta
1286 4009 1588 4075 clariﬁcant
1607 4055 1621 4080 ,
1651 4024 1745 4070 aut

155 4077 266 4145 quia
292 4086 548 4142 amictum
579 4092 865 4161 sapientia:
895 4100 1172 4155 saecularis
1203 4101 1270 4157 ad
1300 4102 1577 4161 Christum
1609 4123 1744 4164 ven-

156 4176 263 4225 tura
287 4174 572 4245 deposuit?
599 4190 656 4238 et
682 4199 789 4240 non
820 4198 1015 4245 exutus
1044 4200 1127 4247 est
1146 4193 1343 4264 pallio,
1371 4208 1562 4275 postea
1581 4217 1741 4273 quam

157 4264 308 4332 coepit
331 4284 454 4326 esse
482 4273 795 4343 perfectior.

220 4357 270 4414 9.
287 4360 467 4422 Simus
494 4383 627 4440 ergo
647 4376 1377 4447 memoresjustilicationum
1403 4386 1738 4455 caelestium;

1850 3236 1900 3275 tn
1941 3240 2088 3293 quem
2110 3232 2477 3302 concupiscunt
2505 3245 2678 3312 angeli
2706 3250 3000 3318 prospicere
3026 3252 3072 3327 (Ι
3103 3253 3222 3314 Pet.
3256 3276 3296 3328 l,
3332 3232 3448 3334 l2):

1924 3338 2009 3396 15.
2057 3341 2238 3414 (Vers.
2295 3348 2379 3421 4.)
2431 3352 2603 3421 Quam
2654 3363 2911 3419 modicum
2960 3386 3076 3424 cum
3124 3379 3338 3433 transivi
3385 3381 3449 3449 ab

1848 3430 1940 3496 eis,
1975 3434 2300 3507 invenieum,
2332 3448 2474 3500 tenui
2493 3464 2630 3517 eum,
2658 3464 2704 3506 et
2744 3473 2846 3512 non
2892 3461 3067 3518 dimisi
3113 3484 3249 3523 eum.
3307 3473 3447 3544 Ergo

1845 3524 1935 3593 qui
1966 3532 2550 3608 transieritcustodes,
2604 3543 2839 3605 Verbum
2889 3555 3113 3612 invenit.
3166 3561 3447 3623 Transivit

1851 3614 2131 3687 Joannes,
2183 3628 2273 3694 qui
2328 3628 2561 3688 Verbum
2593 3641 2733 3708 apud
2778 3641 2993 3702 Patrem
3045 3651 3270 3712 invenit.
3301 3658 3453 3718 Multi

1846 3722 2060 3781 quoque
2081 3714 2170 3769 alii
2199 3723 2438 3791 suntqui
2467 3726 2520 3780 in
2549 3732 2658 3783 otiu
2686 3750 2935 3804 quarrunt
2955 3742 3252 3817 Christum,
3279 3761 3451 3811 etnon

1845 3801 2160 3864 inveniunt:
2213 3823 2269 3869 et
2310 3831 2560 3885 quaerunt
2603 3839 2727 3881 eum
2768 3829 2824 3884 in
2870 3842 3367 3914 persecutiouibus,
3397 3859 3455 3923 et

1846 3895 2128 3923 :........:_.._.
2209 3906 2271 3923 η-
2318 3899 2367 3923 ει
2611 3918 2621 3923 -

2870 3895 2883 3902 -
3159 3895 3359 3914 ww",

1845 3895 2151 3958 inveniunt.
2206 3906 2276 3962 Et
2316 3899 2438 3967 ideo
2467 3918 2621 3984 quasi
2656 3931 2778 3989 post
2824 3931 3177 4007 tentatinnes,
3226 3922 3359 4007 quia

1845 3989 2100 4058 periculis
2148 3997 2387 4057 fidelium
2434 4019 2656 4064 suorum
2709 4014 2904 4071 adest:
2943 4021 3110 4089 Quam
3162 3989 3448 4102 mo'dicum,

2946 4079 2984 4089 .-
3165 4079 3448 4102 ..----........,

1843 4079 2040 4154 inquit,
2073 4104 2189 4142 cum
2222 4095 2435 4150 transivi
2463 4099 2527 4152 ab
2556 4103 2652 4169 eis,
2675 4106 2847 4163 inveni
2868 4127 2984 4167 eum
3007 4157 3023 4183 ,
3067 4129 3116 4174 et
3144 4124 3287 4177 tenui
3312 4142 3450 4207 eum,

1846 4186 1892 4207 ΔΙ
1912 4195 2012 4207 οιΑ..
2048 4181 2216 4207 Δε...ε,ξ
2248 4203 2349 4207 μυξη
2406 4190 2447 4207 n
2550 4194 2563 4207 ο
2699 4199 2710 4207 .
2872 4204 2880 4207 .

1844 4186 2013 4234 etnon
2044 4181 2216 4239 dimisi
2239 4203 2372 4243 eum.
2404 4190 2594 4250 Omnis
2621 4199 2767 4255 enim
2792 4204 2883 4274 qui
2915 4181 3455 4287 quaerit,invenit;ei

1843 4272 1935 4341 qui
1963 4272 2253 4347 invenerit,
2279 4282 2561 4343 adhaerere
2583 4289 2774 4360 debet,
2801 4313 2871 4354 ne
2896 4305 3067 4371 possit
3101 4311 3373 4370 amittere.

1916 4366 2005 4421 14.
2049 4366 2117 4424 Et
2145 4375 2399 4449 quoniam
2429 4394 2529 4450 per
2552 4366 2978 4458 Evangeliumin
3006 4401 3169 4456 terris
3201 4366 3448 4468 videmus

159 4461 212 4504 ut
230 4452 351 4512 dum
386 4474 482 4518 eas
502 4475 713 4523 secreta
746 4470 942 4526 mentis
969 4488 1105 4531 voce
1133 4489 1437 4544 cantamus,
1470 4452 1742 4540 memores
1761 4553 1819 4592 ῃ
1843 4459 2093 4568 θωιξθδίίθ
2124 4470 2379 4592 "‘Yflell'ia
2403 4472 3033 4592 “Ettrita,:'\'ttnia’t‘tiusad
3053 4492 3451 4575 Magdalenam,

163 4541 318 4592 simus
343 4551 393 4592 in
422 4566 579 4592 nnnln
606 4561 838 4592 nnm:n:n
871 4565 1079 4592 n....:..:
1131 4580 1178 4592 --ι
1216 4572 1401 4592 12",“,
1526 4586 1536 4592 .
1661 4582 1671 4592 .
1843 4568 2126 4592 vnum-nnc
2165 4575 2210 4592 ο,
2273 4578 2298 4592 ιι
2329 4573 2498 4592 hum...
2589 4587 2725 4592 __.__,,

2445 4541 2461 4543 _
2634 4541 2663 4549 ν,
2972 4541 3031 4543 η-
3053 4541 3451 4575 -.ησ.....ν.......,

163 4541 318 4603 simus
343 4551 393 4605 in
422 4566 579 4615 nocte
605 4561 841 4618 nominis
869 4565 1102 4637 Dnmiui,
1127 4580 1181 4625 et
1210 4572 1455 4630 dicamus
1484 4586 1543 4632 ut
1565 4582 1741 4651 scrip—
1761 4553 1819 4614 Β
1843 4568 2128 4664 νίῖ¹¹¹³¹ξ¹¹¹⁵
2271 4564 2499 4664 {meram
2532 4568 2776 4628 Mamm'
2808 4576 3229 4645 cons'dcrcmus
3259 4608 3452 4664 (μεθίη-

166 4642 264 4664 ΙΙΙ...
294 4652 367 4664 Α-.
394 4663 399 4664 γ
447 4646 488 4664 ,Ι
604 4654 623 4664 Α
917 4658 950 4664 --
975 4660 985 4664 -
1123 4662 1131 4664 ξ

166 4642 267 4692 tum
290 4652 403 4698 est:
438 4646 563 4704 Haec
592 4654 731 4724 facta
756 4666 831 4710 est
857 4658 1005 4725 mihi,
1046 4662 1166 4731 quia
1187 4666 1594 4737 justiﬁcationes
1625 4682 1738 4729 tuas

166 4733 393 4799 exquisivi
438 4739 629 4812 (Psal.
660 4762 825 4804 csvnt
846 4791 861 4813 ,
895 4751 1019 4823 56);
1049 4752 1152 4811 hoc
1191 4769 1296 4828 est,
1331 4760 1444 4817 lucc
1472 4768 1735 4825 memoria

166 4815 295 4877 facta
319 4838 400 4883 est
425 4833 573 4899 mihi,
603 4846 660 4892 ut
690 4855 900 4899 memor
926 4859 1102 4901 essem
1144 4855 1199 4903 et
1234 4849 1287 4904 in
1313 4861 1471 4913 nocte
1501 4858 1738 4927 nominis

168 4911 236 4965 ίυί
261 4954 275 4979 ν
302 4931 401 4974 non
441 4926 703 4985 ebrietate
742 4933 974 5002 sepitus,
1005 4953 1111 4993 non
1154 4941 1332 5009 epulis
1376 4948 1648 5003 resolutus
1679 4950 1733 5006 in

166 5012 420 5078 somnum,
457 5031 559 5073 non
578 5022 1420 5102 curissmeularibusoceupatus,
1451 5052 1517 5091 ne
1539 5039 1737 5117 oblivia

170 5092 286 5117 ...ξω
302 5109 349 5117 .μ
643 5116 649 5117 κ
736 5116 743 5117 ί

170 5092 401 5173 mihitute
417 5116 780 5173 venerationis
801 5117 1102 5191 irreperent
1128 5142 1141 5178 :
1172 5126 1265 5183 sed
1293 5114 1604 5197 quotidiana
1622 5149 1738 5191 me-

168 5178 408 5248 ditatione
435 5203 676 5281 membra
697 5178 971 5281 castigans
991 5254 1004 5278 ,
1056 5227 1113 5272 et
1142 5217 1498 5279 intentionem
1538 5229 1736 5283 mentis

170 5282 441 5375 Ierercens;
473 5270 545 5346 ἰιι
591 5298 908 5356 assiduitate
952 5303 1045 5361 ﬁat
1071 5309 1228 5365 nobis
1257 5326 1453 5369 cursus
1500 5315 1604 5374 iste
1646 5335 1736 5375 so-

171 5356 368 5439 lemnis,
395 5387 453 5433 ut
480 5383 767 5447 Dominum
806 5392 995 5453 Jcsum
1023 5401 1187 5457 etiam
1238 5404 1292 5459 iu
1340 5410 1588 5467 noctibus
1620 5420 1735 5477 toto

170 5464 474 5528 veneremur
507 5477 724 5539 affectu.

234 5547 315 5606 10.
343 5557 455 5617 ⁸1η
496 5570 734 5631 cubiculo
792 5595 928 5651 meo,
969 5583 1025 5639 in
1071 5588 1304 5669 noctibus
1334 5597 1557 5679 λιμωρὶῃᾷ
1578 5615 1734 5679 quem

239 5713 264 5744 ι
296 5707 411 5774 Lib.
438 5721 507 5784 de
523 5725 693 5805 Isaac,
723 5752 845 5817 cap.
866 5742 927 5813 8.
1132 5746 1225 5825 3.9-

1847 4650 2137 4707 admodum
2161 4652 2439 4715 Christum
2479 4662 2533 4716 in
2583 4667 2747 4723 cubili
2779 4678 3026 4744 corporis
3075 4683 3187 4751 sui,
3236 4685 3290 4740 in
3342 4706 3451 4760 quo

1846 4742 2137 4801 defunctus
2159 4747 2396 4821 iacebat,
2445 4756 2499 4811 in
2528 4762 2780 4818 noctibus
2810 4742 3186 4842 quaesiverit”,
3228 4742 3447 4857 quando

1849 4834 1976 4857 .I:_.:.
2283 4845 2296 4857 .
2453 4847 2475 4857 -
2726 4856 2729 4857 ν

1845 4834 1983 4891 dixit
2005 4837 2115 4895 illis
2143 4845 2364 4914 angelus
2396 4865 2408 4900 :
2439 4847 2619 4906 Iesum
2645 4856 2733 4926 qui
2765 4862 3047 4931 cruciﬁxus
3073 4878 3145 4922 est
3174 4834 3405 4940 quieritis
3430 4893 3449 4939 :

1845 4944 1951 4984 non
1979 4942 2053 4987 est
2085 4933 2187 4999 hic,
2215 4942 2443 4995 surrexit
2472 4945 2609 4998 enim
2635 4963 2653 5000 :
2682 4950 2808 5020 quid
2836 4954 2995 5025 igitur
3018 4963 3247 5027 quteritis
3270 4966 3443 5022 viven-

1847 5030 1948 5076 tem
1978 5040 2095 5078 cum
2144 5029 2359 5084 mortuis
2407 5030 2623 5103 (Matth.
2665 5054 2862 5111 xxvut,
2923 5046 2957 5100 5
3009 5057 3058 5101 et
3107 5052 3277 5125 seq)?
3307 5057 3447 5127 Quid

1844 5119 2090 5187 quaeritis
2120 5121 2170 5175 in
2193 5125 2448 5194 sepulcro
2468 5143 2614 5197 eum,
2647 5135 2737 5203 qui
2765 5134 2877 5207 jam
2909 5139 2961 5194 in
3002 5144 3141 5200 caelo
3171 5148 3278 5203 sit?
3308 5154 3447 5223 Quid

1843 5214 2087 5283 qnmritis
2116 5216 2170 5271 in
2196 5218 2429 5276 vinculis
2458 5226 2782 5294 sepulturas,
2814 5233 3199 5294 universorum
3231 5244 3450 5313 vincnia

1841 5305 2186 5363 solventem?
2214 5310 2332 5365 Non
2384 5318 2691 5385 sepulcrum
2730 5323 2854 5377 huic
2884 5328 3076 5413 sedes,
3126 5336 3221 5391 sed
3251 5340 3450 5409 coelum

1841 5406 1952 5464 est;
1984 5399 2109 5456 ideo
2133 5402 2270 5459 dixit
2294 5420 2396 5461 una
2426 5422 2492 5463 ex
2521 5409 2642 5466 his:
2679 5414 2908 5483 Quaesivi
2935 5406 3070 5490 eum,
3100 5434 3147 5481 et
3168 5433 3453 5505 noniuveni

1842 5491 2020 5563 (Cant.
2052 5511 2144 5563 ut,
2175 5497 2252 5572 1).
2288 5499 2492 5557 Tamen
2547 5504 2673 5562 dum
2704 5509 2910 5567 vadunt
2948 5522 3215 5586 apostolis
3244 5491 3450 5583 rennn‘

1839 5583 2004 5656 tiare,
2020 5587 2276 5661 misertus
2295 5603 2632 5681 quaerentes,
2661 5604 2902 5686 occurrit
2927 5583 3009 5691 eis
3028 5608 3195 5695 )esus
3219 5615 3412 5697 dicens
3433 5637 3452 5680 :
