3920 6308
123 306 268 364 1897

1134 307 1175 364 Ε
1212 310 1520 368 SCRIPTlS
1558 310 1616 367 S.
1659 302 1979 365 AMBROSII
2020 304 2443 363 COLLFCTUS.

3286 310 3427 367 {898

186 429 281 484 22.
328 426 516 497 Neque
559 438 692 481 vero
735 423 786 480 id
836 424 1121 496 quisquam
1174 425 1331 482 facile
1376 428 1545 483 facit:
1592 425 1718 497 quid
1749 426 1795 484 Λ
1826 422 2274 486 summationem,
2307 431 2362 477 et
2410 420 2533 476 ﬁdei
2568 419 2955 491 plenitudinem
2990 436 3003 474 :
3037 420 3430 491 quindenarius

116 521 264 576 enim
296 528 411 575 tam
452 517 674 574 difﬁcile
702 532 864 589 quam
893 518 1166 588 dispicere
1198 529 1469 591 tamquam
1499 535 1566 574 ex
1597 534 1723 576 arce

116 615 296 685 aliqua
330 612 635 684 sapientiae,
670 626 804 681 opes
825 611 1039 683 aliaque
1067 612 1271 678 omnia,
1303 629 1423 683 qua:
1450 613 1723 683 plerisque

118 707 374 763 videntur
418 719 607 775 magna
648 713 703 759 et
753 704 1054 775 praacelsa?
1100 704 1309 759 Deinde
1357 714 1414 759 ιιι
1455 703 1718 773 judicium

116 810 266 858 tuum
294 799 485 856 stabili
513 798 725 854 ratione
751 798 1043 853 conﬁrmes
1067 839 1082 865 ,
1133 807 1188 852 et
1227 814 1347 868 quae
1388 797 1720 867 jndicaveris

113 894 276 959 levia,
338 902 615 963 tamquam
646 889 779 946 nihil
814 892 1093 962 profutura
1120 891 1485 946 contemnas?
1514 891 1719 947 Deinde

112 997 171 1044 ut
198 987 242 1043 si
273 984 409 1058 quid
440 983 698 1040 acciderit
721 984 959 1051 adversi,
989 983 1151 1054 idque
1189 998 1354 1055 grave
1382 994 1437 1038 et
1460 984 1715 1039 acerbum

112 1090 352 1151 putetur,
410 1079 485 1135 ita
514 1077 678 1143 feras,
707 1086 765 1132 ut
786 1076 921 1131 nihil
953 1087 1150 1148 praeter
1176 1086 1422 1131 naturam
1452 1076 1718 1133 accidisse

112 1184 291 1248 putes,
323 1188 450 1229 cum
475 1172 671 1244 legeris
696 1187 711 1226 :
743 1170 929 1225 Nudus
958 1186 1078 1225 sum
1112 1178 1291 1234 natus,
1316 1168 1492 1225 nudus
1512 1169 1674 1225 exibo
1699 1186 1712 1223 :

113 1287 227 1342 qua:
244 1268 512 1323 Dominus
536 1266 709 1331 dedit,
733 1265 993 1321 Dominus
1018 1273 1074 1319 et
1102 1262 1327 1318 abstulit
1356 1262 1498 1335 (Job.
1530 1262 1711 1333 t,2l);

114 1373 165 1420 et
186 1364 375 1432 utique
409 1370 466 1417 et
492 1360 632 1414 filios
659 1360 919 1414 amiserat
963 1366 1017 1412 et
1062 1355 1387 1413 facultates:
1420 1370 1715 1425 servosque

114 1458 162 1513 in
191 1455 453 1512 omnibus
484 1466 777 1524 personam
824 1449 1089 1520 sapientis
1129 1459 1184 1505 et
1224 1449 1380 1519 justi,
1433 1447 1572 1503 sicut
1622 1447 1714 1502 ille

114 1552 366 1616 servavit,
398 1547 495 1620 qui
523 1548 637 1603 ait:
673 1546 826 1602 Sicut
866 1543 1091 1599 Domino
1139 1544 1375 1615 placuit,
1414 1542 1487 1596 ita
1515 1545 1711 1613 factum

112 1658 211 1715 est,
239 1646 307 1700 sit
356 1660 545 1699 nomen
573 1640 786 1697 Domini
811 1640 1134 1695 benedictum
1165 1637 1380 1711 (Ibid.).
1414 1637 1482 1693 Et
1528 1636 1666 1692 infra
1693 1679 1708 1705 ,

115 1739 255 1795 Sicut
305 1753 415 1792 una
456 1735 816 1807 insipientium
858 1733 1136 1787 mulierum
1174 1732 1348 1786 locuta
1383 1745 1474 1785 es:
1501 1730 1548 1784 si
1577 1731 1710 1784 bona

1831 529 1961 571 vero
2017 530 2275 571 numerus
2330 525 2525 585 quater
2575 514 2789 579 ductus,
2824 516 2914 585 qui
2969 523 3095 571 sunt
3124 518 3426 588 sexaginta,

1828 608 2107 680 Evangelii
2143 610 2551 679 perfectionem.

1896 702 1990 757 26.
2038 703 2217 769 chae
2262 712 2346 757 est
2398 712 2579 757 autem
2610 716 2857 774 propago
2906 700 2959 757 in
3008 703 3163 775 cujus
3194 704 3426 762 circuitu

1824 804 2076 867 potentes
2104 796 2191 851 isti
2224 797 2388 851 sunt?
2418 794 2782 865 Neplttltalim,
2813 796 3012 868 inquit,
3039 798 3155 854 vitis
3184 800 3421 867 remissa,

1822 889 2089 960 porrigens
2106 889 2160 942 in
2180 889 2406 960 germine
2426 889 2682 943 decorem.
2713 888 3061 946 Sarmentum
3100 890 3227 946 vitis
3273 892 3422 948 aliud

1821 989 2135 1051 amputatur
2154 980 2297 1051 quod
2325 980 2543 1037 videtur
2573 981 2786 1049 inutile,
2830 997 2898 1037 ne
2926 997 3080 1039 cassa
3126 984 3252 1039 vitis
3303 1000 3422 1041 sar-

1820 1083 2130 1129 mentorum
2161 1074 2526 1129 exsultatione
2573 1073 2844 1135 luxuriet,
2893 1086 2950 1130 et
2974 1074 3117 1129 aliud
3146 1077 3425 1146 paulisper

1820 1165 2082 1221 reciditur
2131 1174 2185 1220 et
2229 1165 2565 1231 remittitur,
2615 1176 2673 1219 ut
2703 1165 2935 1221 fructum
2992 1168 3217 1234 afferat,
3264 1172 3419 1238 cujus

1819 1259 1986 1315 decus
2020 1261 2074 1315 in
2104 1261 2458 1331 generatione
2486 1260 2802 1330 porrigitur;
2830 1261 2953 1329 qttia
2982 1260 3107 1314 dum
3135 1263 3199 1315 ad
3230 1277 3420 1333 super-

1818 1369 1888 1409 na
1920 1369 1980 1409 se
2029 1354 2278 1425 subrigit,
2312 1355 2477 1409 vitem
2530 1354 2906 1424 amplectitur,
2939 1364 2991 1410 et
3047 1355 3112 1408 ad
3160 1356 3418 1413 verticem

1818 1447 2277 1518 ascettdens,jugi
2309 1447 2556 1518 qumdam
2589 1446 2730 1502 colla
2754 1445 2940 1502 vitium
2977 1448 3201 1519 pretiosi
3229 1449 3421 1518 palmi-

1820 1541 1887 1595 tis
1919 1540 2081 1595 vestit
2104 1540 2315 1595 monili.
2346 1541 2440 1595 Est
2471 1548 2528 1595 et
2557 1539 2649 1594 ille
2665 1539 2902 1595 decorus
2957 1541 3010 1594 in
3043 1542 3418 1611 generatione,

1815 1636 1938 1704 quia
1962 1634 2136 1704 plenis
2166 1633 2479 1705 palmitibus
2518 1634 2719 1689 multos
2757 1634 2965 1689 fructus
3014 1634 3273 1690 exundat.
3317 1635 3421 1692 De-

1812 1741 2002 1782 corum
2028 1725 2153 1793 hoc,
2171 1726 2265 1780 sed
2291 1726 2463 1780 multo
2480 1724 2609 1780 illud
2630 1725 2926 1795 pulchrius,
2946 1726 3089 1796 quod
3112 1726 3415 1784 haerentem

112 1834 421 1904 sttscepimus
452 1832 519 1886 de
545 1848 699 1886 manu
722 1826 957 1897 Domini,
987 1842 1105 1898 qua:
1149 1828 1289 1882 mala
1316 1836 1435 1881 sunt
1467 1842 1572 1880 non
1594 1841 1709 1881 sus-
1738 1824 1787 1885 B
1813 1818 2089 1890 palmitem
2120 1818 2217 1872 viti
2247 1816 2517 1888 signiﬁCat
2546 1816 2801 1887 spiritali,
2831 1818 2986 1888 cujus
3027 1834 3126 1874 nos
3178 1836 3426 1877 sarmen-

116 1928 374 1984 tinebimus
406 1925 602 1998 (Ibid.,
635 1924 729 1995 2)?

178 2022 266 2076 23.
299 2030 323 2057 ει
349 2019 474 2075 Non
521 2026 607 2074 est
629 2017 796 2088 igitur
827 2014 1120 2072 mediocris
1151 2029 1252 2071 nec
1278 2013 1514 2071 discreta
1543 2029 1571 2069 a
1598 2030 1706 2070 ca:-

113 2115 237 2171 teris
265 2113 433 2169 animi
483 2110 788 2177 fortitudo,
833 2125 957 2180 quae
992 2108 1198 2164 bellum
1250 2124 1372 2164 cum
1421 2108 1711 2163 virtutibus

114 2217 282 2281 gerat;
332 2205 429 2263 sed
472 2220 599 2276 qu:e
626 2204 740 2260 sola
778 2202 1036 2259 defendat
1083 2211 1400 2257 ornamenta
1448 2203 1707 2256 virtutum

116 2301 340 2357 omnium
369 2342 383 2365 ,
434 2306 495 2353 et
535 2295 741 2367 judicia
787 2294 1105 2360 custodiat,
1153 2301 1209 2349 et
1246 2309 1367 2364 quae
1395 2293 1710 2364 inexpiabili

117 2397 293 2467 prmlio
323 2394 596 2451 adversus
629 2392 814 2448 omnia
843 2390 973 2445 vitia
1000 2388 1282 2452 decernat,
1318 2387 1513 2442 invicta
1545 2385 1613 2442 ad
1636 2387 1713 2441 la-

120 2489 290 2557 bores,
319 2488 478 2544 fortis
494 2487 563 2542 ad
579 2485 818 2557 pericula
831 2525 844 2549 ,
866 2481 1089 2554 rigidior
1106 2480 1367 2537 adversus
1379 2480 1710 2550 voluptates,

124 2584 243 2639 dura
269 2583 542 2638 adversus
570 2578 855 2635 illecebras
873 2617 888 2644 ,
917 2575 1117 2647 quibus
1156 2589 1345 2630 aurem
1373 2573 1590 2629 deferre
1619 2588 1714 2627 ne-

124 2677 265 2740 sciat,
299 2690 399 2731 nec
426 2673 521 2745 (ut;
545 2670 767 2740 dicitur)
796 2684 896 2725 ave
917 2667 1095 2734 dicat,
1128 2666 1412 2738 pecuniam
1444 2664 1709 2735 negligat,

126 2770 387 2826 avaritiam
434 2767 612 2839 fugiat
662 2775 936 2836 tamquam
987 2761 1170 2817 labem
1220 2759 1543 2831 quamdam,
1592 2772 1714 2827 quae

126 2866 365 2922 virtutem
391 2863 707 2928 eﬁ‘eminet;
750 2860 883 2916 nihil
927 2858 1072 2915 enim
1102 2867 1211 2913 tam
1242 2856 1575 2912 contrarium
1604 2854 1716 2909 for-

128 2958 349 3024 titudini,
379 2972 549 3029 quam
579 2956 731 3010 lucro
760 2952 929 3008 vinei.
961 2950 1304 3019 Frequenter
1337 2947 1503 3016 pulsis
1544 2944 1716 3000 hosti-

128 3051 251 3116 bus,
297 3050 562 3107 inelinata
612 3049 667 3103 in
708 3047 885 3117 fugam
916 3041 1356 3099 adversariorum
1388 3038 1505 3093 acie
1532 3079 1545 3103 ,
1586 3036 1713 3092 dum

130 3150 318 3205 exuviis
336 3160 610 3205 caesorum
652 3143 863 3216 capitur
890 3140 1200 3211 proeliator,
1234 3136 1376 3192 inter
1405 3136 1553 3204 ipsos
1581 3146 1717 3203 quos

1814 1923 1927 1968 tum
1958 1926 2168 1979 sumus,
2197 1920 2252 1966 et
2278 1910 2514 1966 fructum
2547 1909 2746 1966 afferre
2777 1926 3100 1981 possumus,
3130 1912 3174 1967 si
3203 1927 3424 1969 manea-

1814 2019 1936 2061 mus
1965 2005 2017 2060 in
2043 2006 2177 2073 vite;
2202 2004 2286 2059 sin
2310 2012 2513 2069 autem,
2539 2004 2907 2074 prmcidimur.
2938 2005 3169 2060 Sanctus
3192 2007 3422 2076 patriar-

1812 2097 1914 2153 cha
1964 2095 2312 2168 Nephthalim
2368 2105 2486 2152 erat
2531 2096 2739 2165 palmes
2793 2097 3117 2167 abundans,
3170 2099 3312 2155 unde
3367 2110 3425 2156 et

1815 2192 2030 2264 Moyses
2050 2190 2181 2247 dicit
2213 2208 2227 2246 :
2258 2189 2603 2260 Nephtltalim
2624 2191 2835 2245 satietas
2847 2192 3231 2261 accipientium,
3250 2194 3424 2265 reple-

1815 2282 1949 2338 bitur
1980 2283 2331 2338 benedictione
2353 2300 2384 2335 α
2413 2280 2641 2336 Domino
2663 2297 2682 2335 :
2721 2298 2863 2336 mare
2894 2294 2940 2336 et
2981 2283 3219 2355 Africum
3251 2286 3420 2357 possi-

1816 2376 1951 2430 debit
1974 2376 1994 2449 (
2017 2376 2172 2430 Deut.
2206 2390 2396 2441 χχχιιι,
2423 2373 2550 2445 25);
2581 2388 2858 2445 exponens
2911 2373 3015 2429 hoc
3069 2376 3213 2446 quod
3255 2377 3421 2433 Iacob

1816 2469 2051 2535 dixerat,
2086 2466 2217 2537 quid
2246 2466 2317 2521 sit
2338 2467 2456 2520 vitis
2493 2467 2729 2527 remissa,
2766 2466 2866 2520 hoc
2885 2476 2993 2533 est,
3025 2482 3123 2537 per
3149 2468 3275 2523 ﬁdei
3300 2484 3425 2539 gra-

1818 2564 1945 2619 tiam
1975 2562 2204 2618 vinculis
2234 2562 2425 2616 mortis
2450 2570 2648 2617 exutus
2673 2579 2685 2615 :
2719 2561 2771 2615 in
2812 2577 2919 2627 quo
2952 2561 3293 2629 signiﬁcatur
3322 2579 3417 2633 po-

1818 2656 1974 2728 pulus
2005 2655 2101 2711 Dei
2135 2653 2203 2710 ad
2238 2654 2541 2710 libertatem
2595 2653 2720 2708 ﬁdei
2748 2662 2803 2709 et
2842 2654 3152 2710 ubertatem
3192 2667 3417 2715 vocatus

1815 2750 2040 2821 gratim,
2074 2756 2187 2802 toto
2216 2747 2348 2802 orbe
2379 2746 2638 2813 diﬁ‘usus,
2686 2747 2777 2816 qui
2815 2746 3006 2816 jugum
3037 2747 3236 2803 Christi
3272 2751 3416 2806 bono

1818 2841 1994 2896 fructu
2024 2840 2241 2903 vestiat,
2285 2847 2342 2895 et
2378 2839 2522 2910 ligna
2577 2853 2721 2894 verae
2766 2838 2912 2893 illius
2952 2839 3104 2907 vitis,
3165 2841 3270 2897 hoc
3315 2853 3419 2909 est,

1818 2932 2074 3005 mysteria
2105 2930 2400 2986 Dominicaa
2451 2929 2631 2985 crucis
2676 2929 2899 2996 ambiat,
2941 2946 3042 2985 nec
3081 2932 3268 2988 timeat
3293 2948 3421 2989 con-

1819 3026 2071 3082 fessionis
2091 3025 2526 3095 ejuspericulum
2554 3041 2566 3077 :
2592 3022 2685 3079 sed
2721 3024 2896 3093 magis
2921 3025 3085 3079 etiam
3142 3027 3191 3079 in
3239 3041 3422 3096 perse-

1819 3120 2130 3176 cutionibus
2157 3120 2389 3188 positus,
2425 3120 2627 3175 Christi
2653 3120 2873 3176 nomine
2894 3122 3177 3192 glorietur.

129 3243 323 3312 stravit,
354 3212 993 3298 miserandus—occubuit
1020 3251 1035 3289 :
1064 3244 1120 3290 et
1152 3229 1439 3302 triumphis
1467 3229 1581 3283 suis
1617 3227 1714 3283 de-
1742 3215 1787 3279 C
1890 3214 1982 3268 27-
2012 3212 2037 3250 ί¹
2061 3212 2273 3270 Tenent
2299 3222 2479 3268 autem
2507 3213 2678 3271 ἷοΐιθε
2706 3214 2792 3271 is“
2821 3214 3033 3285 gladios
3062 3216 3116 3270 ίη
3144 3217 3417 3284 mallibus.

128 3335 269 3406 jectat
297 3336 546 3406 legiones
571 3333 701 3388 dum
744 3328 954 3404 1577
984 3325 1178 3397 spoliis
1219 3331 1582 3394 occupantur,
1612 3319 1711 3375 ho-

132 3438 253 3487 stem
274 3431 326 3486 in
355 3445 414 3487 se
441 3435 795 3491 revocarunt,
821 3423 913 3495 qui
942 3422 1173 3493 fugerat.

191 3526 275 3582 ιιι.
315 3522 610 3581 Fortitudo
636 3522 796 3593 igitur
820 3527 929 3574 tam
963 3518 1257 3571 immanem
1288 3519 1496 3583 pestem
1529 3507 1709 3577 repel-

133 3618 201 3675 lat
218 3627 268 3675 et
290 3625 552 3689 proterat,
586 3628 689 3670 nec
719 3620 960 3668 tentetur
1006 3602 1415 3677 cupiditatibus,
1442 3615 1545 3656 nee
1568 3598 1712 3653 fran-

136 3720 273 3782 gatur
299 3720 474 3777 metu;
513 3708 640 3781 quia
666 3706 838 3761 virtus
863 3703 965 3758 sibi
994 3706 1240 3765 constat,
1269 3705 1328 3752 ut
1356 3695 1572 3750 fortiter
1597 3708 1713 3747 om-

136 3803 210 3858 nia
238 3811 593 3874 persequatur
618 3798 768 3862 vitia,
802 3803 1070 3864 tamquam
1099 3788 1315 3845 virtutis
1343 3800 1569 3843 venena.
1604 3784 1714 3838 lra-

136 3897 361 3952 cundiam
424 3895 581 3953 velut
628 3888 952 3964 quibusdam
1004 3883 1283 3957 propulset
1328 3880 1498 3935 armis
1526 3919 1541 3945 ,
1592 3890 1712 3947 qua:

138 3990 261 4045 tollit
305 3991 623 4053 consilium,
681 3994 736 4042 et
789 3994 1066 4053 tamquam
1124 3975 1501 4050 aegritudinem
1554 3973 1707 4029 vitet.

140 4084 317 4141 Gloriae
357 4098 575 4157 quoque
614 4088 804 4137 caveat
837 4073 1226 4148 appetentiam,
1252 4086 1373 4142 qua“:
1403 4069 1714 4139 frequenter

140 4177 303 4233 nocuit
342 4173 750 4233 immoderatius
780 4169 1041 4241 appetita,
1086 4178 1303 4234 semper
1332 4168 1513 4217 autem
1556 4173 1713 4214 usur-

141 4278 269 4338 pata.
292 4269 531 4326 Emolliri
554 4267 699 4322 enim
733 4261 1041 4318 adulatione
1072 4273 1180 4312 non
1228 4255 1405 4310 solum
1438 4248 1712 4310 fortitudi-

143 4361 217 4417 nis
241 4377 340 4417 non
360 4376 500 4426 esse,
531 4357 629 4415 sed
650 4356 812 4413 etiam
844 4352 1070 4424 ignavia:
1099 4348 1332 4404 videtur.
1368 4344 1574 4399 Horum
1604 4340 1714 4396 for-

144 4451 258 4509 tium
287 4464 455 4511 castra
500 4451 671 4510 Jacob
700 4448 894 4505 videns
920 4446 975 4501 in
1021 4440 1238 4514 spiritu,
1266 4439 1471 4505 Castra,
1515 4436 1709 4507 inquit,

146 4543 231 4601 Dei
256 4557 366 4602 sunt
393 4547 501 4603 hac
532 4544 687 4618 (Gen.
717 4556 889 4606 xxx",
912 4537 991 4610 2).

1816 3323 1953 3380 quos
1973 3322 2072 3378 pro
2113 3306 2316 3364 Christi
2355 3308 2576 3363 nomine
2619 3323 2726 3363 non
2788 3307 3049 3377 refutent,
3086 3309 3173 3365 vel
3223 3311 3422 3383 quibus

1814 3406 2117 3477 corporalia
2142 3421 2171 3459 a
2198 3404 2594 3476 spiritualibus,
2626 3406 2876 3461 umbram
2906 3420 2936 3460 a
2965 3406 3201 3464 veritate
3233 3407 3424 3463 distin-

1814 3507 2005 3571 guant.
2033 3499 2186 3554 Vivus
2222 3508 2296 3553 est
2319 3500 2453 3553 enim
2479 3498 2577 3553 Dei
2604 3515 2770 3554 sermo
2798 3509 2846 3553 et
2869 3500 3068 3570 eﬂicax,
3110 3510 3158 3554 et
3185 3512 3421 3571 penetra-

1816 3590 1973 3646 bilior
2013 3592 2154 3646 omni
2203 3591 2378 3662 gladio
2426 3591 2674 3661 ancipiti,
2723 3602 2774 3645 et
2800 3592 3099 3663 pertingens
3159 3610 3317 3664 usque
3355 3596 3426 3648 ad

1817 3686 2119 3741 divisionem
2156 3687 2345 3740 animae
2384 3701 2446 3738 ac
2484 3685 2736 3751 spiritus;
2786 3701 3100 3754 compagum
3138 3703 3337 3756 quoque
3363 3704 3424 3742 ac

1816 3781 2191 3844 medullarum,
2229 3791 2277 3833 et
2306 3779 2560 3833 discretor
2586 3778 2981 3849 cogitationum,
3012 3789 3060 3833 et
3083 3780 3422 3834 intentionum

1817 3874 1989 3929 cordis
2013 3889 2031 3928 :
2058 3883 2107 3928 et
2135 3889 2234 3927 non
2267 3881 2339 3926 est
2361 3873 2469 3925 ulla
2498 3881 2738 3925 creatura
2757 3870 3033 3924 invisibilis
3053 3871 3108 3925 in
3149 3881 3425 3942 conspectu

1816 3971 1949 4042 ejus,
1974 3968 2063 4023 sed
2082 3968 2254 4022 omnia
2284 3966 2424 4020 nuda
2444 3974 2493 4020 et
2522 3974 2701 4036 aperta
2723 3972 2841 4019 sunt
2879 3964 3043 4019 oculis
3067 3967 3181 4037 ejus
3210 3964 3229 4036 (
3257 3965 3417 4020 Hebr.

1816 4076 1893 4126 IV,
1922 4059 1991 4115 l2
2014 4068 2062 4114 et
2094 4057 2203 4130 l5).
2226 4058 2324 4114 Est
2346 4056 2491 4113 enim
2539 4055 2764 4112 verbum
2799 4055 2893 4111 Dei
2923 4054 3140 4126 gladius
3173 4055 3256 4113 bis
3284 4073 3384 4111 acu
3415 4092 3419 4097 ν

1817 4162 1925 4209 tus.
1976 4151 2116 4208 Sunt
2164 4160 2222 4207 et
2268 4151 2358 4206 alii
2388 4150 2497 4205 duo
2529 4148 2694 4219 gladii
2724 4150 2780 4204 in
2806 4148 3052 4204 Ecclesia
3099 4148 3168 4205 de
3222 4151 3420 4220 quibus

1819 4243 2322 4311 diciturz'Domine,
2365 4259 2483 4299 ecce
2530 4242 2634 4297 duo
2681 4243 2848 4313 gladii
2876 4242 2985 4308 hic,
3038 4242 3424 4299 ecclesiastica:

1817 4340 2026 4397 scilicet
2069 4338 2354 4410 potestatis
2399 4350 2455 4393 et
2484 4336 2807 4404 mundanae,
2860 4335 3055 4408 quibus
3098 4335 3232 4392 falsa
3262 4352 3421 4409 repu-

1816 4441 1947 4504 gnat
1972 4430 2363 4488 misericordia.

1890 4526 1981 4582 28.
2029 4535 2053 4563 °
2085 4525 2182 4581 Est
2205 4524 2351 4596 justa
2379 4521 2786 4578 misericordia:
2810 4520 2906 4577 sed
2934 4529 3018 4577 est
3037 4521 3200 4576 etiam
3221 4520 3420 4591 injusta

206 4640 289 4698 9.5.
328 4642 352 4682 ιι
377 4642 514 4712 Quid
540 4613 721 4697 autem
767 4646 896 4694 sunt
924 4630 1242 4703 sexaginta?
1268 4627 1486 4686 Scimus
1510 4621 1716 4681 hebdo-
1740 4615 1793 4677 D
1820 4619 2216 4677 misericordia.
2245 4618 2488 4687 Denique
2516 4618 2568 4671 in
2600 4616 2741 4687 Lege
2779 4615 3040 4682 scriptum
3069 4623 3155 4669 est
3181 4613 3250 4670 de
3278 4630 3418 4686 quo.

147 4732 337 4789 madam
388 4737 607 4800 veteris,
656 4729 940 4803 ogdoaden
972 4735 1153 4781 autem
1199 4720 1325 4776 novi
1355 4732 1481 4775 esse
1522 4715 1713 4771 Testa-

148 4826 332 4893 menti,
357 4826 563 4883 scilicet
604 4822 824 4897 quando
851 4817 1101 4876 Christus
1150 4809 1472 4878 resurrexit,
1515 4815 1571 4863 et
1594 4805 1713 4861 dies

151 4920 375 4975 omnibus
401 4935 556 4977 nova:
577 4916 770 4975 salutis
808 4913 1018 4971 illuxit:
1053 4922 1161 4981 quo
1198 4906 1287 4961 die
1313 4919 1375 4960 se
1400 4901 1571 4972 fulgor
1597 4898 1714 4969 ple-

150 5022 225 5066 na:
267 5021 417 5085 atque
461 5014 715 5086 perfecta:
742 5002 1174 5068 eircumeisionis
1204 4998 1452 5057 humanis
1478 4993 1717 5067 pectori-

154 5099 241 5157 bus
262 5084 479 5162 infudit.
518 5107 739 5177 Septem
792 5110 971 5158 autem
1013 5107 1068 5155 et
1115 5102 1263 5161 octo,
1294 5089 1604 5165 quindecim
1640 5084 1719 5141 fa-

156 5194 303 5253 ciunt.
327 5199 416 5257 lsti
445 5217 572 5273 ergo
599 5209 729 5256 sunt
753 5205 966 5267 septem
995 5200 1051 5249 et
1075 5198 1233 5256 octo,
1269 5185 1323 5242 id
1353 5194 1466 5249 est,
1491 5178 1719 5273 quinde—

157 5286 267 5355 Cim,
294 5293 478 5362 quibus
503 5270 759 5349 conduxit
775 5289 917 5345 Osee
940 5282 1303 5345 meretricem,
1329 5291 1489 5349 quam
1516 5270 1722 5329 condno

158 5380 360 5438 condam
400 5385 657 5442 Dominus
682 5386 732 5441 ei
773 5388 1133 5455 praeceperat.
1163 5369 1516 5430 Hebdomada
1537 5366 1721 5436 itaque

161 5481 210 5527 et
245 5484 417 5534 octava
447 5480 747 5553 signiﬁcant
796 5476 1030 5532 duorum
1054 5469 1537 5527 Testamentorum
1590 5474 1722 5515 con-

227 5642 250 5705 ?
283 5634 435 5705 Ibid.,
462 5654 579 5705 cap.
605 5641 699 5705 59,
733 5650 881 5693 num.
911 5630 1041 5690 202.

227 5701 253 5742 δ
286 5706 384 5779 ββο
411 5701 479 5766 5d
500 5701 913 5768 Horontianum.

164 5788 165 5791 ‘
232 5784 253 5813 θ
286 5760 484 5840 tibi;
500 5760 1116 5848 benedici-.Vpatriarclt.
1140 5783 1264 5843 cap.
1301 5767 1394 5837 10,
1435 5778 1587 5822 num.
1629 5760 1718 5817 bl.

655 5877 937 5937 ΡΑτιιοι..
1005 5867 1145 5930 XV.

1822 4715 1985 4771 dam:
2018 4712 2141 4767 Non
2189 4709 2507 4766 misereberis
2545 4708 2690 4763 illius
2730 4706 2911 4779 (Deut.
2945 4706 3215 4779 303,13).
3247 4708 3315 4764 Et
3361 4709 3416 4765 in

1822 4806 1973 4861 libris
1996 4804 2311 4875 Regnorum
2330 4802 2465 4873 legis
2502 4799 2630 4872 quia
2673 4799 2804 4855 Saul
2832 4808 3119 4870 propterea
3148 4802 3423 4857 contraxit

1821 4898 2106 4963 offensam,
2136 4896 2258 4967 quia
2287 4895 2576 4950 miseratus
2621 4902 2706 4950 est
2752 4893 2903 4963 Agag
2947 4893 3183 4949 hostium
3209 4910 3418 4966 regem,

1822 5008 1984 5065 quem
2025 4988 2380 5059 prohibuerat
2429 4986 2701 5042 sententia
2747 4985 2926 5040 divina
2962 4985 3170 5040 servari
3200 4986 3418 5058 (IReg.

1824 5100 1916 5152 xv,
1948 5082 2029 5154 9).
2062 5080 2133 5138 Ut
2171 5081 2216 5136 si
2244 5080 2364 5151 quis
2391 5079 2659 5133 latronem
2693 5075 2822 5131 ﬁliis
2850 5076 3273 5146 deprecantibus
3301 5093 3421 5133 mo-

1828 5187 1934 5240 tus,
1963 5182 2019 5230 et
2041 5171 2296 5243 lacrymis
2322 5170 2568 5241 conjugis
2588 5168 2709 5239 ejus
2738 5166 3006 5234 inﬂexus,
3032 5167 3423 5224 absolvendum

1830 5276 2005 5340 putet,
2027 5266 2113 5322 cui
2137 5265 2315 5320 adhuc
2342 5261 2701 5319 latrocinandi
2729 5261 2934 5331 aspirct
2960 5260 3215 5317 affectus:
3246 5278 3428 5319 nonne

1828 5361 2145 5417 innocentes
2178 5357 2355 5412 tradet
2373 5355 2561 5421 exitio,
2586 5354 2679 5425 qui
2724 5354 2923 5411 liberat
2943 5353 3236 5410 multorum
3262 5356 3429 5413 exitia

1827 5452 2197 5528 cogitantem?
2224 5449 2387 5508 Certe
2428 5448 2476 5505 si
2505 5447 2741 5520 gladium
2769 5448 3041 5519 reprimit,
3079 5449 3294 5506 vincula
3321 5450 3427 5508 dis-

1902 5610 1930 5652 ἀ
1969 5611 2089 5670 Lib.
2114 5627 2147 5667 x
2174 5611 2229 5666 in
2247 5606 2406 5673 Luc.,
2432 5603 2499 5661 ad
2526 5618 2651 5677 cap.
2678 5604 2771 5661 22.

1908 5697 1929 5723 ε
1967 5684 2027 5741 In
2064 5682 2198 5756 psal.
2224 5694 2416 5747 cxvnt,
2439 5676 2607 5735 serat.
2634 5676 2691 5744 8,
2719 5690 2869 5733 num.
2894 5676 2965 5735 εἴ
2984 5684 3041 5736 οι
3069 5691 3185 5748 seq.

2763 5841 2841 5903 23
