3920 6328
483 305 621 362 1899

1485 289 2032 347 COMMENTARIUS
2070 286 2137 344 IN
2177 273 2476 343 CANTICA
2512 274 2784 342 CANTIC.

3650 283 3673 334 l
3685 281 3779 337 9th

481 422 669 490 solvil,
695 421 842 476 laxat
888 415 1140 474 exsilium
1168 430 1182 479 ;
1212 426 1310 468 cur
1337 408 1700 466 latrocinandi
1755 423 1856 472 qua
1904 417 2079 476 potest
2106 406 2156 466 Α
2259 403 2348 458 39.
2378 401 2404 441 1’
2427 400 2604 455 Media
2632 401 2883 455 cltaritate
2909 397 3216 464 constravit,
3249 402 3459 466 propter
3483 393 3634 460 ﬁlias
3663 393 3781 448 Hie-

482 516 837 573 clemcntiore
859 514 941 565 via
973 525 1077 564 non
1111 505 1273 575 eripit
1306 504 1640 564 facultatem.
1681 504 1772 573 qui
1818 502 2068 556 volunta-

485 619 594 664 tem
622 617 942 675 extorquere
977 618 1082 657 non
1125 600 1332 671 potuit?
1363 598 1569 654 Deinde
1609 599 1750 652 inter
1790 597 1950 661 duos,
1979 595 2080 648 hoc

483 713 588 766 est,
612 706 980 756 accusatorem
1002 701 1057 750 et
1082 709 1233 749 reum
1258 691 1375 762 pari
1403 690 1644 762 pericqu
1685 688 1752 744 de
1779 687 1956 758 capite
1981 687 2079 741 de-

483 801 794 857 cernentes,
827 789 1060 845 alterum
1092 787 1138 841 si
1178 801 1284 840 non
1309 784 1618 856 probasset,
1645 782 1874 837 alterum
1903 780 1947 833 si
1976 795 2084 835 non

483 896 626 943 esset
653 886 722 940 ab
765 890 1082 938 accusatore
1121 880 1424 943 convictus,
1450 893 1556 932 non
1607 875 1657 930 id
1695 874 1908 947 1578
1935 871 2080 943 quod

477 977 702 1050 justitiae
728 983 832 1043 est,
858 972 1024 1044 judex
1054 981 1346 1042 sequatur;
1381 968 1477 1024 sed
1506 969 1630 1024 dum
1665 967 1949 1022 miseretur
1977 964 2079 1032 rei,

482 1071 704 1127 damnet
742 1067 1064 1140 probantem
1099 1083 1111 1117 :
1162 1072 1255 1118 aut
1307 1063 1435 1116 dum
1483 1060 1785 1117 accusatori
1821 1059 1964 1114 favet
1991 1057 2082 1128 qui

485 1165 716 1233 probare
765 1176 872 1216 non
905 1158 1099 1229 possit,
1129 1155 1349 1211 abdicat
1392 1156 1696 1210 innoxium.
1746 1152 1864 1208 Non
1900 1158 2084 1223 potest

483 1254 646 1327 igitur
668 1253 784 1308 haec
806 1251 912 1307 dici
936 1253 1081 1321 justa
1113 1247 1506 1304 misericordia.

555 1344 646 1399 29.
691 1345 746 1399 In
788 1343 902 1413 ipsa
954 1341 1192 1396 Ecclesia
1220 1339 1311 1394 ubi
1354 1339 1589 1394 maxime
1625 1337 1867 1394 misereri
1899 1335 2078 1401 decet,

481 1436 654 1492 teneri
677 1449 835 1506 quam
863 1432 1274 1488 maximedebet
1295 1432 1469 1486 forma
1493 1430 1738 1502 justitiae,
1765 1444 1833 1483 ue
1884 1429 2007 1499 quis
2050 1442 2079 1481 a

483 1530 758 1585 consortio
801 1525 1199 1583 communionis
1229 1525 1514 1580 abstentus
1534 1566 1547 1588 ,
1577 1523 1726 1579 brevi
1757 1521 2079 1594 lacrymula,

483 1631 643 1693 atque
671 1620 737 1676 ad
791 1630 1002 1690 tempus
1034 1628 1236 1689 parata,
1266 1618 1346 1673 vel
1380 1617 1542 1672 etiam
1575 1615 1919 1672 uberioribus
1946 1614 2084 1670 ﬁcti-

484 1717 582 1770 bus
631 1714 1067 1770 communionem
1128 1727 1288 1781 quam
1322 1711 1570 1780 plurimis
1597 1709 1759 1764 debet
1806 1707 2084 1777 postulare

2181 496 2423 550 rusalem.
2454 495 2589 562 Qua:
2615 503 2743 550 sunt
2773 493 2893 548 ista:
2922 491 3082 547 ﬁlim?
3108 488 3223 544 Non
3252 488 3416 544 debet
3443 503 3574 544 esse
3607 490 3784 542 oceul—

2184 598 2318 648 tum,
2371 587 2516 657 quod
2551 587 2864 658 superiores
2896 582 3180 638 videantur
3225 581 3316 651 qui
3366 591 3490 636 ante
3539 583 3780 652 generati

2181 689 2328 743 sunt,
2354 679 2684 733 inﬁrmiores
2712 679 2802 748 qui
2835 685 3047 748 postea.
3076 673 3472 744 Comparantur
3496 670 3656 728 enim
3680 684 3785 728 uteo

2182 790 2244 829 ro
2263 773 2506 827 mulieris
2533 783 2718 842 partus
2764 770 2948 826 saeculi
2992 768 3186 838 hujus;
3215 768 3474 838 quoniam
3528 767 3784 822 fortiores

2183 875 2309 919 sunt
2339 864 2500 934 quiin
2530 864 2727 919 virtute
2773 862 3079 933 juventutis
3111 860 3223 914 nati
3263 869 3412 926 sunt,
3455 859 3786 914 inﬁrmiores

2183 959 2274 1028 qui
2321 969 2564 1028 tempore
2606 959 2927 1013 senectutis.
2979 954 3187 1010 Deiecit
3246 954 3392 1008 enim
3442 953 3786 1009 multitudine

2181 1052 2547 1122 generationis
2569 1051 2672 1106 hoc
2712 1051 2970 1106 smculum
3001 1050 3139 1103 sicut
3168 1047 3324 1102 vulva
3351 1047 3695 1118 generantis,
3737 1055 3787 1102 et

2184 1157 2455 1218 tamquam
2485 1159 2780 1202 senescens
2817 1154 3066 1200 creatura
3115 1143 3283 1196 robur
3318 1141 3631 1211 juventutis
3656 1155 3784 1204 suae,

2185 1241 2338 1296 velut
2366 1237 2631 1294 marcenti
2657 1237 2769 1308 jam
2821 1237 3014 1291 virium
3047 1249 3263 1290 suarum
3308 1233 3489 1304 vigore
3541 1232 3783 1302 deponit.

2187 1333 2307 1388 Ista:
2353 1348 2484 1403 ergo
2515 1338 2644 1387 sunt
2672 1330 2798 1384 ﬁliai
2840 1328 3210 1394 Hierusalem,
3235 1326 3286 1382 id
3327 1334 3436 1392 est,
3483 1327 3786 1381 teneriores

2185 1435 2243 1482 et
2296 1425 2623 1481 inﬁrmiores
2673 1425 2872 1478 anima:
2908 1440 2920 1476 :
2954 1422 3070 1477 istis
3109 1436 3170 1476 se
3218 1421 3438 1476 exhibet
3497 1433 3558 1473 ut
3618 1422 3786 1474 luceat

2186 1521 2365 1590 imago
2422 1519 2538 1590 ejus
2592 1519 2645 1572 in
2686 1517 3034 1573 confessione
3085 1530 3295 1579 earum,
3326 1514 3506 1570 luceat
3555 1514 3612 1568 in
3659 1512 3786 1569 dile-

2185 1615 2388 1678 ctione,
2414 1615 2664 1670 lnceatin
2690 1613 2979 1684 operibus;
2999 1622 3052 1666 et
3074 1609 3120 1665 si
3147 1611 3262 1665 ﬁeri
3293 1619 3498 1680 potest,
3530 1618 3652 1664 tota
3672 1607 3783 1679 ejus

2187 1709 2398 1780 species
2415 1710 2752 1780 exprimatur
2775 1710 2826 1763 in
2860 1707 3012 1778 ipsis.

483 1807 841 1877 temporibus,
877 1805 1133 1860 facilitate
1179 1803 1482 1859 sacerdotis
1519 1811 1861 1871 extorqueat.
1894 1800 2084 1855 Nonne
2111 1795 2162 1855 B
2260 1803 2349 1858 55.
2399 1814 2420 1840 ο
2450 1801 2546 1857 Hae
2577 1803 2742 1872 igitur
2766 1801 2891 1856 ﬁlia:
2927 1801 3269 1856 llierusalctn
3295 1813 3560 1870 sponsam
3611 1813 3789 1852 ascen-

481 1916 603 1956 cum
635 1899 724 1954 uni
759 1898 1000 1968 indulget
1026 1898 1271 1968 indigno,
1297 1897 1560 1968 plurimos
1588 1895 1716 1949 facit
1754 1894 1821 1948 ad
1876 1894 2085 1964 prolapn

478 1993 650 2047 siouis
697 1992 1007 2061 contagium
1043 1988 1368 2060 provocari?
1413 1987 1668 2043 Facilitas
1696 1988 1839 2042 enim
1875 1987 2078 2054 veniat,

485 2084 817 2140 incentivum
845 2084 1033 2138 tribuit
1075 2081 1447 2152 delinquendi.
1482 2079 1596 2136 Hoc
1626 2095 1693 2135 eo
1740 2079 1943 2134 dictum
1975 2088 2079 2145 est,

483 2188 544 2235 ut
574 2178 809 2234 sciamus
858 2176 1154 2232 secundum
1178 2176 1404 2231 verbum
1433 2174 1564 2239 Dei,
1588 2172 1886 2228 secundum
1917 2169 2085 2225 ratio-

483 2286 608 2327 nem
639 2269 1061 2341 dispensandam
1090 2283 1212 2325 esse
1241 2266 1671 2324 misericordiam
1699 2265 2036 2321 debitoribus
2066 2283 2079 2320 :

481 2366 619 2421 alias
640 2373 819 2420 autem
837 2363 1045 2436 gladius
1061 2363 1202 2433 quod
1221 2379 1378 2418 suum
1396 2371 1500 2428 est,
1517 2366 1888 2430 exsequatur.‘

555 2460 644 2516 30.
689 2459 871 2531 (Vers.
901 2459 954 2523 9,
982 2458 1095 2529 10.)
1122 2467 1146 2495 α
1179 2457 1391 2512 Lectum
1432 2457 1550 2528 fecit
1591 2455 1687 2509 sibi
1719 2454 1969 2510 Salomon
1993 2468 2084 2507 rea:

484 2571 548 2610 ea:
573 2555 730 2626 lignis
757 2553 943 2609 Libani
971 2596 984 2618 ,
1007 2554 1278 2608 columnas
1308 2554 1420 2624 ejus
1459 2551 1578 2622 fecit
1608 2559 1896 2624 argenteas,
1919 2548 2083 2601 accli-

481 2649 737 2703 natcrium
769 2663 1006 2712 aureum,
1043 2662 1310 2700 ascensum
1350 2649 1461 2719 ejus
1492 2661 1834 2715 purpureum,
1871 2643 2084 2696 dorsum

481 2747 594 2815 ejus
607 2741 822 2813 gemmis
849 2750 1089 2795 stratura.
1120 2740 1256 2808 Quis
1297 2751 1378 2796 cst
1399 2742 1501 2796 iste
1529 2741 1726 2806 lectus,
1761 2739 1861 2794 nisi
1889 2752 2086 2809 corpo—

484 2833 558 2886 ris
591 2831 761 2885 nostri
813 2831 1022 2900 species
1048 2831 1072 2884 ἳ
1098 2831 1338 2902 Namque
1378 2831 1432 2885 in
1490 2834 1720 2902 gemmis
1765 2847 1860 2886 aer
1901 2829 2084 2901 specie

484 2923 705 2995 fulget-is
747 2924 1078 2988 ostenditur,
1105 2925 1157 2978 in
1192 2940 1328 2979 auro
1357 2926 1516 2996 ignis,
1551 2942 1688 2996 aqua
1736 2927 1790 2980 in
1833 2935 2080 2994 argento,

484 3031 626 3074 terra
658 3033 755 3088 per
785 3017 987 3088 lignum
1016 3033 1030 3082 ;
1064 3032 1128 3071 ex
1156 3019 1352 3087 quibus
1382 3033 1581 3088 corpus
1611 3019 1905 3073 humanum
1945 3033 2081 3088 qua-

484 3122 606 3168 tuor
633 3119 847 3168 coustat
876 3110 1182 3174 clementis,
1209 3111 1261 3164 in
1290 3126 1398 3182 quo
1421 3119 1603 3165 nostra
1636 3111 1858 3166 recubat
1879 3111 2080 3176 anima,

2185 1897 2429 1959 dentem,
2458 1905 2512 1950 et
2538 1911 2645 1950 nou
2678 1895 3022 1950 resistentem
3071 1894 3318 1949 videntes
3346 1935 3360 1959 ,
3391 1900 3449 1949 et
3475 1893 3784 1946 meritorum

2185 1991 2303 2061 ejus
2330 1989 2589 2045 odoribus
2635 1989 2943 2055 delectatae,
2975 1998 3338 2058 agnoscentes
3389 2001 3616 2056 quoque
3641 1985 3784 2041 Salo-

2187 2088 2364 2142 monis
2406 2085 2550 2140 illius
2601 2099 2724 2140 esse
2771 2082 2980 2153 paciﬁci
3011 2096 3289 2152 sponsam,
3335 2082 3504 2134 etiam
3539 2079 3786 2133 comitatu

2186 2179 2377 2235 sedulo
2407 2187 2810 2248 persequuntur
2834 2191 3007 2244 usque
3036 2175 3102 2229 ad
3129 2173 3330 2228 lectum
3358 2171 3708 2228 Salomonis:
3727 2184 3786 2224 eo

2186 2273 2330 2345 quod
2358 2274 2405 2328 ei
2443 2288 2568 2327 vera
2614 2272 2667 2326 in
2734 2269 2952 2327 Christo
2998 2270 3215 2340 requies
3263 2267 3554 2322 debeatur.
3607 2265 3787 2319 Lectus

2186 2367 2330 2421 enim
2359 2373 2671 2420 sanctorum
2715 2363 2966 2419 Christus
3007 2372 3112 2428 est,
3143 2363 3194 2416 in
3253 2377 3363 2431 quo
3417 2360 3782 2415 universorum

2187 2459 2330 2517 fessa
2371 2459 2728 2515 saecularibus
2770 2458 2976 2529 praeliis
3000 2457 3166 2512 corda
3197 2455 3578 2526 requiescunt.
3609 2453 3664 2507 ln
3694 2451 3784 2505 hoc

2188 2555 2334 2610 lecto
2362 2554 2622 2625 requievit
2656 2553 2823 2616 Isaac,
2883 2561 2938 2608 et
2979 2551 3259 2607 benedixit
3291 2549 3464 2604 ﬁlium
3501 2548 3777 2618 jnniorem,

2189 2652 2416 2706 dicens:
2471 2648 2647 2720 Major
2689 2649 2872 2702 seruiet
2925 2646 3154 2700 minori:
3195 2645 3250 2699 in
3302 2645 3407 2699 hoc
3463 2645 3610 2702 lecto
3639 2657 3779 2696 recu-

2187 2744 2323 2800 bans
2361 2743 2566 2808 Jacob,
2633 2742 2912 2796 benedixit
2959 2739 3250 2795 duodecim
3298 2737 3681 2808 patriarchas:
3732 2734 3778 2786 in

2191 2836 2292 2891 hoc
2323 2837 2467 2892 lecto
2519 2835 2788 2890 recubans
2840 2832 3256 2904 archisynagogi
3309 2830 3453 2895 ﬁlia,
3504 2829 3782 2884 surrexita

2190 2940 2367 2985 morte
2400 2947 2412 2983 :
2447 2931 2502 2983 in
2534 2928 2638 2984 hoc
2674 2929 2816 2983 lecto
2844 2927 3036 2997 jacens
3068 2927 3259 2980 unicus
3286 2925 3467 2979 vidum
3513 2922 3780 2978 defunctus

2191 3023 2356 3088 ﬁlius,
2389 3022 2582 3076 mortis
2611 3019 2829 3075 vincula
2856 3017 3061 3074 Christi
3089 3033 3222 3074 voce
3247 3028 3478 3072 vocatus
3530 3013 3776 3070 dissolvit.

2191 3112 2460 3168 Perducta
2488 3113 2860 3183 igitursponsa
2875 3125 3046 3181 usque
3069 3110 3138 3165 ad
3150 3109 3338 3178 sponsi
3364 3109 3636 3179 requiem,
3655 3121 3774 3174 nup-

486 3207 530 3260 si
570 3220 676 3260 non
698 3219 894 3274 aSpero
917 3203 1205 3267 montium,
1231 3219 1338 3257 non
1364 3202 1512 3260 humi
1531 3202 1683 3256 arido
1697 3217 1894 3273 expers
1932 3203 2085 3272 quie-
2115 3180 2162 3242 C
2198 3208 2330 3263 tiale
2357 3217 2559 3261 canunt
2583 3223 2838 3272 carmen,
2881 3180 3127 3260 dicentes
3164 3204 3380 3258 ﬁliabus
3411 3199 3774 3258 Hierusalem:

484 3299 554 3353 tis
576 3299 823 3363 exsistat;
845 3297 939 3353 sed
963 3291 1576 3368 sublimisavitiislignq
1599 3295 1729 3349 fulta
1755 3296 2080 3366 requiescat.

484 3393 642 3450 Unde
686 3401 739 3447 et
767 3391 934 3447 David
963 3391 1095 3447 dicit
1125 3408 1138 3445 :
1175 3390 1430 3446 Dominus
1481 3371 1628 3462 opein
1657 3393 1792 3463 [erat
1821 3392 1900 3446 illi
1930 3408 2084 3462 super

485 3485 672 3538 lectum
717 3483 915 3537 doloris
941 3487 1054 3557 ejus
1086 3482 1257 3554 (Psal.
1291 3500 1383 3548 χι,
1412 3481 1493 3555 4);
1527 3499 1650 3538 nam
1677 3483 1848 3538 lectus
1879 3485 2087 3542 doloris

487 3590 608 3630 esse
664 3575 756 3646 qui
802 3584 1000 3645 potest,
1037 3589 1158 3630 cum
1207 3575 1394 3630 dolere
1441 3591 1550 3630 non
1602 3577 1792 3646 possit,
1843 3577 1933 3646 qui
1977 3593 2084 3631 non

488 3668 652 3724 habet
687 3669 932 3723 sensum?
968 3665 1180 3736 Corpus
1211 3677 1390 3721 autem
1438 3666 1666 3732 doloris,
1717 3668 1858 3722 sicut
1886 3681 2086 3738 corpus

485 3771 568 3819 est
597 3763 825 3818 mortis:
862 3759 1063 3834 Infelix
1089 3777 1182 3831 ego
1237 3763 1390 3815 homo
1413 3760 1434 3814 .'
1461 3761 1572 3830 quis
1602 3777 1681 3814 me
1735 3761 1968 3816 liberabit
2020 3761 2086 3816 de

488 3871 703 3926 corpore
733 3855 911 3909 mortis
938 3858 1054 3927 ejus
1085 3852 1263 3924 (Rom.
1289 3870 1383 3921 vn,
1407 3853 1504 3924 24)
1528 3855 1552 3908 ?

557 3947 650 4004 51.
693 3949 759 4003 Et
783 3946 1038 4018 quoniam
1099 3946 1426 4001 versiculum
1483 3946 1826 4016 indusimus,
1877 3947 1932 4002 in
1976 3961 2088 4018 quo

489 4040 755 4094 Dominlci
800 4038 1050 4108 corporis
1103 4037 1326 4094 fecimus
1367 4041 1700 4096 mentionem
1731 4083 1744 4105 ,
1803 4057 1870 4096 ne
1923 4056 2084 4112 quem

491 4131 632 4186 forte
657 4129 936 4198 perturbet
967 4128 1258 4198 legentem,
1281 4132 1424 4198 quod
1456 4132 1716 4186 Dominus
1737 4148 1938 4202 corpus
1967 4149 2088 4189 sus-

488 4223 634 4290 cepit
659 4219 888 4284 doloris,
926 4220 1245 4276 recordetur
1269 4223 1391 4288 quia
1421 4223 1612 4278 Lazari
1641 4234 1867 4280 mortem
1913 4235 1966 4279 et
1990 4226 2089 4278 do-

491 4314 589 4366 luit
609 4322 664 4368 ct
690 4311 860 4378 ﬂevit,
887 4320 943 4367 et
972 4311 1024 4366 in
1057 4313 1310 4381 passione
1354 4323 1438 4369 est
1466 4314 1804 4380 vulneratus,
1831 4327 1992 4386 atque
2019 4333 2085 4372 ex

490 4404 714 4460 vulnere
743 4403 964 4475 sanguis
991 4413 1047 4459 et
1091 4420 1227 4475 aqua
1251 4406 1438 4472 exivit,
1471 4406 1828 4477 spiritumque
1865 4409 2088 4463 exhala-

490 4497 566 4552 vit
590 4496 781 4569 (Ioan.
815 4512 892 4561 xl,
943 4495 1070 4566 35).
1105 4496 1259 4568 Aqua
1290 4499 1357 4553 ad
1405 4499 1678 4554 lavacrum
1703 4542 1719 4567 ,
1750 4501 1972 4573 sanguis
2017 4502 2087 4556 ad

491 4601 694 4661 potum.
727 4591 954 4661 spiritus
983 4591 1049 4645 ad
1092 4593 1570 4650 resurrectionem.
1609 4593 1762 4651 Unus
1808 4599 1953 4652 enim
2001 4607 2087 4654 est

489 4683 739 4740 Christus
775 4685 932 4739 nobis
976 4699 1134 4755 Spes,
1171 4685 1325 4754 ﬁdes,
1356 4687 1632 4744 charitas:
1662 4705 1788 4760 spes
1818 4691 1871 4745 in
1903 4707 2086 4748 resur-

491 4778 754 4845 rectione,
795 4776 930 4834 ﬁdes
975 4779 1027 4833 in
1059 4779 1298 4846 lavacro,
1347 4779 1584 4836 charitas
1619 4782 1676 4836 in
1718 4797 2078 4841 sacramento.

490 4871 694 4929 Tamen
717 4882 774 4925 ut
804 4887 1003 4943 corpus
1025 4876 1263 4943 suscepit
1289 4875 1496 4930 doloris
1518 4918 1531 4942 ,
1556 4877 1626 4930 ita
1656 4878 1821 4932 etiam
1852 4889 2082 4934 stratum

488 4964 544 5018 in
565 4963 878 5018 inﬁrmitate
907 4965 1184 5028 versavit;
1207 4965 1330 5036 quia
1356 4968 1628 5022 convertit
1650 4968 1703 5022 in
1731 4971 2083 5027 commodum

489 5054 672 5109 carnis
698 5054 980 5109 humanm:
1018 5072 1142 5110 nam
1177 5058 1424 5126 passione
1452 5059 1738 5116 inlirmitas
1770 5070 1854 5118 est
1885 5065 2085 5132 soluta,

491 5160 638 5202 mors
675 5148 1092 5203 resurrectione.
1134 5150 1197 5203 Et
1242 5159 1421 5207 tamen
1473 5168 1706 5210 maerere
1736 5172 1832 5224 pro
1859 5160 2080 5227 sreculo,

488 5242 722 5314 gaudere
752 5242 963 5298 debetis
1001 5244 1054 5298 in
1085 5245 1348 5301 Domino:
1383 5248 1564 5304 tristes
1590 5248 1656 5303 ad
1682 5252 2080 5318 pmnitentiam,

489 5337 700 5392 alacres
727 5335 798 5391 ad
835 5337 1087 5408 gratiam,
1140 5336 1262 5394 licet
1289 5350 1346 5395 et
1385 5339 1518 5397 ﬁere
1569 5357 1692 5399 cum
1725 5343 1996 5413 ﬂentibus,
2028 5354 2084 5402 et

487 5429 726 5499 gaudere
772 5443 898 5485 cum
945 5429 1304 5501 gaudentibus
1334 5445 1586 5504 oportere
1612 5437 1852 5506 gentium
1880 5437 2080 5494 Doctor

487 5524 708 5579 salutari
740 5525 1106 5596 praeceptione
1137 5527 1528 5600 praescripserit
1549 5529 1728 5601 (Rom.
1761 5547 1856 5598 xu,
1887 5533 2007 5602 15).

565 5733 589 5795 fl
629 5723 747 5795 Lib.
783 5739 840 5795 tu
869 5724 945 5795 Ade
971 5724 1142 5795 Virg.,
1168 5739 1285 5794 cap.
1314 5727 1368 5792 5,
1403 5745 1550 5784 num.
1579 5729 1670 5784 21,

562 5792 586 5830 b
627 5793 744 5848 Lib.
771 5793 838 5847 de
868 5793 1010 5849 bono
1038 5792 1261 5860 Inertis,
1295 5812 1343 5851 c.
1380 5800 1466 5855 l0.

2260 3299 2350 3354 54.
2394 3297 2574 3369 (Vera.
2604 3296 2719 3368 Η.)
2750 3296 3073 3368 Egredimini
3125 3303 3174 3360 et
3201 3296 3364 3350 videte
3386 3295 3440 3348 in
3497 3310 3616 3367 rege
3641 3289 3778 3347 Sala-

2188 3408 2336 3446 mone
2359 3408 2628 3458 coronam,
2665 3407 2768 3462 qua
2807 3391 3074 3445 coronavit
3096 3405 3214 3444 eum
3243 3399 3408 3442 mater
3431 3391 3584 3460 ejus,
3633 3385 3681 3438 in
3705 3383 3778 3436 die

2189 3485 2512 3555 sponsalium
2560 3483 2692 3555 ejus.
2735 3481 2953 3538 Cauunt
3003 3483 3449 3552 epithalamium,
3514 3492 3566 3534 et
3603 3485 3774 3538 vocant

2189 3588 2420 3632 caateras
2445 3585 2746 3648 potestates
2788 3575 3056 3631 ctelnrum
3104 3575 3192 3628 vel
3227 3572 3445 3646 1519
3477 3573 3701 3634 animas,
3725 3575 3778 3621 ut

2189 3671 2407 3725 videant
2457 3670 2819 3734 charitatem,
2863 3683 3024 3738 quam
3075 3666 3224 3722 circa
3272 3667 3412 3722 ﬁlias
3453 3660 3773 3722 llieru>alem

2190 3767 2356 3821 habet
2393 3763 2664 3820 Christus.
2711 3763 2867 3820 Unde
2905 3771 2962 3819 et
3009 3763 3211 3818 meruit
3246 3761 3508 3818 coronari
3538 3776 3570 3815 a
3620 3763 3775 3812 matre

2191 3861 2342 3931 quasi
2375 3860 2519 3914 ﬁlius
2557 3858 2862 3922 charitatis,
2893 3857 3034 3913 sicut
3071 3857 3271 3913 Paulus
3295 3856 3542 3912 ostendit
3570 3854 3771 3910 dicens:

2195 3956 2333 4022 Quia
2377 3952 2520 4008 Deus
2560 3954 2751 4026 eripuit
2801 3969 2893 4006 nos
2935 3953 2998 4005 de
3046 3962 3296 4020 potestate
3351 3953 3706 4009 tenebrarum,
3732 3951 3772 3998 et

2191 4048 2457 4102 transtulit
2481 4048 2531 4101 in
2562 4063 2774 4118 regnum
2795 4045 2895 4116 lilii
2923 4045 3192 4100 charitatis
3218 4060 3328 4101 sua
3358 4043 3582 4117 (Colon.
3609 4057 3646 4108 t,
3672 4037 3766 4104 15).

2191 4139 2487 4195 Charitatis
2537 4141 2718 4206 itaque
2768 4139 2910 4193 lilius
2935 4149 2988 4193 et
3018 4139 3137 4208 ipse
3161 4138 3402 4193 charitas
3442 4145 3566 4194 est:
3593 4147 3689 4188 non
3709 4143 3768 4185 ex

2191 4232 2566 4288 accidentibus
2609 4232 2814 4286 habens
2862 4230 3216 4295 charitatem,
3277 4230 3373 4286 sed
3417 4229 3619 4286 habens
3663 4236 3767 4280 eam

2193 4325 2492 4381 substantia
2534 4340 2650 4388 sua,
2684 4328 2826 4380 sicut
2858 4341 3084 4397 regnum
3140 4326 3210 4381 de
3247 4340 3356 4396 quo
3383 4325 3549 4382 dicit:
3577 4321 3677 4392 Ego
3719 4318 3766 4370 in

2195 4421 2292 4474 hoc
2314 4429 2461 4474 natus
2487 4435 2597 4473 sum
2627 4418 2810 4491 (Joan.
2845 4434 2993 4480 xtm,
3022 4419 3139 4488 17).

2263 4510 2353 4566 55.
2381 4510 2630 4581 Jdeoque
2679 4511 2844 4577 dicit,
2896 4510 3248 4582 Egredimiui,
3284 4509 3338 4565 id
3367 4517 3493 4575 est,
3545 4507 3678 4564 exite
3704 4501 3763 4556 de

2191 4605 2650 4661 sollicitudinibus
2688 4615 2743 4659 et
2795 4605 3219 4675 cogitationibus
3267 4604 3460 4659 szeculi
3491 4621 3503 4658 :
3533 4601 3665 4657 exite
3705 4594 3761 4650 de

2187 4698 2452 4768 angustiis
2499 4697 2908 4766 corporalibus:
2939 4698 3086 4752 exite
3111 4697 3177 4751 de
3210 4695 3540 4750 vanitatibus
3578 4685 3762 4748 mundi.

2188 4801 2242 4844 et
2273 4791 2454 4845 videte
2478 4804 2638 4860 quam
2672 4804 2767 4844 rex
2812 4789 3068 4858 paciﬁcus
3097 4789 3149 4843 in
3178 4787 3267 4843 die
3300 4784 3627 4857 sponsalium
3650 4793 3761 4835 suo-

2189 4899 2309 4936 rum
2356 4883 2556 4938 habeat
2587 4883 2943 4937 charitatem:
2972 4897 3134 4952 quam
3192 4881 3467 4951 gloriosus
3515 4879 3605 4938 sit.
3652 4869 3762 4940 quia

2188 4975 2512 5045 corporibus
2561 4975 3019 5029 resurrectionem
3069 4973 3262 5038 dedit,
3313 4983 3368 5029 et
3421 4973 3622 5029 animas
3667 4959 3762 5018 sibi

2185 5068 2387 5138 junxit.
2422 5068 2548 5122 llaec
2587 5071 2768 5138 magni
2804 5079 2888 5123 est
2915 5082 3118 5123 corona
3157 5069 3494 5132 certaminis,
3523 5066 3616 5119 hoc
3641 5070 3759 5129 prte-

2190 5161 2395 5216 clarum
2428 5177 2623 5216 munus
2650 5160 2988 5231 sponsalium
3025 5160 3251 5226 Christi,
3292 5161 3510 5233 sanguis
3561 5155 3671 5226 ejus
3709 5156 3760 5203 et

2190 5256 2395 5326 passio.
2427 5257 2562 5322 Quis
2591 5257 2736 5311 enim
2779 5257 2900 5326 plus
2928 5257 3102 5326 potuit
3143 5258 3294 5324 dare,
3337 5257 3428 5328 qui
3473 5253 3573 5310 sibi
3614 5246 3756 5304 etiam

2187 5367 2295 5405 non
2321 5353 2582 5420 pepercit,
2614 5359 2668 5406 et
2699 5365 2800 5422 pro
2825 5351 2980 5406 nobis
3009 5350 3065 5406 in
3087 5359 3320 5407 mortem
3363 5351 3592 5406 animam
3620 5348 3750 5397 suam

2189 5443 2406 5512 posuit?

2277 5538 2365 5594 56.
2409 5535 2435 5574 ά
2461 5538 2592 5606 Quae
2621 5549 2803 5595 autem
2841 5553 3039 5596 corona
3063 5539 3252 5611 gloriae
3271 5539 3375 5596 nisi
3402 5531 3630 5594 Ecclesia
3652 5534 3751 5596 (Ιυίθ

2270 5751 2295 5813 «ξ
2335 5741 2454 5813 Lib.
2479 5743 2547 5798 de
2579 5742 2747 5807 Isaac.
2771 5758 2892 5813 cap.
2923 5744 2978 5806 5,
3003 5759 3152 5800 num.
3175 5743 3266 5801 b5.

2265 5808 2290 5847 ά
2330 5812 2386 5868 In
2408 5828 2489 5885 ps.
2516 5829 2701 5884 cxvut,
2727 5808 2895 5880 serui.
2920 5814 3008 5883 15,
3043 5831 3192 5884 num.
3227 5817 3314 5880 ii.
