3920 6308
141 336 286 397 1901

142 464 311 524 caput
344 469 502 513 suum
540 455 813 519 Christum
841 467 1096 523 coronat?
1118 469 1250 539 Qua:
1275 472 1588 543 jucunditas
1627 480 1749 536 uni-

138 560 322 602 versa:
370 557 563 618 terrae,
617 556 721 613 nisi
771 558 964 617 domus
1014 564 1194 635 populi
1250 566 1577 643 Christiani,
1630 575 1751 631 aula

140 648 461 695 sanctorum
482 684 496 707 ,
529 643 598 699 de
624 647 821 716 quibus
860 652 1126 719 scriptum
1154 668 1241 713 est
1275 676 1288 713 :
1331 659 1397 715 In
1427 679 1625 720 omnem
1652 676 1754 722 ter-

137 745 252 785 ram
303 734 463 788 exivit
501 752 659 794 sonus
698 757 876 797 eorum
904 744 1080 816 (Psal.
1115 765 1265 811 xvtn.
1294 753 1390 825 5)?
1432 755 1576 827 Ergo
1624 759 1749 830 quia

137 837 346 880 corona
389 829 578 898 gloria:
605 842 690 889 est
714 834 978 902 Ecclesia,
1010 840 1136 898 ideo
1180 844 1385 902 dicitur
1407 864 1426 903 :
1457 829 1752 922 Egredimi—

136 916 195 970 ηε
217 957 235 983 ,
269 918 404 986 ﬁliis
435 921 589 989 Sion,
615 935 665 979 et
689 927 857 984 videte
881 947 1049 1003 regem
1070 934 1407 994 Salomonem
1424 982 1439 1007 ,
1476 942 1531 996 in
1556 960 1750 1001 corona

136 1025 239 1080 qua
263 1014 535 1068 coromuit
563 1032 676 1070 eum
691 1030 858 1075 mater
878 1026 992 1096 ejus
1011 1067 1025 1089 ,
1058 1026 1110 1081 in
1138 1028 1223 1083 die
1250 1034 1572 1103 sponsalium
1609 1040 1743 1108 eius,

136 1105 257 1159 etin
280 1107 367 1160 die
386 1109 743 1178 jucunditatis
766 1118 938 1173 cordis
960 1123 1092 1193 ejus.

206 1198 298 1254 57.
341 1200 428 1256 Ad
455 1205 668 1261 animos
696 1207 900 1265 dicitur
930 1222 983 1267 ut
1016 1229 1045 1268 e
1065 1218 1361 1287 gurgustiis
1389 1229 1444 1275 et
1491 1222 1744 1280 claustris

134 1304 337 1349 exeant
392 1301 809 1369 corporalibus,
866 1317 1025 1362 extra
1076 1313 1328 1382 corporis
1379 1317 1743 1385 cogitationes

134 1396 350 1454 exeant,
380 1391 732 1461 egrediantur
760 1412 789 1450 a
818 1400 1225 1470 cupiditatibus,
1262 1415 1318 1462 et
1345 1423 1374 1462 a
1404 1412 1574 1476 curis,
1610 1424 1661 1468 et
1708 1429 1740 1469 a

132 1479 349 1534 caneris
373 1484 563 1541 carnis
589 1484 747 1541 istius
789 1498 846 1544 et
872 1490 1103 1549 affectus
1132 1496 1325 1553 lubrici
1356 1501 1740 1570 passionibus:

132 1581 294 1638 supra
318 1573 584 1630 mundum
614 1580 945 1646 ascendant,
996 1584 1065 1640 de
1096 1587 1201 1642 hoc
1256 1592 1460 1645 mundo
1510 1605 1735 1664 exeant,

131 1657 347 1717 Christo
376 1680 701 1734 occurrant,
732 1685 934 1743 parata:
961 1679 1143 1735 adsint
1180 1680 1392 1739 facibus
1417 1687 1738 1747 ardentibus

131 1752 459 1824 relucentes,
493 1764 644 1833 quasi
675 1768 854 1837 angeli
874 1765 1077 1826 Christi
1112 1772 1227 1829 hmc
1252 1775 1584 1847 loquuntur:
1615 1781 1732 1837 Non

130 1849 356 1915 potestis
409 1851 603 1910 videre
643 1855 946 1916 claritatem
998 1864 1155 1934 ejus,
1186 1867 1415 1937 gloriam
1457 1870 1597 1942 ejus,
1631 1876 1736 1932 nisi
1764 1867 1813 1930 B

129 1940 478 2012 egrediamini
512 1944 760 2003 humana:
787 1950 820 2005 lu
837 1954 1095 2023 agilitatis
1117 1973 1299 2022 curas,
1333 1962 1458 2017 tiliae
1482 1964 1740 2023 Hierusa-

129 2027 252 2085 lem.
284 2032 451 2102 Quasi
481 2036 702 2094 dicant:
733 2042 874 2110 Quid
901 2048 1147 2105 virentem
1168 2051 1304 2107 inter
1334 2067 1569 2113 mortuos
1592 2076 1735 2130 qum-

126 2121 413 2195 ritis(Luc.
463 2144 614 2199 xxtv,
648 2133 732 2203 5)?
760 2134 880 2191 Non
906 2136 1048 2195 intra
1102 2144 1245 2199 hunc
1274 2148 1537 2205 mundum
1584 2121 1733 2223 qua:-

129 2213 262 2271 ritur
287 2217 568 2288 Christus,
599 2227 690 2295 qui
721 2242 886 2300 supra
932 2236 1197 2293 mundum
1228 2254 1358 2296 suos
1401 2256 1524 2300 esse
1561 2246 1734 2303 voluit

128 2306 442 2383 discipulos.

190 2429 277 2486 38.
318 2431 449 2499 Qua:
486 2444 573 2491 εει
611 2451 812 2493 corona
842 2456 947 2511 qua
983 2454 1280 2503 coronatur
1307 2448 1591 2519 Christus,
1625 2455 1727 2511 nisi

128 2537 315 2579 corona
364 2527 560 2597 gloria:
590 2531 614 2584 Ἰ
641 2528 847 2604 Josepb
899 2552 1161 2595 coronam
1199 2542 1384 2599 habuit
1432 2548 1723 2619 castitatis,

128 2611 315 2672 Paulus
341 2618 604 2688 iustitia,
636 2622 832 2680 Petrus
870 2626 1018 2685 fidei.
1066 2632 1423 2704 Singularum
1462 2611 1723 2695 virtutum

129 2722 332 2766 corona:
355 2722 515 2768 sunt.
545 2715 707 2772 Solus
728 2719 976 2778 Christus
1001 2724 1165 2783 habet
1194 2745 1451 2785 coronam
1501 2734 1721 2804 gloriae,

128 2815 224 2867 qua
252 2819 371 2858 eum
414 2805 662 2862 Ecclesia
703 2817 1007 2871 coronavit.
1042 2817 1099 2872 In
1148 2821 1246 2876 hac
1286 2838 1487 2879 corona
1529 2840 1723 2885 omnes

130 2905 332 2950 coronae
361 2906 530 2966 sunt;
562 2901 689 2973 quia
706 2905 876 2974 gloria
908 2924 1019 2965 non
1062 2912 1242 2981 portio
1270 2917 1433 2973 unius
1480 2934 1722 2989 ceroma,

130 2987 215 3045 sed
244 2993 527 3058 pru‘mium
554 2998 794 3053 omnium
822 3015 1149 3059 coronarum
1182 3017 1289 3065 est.

601 3107 832 3167 CAPUT
873 3113 1241 3180 QUARTUM.

1126 350 1168 410 Ε
1205 351 1519 418 SCRIP'I‘IS
1556 362 1616 419 S.
1658 354 1986 425 AMBROSII
2027 366 2447 440 COLLEC'l‘US.

3319 405 3462 468 {902

1778 481 2074 544 Amonem
2114 505 2269 548 suum
2315 496 2587 569 proferat,
2634 518 2703 561 ne
2730 507 3143 580 importunitate
3200 519 3459 594 loquendi

1856 591 2132 648 peccatum
2158 590 2328 657 possit
2359 590 2657 654 incurrere.

1926 696 1980 751 4.
2025 699 2177 755 Oculi
2202 703 2280 758 tui
2308 706 2443 763 sicut
2487 714 2754 773 columbis.
2786 717 2882 777 Hic
2902 723 3205 796 columba},
3249 730 3303 788 id
3345 747 3451 805 est,

1853 787 2114 851 Ecclesia:
2145 800 2466 869 simplicitas
2489 809 2761 867 reveletur
2790 824 2844 870 et
2868 820 3063 887 gratia.
3108 822 3241 881 Vide
3270 787 3453 898 itaque

1850 880 2255 954 simplicitatem
2284 895 2449 963 oculi,
2482 901 2570 971 qui
2596 904 2739 959 enim
2765 907 2973 976 justum
3004 913 3145 971 videt
3176 926 3230 973 et
3250 923 3452 989 gaudet

1849 975 2015 1032 etiam
2036 978 2150 1049 ipse
2173 985 2287 1039 vult
2306 986 2486 1057 justus
2523 1009 2644 1049 esse
2669 1015 2683 1051 :
2711 975 2993 1067 pulchrum
3022 1019 3108 1063 est
3127 1012 3271 1067 enim
3301 1025 3355 1070 ut
3383 1021 3452 1074 ei)

1850 1060 1905 1122 in
1925 1069 2045 1126 aliis
2086 1074 2391 1136 delectetur
2412 1123 2428 1150 ,
2468 1085 2682 1162 1580
2706 1094 2848 1160 quod
2884 1099 2998 1153 vult
3031 1101 3145 1171 ipse
3172 1105 3224 1160 in
3252 1121 3313 1164 se
3339 1125 3452 1166 ser-

1849 1174 2007 1229 vare,
2042 1166 2086 1220 si
2119 1172 2291 1238 possit
2321 1191 2332 1226 :
2386 1184 2471 1231 est
2498 1184 2642 1236 enim
2672 1184 2895 1242 insitum
2927 1190 3104 1251 bonis.
3140 1206 3198 1252 ut
3234 1210 3444 1259 castum

1846 1256 2097 1325 pudicus,
2132 1264 2453 1330 prudentem
2482 1273 2700 1342 sapiens
2729 1278 2923 1336 alfectn
2971 1285 3063 1355 pio
3089 1288 3299 1360 diligat,

1843 1346 2079 1405 scricors
2107 1351 2409 1425 liberalem,
2450 1363 2679 1421 virtutes
2708 1383 2835 1426 suas
2865 1374 2919 1428 iu
2951 1377 3075 1433 aliis
3121 1346 3289 1440 aniet.
3322 1385 3447 1445 Ple-

1844 1437 2031 1511 risque
2074 1445 2237 1503 etiam
2281 1451 2415 1523 justi
2463 1471 2716 1528 aspectus
2742 1464 3043 1528 admonitio
3089 1480 3448 1539 correctionis

1840 1540 1946 1601 est,
1976 1539 2391 1607 perfectioribus
2422 1564 2553 1606 vero
2602 1553 2813 1612 laetitia.
2844 1559 2979 1619 Nam
3025 1566 3071 1621 si
3104 1576 3248 1625 tanta
3278 1572 3362 1630 vis
3388 1576 3444 1632 in

1840 1631 2177 1688 naturalibus
2200 1647 2303 1704 est,
2337 1648 2396 1695 ttt
2426 1644 2631 1700 animal
2656 1648 2828 1705 visum
2868 1659 3037 1723 prosit
3060 1658 3319 1731 ictericis,
3368 1667 3441 1725 ita

1839 1730 1899 1775 ut
1936 1729 2133 1781 mortui
2163 1746 2377 1801 quoque
2419 1752 2620 1810 corpus
2672 1743 2791 1813 ejus
2833 1748 3130 1808 animantis
3180 1759 3442 1826 prodesse

1840 1812 2073 1886 dicatur,
2117 1822 2162 1877 si
2196 1827 2356 1881 luerit
2399 1812 2829 1893 demonstratum
2863 1842 2951 1911 iis,
3003 1848 3094 1916 qui
3132 1812 3441 1921 huiusmodi

1842 1909 2134 1969 inciderint
2163 1921 2505 1992 passionem,
2530 1927 2781 1990 dubitare
2809 1909 3096 2004 possum-us
3123 1909 3271 2014 quod
3307 1909 3447 2017 justi

1837 2016 1994 2063 sanet
2032 2023 2319 2082 aspectus,
2371 2020 2528 2089 cujus
2573 2036 2705 2080 sunt
2757 2031 2905 2085 oculi
2957 2036 3101 2093 sicut
3150 2016 3441 2111 columbae,

1833 2097 2113 2169 simplices
2142 2113 2198 2159 et
2227 2108 2407 2177 pudici
2433 2112 2457 2166 ?
2482 2113 2628 2187 Ergo
2665 2119 2773 2176 vile
2812 2124 3014 2181 animal
3070 2097 3445 2194 irrationabile

1836 2202 2039 2250 tantam
2093 2199 2350 2259 virtutem
2410 2206 2609 2277 habet,
2639 2222 2701 2267 ut
2739 2230 2936 2274 sanare
2967 2219 3242 2281 hominem
3273 2231 3447 2298 possit

1832 2299 2114 2344 momento
2143 2296 2361 2367 exiguo,
2386 2314 2495 2371 quo
2537 2300 2754 2359 videtur
2787 2324 2801 2362 :
2833 2308 2999 2367 homo
3024 2315 3221 2383 iustus,
3274 2296 3321 2375 si
3366 2333 3446 2376 ta-

1829 2392 1955 2435 men
1992 2397 2113 2438 cum
2150 2386 2255 2444 fide
2281 2390 2350 2445 ab
2391 2408 2458 2447 eo
2484 2398 2874 2468 conspiciatur,
2904 2409 2995 2476 qui
3038 2410 3328 2469 utilitatem
3372 2418 3444 2472 ab

1828 2486 1897 2527 eo
1928 2476 2215 2545 percipere
2262 2482 2579 2556 desiderat,
2611 2490 2742 2547 nihil
2783 2496 3078 2556 conferet?
3114 2506 3285 2571 Quam
3313 2509 3438 2578 pul-

1828 2565 2019 2624 chrum
2050 2572 2212 2642 igitur
2241 2586 2299 2632 ut
2328 2580 2564 2637 videaris
2587 2594 2643 2641 et
2669 2589 2882 2656 prosis!

1900 2682 1954 2737 5.
2002 2685 2251 2744 cBonum
2292 2707 2423 2763 ergo
2462 2697 2545 2751 vir
2592 2698 2794 2770 justus.
2852 2705 3148 2780 Propterea
3199 2714 3438 2790 denique

1826 2781 2106 2847 apostolus
2144 2783 2344 2843 Paulus
2388 2793 2635 2849 ascendit
2668 2796 3127 2873 Hierosolymam,
3154 2818 3215 2865 ut
3250 2781 3432 2882 jusios

1825 2869 2072 2927 videret:
2105 2886 2159 2930 et
2200 2894 2326 2936 cum
2367 2883 2528 2939 Petro
2558 2890 2763 2945 mansit
2788 2869 2982 2950 diebus
3008 2869 3344 2972 quindecim,
3376 2918 3436 2963 ut

1825 2977 1890 3018 es
1928 2970 2046 3033 ejus
2069 2967 2268 3038 aliquid
2293 2974 2699 3037 cohabitatione
2726 2985 3022 3054 proﬁceret
3051 2990 3212 3058 (Gai.
3244 3012 3281 3060 I,
3318 2967 3431 3071 l8).

1824 3053 2127 3128 Propterea
2152 3062 2269 3131 ipse
2307 3066 2511 3126 Paulos
2534 3083 2589 3127 et
2611 3053 2892 3133 Barnabas
2939 3096 3064 3137 cum
3118 3053 3435 3165 llierosolyz-

1824 3161 1967 3203 mam
2034 3152 2491 3224 ingrederentur,
2557 3166 2844 3236 magniﬁce
2906 3174 3315 3244 excipiebantur
3361 3152 3433 3240 is

2094 3219 2116 3224 ,
2478 3219 2488 3224 ,
2647 3219 2678 3236 υ
2722 3219 2842 3224 __--
2909 3219 3304 3244 -_-.,.....-......
3361 3219 3431 3240 ..υ

195 3237 244 3293 ί,
284 3240 461 3312 (γεγε,
502 3242 581 3312 AL)
608 3245 729 3301 jam
756 3262 888 3304 vero
910 3265 1214 3310 conversus
1240 3254 1487 3324 sponsus
1509 3263 1561 3316 in
1596 3262 1718 3320 1³η,
1744 3219 1790 3282 C
1826 3239 2089 3309 Ecclesia,
2123 3252 2563 3320 etapostolis,et
2580 3258 2887 3329 majoribus
2906 3276 3037 3320 natu
3065 3283 3231 3326 :cum
3248 3285 3431 3332 autem

135 3326 241 3384 dem
253 3345 463 3402 sponsa:
486 3334 655 3392 dicit:
683 3338 850 3405 Quam
872 3341 1094 3412 pulchra
1111 3363 1183 3413 es,
1207 3350 1377 3405 antica
1404 3368 1537 3418 mea,
1563 3372 1719 3426 quam

134 3421 335 3491 pulchra
364 3443 417 3481 es
441 3427 467 3481 !
493 3428 632 3483 oculi
649 3432 721 3484 tui
743 3434 876 3487 sicut
910 3435 1192 3502 columbae,
1221 3454 1368 3497 extra
1395 3447 1723 3503 taciturnita-

138 3520 242 3567 tem.
289 3515 522 3574 Pulchra
562 3521 617 3575 in
648 3525 1056 3596 praedicatione,
1091 3533 1315 3600 pulchra
1345 3538 1396 3591 in
1429 3553 1719 3598 conversa-

136 3603 284 3661 tione.
318 3617 346 3646 ι
389 3609 795 3684 Oculi‘quoque
845 3623 979 3691 ejus,
1030 3621 1225 3694 inquit,
1255 3627 1388 3682 sicut
1441 3631 1715 3690 columbae.

137 3694 273 3754 Oculi
298 3713 421 3759 sunt
443 3705 571 3771 viri,
602 3706 852 3765 videlicet
877 3712 1216 3783 spiritalibus
1245 3725 1421 3776 ornati
1467 3726 1717 3782 sensibus

137 3791 219 3858 qui
245 3794 305 3847 ad
337 3797 572 3854 videnda
598 3804 852 3873 mysteria
885 3804 996 3861 sint
1027 3811 1205 3876 acuti,
1239 3820 1293 3868 et
1324 3816 1499 3884 parati
1527 3818 1593 3873 ad
1624 3836 1716 3891 pe-

140 3887 376 3944 netrantia
400 3890 700 3961 Scriptura:
724 3908 933 3953 secreta
975 3900 1194 3969 divinm,
1219 3907 1527 3964 rationabili
1576 3887 1715 3969 lacte

142 3974 407 4051 fulgentes,
452 3987 511 4041 in
563 3988 760 4058 quibus
816 4007 921 4048 non
970 3995 1042 4049 sit
1072 3999 1246 4068 aliqua
1275 3998 1382 4055 doli
1441 4005 1715 4061 maeulosa

144 4070 393 4143 confusio,
421 4078 522 4135 sed
543 4082 805 4151 simplicis
826 4083 1053 4142 aﬂectns
1103 4105 1232 4159 pura
1282 4101 1337 4146 et
1370 4094 1714 4153 immaculata

143 4160 459 4232 simplicitas.
490 4169 621 4226 Ideo
667 4173 720 4228 in
766 4189 1026 4245 aquarum
1075 4180 1402 4239 abundantia
1455 4187 1594 4243 lotas
1620 4188 1719 4246 bas

145 4254 403 4315 columbas
428 4262 483 4316 in
510 4262 653 4319 lacte
674 4275 862 4336 postea
897 4274 1236 4328 memoravit.

204 4360 255 4420 ε.
289 4366 402 4425 1am
434 4382 630 4431 cmlera
646 4378 834 4437 dentes
864 4392 918 4438 et
937 4399 1122 4455 genas,
1158 4397 1213 4443 et
1239 4388 1379 4445 sicut
1403 4394 1721 4452 coccineum

147 4460 433 4519 testiculum
479 4466 622 4523 labia
673 4485 890 4540 sponsa:
947 4477 1302 4549 intelligimus
1350 4486 1546 4542 anima:
1595 4504 1717 4546 esse

148 4546 350 4609 virtutes
417 4560 810 4634 doctorumque
849 4565 1200 4626 diversitates

147 4643 341 4703 ritalem
367 4654 529 4708 menti
556 4656 865 4715 alimoniam
918 4662 1324 4734 dispensatione
1371 4671 1557 4728 sedula
1586 4678 1714 4731 sub-

148 4738 450 4813 minisuent,
479 4753 560 4806 vel
592 4753 975 4824 praedicatione
997 4760 1292 4820 Dominica:
1336 4770 1541 4834 crucis,
1572 4771 1719 4827 sicut

152 4825 292 4889 Verbi
314 4843 534 4909 quadam
560 4849 722 4916 linea,
756 4851 981 4924 alligent
1026 4855 1335 4915 audientem
1365 4878 1376 4914 :
1409 4862 1492 4917 vel

150 4923 236 4980 stia
262 4938 577 5007 verecundi,
618 4956 670 4999 ct
694 4923 995 5014 juventutis
1022 4947 1158 5006 ﬂore
1186 4954 1500 5023 gratissimi.
1536 4955 1652 5013 Etsi
1684 4974 1712 5013 a

150 5016 276 5074 tactu
302 5028 498 5094 pudore
519 5047 859 5106 revocentur,
893 5041 1134 5097 redoleat
1159 5052 1337 5101 tamen
1369 5047 1424 5102 in
1468 5048 1551 5104 his
1579 5051 1714 5107 odor

152 5103 327 5171 Christi
359 5136 371 5172 :
399 5127 605 5183 etsicut
631 5129 685 5185 in
714 5103 904 5201 genas,
935 5135 1090 5205 quasi
1115 5151 1146 5191 a
1167 5139 1344 5207 capite
1389 5140 1713 5199 sacerdotali

154 5197 418 5269 descendat
450 5197 798 5294 unguentum,
832 5197 909 5283 sic
947 5197 1003 5284 et
1041 5229 1096 5285 in
1125 5230 1210 5287 his
1236 5233 1446 5292 eluceat
1470 5237 1712 5308 pulchri-

154 5294 266 5352 tudo
290 5300 556 5369 doctrinm.

217 5406 266 5467 5.
304 5414 330 5454 ι)
365 5420 512 5481 Oculi
555 5432 629 5484 tui
667 5432 800 5487 sicut
851 5436 1100 5492 columina
1135 5448 1284 5496 extra
1313 5443 1717 5503 taciturnitatem

158 5502 279 5555 ’καθ’
299 5521 317 5570 ξ
336 5516 469 5581 quod
498 5521 923 5592 etspiritnaliter
943 5527 1149 5596 videat,
1177 5540 1234 5588 et
1262 5536 1475 5591 noverit
1500 5547 1717 5608 tempus

160 5594 348 5655 tacendi
364 5618 483 5669 esse
503 5622 559 5673 et
583 5620 798 5686 tempus
830 5618 1115 5691 loquendi;
1134 5594 1203 5681 ut.
1228 5625 1280 5687 in
1316 5635 1565 5702 tempore
1591 5594 1712 5689 ser-

223 5738 247 5823 ξ
282 5731 469 5823 ibidem
496 5748 581 5805 ubi
615 5766 796 5823 supra,
826 5772 977 5811 num.
1009 5758 1096 5814 1⁸5.

224 5798 247 5838 δ
287 5805 338 5862 In
365 5798 1141 5893 parem-ni:
1174 5832 1266 5889 20.

1823 3333 1977 3389 abire
2006 3338 2229 3405 vellent,
2247 3358 2315 3399 ne
2339 3344 2686 3405 discederent
2705 3355 3056 3427 rogabantur,
3089 3372 3144 3416 et
3165 3373 3221 3417 ut
3243 3375 3429 3436 postea

1823 3426 1892 3482 de
1943 3427 2118 3487 Paulo
2164 3434 2429 3509 legimus,
2476 3443 2619 3511 quod
2678 3461 2809 3503 cum
2858 3449 3121 3524 lacrymis
3194 3426 3433 3517 deduce-

1820 3520 1995 3577 batur.
2016 3523 2207 3586 Nonne
2229 3532 2313 3587 vel
2345 3534 2446 3604 ipsi
2477 3538 2757 3595 oculorum
2789 3543 2926 3598 radii
2953 3520 3207 3605 virtutem
3232 3562 3428 3624 qualn-

1821 3612 1945 3670 dam
1976 3617 2226 3676 videntur
2251 3623 2562 3695 infundere,
2595 3628 2664 3686 iis
2692 3631 2789 3703 qui
2808 3633 3047 3694 ﬁdeliter
3074 3654 3203 3698 eum
3235 3612 3429 3704 videre

1821 3706 2164 3768 desiderant?

1893 3821 1949 3878 6.
1990 3824 2097 3881 Sed
2124 3829 2578 3896 quemadmodum
2622 3834 2808 3905 justus
2833 3839 3075 3898 laztitieat
3117 3859 3215 3901 cor
3266 3848 3424 3906 inno-

1821 3924 2057 3981 centum,
2086 3933 2209 3973 cutn
2266 3921 2505 3989 videtur,
2558 3925 2632 3981 ita
2666 3929 2899 4000 improbi
2923 3933 3197 4004 justorum
3235 3946 3424 4013 cogni-

1822 4011 1969 4068 tione
1995 4022 2337 4084 torquentur,
2364 4019 2495 4091 quia
2526 4024 2609 4079 vel
2632 4025 2814 4083 tacitis
2836 4041 3149 4089 sanctorum
3179 4011 3425 4098 mori—bus

1819 4118 2145 4176 arguuntur.
2178 4109 2417 4183 Torquet
2462 4115 2681 4175 castius
2729 4120 3196 4200 incontinentem,
3222 4135 3420 4192 avari-

1822 4196 1949 4252 tiam
1991 4199 2321 4273 liberalitas,
2370 4206 2709 4277 impietatem
2738 4214 2889 4271 ﬁdes.
2926 4218 3003 4273 De
3047 4220 3153 4278 hoc
3182 4196 3420 4300 quoque

1820 4292 1994 4360 parile
2015 4294 2135 4350 vilis
2154 4296 2448 4356 animantis
2468 4319 2747 4362 sumamus
2769 4314 3101 4382 exemplum.
3128 4292 3262 4374 Nam
3279 4323 3421 4380 sicut

1820 4386 2083 4455 prodesse
2123 4390 2360 4449 diximus
2399 4405 2606 4453 mutum
2661 4401 2865 4460 animal
2914 4421 3039 4462 cum
3082 4411 3321 4480 videtur,
3347 4415 3420 4471 ita

1820 4478 2014 4536 obesse
2056 4485 2391 4556 percipimus
2418 4489 2622 4561 lupum,
2673 4495 2718 4548 si
2747 4498 2983 4566 aliquem
3011 4503 3248 4562 videndo
3279 4478 3419 4578 prae

1252 4593 1266 4629 ε
1320 4577 1410 4647 qui
1470 4579 1558 4634 νοι
1605 4582 1718 4652 ερξ-
1739 4612 1801 4672 Β
1820 4575 2071 4643 venerit;
2101 4592 2288 4635 vocem
2329 4584 2474 4637 enim
2525 4585 2772 4644 feruntur
2801 4592 3073 4662 amittere,
3099 4610 3237 4667 quos
3267 4575 3417 4670 prius

1819 4667 1979 4739 lupus
1996 4671 2211 4727 viderit.
2244 4674 2535 4733 Basiliscus
2557 4696 2775 4752 quoque
2799 4683 2921 4756 (hic
2960 4698 3047 4743 est
3076 4667 3279 4751 noxius
3299 4710 3416 4752 ser-

1823 4760 1994 4831 pens)
2030 4763 2074 4817 si
2119 4766 2497 4839 quodcumque
2543 4774 2740 4829 viderit
2794 4778 2945 4848 prior
2985 4783 3209 4849 animal,
3243 4785 3417 4845 fertur

1819 4851 2070 4909 occidere
2098 4872 2111 4908 :
2143 4866 2199 4911 et
2222 4857 2484 4928 allegatur
2512 4864 2699 4920 Statim
2735 4871 2945 4934 necari,
2969 4873 3062 4943 qui
3094 4881 3330 4945 potuerit
3379 4896 3409 4935 a

1821 4955 2074 5015 serpente
2117 4946 2425 5019 lmjusmodi
2470 4956 2774 5022 prmvideri.
2803 4959 2921 5031 Ipse
2946 4979 3160 5037 quoque
3186 4984 3414 5041 serpens

1817 5040 1952 5092 mori
2001 5039 2226 5108 dicitur,
2279 5045 2324 5098 si
2378 5046 2543 5102 fuerit
2572 5047 2813 5107 hominis
2833 5068 3138 5123 prteveutns
3168 5039 3413 5132 aspectu.

1816 5129 2029 5204 Ergosi
2064 5142 2208 5190 tanta
2243 5137 2414 5194 virtus
2445 5141 2529 5196 vel
2575 5144 2626 5198 in
2668 5148 2841 5202 oculis
2884 5155 3178 5221 serpentis,
3229 5158 3313 5212 vel
3357 5157 3412 5215 in

1816 5223 1991 5279 oculis
2012 5236 2093 5281 est
2129 5224 2384 5298 hominis,
2417 5241 2472 5285 ut
2500 5232 2546 5287 si
2573 5234 2805 5293 alterum
2843 5240 2983 5296 alter
3028 5243 3173 5309 prior
3195 5247 3419 5317 viderit,

1819 5318 1991 5387 possit
2016 5318 2265 5376 occidere
2302 5337 2316 5375 :
2348 5338 2453 5377 non
2500 5336 2583 5380 est
2620 5328 2793 5385 virtus
2831 5330 2885 5386 in
2912 5335 3085 5390 oculis
3120 5336 3275 5408 justi,
3326 5343 3419 5413 qui

1826 5409 2063 5478 repit-tus
2109 5412 2322 5467 virtutis
2377 5425 2459 5471 est
2486 5417 2681 5486 gratia,
2713 5436 2834 5477 cum
2868 5428 3163 5495 przrsertim
3207 5440 3415 5491 tantum

1824 5512 2080 5571 operetur
2103 5503 2265 5571 lides;
2292 5516 2415 5560 utet
2436 5506 2527 5562 illa
2549 5525 2671 5580 qua:
2693 5511 2958 5571 ﬁmbriam
2985 5519 3193 5577 Domini
3221 5525 3419 5597 tetigit,

1824 5601 2154 5649 sanaretur:
2203 5604 2260 5651 et
2294 5593 2387 5653 ille
2424 5599 2510 5654 cui
2532 5600 2766 5661 intendit
2791 5605 3059 5668 Dominus
3079 5612 3261 5682 Iesus,
3307 5593 3422 5674 sta;

1902 5786 1923 5814 α
1972 5775 2028 5832 In
2062 5777 2198 5849 psal.
2229 5792 2415 5847 cxvtu,
2438 5794 2605 5841 serm.
2634 5786 2722 5855 ιο,
2752 5805 2904 5850 num.
2930 5796 3023 5855 23.
