3920 6376
397 320 546 384 1903

1375 310 1921 376 COMMENTARIUS
1957 309 2026 373 IN
2061 309 2360 372 CANTICA
2395 310 2668 372 CANTIC.

3561 317 3705 378 19M

389 445 488 498 tim
513 454 579 498 ex
604 439 720 512 ejus
750 437 923 496 oculis
953 436 1179 510 gratiam
1202 437 1454 494 sanitatis
1476 437 1765 511 hauriret(
1797 437 1990 493 Matth.
2021 436 2069 494 Α
2102 434 2309 503 pientes
2341 433 2468 489 fecit
2490 475 2506 500 ,
2539 430 2801 504 spiritalis
2828 435 3009 488 autem
3035 429 3207 502 gratia
3226 430 3295 488 ab
3322 429 3468 487 omni
3498 444 3702 502 super-

400 552 479 603 rx,
511 535 671 604 22)?

366 663 373 668 '
470 648 673 704 7.rSed
698 648 786 718 qui
812 647 958 704 videt
983 647 1225 717 justum,
1269 647 1432 704 debet
1471 649 1611 704 scire
1639 647 1766 719 quid
1797 646 1997 702 videat.

397 740 514 797 Non
549 741 700 794 illum
725 739 870 796 videt
903 740 955 794 in
984 754 1238 810 corpore.
1272 755 1378 794 non
1427 741 1479 795 in
1510 741 1857 803 vestimento,
1892 754 2002 793 non

399 834 453 888 in
481 833 825 903 patrimonio,
877 847 983 885 non
1028 830 1081 886 in
1121 831 1308 886 vultu:
1343 832 1437 888 sed
1464 832 1608 886 intus
1652 831 1818 886 videt.
1849 829 1964 884 Non
1987 869 2002 893 ,

398 927 639 996 inquam,
672 925 820 979 illum
850 924 1016 990 videt,
1049 925 1152 979 nisi
1187 925 1305 994 ejus
1345 925 1545 980 viderit
1590 935 1852 991 mentem,
1898 922 2007 978 nisi

2105 526 2337 582 ﬂuorum
2370 525 2491 582 labe
2520 525 2819 581 mundavit.

2180 644 2266 698 ll.
2309 641 2506 698 Merito
2531 639 2693 712 igitur
2724 640 2978 696 revelata:
3020 647 3148 695 sunt
3174 637 3702 709 animmjustorum,

2108 743 2164 789 et
2194 733 2447 789 revelata:
2479 747 2510 788 a
2537 741 2720 788 monte
2757 731 2958 788 Galaad
2983 773 2998 798 ,
3033 731 3135 786 hoc
3162 739 3276 798 est,
3308 746 3336 785 a
3363 731 3712 817 transmigra-

2110 827 2258 882 tione
2289 826 2620 891 testimonii,
2661 839 2727 881 eo
2756 824 2902 896 quod
2942 840 2971 878 a
3003 825 3288 894 Synagoga
3314 822 3381 878 ad
3412 822 3711 879 Ecclesiam

2116 921 2483 976 testimonium
2513 921 2736 977 caeleste
2774 919 3044 990 migravit.
3076 919 3132 974 In
3169 919 3268 974 hoc
3307 918 3485 989 itaque
3531 927 3715 975 monte

2114 1011 2355 1066 nascitur
2394 1012 2727 1083 thymiama,
2761 1012 2975 1079 resina,
3018 1021 3073 1066 et
3125 1009 3309 1067 caateri
3347 1009 3546 1066 odores
3583 1026 3715 1078 quos

2115 1107 2483 1176 negotiatores
2514 1105 2590 1160 illi
2631 1104 2919 1159 lsmaelita:
2942 1147 2957 1171 ,
2985 1113 3045 1160 ut
3089 1104 3255 1161 habes
3280 1103 3333 1159 in
3376 1103 3516 1160 libro
3547 1105 3719 1176 primo

2118 1199 2460 1254 'l‘estamcnti
2493 1201 2721 1265 veteris,
2753 1199 3074 1254 deferebant
3121 1198 3284 1270 (Gen.
3329 1215 3554 1266 nam,
3596 1199 3715 1271 25).

2116 1292 2302 1364 Itaque
2333 1293 2472 1347 sicut
2499 1308 2675 1362 caprae
2707 1292 2862 1347 bonis
2906 1292 3126 1348 refecta:
3165 1291 3303 1348 cibis
3325 1333 3339 1358 ,
3374 1300 3430 1348 et
3457 1291 3596 1348 solis
3631 1308 3720 1347 ca-

2120 1387 2236 1443 lore
2265 1397 2592 1451 vernantes,
2637 1388 2888 1442 lavantur
2909 1387 2962 1442 in
3001 1386 3260 1454 ﬂumine,
3295 1395 3350 1442 et
3387 1387 3720 1444 exsultantes

2123 1483 2339 1539 mundae
2382 1489 2613 1553 surgunt
2651 1481 2722 1536 de
2771 1481 3035 1537 ﬂumine:
3084 1483 3154 1536 ita
3202 1482 3402 1538 animae
3450 1481 3723 1552 justarnm

2123 1573 2423 1631 ascendunt
2453 1574 2520 1628 ab
2544 1572 2776 1644 spiritali
2811 1575 3045 1629 lavacro.

402 1021 520 1091 ejus
547 1034 856 1075 sermonem
907 1019 1221 1086 intenderit,
1265 1019 1368 1074 nisi
1400 1035 1619 1074 sensum
1653 1019 1797 1074 illius
1822 1026 2012 1088 potuc-

402 1115 474 1170 rit
499 1111 995 1183 comprehendere,
1027 1113 1344 1182 sapientiam
1384 1113 1454 1168 de
1495 1122 1726 1168 tractatu
1770 1112 1887 1182 ejus
1915 1125 2012 1181 po-

403 1207 572 1262 tuerit
608 1220 909 1261 assumere.
937 1205 1090 1260 'l‘unc
1118 1203 1280 1275 igitur
1307 1205 1580 1260 laetabitur
1607 1220 1729 1260 cum
1761 1203 1861 1258 ista
1892 1219 2016 1274 per-

404 1301 664 1372 spexerit,
690 1316 811 1354 cum
839 1301 941 1354 ista
969 1301 1306 1370 cognoverit.
1345 1300 1420 1354 lta
1451 1315 1581 1371 ergo
1611 1307 1667 1356 et
1711 1314 1810 1353 nos
1838 1298 2015 1354 sicubi

401 1394 609 1463 justum
642 1392 910 1458 audimus,
939 1391 1257 1447 festinemus
1278 1391 1486 1456 videre,
1528 1395 1668 1447 sicut
1701 1393 1793 1447 illa
1822 1391 2018 1447 mulier

408 1504 531 1560 qum
557 1488 764 1544 audivit
807 1488 862 1541 in
889 1487 1049 1542 domo
1071 1486 1325 1558 pharismi
1351 1487 1700 1542 discumbere
1727 1485 2019 1542 Dominum

406 1583 591 1641 Jesum
615 1627 628 1650 ,
661 1590 717 1638 et
753 1582 994 1652 ingressa
1040 1590 1154 1646 est,
1192 1589 1247 1636 et
1291 1579 1408 1650 ejus
1449 1579 1614 1650 pedes
1645 1580 1884 1651 perfudit
1914 1596 2018 1636 un-

407 1687 608 1749 guento
640 1675 796 1748 (Luc.
831 1691 926 1738 vn,
957 1675 1027 1730 ’57
1058 1683 1105 1728 et
1135 1671 1251 1746 58).
1286 1673 1429 1727 Illius
1478 1673 1783 1727 imitatores
1823 1671 2018 1739 simus,

408 1770 533 1839 quia
566 1768 825 1824 Ecclesia:
849 1768 899 1821 in
933 1767 1024 1822 illa
1057 1765 1285 1821 muliere
1311 1765 1539 1836 ﬂguram
1568 1780 1688 1820 esse
1719 1765 1840 1835 quis
1866 1761 2024 1817 dubi-

413 1863 527 1918 tet?
557 1862 742 1918 Sicubi
760 1876 888 1930 ergo
906 1860 1086 1930 justus
1115 1858 1324 1925 sedeat,
1341 1857 1511 1913 sicubi
1537 1858 1843 1921 accumbat,
1869 1853 2021 1910 festi-

415 1970 606 2010 nemus
649 1953 833 2008 videre
888 1967 1035 2008 eum.
1091 1950 1398 2005 Pretiosum
1451 1959 1535 2004 est
1608 1948 1795 2003 videre
1847 1947 2023 2001 virum

411 2047 616 2116 justum
644 2086 659 2112 ,
719 2055 778 2099 ut
821 2045 1009 2099 videas
1049 2059 1173 2100 eum
1226 2042 1528 2099 secundum
1581 2041 1870 2112 imaginem
1905 2039 2022 2094 Dei.

414 2138 569 2208 Quod
599 2137 731 2192 foris
753 2147 866 2203 est,
902 2137 1032 2192 nihil
1061 2137 1310 2206 prodest:
1335 2136 1479 2208 quod
1515 2136 1661 2191 intus
1708 2145 1814 2201 est,
1845 2143 2025 2189 sanat.

415 2231 562 2288 Sane
593 2231 722 2284 etin
748 2244 814 2284 eo
840 2229 929 2298 qui
972 2228 1105 2284 foris
1140 2237 1246 2295 est,
1281 2229 1434 2283 illum
1459 2229 1551 2299 qui
1606 2229 1753 2282 intus
1781 2238 1888 2295 est,
1918 2225 2027 2281 fre-

422 2331 652 2397 quenter
679 2322 975 2393 aspicimus
1007 2337 1023 2380 :
1052 2329 1108 2375 ut
1135 2323 1176 2375 si
1201 2320 1497 2376 viderimus
1525 2335 1840 2389 pauperem,
1875 2319 2026 2374 illum

418 2418 488 2474 ad
519 2417 673 2488 cujus
699 2415 1114 2472 similitudinem
1139 2416 1311 2470 factus
1336 2422 1444 2480 est,
1467 2413 1800 2469 honoremus
1821 2414 1872 2466 in
1898 2428 2032 2483 pau-

422 2525 572 2582 pere,
605 2511 673 2565 de
701 2524 810 2581 quo
833 2508 911 2565 ait
934 2527 947 2564 :
976 2507 1209 2562 Dedistis
1232 2508 1358 2562 mihi
1384 2508 1723 2574 manducare,
1753 2509 1873 2577 quia
1893 2507 2031 2572 quod

421 2606 513 2661 uni
565 2621 740 2660 eorum
789 2602 1005 2658 dedistis
1032 2645 1046 2670 ,
1085 2603 1211 2657 mihi
1263 2604 1475 2658 dedistis
1518 2603 1750 2674 (Matth.
1794 2619 1922 2670 xxv,
1962 2603 2032 2658 '55

427 2708 473 2754 et
499 2698 571 2756 40
595 2700 634 2766 ).

492 2816 546 2872 8.
592 2815 1026 2885 Capillamentnm
1078 2825 1222 2869 tuum
1272 2825 1326 2870 ut
1373 2832 1500 2888 grex
1560 2825 1860 2883 (ansarum,
1913 2831 2033 2887 qua:

425 2909 663 2964 revelata:
687 2917 806 2962 sunt
847 2925 878 2960 a
910 2919 1084 2961 monte
1113 2907 1342 2963 Galaad.
1396 2908 1524 2965 Ideo
1553 2911 1992 2980 capillamenlum
2017 2950 2032 2975 ,

425 3001 551 3073 quia
604 3000 776 3055 virtus
828 3002 1068 3055 omnium
1124 3016 1383 3056 sensuum
1410 3004 1461 3056 in
1492 3005 1673 3073 capite
1709 3012 1837 3060 est:
1876 3003 2030 3058 Oculi

428 3096 574 3151 enim
631 3095 880 3164 sapientis
928 3095 982 3146 in
1025 3095 1195 3162 capite
1261 3098 1373 3167 ejus
1421 3093 1590 3164 (Eccl.
1624 3095 1709 3166 ιι).
1759 3095 2032 3151 Profunda

2198 1690 2284 1746 12.
2329 1689 2453 1745 Istic
2481 1701 2606 1746 sunt
2631 1705 2759 1746 vere
2807 1690 2897 1761 qui
2924 1687 3172 1762 geminos
3198 1699 3417 1756 creant,
3448 1691 3504 1748 in
3535 1693 3726 1764 quibus

2132 1790 2357 1837 nonest
2401 1780 2763 1837 infccunditas
2802 1781 2979 1852 aliqua
3011 1783 3300 1850 virtutum,
3334 1782 3594 1840 sterilitas
3623 1785 3722 1841 ulla

2129 1874 2469 1929 meritorum.
2493 1873 2642 1929 Bene
2671 1873 2920 1944 geminos
2957 1883 3177 1939 creant,
3203 1873 3327 1944 quia
3350 1875 3727 1943 congeminant

2129 1982 2323 2024 sensus
2354 1981 2516 2034 suos;
2546 1967 2689 2023 unde
2717 1967 2888 2023 habes
2911 1968 2960 2021 in
2991 1967 3308 2022 Proverbiis
3338 1968 3637 2038 scriptum:
3664 1966 3723 2023 Et

2129 2071 2183 2116 tu
2213 2060 2378 2116 scribe
2435 2063 2545 2115 htvc
2584 2060 2676 2115 tibi
2708 2061 3008 2132 tripliciter,
3039 2060 3094 2114 in
3131 2061 3436 2127 consilium,
3474 2070 3522 2114 et
3567 2061 3618 2114 in
3646 2077 3722 2115 co-

2131 2155 2413 2226 gnitionem
2440 2153 2624 2226 (Prov.
2660 2170 2794 2221 xxn,
2831 2153 2945 2226 20).
2980 2153 3272 2224 Triplicem
3307 2156 3576 2225 pra‘misit
3606 2155 3725 2212 scri-

2133 2248 2395 2317 ptionem,
2417 2255 2469 2300 et
2499 2246 2609 2301 duo
2639 2244 2911 2314 subdidit,
2945 2244 3232 2301 consilium
3261 2256 3317 2302 et
3345 2247 3722 2318 cognitionem.

2131 2340 2238 2396 Sed
2266 2340 2505 2408 cognitio
2534 2343 2752 2410 gemina
2785 2349 2902 2406 est,
2933 2354 3039 2395 una
3074 2340 3494 2410 incorporalium
3519 2384 3534 2407 ,
3570 2341 3721 2397 altera

2134 2433 2538 2504 corporalium;
2583 2435 2727 2490 unde
2770 2437 2934 2490 etiam
2977 2437 3032 2489 in
3079 2435 3481 2504 posterioribus
3524 2435 3718 2491 habes:

2135 2529 2251 2583 Duo
2285 2528 2441 2582 ubera
2471 2539 2558 2582 tua
2587 2529 2720 2583 sicut
2758 2529 2864 2583 duo
2909 2528 3116 2583 hinnuli
3149 2544 3353 2600 capretv
3377 2530 3619 2601 gemelli,
3644 2528 3724 2600 qui

2137 2633 2416 2692 pascuntur
2446 2623 2498 2674 in
2537 2620 2664 2676 [iliis
2684 2662 2698 2688 ,
2729 2621 2894 2675 donec
2931 2622 3124 2692 aspiret
3165 2622 3309 2689 dies,
3339 2631 3390 2677 et
3427 2622 3720 2677 inclinentur

2136 2716 2330 2769 umbra:
2358 2713 2536 2784 (Vera.
2562 2715 2641 2784 5).

2208 2832 2296 2887 15.
2341 2830 2583 2886 Diximus
2609 2830 2676 2886 de
2707 2830 3072 2899 fecunditate,
3102 2830 3345 2886 dicamus
3367 2831 3438 2887 de
3464 2830 3718 2888 dentibus.

2135 2923 2267 2980 Nam
2301 2934 2354 2981 et
2391 2925 2705 2995 navigantes
2746 2923 3019 2996 plerique,
3057 2937 3112 2980 et
3151 2935 3510 2996 properantes
3549 2926 3719 2981 itinere

2139 3025 2354 3072 terreno
2375 3059 2389 3082 ,
2417 3016 2510 3071 ubi
2539 3016 2772 3072 viderint
2800 3018 3103 3088 Speciosam
3126 3017 3363 3089 aliquem
3396 3020 3607 3085 locum,
3634 3018 3717 3074 de-

2135 3109 2441 3166 lectationis
2480 3111 2649 3181 gratia
2689 3111 3078 3180 demorantur,
3129 3121 3361 3180 pascunt
3401 3111 3590 3167 oculos
3616 3108 3717 3164 ani-

433 3187 594 3261 igitur
641 3187 922 3242 doctorum
975 3185 1295 3256 prudentia,
1323 3203 1444 3257 quae
1485 3198 1663 3257 potest
1692 3204 1755 3243 ea
1792 3204 1911 3259 qua:
1938 3189 2033 3244 ob-

2143 3216 2394 3272 mumqne
2421 3203 2676 3257 allevant.
2722 3201 2832 3258 Nec
2861 3218 3012 3259 mora
3045 3202 3151 3258 ulla
3194 3212 3412 3272 putatur
3436 3217 3719 3259 commean-

435 3297 593 3338 scura
616 3280 1023 3344 suntrevelare,
1055 3288 1111 3334 et
1138 3280 1246 3334 alta
1275 3280 1489 3349 aperire
1518 3295 1800 3336 sensuum.

509 3374 562 3429 9.
607 3373 785 3445 (Vers.
818 3370 902 3442 2.)
935 3380 962 3409 ιι
1012 3371 1200 3426 Dentes
1251 3372 1326 3425 tui
1373 3372 1509 3426 sicut
1555 3390 1683 3446 grex
1735 3383 2034 3441 tousarunt,

438 3481 553 3535 qute
575 3464 916 3519 ascenderunt
941 3481 970 3517 α
995 3465 1220 3529 lavacro,
1244 3480 1358 3534 qua:
1383 3481 1556 3520 omnes
1579 3467 1808 3538 geminos
1838 3479 2037 3538 creant,

440 3569 487 3614 et
511 3557 787 3629 infecunda
813 3573 915 3612 non
944 3568 1016 3610 est
1041 3558 1092 3611 in
1123 3559 1215 3612 eis.
1249 3558 1402 3625 Quod
1433 3559 1614 3626 specie
1654 3558 1722 3613 de
1753 3561 1932 3631 capris
1958 3561 2043 3615 di-

439 3656 602 3722 citur,
641 3652 869 3723 mySIice
921 3651 989 3707 dc
1022 3649 1283 3706 Ecclesia:
1331 3667 1493 3722 grege
1524 3653 1887 3708 sentiendum.
1931 3653 2041 3710 Nec

441 3745 564 3802 vilia
584 3745 680 3800 tibi
703 3745 988 3799 videantur
1020 3744 1119 3798 ista
1157 3744 1433 3812 animalia,
1472 3745 1624 3800 vides
1655 3745 1797 3817 quod
1829 3747 1881 3802 in
1919 3748 2043 3803 altis

442 3855 573 3911 grex
596 3840 700 3895 iste
723 3839 982 3909 pascitur,
1012 3837 1183 3892 audax
1225 3840 1277 3892 in
1315 3848 1517 3895 monte.
1547 3839 1734 3910 Itaque
1785 3840 1875 3896 ubi
1921 3841 2045 3896 aliis

444 3935 762 4006 praecipitia,
812 3935 886 3990 ibi
926 3935 1106 4004 capris
1152 3934 1361 3988 nullum
1414 3935 1712 4005 periculum
1742 3953 1754 3989 :
1788 3936 1876 3990 ubi
1926 3934 2046 3991 aliis

444 4027 782 4098 periculum,
831 4025 905 4082 ibi
953 4027 1131 4098 gregis
1182 4027 1326 4081 illius
1373 4027 1729 4096 alimentum,
1778 4028 1848 4084 ibi
1892 4029 2047 4086 cibus

452 4121 665 4194 1581
688 4120 916 4180 dulcior,
964 4119 1035 4175 ibi
1069 4119 1273 4175 fructus
1325 4121 1572 4176 electior.
1624 4123 1983 4194 Speculantur
2016 4139 2046 4178 a

448 4211 758 4282 pastoribus
809 4209 946 4273 suis,
986 4210 1210 4265 dumosa
1266 4211 1333 4265 de
1390 4227 1524 4282 rupe
1573 4215 1904 4283 pendentes,
1959 4215 2050 4271 ubi

451 4306 702 4376 luporum
729 4303 981 4360 incursus
1008 4318 1129 4358 esse
1169 4318 1274 4358 non
1305 4313 1551 4374 possunt,
1588 4306 1660 4361 ibi
1691 4305 1935 4363 fecunda
1963 4322 2050 4362 ar-

447 4398 608 4454 bores
640 4396 869 4452 fructum
901 4397 1168 4466 integrum
1195 4397 1630 4453 subministrant.
1658 4398 1896 4455 Cernere
1924 4399 2052 4456 licet

450 4491 602 4548 uberi
633 4491 783 4546 lacte‘
825 4490 1120 4555 distentas,
1162 4505 1325 4560 super
1357 4501 1599 4546 teneram
1653 4492 1898 4549 sobolem
1931 4508 2050 4548 ma-

2138 3294 2228 3360 di,
2270 3294 2364 3348 sed
2404 3294 2592 3364 gratia.
2621 3294 2696 3350 Ita
2728 3305 2781 3350 et
2819 3296 2976 3352 nobis
3001 3296 3402 3367 pulcherrimos
3441 3297 3624 3354 dentes
3642 3297 3718 3366 ju-

2139 3394 2346 3441 starnm
2377 3386 2676 3442 animarum
2704 3387 3056 3444 considerare
3075 3389 3230 3444 cordi
3253 3398 3370 3455 est;
3395 3389 3579 3446 docuit
3595 3387 3718 3443 enim

2142 3480 2423 3551 Scriptura
2453 3481 2854 3550 pulcherrimos
2881 3481 3076 3538 dentes
3103 3496 3226 3538 esse
3257 3482 3530 3553 iustorum
3557 3481 3719 3538 dicens

2142 3573 2437 3627 secundum
2479 3572 2715 3628 litteram
2744 3572 2966 3645 quidem
2999 3575 3065 3630 de
3097 3575 3405 3644 patriarcha
3435 3575 3596 3640 Juda,
3626 3572 3721 3642 δρί-

2142 3664 2409 3721 ritualiter
2433 3674 2613 3721 autem
2645 3667 2712 3723 de
2751 3667 2971 3724 Christo
2997 3684 3012 3728 ;
3050 3666 3262 3722 Hilares
3291 3669 3430 3723 oculi
3457 3670 3564 3740 ejus
3598 3685 3627 3721 a
3660 3664 3723 3719 ei-

2145 3774 2240 3826 no,
2273 3769 2318 3812 et
2351 3761 2524 3814 dentes
2554 3761 2686 3814 sicut
2718 3761 2798 3814 lac
2829 3760 3039 3832 (Cenes.
3065 3777 3191 3817 xux
3219 3803 3234 3828 ,
3266 3762 3380 3833 12).
3413 3763 3473 3818 In
3501 3776 3601 3833 quo
3628 3773 3719 3814 non

2148 3851 2329 3922 utique
2375 3854 2555 3908 carnis
2606 3852 2858 3909 humanae
2907 3853 3126 3922 ofﬁcia,
3173 3855 3270 3910 sed
3318 3854 3518 3912 divina:
3557 3853 3721 3926 gratiae

2149 3961 2371 4002 munera
2403 3947 2736 4017 prmdicavit.
2775 3950 2940 4006 Docet
2984 3948 3150 4020 igitur
3177 3949 3524 4016 exemplum,
3555 3947 3722 4003 dentes

2150 4055 2256 4095 non
2289 4055 2411 4096 esse
2449 4041 2859 4112 praetereundos
2881 4083 2896 4108 ,
2926 4041 3016 4097 ubi
3053 4044 3122 4097 de
3151 4041 3324 4098 oculis
3363 4039 3716 4098 disseruimus.

2225 4135 2312 4190 14.
2353 4134 2456 4202 Qui
2504 4145 2632 4190 sunt
2680 4136 2843 4208 igitur
2886 4136 3150 4206 justarnm
3203 4137 3395 4192 dentes
3448 4135 3717 4192 animarum

2152 4228 2258 4284 nisi
2289 4228 2378 4299 qui
2408 4229 2692 4285 informem
2724 4246 2788 4285 ac
2820 4231 3015 4286 durum
3045 4231 3378 4301 accipientes
3403 4229 3610 4294 cibum,
3645 4221 3718 4279 vel

2153 4320 2405 4392 frigidum
2461 4323 2817 4396 plerumque,
2868 4324 2954 4380 vel
3008 4339 3168 4395 supra
3223 4324 3442 4379 modum
3487 4322 3717 4379 calentem

2155 4428 2297 4468 nunc
2339 4415 2753 4482 comminuunt,
2796 4432 2940 4473 nunc
2975 4417 3191 4484 fovent,
3227 4432 3376 4473 nunc
3407 4416 3717 4488 temperant.

2156 4515 2317 4576 prout
2363 4507 2594 4577 qualitas
2651 4509 2812 4565 fuerit
2849 4509 3281 4566 alimentorum?
3328 4510 3473 4565 Dura
3524 4501 3720 4563 commi-

449 4598 603 4643 terna
653 4585 853 4658 pietate
907 4585 1187 4641 sollicitas.
1236 4584 1362 4640 Ideo
1422 4586 1587 4657 elegit
1654 4601 1748 4643 eas
1811 4586 2033 4657 Spiritus

2152 4609 2354 4669 nuunt,
2383 4618 2452 4658 ne
2481 4603 2746 4674 asperitas
2773 4605 2966 4659 littera:
3005 4605 3058 4660 in
3097 4605 3265 4661 vcteri
3295 4603 3632 4660 Testamento
3673 4603 3718 4648 et

447 4690 692 4748 sanctus,
716 4678 911 4750 quibus
938 4678 1141 4734 coitum
1164 4678 1492 4733 venerabilis
1520 4679 1781 4736 Ecclesia:
1825 4696 2047 4752 compa-

451 4784 620 4830 raret.

529 4887 610 4944 10.
654 4887 722 4942 Et
761 4895 817 4941 ut
867 4887 1092 4958 mystice
1129 4885 1355 4951 audias,
1389 4867 1856 4956 capillatnentunf
1880 4867 2045 4944 Verbi

447 4991 534 5038 est
570 4979 830 5046 altitudo,
863 4987 918 5034 et
947 4979 1240 5034 eminentia
1269 4977 1516 5048 quaedam
1542 4979 1809 5049 justarum
1838 4980 2049 5034 anima-

448 5088 602 5137 sum;
631 5071 886 5142 quoniam
917 5085 1112 5126 sensus
1143 5071 1403 5140 sapientis
1431 5071 1480 5124 in
1513 5072 1690 5142 capite
1718 5071 1854 5142 ejus.
1886 5072 1939 5126 ln
1972 5073 2050 5126 al-

452 5165 678 5220 titudine
718 5163 864 5218 enim
912 5163 1258 5230 cogitationis
1293 5163 1540 5217 humana:
1569 5172 1776 5218 certum
1809 5173 1892 5218 est
1921 5177 2049 5218 esse

449 5257 792 5326 sapientiam.
826 5255 894 5310 Et
924 5255 1376 5325 quemadmodum
1421 5256 1712 5311 tondentur
1741 5272 1919 5327 capra:
1945 5298 1959 5322 ,
1991 5265 2051 5310 ut

446 5349 721 5421 superﬂua
761 5347 1080 5418 deponant:
1116 5351 1190 5404 ita
1228 5349 1390 5403 etiam
1426 5360 1701 5405 tonsarum
1742 5352 2046 5406 animarum

447 5457 697 5513 gregem,
725 5443 828 5497 hoc
852 5449 967 5506 est,
998 5442 1282 5496 multarum
1307 5443 1608 5497 animarum
1639 5444 1862 5499 virtutes
1886 5446 2049 5505 habet

446 5543 632 5591 sancta
662 5533 902 5588 Ecclesia
926 5575 940 5598 ,
977 5534 1026 5587 in
1059 5548 1165 5603 quo
1205 5548 1368 5604 grege
1408 5534 1541 5591 nihil
1591 5529 1766 5605 posSis
1819 5539 2050 5596 insensi-

446 5625 555 5681 bile
597 5625 871 5696 reperire,
904 5623 1038 5678 nihil
1075 5625 1446 5695 superﬂuum;
1487 5629 1746 5698 quoniam
1788 5629 1922 5688 fides
1961 5648 2049 5690 sa-

527 5833 550 5860 ι
587 5822 645 5878 ιιι
679 5835 763 5894 ps.
790 5835 976 5885 cxvui,
1001 5835 1167 5877 serm.
1196 5822 1282 5889 16,
1316 5838 1465 5880 num.
1490 5823 1564 5878 2‘5
1586 5831 1642 5882 et
1663 5839 1784 5895 seq.

2153 4695 2435 4750 saecularis
2455 4695 2762 4752 intellectus
2779 4696 2958 4768 rigor,
2983 4697 3087 4752 nisi
3121 4696 3285 4753 fuerit
3329 4696 3550 4769 spiritali
3577 4692 3716 4749 dente

2153 4786 2422 4842 resolutus
2451 4829 2465 4852 ,
2505 4788 2686 4843 vitalia
2724 4789 2840 4859 ipsa
2887 4789 3198 4846 interclusis
3243 4789 3506 4846 librorum
3543 4785 3718 4841 saluta-

2153 4879 2294 4934 rium
2331 4882 2756 4948 commeatibus,
2785 4892 2840 4938 et
2883 4881 3064 4954 gulam
3105 4883 3396 4955 quamdam
3438 4882 3618 4939 animm
3649 4875 3716 4929 in-

2153 4974 2369 5028 curiosa
2414 4973 2682 5030 edacitate
2711 4974 2962 5032 suﬂ'ocet.
2988 4975 3094 5032 Par
3134 4983 3218 5030 est
3259 4975 3423 5046 igitur
3450 4985 3506 5028 nt
3540 4964 3716 5027 dividas

2155 5069 2386 5139 primum
2407 5111 2422 5137 ,
2452 5070 2494 5125 si
2524 5071 2696 5125 solida
2731 5071 2826 5126 tibi
2856 5071 3067 5127 videtur
3097 5085 3222 5128 esca
3252 5085 3373 5140 qua:
3403 5067 3645 5126 sumitur.
3670 5064 3716 5114 el

2154 5163 2452 5236 diStinguas
2491 5180 2644 5231 eam;
2685 5174 2846 5238 atque
2891 5166 3188 5222 emollitam
3229 5165 3348 5220 sine
3386 5177 3522 5220 noxa
3561 5156 3713 5226 aliqua

2153 5259 2350 5312 animae
2372 5258 2424 5311 in
2447 5258 2626 5313 omnia
2647 5257 2764 5330 ejus
2787 5259 3028 5314 membra
3046 5257 3549 5314 naturalidivisione
3570 5259 3712 5307 trans'

2154 5349 2384 5417 fundas;
2419 5359 2475 5405 ut
2503 5351 2721 5408 vitalem
2761 5366 2984 5409 succum
3023 5368 3186 5408 omne
3240 5352 3358 5424 ejus
3386 5361 3576 5420 corpus
3604 5354 3713 5413 ellu‘

2156 5442 2325 5510 letur,
2376 5445 2509 5502 nihil
2548 5445 2938 5505 cadaverosum
2965 5491 2981 5516 ,
3019 5447 3154 5502 nihil
3197 5456 3468 5504 mortuum
3512 5453 3598 5500 ore
3635 5446 3710 5490 ωο

2156 5552 2380 5608 sumas,
2429 5557 2499 5597 ne
2546 5541 2756 5598 dicatur
2803 5561 2817 5597 :
2869 5542 3176 5615 Sepulcrum
3229 5551 3411 5616 patens
3458 5546 3527 5595 est
3563 5536 3711 5608 gntth

2155 5647 2330 5688 eorum
2361 5633 2593 5707 (Psalm.
2623 5652 2749 5706 xm,
2783 5635 2861 5708 5).
2892 5635 2999 5695 Sed
3029 5635 3212 5692 vivum
3239 5635 3461 5692 haurias
3485 5625 3702 5687 verbum:
