  <div class='ocr_page' id='page_1' title='image "/cluster/home/n/w/nwhite01/storage/ocr_20150623/15/uva.x000826533/368.png"; bbox 0 0 3920 6360; ppageno 0'>
   <div class='ocr_carea' id='block_1_1' title="bbox 200 366 346 423">
    <p class='ocr_par' dir='ltr' id='par_1_1' title="bbox 200 366 346 423">
     <span class='ocr_line' id='line_1_1' title="bbox 200 366 346 423; baseline -0.014 -1"><span class='ocrx_word' id='word_1_1' title='bbox 200 367 227 422; x_wconf 73' lang='grc'><strong>1</strong></span> <span class='ocrx_word' id='word_1_2' title='bbox 240 366 346 423; x_wconf 75' lang='lat'><strong>903</strong></span> 
     </span>
    </p>
   </div>
   <div class='ocr_carea' id='block_1_2' title="bbox 1151 379 2474 454">
    <p class='ocr_par' dir='ltr' id='par_1_2' title="bbox 1151 379 2474 454">
     <span class='ocr_line' id='line_1_2' title="bbox 1151 379 2474 454; baseline 0.016 -21"><span class='ocrx_word' id='word_1_3' title='bbox 1151 379 1192 434; x_wconf 85' lang='lat' dir='ltr'><strong>E</strong></span> <span class='ocrx_word' id='word_1_4' title='bbox 1232 381 1543 442; x_wconf 83' lang='lat' dir='ltr'><strong>SCRIPTIS</strong></span> <span class='ocrx_word' id='word_1_5' title='bbox 1584 386 1642 444; x_wconf 73' lang='grc' dir='ltr'><strong>Β.</strong></span> <span class='ocrx_word' id='word_1_6' title='bbox 1685 389 2009 449; x_wconf 77' lang='lat' dir='ltr'><strong>AMBROSII</strong></span> <span class='ocrx_word' id='word_1_7' title='bbox 2047 392 2474 454; x_wconf 85' lang='lat' dir='ltr'><strong>COLLECTUS.</strong></span> 
     </span>
    </p>
   </div>
   <div class='ocr_carea' id='block_1_3' title="bbox 1830 74 2276 81">
    <p class='ocr_par' dir='ltr' id='par_1_3' title="bbox 1830 74 2276 81">
     <span class='ocr_line' id='line_1_3' title="bbox 1830 74 2276 81; baseline -0.002 0"><span class='ocrx_word' id='word_1_8' title='bbox 1830 74 1904 81; x_wconf 89' lang='lat'><strong>—</strong></span> <span class='ocrx_word' id='word_1_9' title='bbox 1917 75 1934 80; x_wconf 81' lang='grc'><strong>-</strong></span> <span class='ocrx_word' id='word_1_10' title='bbox 1951 74 2276 81; x_wconf 43' lang='grc' dir='ltr'><strong>-δῖἃ--ᾢ</strong></span> 
     </span>
    </p>
   </div>
   <div class='ocr_carea' id='block_1_4' title="bbox 3365 412 3504 471">
    <p class='ocr_par' dir='ltr' id='par_1_4' title="bbox 3365 412 3504 471">
     <span class='ocr_line' id='line_1_4' title="bbox 3365 412 3504 471; baseline 0.014 -2"><span class='ocrx_word' id='word_1_11' title='bbox 3365 412 3504 471; x_wconf 78' lang='grc'>1906</span> 
     </span>
    </p>
   </div>
   <div class='ocr_carea' id='block_1_5' title="bbox 203 482 3514 593">
    <p class='ocr_par' dir='ltr' id='par_1_5' title="bbox 203 482 3514 593">
     <span class='ocr_line' id='line_1_5' title="bbox 203 482 3514 593; baseline 0.013 -57"><span class='ocrx_word' id='word_1_12' title='bbox 203 492 261 536; x_wconf 80' lang='grc' dir='ltr'><strong>ιιι</strong></span> <span class='ocrx_word' id='word_1_13' title='bbox 290 482 342 536; x_wconf 91' lang='lat' dir='ltr'><strong>in</strong></span> <span class='ocrx_word' id='word_1_14' title='bbox 369 490 474 537; x_wconf 64' lang='lat' dir='ltr'><strong>tua:</strong></span> <span class='ocrx_word' id='word_1_15' title='bbox 501 482 696 538; x_wconf 84' lang='lat' dir='ltr'><strong>mentis</strong></span> <span class='ocrx_word' id='word_1_16' title='bbox 726 486 1025 544; x_wconf 81' lang='lat' dir='ltr'><strong>visceribus</strong></span> <span class='ocrx_word' id='word_1_17' title='bbox 1052 492 1222 560; x_wconf 92' lang='lat' dir='ltr'><strong>possit</strong></span> <span class='ocrx_word' id='word_1_18' title='bbox 1247 497 1485 562; x_wconf 89' lang='lat' dir='ltr'><strong>operari.</strong></span> <span class='ocrx_word' id='word_1_19' title='bbox 1514 497 1576 553; x_wconf 78' lang='lat' dir='ltr'><strong>lli</strong></span> <span class='ocrx_word' id='word_1_20' title='bbox 1607 496 1798 557; x_wconf 89' lang='lat' dir='ltr'><strong>dentes</strong></span> <span class='ocrx_word' id='word_1_21' title='bbox 1827 505 1877 566; x_wconf 81' lang='grc' dir='ltr'><strong>Α</strong></span> <span class='ocrx_word' id='word_1_22' title='bbox 1905 503 2286 560; x_wconf 90' lang='lat' dir='ltr'><strong>illecebrarum</strong></span> <span class='ocrx_word' id='word_1_23' title='bbox 2321 506 2612 565; x_wconf 84' lang='lat' dir='ltr'><strong>inﬂexione</strong></span> <span class='ocrx_word' id='word_1_24' title='bbox 2640 523 2931 580; x_wconf 76' lang='lat' dir='ltr'><strong>curvetur;</strong></span> <span class='ocrx_word' id='word_1_25' title='bbox 2963 517 3096 572; x_wconf 85' lang='lat' dir='ltr'><strong>sicut</strong></span> <span class='ocrx_word' id='word_1_26' title='bbox 3127 517 3328 576; x_wconf 86' lang='lat' dir='ltr'><strong>Christi</strong></span> <span class='ocrx_word' id='word_1_27' title='bbox 3357 538 3514 593; x_wconf 84' lang='lat' dir='ltr'><strong>rega—</strong></span> 
     </span>
    </p>
   </div>
   <div class='ocr_carea' id='block_1_6' title="bbox 203 575 1578 657">
    <p class='ocr_par' dir='ltr' id='par_1_6' title="bbox 203 575 1578 657">
     <span class='ocr_line' id='line_1_6' title="bbox 203 575 1578 657; baseline 0.012 -27"><span class='ocrx_word' id='word_1_28' title='bbox 203 589 369 644; x_wconf 86' lang='lat' dir='ltr'><strong>super</strong></span> <span class='ocrx_word' id='word_1_29' title='bbox 395 575 479 630; x_wconf 89' lang='lat' dir='ltr'><strong>lae</strong></span> <span class='ocrx_word' id='word_1_30' title='bbox 503 577 879 647; x_wconf 86' lang='lat' dir='ltr'><strong>candidiores;</strong></span> <span class='ocrx_word' id='word_1_31' title='bbox 908 583 1030 652; x_wconf 88' lang='lat' dir='ltr'><strong>quia</strong></span> <span class='ocrx_word' id='word_1_32' title='bbox 1060 584 1252 643; x_wconf 89' lang='lat' dir='ltr'><strong>dentes</strong></span> <span class='ocrx_word' id='word_1_33' title='bbox 1282 588 1578 657; x_wconf 90' lang='lat' dir='ltr'><strong>justorum.</strong></span> 
     </span>
    </p>
   </div>
   <div class='ocr_carea' id='block_1_7' title="bbox 277 667 1799 755">
    <p class='ocr_par' dir='ltr' id='par_1_7' title="bbox 277 667 1799 755">
     <span class='ocr_line' id='line_1_7' title="bbox 277 667 1799 755; baseline 0.014 -33"><span class='ocrx_word' id='word_1_34' title='bbox 277 667 362 723; x_wconf 79' lang='grc'><strong>15.</strong></span> <span class='ocrx_word' id='word_1_35' title='bbox 405 668 648 741; x_wconf 84' lang='lat' dir='ltr'><strong>Denique</strong></span> <span class='ocrx_word' id='word_1_36' title='bbox 696 687 818 728; x_wconf 90' lang='lat' dir='ltr'><strong>cum</strong></span> <span class='ocrx_word' id='word_1_37' title='bbox 868 691 1061 733; x_wconf 88' lang='lat' dir='ltr'><strong>omnes</strong></span> <span class='ocrx_word' id='word_1_38' title='bbox 1111 679 1161 733; x_wconf 92' lang='lat' dir='ltr'><strong>in</strong></span> <span class='ocrx_word' id='word_1_39' title='bbox 1210 680 1394 752; x_wconf 83' lang='lat' dir='ltr'><strong>Moyse</strong></span> <span class='ocrx_word' id='word_1_40' title='bbox 1438 683 1694 755; x_wconf 86' lang='lat' dir='ltr'><strong>baptizati</strong></span> <span class='ocrx_word' id='word_1_41' title='bbox 1744 689 1799 744; x_wconf 93' lang='lat' dir='ltr'><strong>in</strong></span> 
     </span>
    </p>
   </div>
   <div class='ocr_carea' id='block_1_8' title="bbox 203 760 1802 844">
    <p class='ocr_par' dir='ltr' id='par_1_8' title="bbox 203 760 1802 844">
     <span class='ocr_line' id='line_1_8' title="bbox 203 760 1802 844; baseline 0.014 -28"><span class='ocrx_word' id='word_1_42' title='bbox 203 760 346 818; x_wconf 86' lang='lat' dir='ltr'><strong>nube</strong></span> <span class='ocrx_word' id='word_1_43' title='bbox 375 770 435 817; x_wconf 89' lang='lat' dir='ltr'><strong>et</strong></span> <span class='ocrx_word' id='word_1_44' title='bbox 478 763 527 818; x_wconf 92' lang='lat' dir='ltr'><strong>in</strong></span> <span class='ocrx_word' id='word_1_45' title='bbox 575 765 712 821; x_wconf 88' lang='lat' dir='ltr'><strong>mari</strong></span> <span class='ocrx_word' id='word_1_46' title='bbox 762 777 944 836; x_wconf 91' lang='lat' dir='ltr'><strong>patres</strong></span> <span class='ocrx_word' id='word_1_47' title='bbox 985 773 1157 827; x_wconf 84' lang='lat' dir='ltr'><strong>nostri</strong></span> <span class='ocrx_word' id='word_1_48' title='bbox 1201 773 1435 844; x_wconf 79' lang='lat' dir='ltr'><strong>fuerint,</strong></span> <span class='ocrx_word' id='word_1_49' title='bbox 1479 794 1582 834; x_wconf 88' lang='lat' dir='ltr'><strong>non</strong></span> <span class='ocrx_word' id='word_1_50' title='bbox 1628 781 1802 837; x_wconf 86' lang='lat' dir='ltr'><strong>otiose</strong></span> 
     </span>
    </p>
   </div>
   <div class='ocr_carea' id='block_1_9' title="bbox 206 857 1803 947">
    <p class='ocr_par' dir='ltr' id='par_1_9' title="bbox 206 857 1803 947">
     <span class='ocr_line' id='line_1_9' title="bbox 206 857 1803 947; baseline 0.012 -37"><span class='ocrx_word' id='word_1_51' title='bbox 206 864 384 911; x_wconf 89' lang='lat' dir='ltr'><strong>tamen</strong></span> <span class='ocrx_word' id='word_1_52' title='bbox 417 857 676 928; x_wconf 89' lang='lat' dir='ltr'><strong>scriptum</strong></span> <span class='ocrx_word' id='word_1_53' title='bbox 707 869 823 916; x_wconf 86' lang='lat' dir='ltr'><strong>est:</strong></span> <span class='ocrx_word' id='word_1_54' title='bbox 859 863 996 929; x_wconf 83' lang='lat' dir='ltr'><strong>Quia</strong></span> <span class='ocrx_word' id='word_1_55' title='bbox 1033 883 1206 921; x_wconf 86' lang='lat' dir='ltr'><strong>omnes</strong></span> <span class='ocrx_word' id='word_1_56' title='bbox 1243 871 1472 926; x_wconf 84' lang='lat' dir='ltr'><strong>eamdem</strong></span> <span class='ocrx_word' id='word_1_57' title='bbox 1500 889 1664 927; x_wconf 83' lang='lat' dir='ltr'><strong>escam</strong></span> <span class='ocrx_word' id='word_1_58' title='bbox 1697 876 1803 947; x_wconf 87' lang='lat' dir='ltr'><strong>spi—</strong></span> 
     </span>
    </p>
   </div>
   <div class='ocr_carea' id='block_1_10' title="bbox 203 947 1804 1038">
    <p class='ocr_par' dir='ltr' id='par_1_10' title="bbox 203 947 1804 1038">
     <span class='ocr_line' id='line_1_10' title="bbox 203 947 1804 1038; baseline 0.014 -39"><span class='ocrx_word' id='word_1_59' title='bbox 203 947 411 1000; x_wconf 84' lang='lat' dir='ltr'><strong>ritalem</strong></span> <span class='ocrx_word' id='word_1_60' title='bbox 441 951 877 1008; x_wconf 80' lang='lat' dir='ltr'><strong>manducaverunt</strong></span> <span class='ocrx_word' id='word_1_61' title='bbox 896 998 910 1021; x_wconf 90' lang='lat'><strong>,</strong></span> <span class='ocrx_word' id='word_1_62' title='bbox 943 967 989 1011; x_wconf 83' lang='lat' dir='ltr'><strong>et</strong></span> <span class='ocrx_word' id='word_1_63' title='bbox 1029 973 1202 1013; x_wconf 87' lang='lat' dir='ltr'><strong>omnes</strong></span> <span class='ocrx_word' id='word_1_64' title='bbox 1224 962 1459 1016; x_wconf 83' lang='lat' dir='ltr'><strong>eumdem</strong></span> <span class='ocrx_word' id='word_1_65' title='bbox 1490 974 1666 1036; x_wconf 85' lang='lat' dir='ltr'><strong>potum</strong></span> <span class='ocrx_word' id='word_1_66' title='bbox 1697 969 1804 1038; x_wconf 87' lang='lat' dir='ltr'><strong>spi-</strong></span> 
     </span>
    </p>
   </div>
   <div class='ocr_carea' id='block_1_11' title="bbox 206 1040 1799 1122">
    <p class='ocr_par' dir='ltr' id='par_1_11' title="bbox 206 1040 1799 1122">
     <span class='ocr_line' id='line_1_11' title="bbox 206 1040 1799 1122; baseline 0.013 -28"><span class='ocrx_word' id='word_1_67' title='bbox 206 1040 408 1094; x_wconf 83' lang='lat' dir='ltr'><strong>ritalem</strong></span> <span class='ocrx_word' id='word_1_68' title='bbox 437 1041 673 1099; x_wconf 81' lang='lat' dir='ltr'><strong>biberunt</strong></span> <span class='ocrx_word' id='word_1_69' title='bbox 695 1045 739 1118; x_wconf 90' lang='lat' dir='ltr'><strong>(l</strong></span> <span class='ocrx_word' id='word_1_70' title='bbox 762 1044 882 1102; x_wconf 86' lang='lat' dir='ltr'><strong>Cor.</strong></span> <span class='ocrx_word' id='word_1_71' title='bbox 910 1065 941 1103; x_wconf 85' lang='lat' dir='ltr'><strong>x</strong></span> <span class='ocrx_word' id='word_1_72' title='bbox 963 1091 978 1116; x_wconf 94' lang='lat'><strong>,</strong></span> <span class='ocrx_word' id='word_1_73' title='bbox 1009 1051 1042 1104; x_wconf 80' lang='grc'><strong>5</strong></span> <span class='ocrx_word' id='word_1_74' title='bbox 1070 1061 1115 1105; x_wconf 84' lang='grc' dir='ltr'><strong>ει</strong></span> <span class='ocrx_word' id='word_1_75' title='bbox 1141 1053 1228 1122; x_wconf 73' lang='grc'><strong>4);</strong></span> <span class='ocrx_word' id='word_1_76' title='bbox 1262 1064 1314 1108; x_wconf 85' lang='grc' dir='ltr'><strong>ιιι</strong></span> <span class='ocrx_word' id='word_1_77' title='bbox 1346 1055 1465 1110; x_wconf 86' lang='lat' dir='ltr'><strong>istis</strong></span> <span class='ocrx_word' id='word_1_78' title='bbox 1489 1067 1799 1114; x_wconf 88' lang='lat' dir='ltr'><strong>sanctorum</strong></span> 
     </span>
    </p>
   </div>
   <div class='ocr_carea' id='block_1_12' title="bbox 205 1133 1803 1224">
    <p class='ocr_par' dir='ltr' id='par_1_12' title="bbox 205 1133 1803 1224">
     <span class='ocr_line' id='line_1_12' title="bbox 205 1133 1803 1224; baseline 0.013 -37"><span class='ocrx_word' id='word_1_79' title='bbox 205 1133 461 1189; x_wconf 88' lang='lat' dir='ltr'><strong>dentibus</strong></span> <span class='ocrx_word' id='word_1_80' title='bbox 492 1136 664 1208; x_wconf 86' lang='lat' dir='ltr'><strong>major</strong></span> <span class='ocrx_word' id='word_1_81' title='bbox 690 1139 907 1210; x_wconf 90' lang='lat' dir='ltr'><strong>quidam</strong></span> <span class='ocrx_word' id='word_1_82' title='bbox 948 1141 1123 1214; x_wconf 80' lang='lat' dir='ltr'><strong>fulgor</strong></span> <span class='ocrx_word' id='word_1_83' title='bbox 1151 1147 1470 1216; x_wconf 81' lang='lat' dir='ltr'><strong>accederet,</strong></span> <span class='ocrx_word' id='word_1_84' title='bbox 1504 1167 1638 1222; x_wconf 89' lang='lat' dir='ltr'><strong>quos</strong></span> <span class='ocrx_word' id='word_1_85' title='bbox 1682 1163 1803 1224; x_wconf 81' lang='lat' dir='ltr'><strong>post</strong></span> 
     </span>
    </p>
   </div>
   <div class='ocr_carea' id='block_1_13' title="bbox 205 1227 1802 1308">
    <p class='ocr_par' dir='ltr' id='par_1_13' title="bbox 205 1227 1802 1308">
     <span class='ocr_line' id='line_1_13' title="bbox 205 1227 1802 1308; baseline 0.012 -26"><span class='ocrx_word' id='word_1_86' title='bbox 205 1227 491 1283; x_wconf 81' lang='lat' dir='ltr'><strong>transitum</strong></span> <span class='ocrx_word' id='word_1_87' title='bbox 534 1231 696 1286; x_wconf 91' lang='lat' dir='ltr'><strong>maris</strong></span> <span class='ocrx_word' id='word_1_88' title='bbox 727 1233 909 1302; x_wconf 83' lang='lat' dir='ltr'><strong>rubri,</strong></span> <span class='ocrx_word' id='word_1_89' title='bbox 951 1237 1188 1308; x_wconf 70' lang='lat' dir='ltr'><strong>myrrha:</strong></span> <span class='ocrx_word' id='word_1_90' title='bbox 1232 1240 1397 1296; x_wconf 83' lang='lat' dir='ltr'><strong>fontis</strong></span> <span class='ocrx_word' id='word_1_91' title='bbox 1442 1243 1802 1302; x_wconf 87' lang='lat' dir='ltr'><strong>amaritudine</strong></span> 
     </span>
    </p>
   </div>
   <div class='ocr_carea' id='block_1_14' title="bbox 203 1319 1804 1408">
    <p class='ocr_par' dir='ltr' id='par_1_14' title="bbox 203 1319 1804 1408">
     <span class='ocr_line' id='line_1_14' title="bbox 203 1319 1804 1408; baseline 0.014 -36"><span class='ocrx_word' id='word_1_92' title='bbox 203 1334 301 1390; x_wconf 87' lang='lat' dir='ltr'><strong>per</strong></span> <span class='ocrx_word' id='word_1_93' title='bbox 326 1319 460 1391; x_wconf 89' lang='lat' dir='ltr'><strong>ligni</strong></span> <span class='ocrx_word' id='word_1_94' title='bbox 488 1323 716 1393; x_wconf 80' lang='lat' dir='ltr'><strong>gratiam</strong></span> <span class='ocrx_word' id='word_1_95' title='bbox 752 1334 1048 1396; x_wconf 89' lang='lat' dir='ltr'><strong>temperata</strong></span> <span class='ocrx_word' id='word_1_96' title='bbox 1087 1329 1295 1402; x_wconf 76' lang='lat' dir='ltr'><strong>(Exodi</strong></span> <span class='ocrx_word' id='word_1_97' title='bbox 1316 1350 1414 1399; x_wconf 82' lang='lat' dir='ltr'><strong>xv,</strong></span> <span class='ocrx_word' id='word_1_98' title='bbox 1438 1334 1533 1406; x_wconf 74' lang='grc'>25)</span> <span class='ocrx_word' id='word_1_99' title='bbox 1555 1378 1568 1402; x_wconf 88' lang='grc'><em>,</em></span> <span class='ocrx_word' id='word_1_100' title='bbox 1602 1352 1804 1408; x_wconf 88' lang='lat' dir='ltr'><strong>cogno-</strong></span> 
     </span>
    </p>
   </div>
   <div class='ocr_carea' id='block_1_15' title="bbox 203 1417 1800 1485">
    <p class='ocr_par' dir='ltr' id='par_1_15' title="bbox 203 1417 1800 1485">
     <span class='ocr_line' id='line_1_15' title="bbox 203 1417 1800 1485; baseline 0.011 -18"><span class='ocrx_word' id='word_1_101' title='bbox 203 1425 418 1468; x_wconf 88' lang='lat' dir='ltr'><strong>scemus</strong></span> <span class='ocrx_word' id='word_1_102' title='bbox 465 1428 589 1471; x_wconf 90' lang='lat' dir='ltr'><strong>esse</strong></span> <span class='ocrx_word' id='word_1_103' title='bbox 630 1417 920 1475; x_wconf 85' lang='lat' dir='ltr'><strong>mundatus</strong></span> <span class='ocrx_word' id='word_1_104' title='bbox 956 1438 969 1474; x_wconf 77' lang='grc' dir='ltr'><strong>ε</strong></span> <span class='ocrx_word' id='word_1_105' title='bbox 1012 1421 1209 1479; x_wconf 86' lang='lat' dir='ltr'><strong>deinde</strong></span> <span class='ocrx_word' id='word_1_106' title='bbox 1248 1425 1533 1482; x_wconf 89' lang='lat' dir='ltr'><strong>duodecim</strong></span> <span class='ocrx_word' id='word_1_107' title='bbox 1574 1429 1800 1485; x_wconf 88' lang='lat' dir='ltr'><strong>fontium</strong></span> 
     </span>
    </p>
   </div>
   <div class='ocr_carea' id='block_1_16' title="bbox 204 1515 1803 1586">
    <p class='ocr_par' dir='ltr' id='par_1_16' title="bbox 204 1515 1803 1586">
     <span class='ocr_line' id='line_1_16' title="bbox 204 1515 1803 1586; baseline 0.013 -26"><span class='ocrx_word' id='word_1_108' title='bbox 204 1517 368 1579; x_wconf 88' lang='lat' dir='ltr'><strong>potu,</strong></span> <span class='ocrx_word' id='word_1_109' title='bbox 401 1519 684 1580; x_wconf 77' lang='lat' dir='ltr'><strong>postremo</strong></span> <span class='ocrx_word' id='word_1_110' title='bbox 726 1523 898 1583; x_wconf 64' lang='lat' dir='ltr'><strong>petrae</strong></span> <span class='ocrx_word' id='word_1_111' title='bbox 945 1515 1243 1586; x_wconf 88' lang='lat' dir='ltr'><strong>spiritalem</strong></span> <span class='ocrx_word' id='word_1_112' title='bbox 1286 1521 1482 1576; x_wconf 89' lang='lat' dir='ltr'><strong>undam</strong></span> <span class='ocrx_word' id='word_1_113' title='bbox 1533 1526 1803 1581; x_wconf 89' lang='lat' dir='ltr'><strong>vomentis</strong></span> 
     </span>
    </p>
   </div>
   <div class='ocr_carea' id='block_1_17' title="bbox 202 1598 1800 1689">
    <p class='ocr_par' dir='ltr' id='par_1_17' title="bbox 202 1598 1800 1689">
     <span class='ocr_line' id='line_1_17' title="bbox 202 1598 1800 1689; baseline 0.011 -35"><span class='ocrx_word' id='word_1_114' title='bbox 202 1598 445 1671; x_wconf 81' lang='lat' dir='ltr'><strong>irriguo;</strong></span> <span class='ocrx_word' id='word_1_115' title='bbox 483 1601 642 1658; x_wconf 87' lang='lat' dir='ltr'><strong>Petra</strong></span> <span class='ocrx_word' id='word_1_116' title='bbox 668 1615 780 1660; x_wconf 86' lang='lat' dir='ltr'><strong>erat</strong></span> <span class='ocrx_word' id='word_1_117' title='bbox 801 1607 933 1662; x_wconf 87' lang='lat' dir='ltr'><strong>enim</strong></span> <span class='ocrx_word' id='word_1_118' title='bbox 965 1607 1203 1665; x_wconf 75' lang='lat' dir='ltr'><strong>Christus</strong></span> <span class='ocrx_word' id='word_1_119' title='bbox 1229 1610 1272 1684; x_wconf 90' lang='lat' dir='ltr'><strong>(l</strong></span> <span class='ocrx_word' id='word_1_120' title='bbox 1301 1612 1421 1668; x_wconf 91' lang='lat' dir='ltr'><strong>Cor.</strong></span> <span class='ocrx_word' id='word_1_121' title='bbox 1454 1630 1519 1680; x_wconf 73' lang='grc' dir='ltr'><strong>Χ,</strong></span> <span class='ocrx_word' id='word_1_122' title='bbox 1554 1614 1589 1669; x_wconf 80' lang='grc'>5</span> <span class='ocrx_word' id='word_1_123' title='bbox 1624 1626 1673 1670; x_wconf 89' lang='lat' dir='ltr'><strong>et</strong></span> <span class='ocrx_word' id='word_1_124' title='bbox 1710 1615 1800 1689; x_wconf 74' lang='grc'><strong>4).</strong></span> 
     </span>
    </p>
   </div>
   <div class='ocr_carea' id='block_1_18' title="bbox 209 1693 1798 1778">
    <p class='ocr_par' dir='ltr' id='par_1_18' title="bbox 209 1693 1798 1778">
     <span class='ocr_line' id='line_1_18' title="bbox 209 1693 1798 1778; baseline 0.011 -30"><span class='ocrx_word' id='word_1_125' title='bbox 209 1693 419 1767; x_wconf 75' lang='lat'><strong>1582</strong></span> <span class='ocrx_word' id='word_1_126' title='bbox 465 1695 596 1753; x_wconf 92' lang='lat' dir='ltr'><strong>Ideo</strong></span> <span class='ocrx_word' id='word_1_127' title='bbox 625 1708 680 1754; x_wconf 89' lang='lat' dir='ltr'><strong>et</strong></span> <span class='ocrx_word' id='word_1_128' title='bbox 725 1715 920 1755; x_wconf 88' lang='lat' dir='ltr'><strong>manna</strong></span> <span class='ocrx_word' id='word_1_129' title='bbox 967 1703 1426 1762; x_wconf 88' lang='lat' dir='ltr'><strong>manducaverunt</strong></span> <span class='ocrx_word' id='word_1_130' title='bbox 1477 1707 1665 1778; x_wconf 85' lang='lat' dir='ltr'><strong>(Nam.</strong></span> <span class='ocrx_word' id='word_1_131' title='bbox 1694 1726 1798 1778; x_wconf 86' lang='lat' dir='ltr'><strong>xx,</strong></span> 
     </span>
    </p>
   </div>
   <div class='ocr_carea' id='block_1_19' title="bbox 205 1787 1801 1870">
    <p class='ocr_par' dir='ltr' id='par_1_19' title="bbox 205 1787 1801 1870">
     <span class='ocr_line' id='line_1_19' title="bbox 205 1787 1801 1870; baseline 0.013 -30"><span class='ocrx_word' id='word_1_132' title='bbox 205 1787 295 1858; x_wconf 74' lang='grc'>11)</span> <span class='ocrx_word' id='word_1_133' title='bbox 319 1829 333 1852; x_wconf 93' lang='grc'><em>,</em></span> <span class='ocrx_word' id='word_1_134' title='bbox 365 1799 426 1843; x_wconf 87' lang='lat' dir='ltr'><strong>ut</strong></span> <span class='ocrx_word' id='word_1_135' title='bbox 459 1790 623 1846; x_wconf 87' lang='lat' dir='ltr'><strong>toties</strong></span> <span class='ocrx_word' id='word_1_136' title='bbox 650 1791 818 1848; x_wconf 88' lang='lat' dir='ltr'><strong>abluti</strong></span> <span class='ocrx_word' id='word_1_137' title='bbox 862 1795 1249 1853; x_wconf 83' lang='lat' dir='ltr'><strong>manducarent</strong></span> <span class='ocrx_word' id='word_1_138' title='bbox 1289 1814 1481 1870; x_wconf 90' lang='lat' dir='ltr'><strong>panem</strong></span> <span class='ocrx_word' id='word_1_139' title='bbox 1504 1846 1518 1869; x_wconf 93' lang='lat'><strong>,</strong></span> <span class='ocrx_word' id='word_1_140' title='bbox 1552 1812 1610 1858; x_wconf 92' lang='lat' dir='ltr'><strong>ut</strong></span> <span class='ocrx_word' id='word_1_141' title='bbox 1669 1806 1801 1860; x_wconf 86' lang='lat' dir='ltr'><strong>scri-</strong></span> 
     </span>
    </p>
   </div>
   <div class='ocr_carea' id='block_1_20' title="bbox 1905 596 3505 673">
    <p class='ocr_par' dir='ltr' id='par_1_20' title="bbox 1905 596 3505 673">
     <span class='ocr_line' id='line_1_20' title="bbox 1905 596 3505 673; baseline 0.013 -22"><span class='ocrx_word' id='word_1_142' title='bbox 1905 596 1974 652; x_wconf 91' lang='lat' dir='ltr'><strong>lis</strong></span> <span class='ocrx_word' id='word_1_143' title='bbox 2003 608 2086 654; x_wconf 90' lang='lat' dir='ltr'><strong>est</strong></span> <span class='ocrx_word' id='word_1_144' title='bbox 2119 601 2282 655; x_wconf 92' lang='lat' dir='ltr'><strong>turris</strong></span> <span class='ocrx_word' id='word_1_145' title='bbox 2307 643 2320 665; x_wconf 90' lang='lat'><strong>,</strong></span> <span class='ocrx_word' id='word_1_146' title='bbox 2354 603 2437 657; x_wconf 90' lang='lat' dir='ltr'><strong>cui</strong></span> <span class='ocrx_word' id='word_1_147' title='bbox 2463 603 2648 673; x_wconf 88' lang='lat' dir='ltr'><strong>jugum</strong></span> <span class='ocrx_word' id='word_1_148' title='bbox 2679 621 2835 660; x_wconf 88' lang='lat' dir='ltr'><strong>suum</strong></span> <span class='ocrx_word' id='word_1_149' title='bbox 2867 607 3368 669; x_wconf 84' lang='lat' dir='ltr'><strong>Nabuchodonosor</strong></span> <span class='ocrx_word' id='word_1_150' title='bbox 3396 629 3505 670; x_wconf 92' lang='lat' dir='ltr'><strong>non</strong></span> 
     </span>
    </p>
   </div>
   <div class='ocr_carea' id='block_1_21' title="bbox 1904 693 3508 763">
    <p class='ocr_par' dir='ltr' id='par_1_21' title="bbox 1904 693 3508 763">
     <span class='ocr_line' id='line_1_21' title="bbox 1904 693 3508 763; baseline 0.011 -18"><span class='ocrx_word' id='word_1_151' title='bbox 1904 694 2075 762; x_wconf 87' lang='lat' dir='ltr'><strong>possit</strong></span> <span class='ocrx_word' id='word_1_152' title='bbox 2105 693 2404 763; x_wconf 86' lang='lat' dir='ltr'><strong>imponere.</strong></span> <span class='ocrx_word' id='word_1_153' title='bbox 2439 697 2692 753; x_wconf 87' lang='lat' dir='ltr'><strong>Condidit</strong></span> <span class='ocrx_word' id='word_1_154' title='bbox 2736 701 2878 754; x_wconf 89' lang='lat' dir='ltr'><strong>enim</strong></span> <span class='ocrx_word' id='word_1_155' title='bbox 2919 704 3109 758; x_wconf 91' lang='lat' dir='ltr'><strong>turrim</strong></span> <span class='ocrx_word' id='word_1_156' title='bbox 3157 704 3303 760; x_wconf 90' lang='lat' dir='ltr'><strong>illam</strong></span> <span class='ocrx_word' id='word_1_157' title='bbox 3335 706 3508 762; x_wconf 89' lang='lat' dir='ltr'><strong>David</strong></span> 
     </span>
    </p>
   </div>
   <div class='ocr_carea' id='block_1_22' title="bbox 1904 783 3507 859">
    <p class='ocr_par' dir='ltr' id='par_1_22' title="bbox 1904 783 3507 859">
     <span class='ocr_line' id='line_1_22' title="bbox 1904 783 3507 859; baseline 0.01 -21"><span class='ocrx_word' id='word_1_158' title='bbox 1904 783 1994 838; x_wconf 91' lang='lat' dir='ltr'><strong>ille</strong></span> <span class='ocrx_word' id='word_1_159' title='bbox 2035 800 2197 840; x_wconf 89' lang='lat' dir='ltr'><strong>manu</strong></span> <span class='ocrx_word' id='word_1_160' title='bbox 2229 787 2382 842; x_wconf 81' lang='lat' dir='ltr'><strong>fortis</strong></span> <span class='ocrx_word' id='word_1_161' title='bbox 2408 831 2420 854; x_wconf 96' lang='lat'><strong>,</strong></span> <span class='ocrx_word' id='word_1_162' title='bbox 2451 796 2506 843; x_wconf 90' lang='lat' dir='ltr'><strong>et</strong></span> <span class='ocrx_word' id='word_1_163' title='bbox 2548 805 2711 859; x_wconf 86' lang='lat' dir='ltr'><strong>supra</strong></span> <span class='ocrx_word' id='word_1_164' title='bbox 2753 807 3030 847; x_wconf 87' lang='lat' dir='ltr'><strong>murorum</strong></span> <span class='ocrx_word' id='word_1_165' title='bbox 3075 795 3364 851; x_wconf 71' lang='lat' dir='ltr'><strong>mdificavit</strong></span> <span class='ocrx_word' id='word_1_166' title='bbox 3408 813 3507 853; x_wconf 89' lang='lat' dir='ltr'><strong>ex-</strong></span> 
     </span>
    </p>
   </div>
   <div class='ocr_carea' id='block_1_23' title="bbox 1904 876 3506 958">
    <p class='ocr_par' dir='ltr' id='par_1_23' title="bbox 1904 876 3506 958">
     <span class='ocr_line' id='line_1_23' title="bbox 1904 876 3506 958; baseline 0.011 -29"><span class='ocrx_word' id='word_1_167' title='bbox 1904 876 2089 942; x_wconf 90' lang='lat' dir='ltr'><strong>celsa;</strong></span> <span class='ocrx_word' id='word_1_168' title='bbox 2121 887 2178 932; x_wconf 92' lang='lat' dir='ltr'><strong>ut</strong></span> <span class='ocrx_word' id='word_1_169' title='bbox 2223 879 2466 935; x_wconf 86' lang='lat' dir='ltr'><strong>subsidio</strong></span> <span class='ocrx_word' id='word_1_170' title='bbox 2507 883 2709 950; x_wconf 89' lang='lat' dir='ltr'><strong>pariter</strong></span> <span class='ocrx_word' id='word_1_171' title='bbox 2748 893 2802 938; x_wconf 90' lang='lat' dir='ltr'><strong>et</strong></span> <span class='ocrx_word' id='word_1_172' title='bbox 2847 885 3032 941; x_wconf 87' lang='lat' dir='ltr'><strong>decori</strong></span> <span class='ocrx_word' id='word_1_173' title='bbox 3074 888 3186 942; x_wconf 87' lang='lat' dir='ltr'><strong>sit:</strong></span> <span class='ocrx_word' id='word_1_174' title='bbox 3223 889 3506 958; x_wconf 86' lang='lat' dir='ltr'><strong>subsidio,</strong></span> 
     </span>
    </p>
   </div>
   <div class='ocr_carea' id='block_1_24' title="bbox 1905 967 3507 1050">
    <p class='ocr_par' dir='ltr' id='par_1_24' title="bbox 1905 967 3507 1050">
     <span class='ocr_line' id='line_1_24' title="bbox 1905 967 3507 1050; baseline 0.011 -31"><span class='ocrx_word' id='word_1_175' title='bbox 1905 968 2029 1038; x_wconf 87' lang='lat' dir='ltr'><strong>quia</strong></span> <span class='ocrx_word' id='word_1_176' title='bbox 2062 967 2270 1024; x_wconf 89' lang='lat' dir='ltr'><strong>hostem</strong></span> <span class='ocrx_word' id='word_1_177' title='bbox 2304 973 2562 1040; x_wconf 84' lang='lat' dir='ltr'><strong>praevidet</strong></span> <span class='ocrx_word' id='word_1_178' title='bbox 2599 984 2653 1028; x_wconf 91' lang='lat' dir='ltr'><strong>et</strong></span> <span class='ocrx_word' id='word_1_179' title='bbox 2684 976 2945 1046; x_wconf 82' lang='lat' dir='ltr'><strong>expellit:</strong></span> <span class='ocrx_word' id='word_1_180' title='bbox 2980 978 3203 1047; x_wconf 91' lang='lat' dir='ltr'><strong>decori,</strong></span> <span class='ocrx_word' id='word_1_181' title='bbox 3243 981 3368 1050; x_wconf 89' lang='lat' dir='ltr'><strong>quia</strong></span> <span class='ocrx_word' id='word_1_182' title='bbox 3396 995 3507 1037; x_wconf 91' lang='lat' dir='ltr'><strong>non</strong></span> 
     </span>
    </p>
   </div>
   <div class='ocr_carea' id='block_1_25' title="bbox 1905 1061 3510 1144">
    <p class='ocr_par' dir='ltr' id='par_1_25' title="bbox 1905 1061 3510 1144">
     <span class='ocr_line' id='line_1_25' title="bbox 1905 1061 3510 1144; baseline 0.011 -32"><span class='ocrx_word' id='word_1_183' title='bbox 1905 1061 2078 1113; x_wconf 87' lang='lat' dir='ltr'><strong>solum</strong></span> <span class='ocrx_word' id='word_1_184' title='bbox 2105 1061 2248 1116; x_wconf 88' lang='lat' dir='ltr'><strong>inter</strong></span> <span class='ocrx_word' id='word_1_185' title='bbox 2275 1061 2526 1132; x_wconf 87' lang='lat' dir='ltr'><strong>humilia,</strong></span> <span class='ocrx_word' id='word_1_186' title='bbox 2557 1065 2654 1120; x_wconf 88' lang='lat' dir='ltr'><strong>sed</strong></span> <span class='ocrx_word' id='word_1_187' title='bbox 2683 1067 2843 1122; x_wconf 91' lang='lat' dir='ltr'><strong>etiam</strong></span> <span class='ocrx_word' id='word_1_188' title='bbox 2872 1069 3012 1124; x_wconf 89' lang='lat' dir='ltr'><strong>inter</strong></span> <span class='ocrx_word' id='word_1_189' title='bbox 3039 1071 3256 1127; x_wconf 85' lang='lat' dir='ltr'><strong>excelsa</strong></span> <span class='ocrx_word' id='word_1_190' title='bbox 3285 1087 3510 1144; x_wconf 88' lang='lat' dir='ltr'><strong>supere-</strong></span> 
     </span>
    </p>
   </div>
   <div class='ocr_carea' id='block_1_26' title="bbox 1907 1155 3500 1230">
    <p class='ocr_par' dir='ltr' id='par_1_26' title="bbox 1907 1155 3500 1230">
     <span class='ocr_line' id='line_1_26' title="bbox 1907 1155 3500 1230; baseline 0.009 -23"><span class='ocrx_word' id='word_1_191' title='bbox 1907 1155 2096 1209; x_wconf 91' lang='lat' dir='ltr'><strong>minet.</strong></span> <span class='ocrx_word' id='word_1_192' title='bbox 2145 1155 2219 1209; x_wconf 91' lang='lat' dir='ltr'><strong>lta</strong></span> <span class='ocrx_word' id='word_1_193' title='bbox 2251 1164 2429 1211; x_wconf 85' lang='lat' dir='ltr'><strong>tamen</strong></span> <span class='ocrx_word' id='word_1_194' title='bbox 2471 1158 2712 1213; x_wconf 92' lang='lat' dir='ltr'><strong>subsidio</strong></span> <span class='ocrx_word' id='word_1_195' title='bbox 2742 1161 2824 1216; x_wconf 89' lang='lat' dir='ltr'><strong>vel</strong></span> <span class='ocrx_word' id='word_1_196' title='bbox 2856 1161 3080 1230; x_wconf 90' lang='lat' dir='ltr'><strong>decori,</strong></span> <span class='ocrx_word' id='word_1_197' title='bbox 3126 1165 3171 1218; x_wconf 88' lang='lat' dir='ltr'><strong>si</strong></span> <span class='ocrx_word' id='word_1_198' title='bbox 3215 1163 3412 1221; x_wconf 87' lang='lat' dir='ltr'><strong>habeat</strong></span> <span class='ocrx_word' id='word_1_199' title='bbox 3447 1167 3500 1221; x_wconf 92' lang='lat' dir='ltr'><strong>in</strong></span> 
     </span>
    </p>
   </div>
   <div class='ocr_carea' id='block_1_27' title="bbox 1906 1247 3508 1325">
    <p class='ocr_par' dir='ltr' id='par_1_27' title="bbox 1906 1247 3508 1325">
     <span class='ocr_line' id='line_1_27' title="bbox 1906 1247 3508 1325; baseline 0.008 -23"><span class='ocrx_word' id='word_1_200' title='bbox 1906 1262 1965 1303; x_wconf 87' lang='lat' dir='ltr'><strong>se</strong></span> <span class='ocrx_word' id='word_1_201' title='bbox 1986 1247 2135 1303; x_wconf 87' lang='lat' dir='ltr'><strong>verbi</strong></span> <span class='ocrx_word' id='word_1_202' title='bbox 2160 1247 2412 1318; x_wconf 86' lang='lat' dir='ltr'><strong>dogmata</strong></span> <span class='ocrx_word' id='word_1_203' title='bbox 2437 1251 2585 1306; x_wconf 88' lang='lat' dir='ltr'><strong>velut</strong></span> <span class='ocrx_word' id='word_1_204' title='bbox 2609 1253 2852 1322; x_wconf 59' lang='lat' dir='ltr'><strong>quaedam</strong></span> <span class='ocrx_word' id='word_1_205' title='bbox 2881 1254 3220 1325; x_wconf 89' lang='lat' dir='ltr'><strong>phalerarum</strong></span> <span class='ocrx_word' id='word_1_206' title='bbox 3250 1259 3469 1316; x_wconf 87' lang='lat' dir='ltr'><strong>monilia</strong></span> <span class='ocrx_word' id='word_1_207' title='bbox 3494 1277 3508 1315; x_wconf 90' lang='lat'><strong>:</strong></span> 
     </span>
    </p>
   </div>
   <div class='ocr_carea' id='block_1_28' title="bbox 1907 1343 3506 1422">
    <p class='ocr_par' dir='ltr' id='par_1_28' title="bbox 1907 1343 3506 1422">
     <span class='ocr_line' id='line_1_28' title="bbox 1907 1343 3506 1422; baseline 0.006 -23"><span class='ocrx_word' id='word_1_208' title='bbox 1907 1343 2106 1400; x_wconf 85' lang='lat' dir='ltr'><strong>habeat</strong></span> <span class='ocrx_word' id='word_1_209' title='bbox 2149 1345 2310 1399; x_wconf 87' lang='lat' dir='ltr'><strong>etiam</strong></span> <span class='ocrx_word' id='word_1_210' title='bbox 2352 1344 2531 1415; x_wconf 87' lang='lat' dir='ltr'><strong>jacula</strong></span> <span class='ocrx_word' id='word_1_211' title='bbox 2574 1348 2873 1417; x_wconf 90' lang='lat' dir='ltr'><strong>potentium</strong></span> <span class='ocrx_word' id='word_1_212' title='bbox 2918 1351 3302 1419; x_wconf 86' lang='lat' dir='ltr'><strong>prOphetarum</strong></span> <span class='ocrx_word' id='word_1_213' title='bbox 3328 1393 3344 1420; x_wconf 93' lang='lat'><strong>,</strong></span> <span class='ocrx_word' id='word_1_214' title='bbox 3387 1368 3506 1422; x_wconf 82' lang='lat' dir='ltr'><strong>quae</strong></span> 
     </span>
    </p>
   </div>
   <div class='ocr_carea' id='block_1_29' title="bbox 1906 1436 3498 1510">
    <p class='ocr_par' dir='ltr' id='par_1_29' title="bbox 1906 1436 3498 1510">
     <span class='ocr_line' id='line_1_29' title="bbox 1906 1436 3498 1510; baseline 0.006 -20"><span class='ocrx_word' id='word_1_215' title='bbox 1906 1436 2164 1490; x_wconf 79' lang='lat' dir='ltr'><strong>adversus</strong></span> <span class='ocrx_word' id='word_1_216' title='bbox 2193 1451 2408 1492; x_wconf 88' lang='lat' dir='ltr'><strong>omnem</strong></span> <span class='ocrx_word' id='word_1_217' title='bbox 2437 1439 2786 1494; x_wconf 83' lang='lat' dir='ltr'><strong>extollentem</strong></span> <span class='ocrx_word' id='word_1_218' title='bbox 2827 1456 2887 1496; x_wconf 90' lang='lat' dir='ltr'><strong>se</strong></span> <span class='ocrx_word' id='word_1_219' title='bbox 2913 1441 3252 1499; x_wconf 85' lang='lat' dir='ltr'><strong>altitudinem</strong></span> <span class='ocrx_word' id='word_1_220' title='bbox 3279 1484 3294 1510; x_wconf 94' lang='lat'><strong>,</strong></span> <span class='ocrx_word' id='word_1_221' title='bbox 3327 1445 3498 1501; x_wconf 87' lang='lat' dir='ltr'><strong>lacer-</strong></span> 
     </span>
    </p>
   </div>
   <div class='ocr_carea' id='block_1_30' title="bbox 1908 1528 2848 1603">
    <p class='ocr_par' dir='ltr' id='par_1_30' title="bbox 1908 1528 2848 1603">
     <span class='ocr_line' id='line_1_30' title="bbox 1908 1528 2848 1603; baseline 0.005 -21"><span class='ocrx_word' id='word_1_222' title='bbox 1908 1529 1976 1582; x_wconf 90' lang='lat' dir='ltr'><strong>tis</strong></span> <span class='ocrx_word' id='word_1_223' title='bbox 2004 1528 2324 1598; x_wconf 89' lang='lat' dir='ltr'><strong>quibusdam</strong></span> <span class='ocrx_word' id='word_1_224' title='bbox 2360 1529 2485 1585; x_wconf 84' lang='lat' dir='ltr'><strong>fidei</strong></span> <span class='ocrx_word' id='word_1_225' title='bbox 2519 1531 2848 1603; x_wconf 86' lang='lat' dir='ltr'><strong>diriguntur.</strong></span> 
     </span>
    </p>
   </div>
   <div class='ocr_carea' id='block_1_31' title="bbox 1983 1620 3511 1694">
    <p class='ocr_par' dir='ltr' id='par_1_31' title="bbox 1983 1620 3511 1694">
     <span class='ocr_line' id='line_1_31' title="bbox 1983 1620 3511 1694; baseline 0.007 -20"><span class='ocrx_word' id='word_1_226' title='bbox 1983 1621 2069 1676; x_wconf 83' lang='grc'>19.</span> <span class='ocrx_word' id='word_1_227' title='bbox 2115 1620 2235 1676; x_wconf 86' lang='lat' dir='ltr'><strong>Noli</strong></span> <span class='ocrx_word' id='word_1_228' title='bbox 2263 1621 2426 1693; x_wconf 77' lang='lat' dir='ltr'><strong>igitur</strong></span> <span class='ocrx_word' id='word_1_229' title='bbox 2455 1621 2510 1677; x_wconf 91' lang='lat' dir='ltr'><strong>in</strong></span> <span class='ocrx_word' id='word_1_230' title='bbox 2554 1625 2834 1694; x_wconf 85' lang='lat' dir='ltr'><strong>pulverem</strong></span> <span class='ocrx_word' id='word_1_231' title='bbox 2865 1628 3052 1682; x_wconf 92' lang='lat' dir='ltr'><strong>mortis</strong></span> <span class='ocrx_word' id='word_1_232' title='bbox 3094 1628 3368 1686; x_wconf 81' lang='lat' dir='ltr'><strong>deducere</strong></span> <span class='ocrx_word' id='word_1_233' title='bbox 3395 1630 3511 1685; x_wconf 52' lang='lat' dir='ltr'><strong>ani-</strong></span> 
     </span>
    </p>
   </div>
   <div class='ocr_carea' id='block_1_32' title="bbox 1907 1717 3506 1781">
    <p class='ocr_par' dir='ltr' id='par_1_32' title="bbox 1907 1717 3506 1781">
     <span class='ocr_line' id='line_1_32' title="bbox 1907 1717 3506 1781; baseline 0.005 -12"><span class='ocrx_word' id='word_1_234' title='bbox 1907 1729 2050 1769; x_wconf 89' lang='lat' dir='ltr'><strong>mam</strong></span> <span class='ocrx_word' id='word_1_235' title='bbox 2095 1723 2238 1769; x_wconf 90' lang='lat' dir='ltr'><strong>tuam</strong></span> <span class='ocrx_word' id='word_1_236' title='bbox 2267 1756 2281 1781; x_wconf 92' lang='lat'><strong>,</strong></span> <span class='ocrx_word' id='word_1_237' title='bbox 2321 1717 2405 1770; x_wconf 91' lang='lat' dir='ltr'><strong>cui</strong></span> <span class='ocrx_word' id='word_1_238' title='bbox 2437 1717 2598 1772; x_wconf 90' lang='lat' dir='ltr'><strong>etiam</strong></span> <span class='ocrx_word' id='word_1_239' title='bbox 2630 1718 2889 1774; x_wconf 88' lang='lat' dir='ltr'><strong>Dominus</strong></span> <span class='ocrx_word' id='word_1_240' title='bbox 2932 1722 3234 1777; x_wconf 86' lang='lat' dir='ltr'><strong>naturalem</strong></span> <span class='ocrx_word' id='word_1_241' title='bbox 3261 1722 3506 1777; x_wconf 90' lang='lat' dir='ltr'><strong>altitudi-</strong></span> 
     </span>
    </p>
   </div>
   <div class='ocr_carea' id='block_1_33' title="bbox 1910 1811 3513 1888">
    <p class='ocr_par' dir='ltr' id='par_1_33' title="bbox 1910 1811 3513 1888">
     <span class='ocr_line' id='line_1_33' title="bbox 1910 1811 3513 1888; baseline 0.004 -25"><span class='ocrx_word' id='word_1_242' title='bbox 1910 1824 2033 1864; x_wconf 91' lang='lat' dir='ltr'><strong>nem</strong></span> <span class='ocrx_word' id='word_1_243' title='bbox 2066 1811 2255 1864; x_wconf 87' lang='lat' dir='ltr'><strong>tribuit</strong></span> <span class='ocrx_word' id='word_1_244' title='bbox 2294 1821 2346 1865; x_wconf 91' lang='lat' dir='ltr'><strong>et</strong></span> <span class='ocrx_word' id='word_1_245' title='bbox 2375 1812 2655 1881; x_wconf 87' lang='lat' dir='ltr'><strong>vigorem,</strong></span> <span class='ocrx_word' id='word_1_246' title='bbox 2687 1828 2795 1883; x_wconf 94' lang='lat' dir='ltr'><strong>quo</strong></span> <span class='ocrx_word' id='word_1_247' title='bbox 2825 1827 2883 1868; x_wconf 91' lang='lat' dir='ltr'><strong>se</strong></span> <span class='ocrx_word' id='word_1_248' title='bbox 2919 1816 3120 1871; x_wconf 79' lang='lat' dir='ltr'><strong>excitet</strong></span> <span class='ocrx_word' id='word_1_249' title='bbox 3150 1826 3201 1871; x_wconf 90' lang='lat' dir='ltr'><strong>et</strong></span> <span class='ocrx_word' id='word_1_250' title='bbox 3242 1826 3513 1888; x_wconf 86' lang='lat' dir='ltr'><strong>assurgat.</strong></span> 
     </span>
    </p>
   </div>
   <div class='ocr_carea' id='block_1_34' title="bbox 207 1883 3516 1978">
    <p class='ocr_par' dir='ltr' id='par_1_34' title="bbox 207 1883 3516 1978">
     <span class='ocr_line' id='line_1_34' title="bbox 207 1883 3516 1978; baseline 0.01 -48"><span class='ocrx_word' id='word_1_251' title='bbox 207 1889 351 1950; x_wconf 90' lang='lat' dir='ltr'><strong>ptum</strong></span> <span class='ocrx_word' id='word_1_252' title='bbox 379 1890 488 1949; x_wconf 89' lang='lat' dir='ltr'><strong>est,</strong></span> <span class='ocrx_word' id='word_1_253' title='bbox 511 1883 828 1954; x_wconf 83' lang='lat' dir='ltr'><strong>angelorum</strong></span> <span class='ocrx_word' id='word_1_254' title='bbox 862 1885 1086 1957; x_wconf 87' lang='lat' dir='ltr'><strong>(Psalm.</strong></span> <span class='ocrx_word' id='word_1_255' title='bbox 1117 1906 1326 1959; x_wconf 80' lang='lat' dir='ltr'><strong>Lxxvn,</strong></span> <span class='ocrx_word' id='word_1_256' title='bbox 1351 1893 1466 1964; x_wconf 67' lang='lat'><strong>95).</strong></span> <span class='ocrx_word' id='word_1_257' title='bbox 1493 1895 1646 1952; x_wconf 85' lang='lat' dir='ltr'><strong>Nune</strong></span> <span class='ocrx_word' id='word_1_258' title='bbox 1663 1913 1799 1969; x_wconf 89' lang='lat' dir='ltr'><strong>quo-</strong></span> <span class='ocrx_word' id='word_1_259' title='bbox 1828 1915 1875 1977; x_wconf 77' lang='grc' dir='ltr'><strong>Β</strong></span> <span class='ocrx_word' id='word_1_260' title='bbox 1906 1899 2057 1957; x_wconf 90' lang='lat' dir='ltr'><strong>Unde</strong></span> <span class='ocrx_word' id='word_1_261' title='bbox 2088 1903 2252 1956; x_wconf 87' lang='lat' dir='ltr'><strong>etiam</strong></span> <span class='ocrx_word' id='word_1_262' title='bbox 2293 1901 2360 1956; x_wconf 90' lang='lat' dir='ltr'><strong>de</strong></span> <span class='ocrx_word' id='word_1_263' title='bbox 2393 1902 2493 1956; x_wconf 91' lang='lat' dir='ltr'><strong>hac</strong></span> <span class='ocrx_word' id='word_1_264' title='bbox 2534 1902 2916 1971; x_wconf 88' lang='lat' dir='ltr'><strong>conjunctione</strong></span> <span class='ocrx_word' id='word_1_265' title='bbox 2958 1904 3152 1960; x_wconf 85' lang='lat' dir='ltr'><strong>animae</strong></span> <span class='ocrx_word' id='word_1_266' title='bbox 3184 1917 3237 1961; x_wconf 90' lang='lat' dir='ltr'><strong>et</strong></span> <span class='ocrx_word' id='word_1_267' title='bbox 3267 1883 3516 1978; x_wconf 80' lang='lat' dir='ltr'><strong>corporis</strong></span> 
     </span>
    </p>
   </div>
   <div class='ocr_carea' id='block_1_35' title="bbox 205 1973 1799 2061">
    <p class='ocr_par' dir='ltr' id='par_1_35' title="bbox 205 1973 1799 2061">
     <span class='ocr_line' id='line_1_35' title="bbox 205 1973 1799 2061; baseline 0.013 -36"><span class='ocrx_word' id='word_1_268' title='bbox 205 1987 303 2042; x_wconf 90' lang='lat' dir='ltr'><strong>que</strong></span> <span class='ocrx_word' id='word_1_269' title='bbox 344 1973 395 2027; x_wconf 93' lang='lat' dir='ltr'><strong>in</strong></span> <span class='ocrx_word' id='word_1_270' title='bbox 429 1974 710 2047; x_wconf 84' lang='lat' dir='ltr'><strong>Evangelii</strong></span> <span class='ocrx_word' id='word_1_271' title='bbox 754 1981 1029 2049; x_wconf 81' lang='lat' dir='ltr'><strong>mysteriis</strong></span> <span class='ocrx_word' id='word_1_272' title='bbox 1072 1987 1422 2055; x_wconf 82' lang='lat' dir='ltr'><strong>recognoscis</strong></span> <span class='ocrx_word' id='word_1_273' title='bbox 1459 1987 1799 2061; x_wconf 83' lang='lat' dir='ltr'><strong>baptizatos,</strong></span> 
     </span>
    </p>
   </div>
   <div class='ocr_carea' id='block_1_36' title="bbox 205 2062 1800 2152">
    <p class='ocr_par' dir='ltr' id='par_1_36' title="bbox 205 2062 1800 2152">
     <span class='ocr_line' id='line_1_36' title="bbox 205 2062 1800 2152; baseline 0.013 -34"><span class='ocrx_word' id='word_1_274' title='bbox 205 2062 328 2118; x_wconf 87' lang='lat' dir='ltr'><strong>licet</strong></span> <span class='ocrx_word' id='word_1_275' title='bbox 356 2072 470 2120; x_wconf 90' lang='lat' dir='ltr'><strong>toto</strong></span> <span class='ocrx_word' id='word_1_276' title='bbox 501 2081 768 2138; x_wconf 89' lang='lat' dir='ltr'><strong>corpore,</strong></span> <span class='ocrx_word' id='word_1_277' title='bbox 799 2080 986 2141; x_wconf 91' lang='lat' dir='ltr'><strong>postea</strong></span> <span class='ocrx_word' id='word_1_278' title='bbox 1021 2083 1198 2130; x_wconf 87' lang='lat' dir='ltr'><strong>tamen</strong></span> <span class='ocrx_word' id='word_1_279' title='bbox 1231 2091 1352 2132; x_wconf 89' lang='lat' dir='ltr'><strong>esca</strong></span> <span class='ocrx_word' id='word_1_280' title='bbox 1383 2078 1612 2149; x_wconf 90' lang='lat' dir='ltr'><strong>spiritali</strong></span> <span class='ocrx_word' id='word_1_281' title='bbox 1643 2093 1800 2152; x_wconf 91' lang='lat' dir='ltr'><strong>potu-</strong></span> 
     </span>
    </p>
   </div>
   <div class='ocr_carea' id='block_1_37' title="bbox 202 2159 1802 2246">
    <p class='ocr_par' dir='ltr' id='par_1_37' title="bbox 202 2159 1802 2246">
     <span class='ocr_line' id='line_1_37' title="bbox 202 2159 1802 2246; baseline 0.014 -38"><span class='ocrx_word' id='word_1_282' title='bbox 202 2170 306 2226; x_wconf 90' lang='lat' dir='ltr'><strong>que</strong></span> <span class='ocrx_word' id='word_1_283' title='bbox 345 2159 639 2226; x_wconf 80' lang='lat' dir='ltr'><strong>mandari;</strong></span> <span class='ocrx_word' id='word_1_284' title='bbox 681 2161 774 2218; x_wconf 92' lang='lat' dir='ltr'><strong>ille</strong></span> <span class='ocrx_word' id='word_1_285' title='bbox 814 2165 957 2220; x_wconf 88' lang='lat' dir='ltr'><strong>enim</strong></span> <span class='ocrx_word' id='word_1_286' title='bbox 1001 2175 1084 2222; x_wconf 90' lang='lat' dir='ltr'><strong>est</strong></span> <span class='ocrx_word' id='word_1_287' title='bbox 1122 2183 1283 2225; x_wconf 86' lang='lat' dir='ltr'><strong>verus</strong></span> <span class='ocrx_word' id='word_1_288' title='bbox 1322 2169 1562 2227; x_wconf 89' lang='lat' dir='ltr'><strong>dentium</strong></span> <span class='ocrx_word' id='word_1_289' title='bbox 1592 2173 1802 2246; x_wconf 90' lang='lat' dir='ltr'><strong>fulgor,</strong></span> 
     </span>
    </p>
   </div>
   <div class='ocr_carea' id='block_1_38' title="bbox 203 2249 1803 2327">
    <p class='ocr_par' dir='ltr' id='par_1_38' title="bbox 203 2249 1803 2327">
     <span class='ocr_line' id='line_1_38' title="bbox 203 2249 1803 2327; baseline 0.014 -24"><span class='ocrx_word' id='word_1_290' title='bbox 203 2249 292 2305; x_wconf 83' lang='lat' dir='ltr'><strong>tibi</strong></span> <span class='ocrx_word' id='word_1_291' title='bbox 323 2249 459 2308; x_wconf 90' lang='lat' dir='ltr'><strong>bene</strong></span> <span class='ocrx_word' id='word_1_292' title='bbox 501 2257 741 2312; x_wconf 75' lang='lat' dir='ltr'><strong>conscia:</strong></span> <span class='ocrx_word' id='word_1_293' title='bbox 779 2261 978 2314; x_wconf 88' lang='lat' dir='ltr'><strong>mentis</strong></span> <span class='ocrx_word' id='word_1_294' title='bbox 1019 2273 1237 2318; x_wconf 90' lang='lat' dir='ltr'><strong>resonat</strong></span> <span class='ocrx_word' id='word_1_295' title='bbox 1280 2279 1478 2321; x_wconf 89' lang='lat' dir='ltr'><strong>canora</strong></span> <span class='ocrx_word' id='word_1_296' title='bbox 1511 2269 1803 2327; x_wconf 86' lang='lat' dir='ltr'><strong>confessio.</strong></span> 
     </span>
    </p>
   </div>
   <div class='ocr_carea' id='block_1_39' title="bbox 204 2341 1803 2431">
    <p class='ocr_par' dir='ltr' id='par_1_39' title="bbox 204 2341 1803 2431">
     <span class='ocr_line' id='line_1_39' title="bbox 204 2341 1803 2431; baseline 0.014 -33"><span class='ocrx_word' id='word_1_297' title='bbox 204 2341 296 2400; x_wconf 82' lang='lat' dir='ltr'><strong>Ille</strong></span> <span class='ocrx_word' id='word_1_298' title='bbox 325 2347 566 2404; x_wconf 90' lang='lat' dir='ltr'><strong>mundus</strong></span> <span class='ocrx_word' id='word_1_299' title='bbox 598 2351 820 2418; x_wconf 82' lang='lat' dir='ltr'><strong>oculus,</strong></span> <span class='ocrx_word' id='word_1_300' title='bbox 847 2369 1006 2424; x_wconf 87' lang='lat' dir='ltr'><strong>quem</strong></span> <span class='ocrx_word' id='word_1_301' title='bbox 1036 2368 1379 2426; x_wconf 88' lang='lat' dir='ltr'><strong>peccatorum</strong></span> <span class='ocrx_word' id='word_1_302' title='bbox 1410 2362 1650 2431; x_wconf 85' lang='lat' dir='ltr'><strong>gravium</strong></span> <span class='ocrx_word' id='word_1_303' title='bbox 1697 2373 1803 2420; x_wconf 90' lang='lat' dir='ltr'><strong>tra-</strong></span> 
     </span>
    </p>
   </div>
   <div class='ocr_carea' id='block_1_40' title="bbox 206 2440 1802 2528">
    <p class='ocr_par' dir='ltr' id='par_1_40' title="bbox 206 2440 1802 2528">
     <span class='ocr_line' id='line_1_40' title="bbox 206 2440 1802 2528; baseline 0.014 -30"><span class='ocrx_word' id='word_1_304' title='bbox 206 2440 298 2499; x_wconf 89' lang='lat' dir='ltr'><strong>bes</strong></span> <span class='ocrx_word' id='word_1_305' title='bbox 327 2446 470 2500; x_wconf 89' lang='lat' dir='ltr'><strong>nulla</strong></span> <span class='ocrx_word' id='word_1_306' title='bbox 500 2447 856 2518; x_wconf 89' lang='lat' dir='ltr'><strong>depresserit,</strong></span> <span class='ocrx_word' id='word_1_307' title='bbox 890 2469 1048 2524; x_wconf 89' lang='lat' dir='ltr'><strong>quem</strong></span> <span class='ocrx_word' id='word_1_308' title='bbox 1075 2469 1560 2528; x_wconf 85' lang='lat' dir='ltr'><strong>purgamentorum</strong></span> <span class='ocrx_word' id='word_1_309' title='bbox 1603 2463 1802 2520; x_wconf 89' lang='lat' dir='ltr'><strong>levium</strong></span> 
     </span>
    </p>
   </div>
   <div class='ocr_carea' id='block_1_41' title="bbox 207 2533 942 2601">
    <p class='ocr_par' dir='ltr' id='par_1_41' title="bbox 207 2533 942 2601">
     <span class='ocr_line' id='line_1_41' title="bbox 207 2533 942 2601; baseline 0.015 -12"><span class='ocrx_word' id='word_1_310' title='bbox 207 2533 406 2593; x_wconf 81' lang='lat' dir='ltr'><strong>festuca</strong></span> <span class='ocrx_word' id='word_1_311' title='bbox 436 2541 590 2595; x_wconf 87' lang='lat' dir='ltr'><strong>nulla</strong></span> <span class='ocrx_word' id='word_1_312' title='bbox 625 2543 942 2601; x_wconf 86' lang='lat' dir='ltr'><strong>turbaverit.</strong></span> 
     </span>
    </p>
   </div>
   <div class='ocr_carea' id='block_1_42' title="bbox 275 2631 1804 2715">
    <p class='ocr_par' dir='ltr' id='par_1_42' title="bbox 275 2631 1804 2715">
     <span class='ocr_line' id='line_1_42' title="bbox 275 2631 1804 2715; baseline 0.014 -30"><span class='ocrx_word' id='word_1_313' title='bbox 275 2631 355 2686; x_wconf 78' lang='lat' dir='ltr'><strong>l6.</strong></span> <span class='ocrx_word' id='word_1_314' title='bbox 402 2641 428 2668; x_wconf 75' lang='grc' dir='ltr'>α</span> <span class='ocrx_word' id='word_1_315' title='bbox 459 2631 658 2689; x_wconf 79' lang='lat' dir='ltr'><strong>Dentes</strong></span> <span class='ocrx_word' id='word_1_316' title='bbox 687 2637 763 2691; x_wconf 86' lang='lat' dir='ltr'><strong>tui</strong></span> <span class='ocrx_word' id='word_1_317' title='bbox 784 2637 917 2693; x_wconf 85' lang='lat' dir='ltr'><strong>sicut</strong></span> <span class='ocrx_word' id='word_1_318' title='bbox 943 2656 1070 2712; x_wconf 71' lang='lat' dir='ltr'><strong>grex</strong></span> <span class='ocrx_word' id='word_1_319' title='bbox 1101 2651 1395 2710; x_wconf 80' lang='lat' dir='ltr'><strong>(ansarum,</strong></span> <span class='ocrx_word' id='word_1_320' title='bbox 1424 2663 1540 2715; x_wconf 70' lang='lat' dir='ltr'><strong>quae</strong></span> <span class='ocrx_word' id='word_1_321' title='bbox 1561 2651 1804 2705; x_wconf 87' lang='lat' dir='ltr'><strong>ascende-</strong></span> 
     </span>
    </p>
   </div>
   <div class='ocr_carea' id='block_1_43' title="bbox 207 2729 1809 2818">
    <p class='ocr_par' dir='ltr' id='par_1_43' title="bbox 207 2729 1809 2818">
     <span class='ocr_line' id='line_1_43' title="bbox 207 2729 1809 2818; baseline 0.014 -39"><span class='ocrx_word' id='word_1_322' title='bbox 207 2737 320 2780; x_wconf 86' lang='lat' dir='ltr'><strong>runt</strong></span> <span class='ocrx_word' id='word_1_323' title='bbox 358 2729 420 2784; x_wconf 84' lang='lat' dir='ltr'><strong>de</strong></span> <span class='ocrx_word' id='word_1_324' title='bbox 450 2730 696 2801; x_wconf 82' lang='lat' dir='ltr'><strong>lavacro,</strong></span> <span class='ocrx_word' id='word_1_325' title='bbox 728 2751 843 2804; x_wconf 64' lang='lat' dir='ltr'><strong>quae</strong></span> <span class='ocrx_word' id='word_1_326' title='bbox 877 2754 1051 2793; x_wconf 83' lang='lat' dir='ltr'><strong>omnes</strong></span> <span class='ocrx_word' id='word_1_327' title='bbox 1086 2741 1314 2810; x_wconf 87' lang='lat' dir='ltr'><strong>geminos</strong></span> <span class='ocrx_word' id='word_1_328' title='bbox 1354 2755 1558 2812; x_wconf 86' lang='lat' dir='ltr'><strong>creant,</strong></span> <span class='ocrx_word' id='word_1_329' title='bbox 1588 2757 1633 2800; x_wconf 88' lang='lat' dir='ltr'><strong>et</strong></span> <span class='ocrx_word' id='word_1_330' title='bbox 1673 2748 1809 2818; x_wconf 84' lang='lat' dir='ltr'><strong>infe-</strong></span> 
     </span>
    </p>
   </div>
   <div class='ocr_carea' id='block_1_44' title="bbox 210 2823 1807 2911">
    <p class='ocr_par' dir='ltr' id='par_1_44' title="bbox 210 2823 1807 2911">
     <span class='ocr_line' id='line_1_44' title="bbox 210 2823 1807 2911; baseline 0.014 -36"><span class='ocrx_word' id='word_1_331' title='bbox 210 2823 371 2879; x_wconf 85' lang='lat' dir='ltr'><strong>cunda</strong></span> <span class='ocrx_word' id='word_1_332' title='bbox 396 2841 498 2880; x_wconf 89' lang='lat' dir='ltr'><strong>non</strong></span> <span class='ocrx_word' id='word_1_333' title='bbox 523 2836 602 2881; x_wconf 86' lang='lat' dir='ltr'><strong>est</strong></span> <span class='ocrx_word' id='word_1_334' title='bbox 625 2829 679 2882; x_wconf 87' lang='lat' dir='ltr'><strong>in</strong></span> <span class='ocrx_word' id='word_1_335' title='bbox 699 2831 792 2884; x_wconf 86' lang='lat' dir='ltr'><strong>eis.</strong></span> <span class='ocrx_word' id='word_1_336' title='bbox 817 2830 934 2886; x_wconf 84' lang='lat' dir='ltr'><strong>Non</strong></span> <span class='ocrx_word' id='word_1_337' title='bbox 965 2834 1252 2891; x_wconf 90' lang='lat' dir='ltr'><strong>mediocris</strong></span> <span class='ocrx_word' id='word_1_338' title='bbox 1280 2836 1383 2892; x_wconf 90' lang='lat' dir='ltr'><strong>ista</strong></span> <span class='ocrx_word' id='word_1_339' title='bbox 1407 2837 1674 2906; x_wconf 89' lang='lat' dir='ltr'><strong>laudatio,</strong></span> <span class='ocrx_word' id='word_1_340' title='bbox 1707 2843 1807 2911; x_wconf 90' lang='lat' dir='ltr'><strong>pri-</strong></span> 
     </span>
    </p>
   </div>
   <div class='ocr_carea' id='block_1_45' title="bbox 208 2923 1807 2999">
    <p class='ocr_par' dir='ltr' id='par_1_45' title="bbox 208 2923 1807 2999">
     <span class='ocr_line' id='line_1_45' title="bbox 208 2923 1807 2999; baseline 0.013 -30"><span class='ocrx_word' id='word_1_341' title='bbox 208 2929 346 2970; x_wconf 88' lang='lat' dir='ltr'><strong>mum</strong></span> <span class='ocrx_word' id='word_1_342' title='bbox 381 2928 502 2988; x_wconf 90' lang='lat' dir='ltr'><strong>apta</strong></span> <span class='ocrx_word' id='word_1_343' title='bbox 539 2923 947 2990; x_wconf 83' lang='lat' dir='ltr'><strong>comparatione</strong></span> <span class='ocrx_word' id='word_1_344' title='bbox 990 2935 1268 2982; x_wconf 89' lang='lat' dir='ltr'><strong>tonsarum</strong></span> <span class='ocrx_word' id='word_1_345' title='bbox 1297 2945 1312 2998; x_wconf 90' lang='lat'><strong>;</strong></span> <span class='ocrx_word' id='word_1_346' title='bbox 1345 2945 1536 2999; x_wconf 89' lang='lat' dir='ltr'><strong>capras</strong></span> <span class='ocrx_word' id='word_1_347' title='bbox 1564 2934 1709 2988; x_wconf 90' lang='lat' dir='ltr'><strong>enim</strong></span> <span class='ocrx_word' id='word_1_348' title='bbox 1752 2945 1807 2990; x_wconf 92' lang='lat' dir='ltr'><strong>et</strong></span> 
     </span>
    </p>
   </div>
   <div class='ocr_carea' id='block_1_46' title="bbox 211 3006 1808 3096">
    <p class='ocr_par' dir='ltr' id='par_1_46' title="bbox 211 3006 1808 3096">
     <span class='ocr_line' id='line_1_46' title="bbox 211 3006 1808 3096; baseline 0.013 -34"><span class='ocrx_word' id='word_1_349' title='bbox 211 3006 262 3062; x_wconf 92' lang='lat' dir='ltr'><strong>in</strong></span> <span class='ocrx_word' id='word_1_350' title='bbox 288 3009 408 3066; x_wconf 91' lang='lat' dir='ltr'><strong>altis</strong></span> <span class='ocrx_word' id='word_1_351' title='bbox 437 3013 593 3082; x_wconf 90' lang='lat' dir='ltr'><strong>pasci</strong></span> <span class='ocrx_word' id='word_1_352' title='bbox 635 3013 750 3069; x_wconf 90' lang='lat' dir='ltr'><strong>sine</strong></span> <span class='ocrx_word' id='word_1_353' title='bbox 777 3017 1022 3085; x_wconf 91' lang='lat' dir='ltr'><strong>periculo</strong></span> <span class='ocrx_word' id='word_1_354' title='bbox 1049 3022 1322 3090; x_wconf 87' lang='lat' dir='ltr'><strong>novimus,</strong></span> <span class='ocrx_word' id='word_1_355' title='bbox 1356 3031 1408 3078; x_wconf 90' lang='lat' dir='ltr'><strong>et</strong></span> <span class='ocrx_word' id='word_1_356' title='bbox 1434 3023 1485 3077; x_wconf 90' lang='lat' dir='ltr'><strong>in</strong></span> <span class='ocrx_word' id='word_1_357' title='bbox 1519 3027 1808 3096; x_wconf 84' lang='lat' dir='ltr'><strong>praeruptis</strong></span> 
     </span>
    </p>
   </div>
   <div class='ocr_carea' id='block_1_47' title="bbox 212 3106 1809 3186">
    <p class='ocr_par' dir='ltr' id='par_1_47' title="bbox 212 3106 1809 3186">
     <span class='ocr_line' id='line_1_47' title="bbox 212 3106 1809 3186; baseline 0.011 -30"><span class='ocrx_word' id='word_1_358' title='bbox 212 3113 420 3159; x_wconf 82' lang='lat' dir='ltr'><strong>securas</strong></span> <span class='ocrx_word' id='word_1_359' title='bbox 445 3106 631 3160; x_wconf 88' lang='lat' dir='ltr'><strong>cibum</strong></span> <span class='ocrx_word' id='word_1_360' title='bbox 658 3123 902 3176; x_wconf 89' lang='lat' dir='ltr'><strong>sumere,</strong></span> <span class='ocrx_word' id='word_1_361' title='bbox 933 3111 1130 3168; x_wconf 89' lang='lat' dir='ltr'><strong>deinde</strong></span> <span class='ocrx_word' id='word_1_362' title='bbox 1158 3129 1279 3169; x_wconf 91' lang='lat' dir='ltr'><strong>cum</strong></span> <span class='ocrx_word' id='word_1_363' title='bbox 1322 3116 1644 3186; x_wconf 87' lang='lat' dir='ltr'><strong>tondentur,</strong></span> <span class='ocrx_word' id='word_1_364' title='bbox 1679 3118 1809 3174; x_wconf 80' lang='lat' dir='ltr'><strong>deo~</strong></span> 
     </span>
    </p>
   </div>
   <div class='ocr_carea' id='block_1_48' title="bbox 212 3198 1806 3278">
    <p class='ocr_par' dir='ltr' id='par_1_48' title="bbox 212 3198 1806 3278">
     <span class='ocr_line' id='line_1_48' title="bbox 212 3198 1806 3278; baseline 0.01 -29"><span class='ocrx_word' id='word_1_365' title='bbox 212 3198 380 3252; x_wconf 88' lang='lat' dir='ltr'><strong>nerari</strong></span> <span class='ocrx_word' id='word_1_366' title='bbox 407 3199 724 3272; x_wconf 87' lang='lat' dir='ltr'><strong>superfluis.</strong></span> <span class='ocrx_word' id='word_1_367' title='bbox 756 3202 952 3258; x_wconf 86' lang='lat' dir='ltr'><strong>Harum</strong></span> <span class='ocrx_word' id='word_1_368' title='bbox 986 3206 1136 3275; x_wconf 86' lang='lat' dir='ltr'><strong>gregi</strong></span> <span class='ocrx_word' id='word_1_369' title='bbox 1162 3220 1507 3277; x_wconf 86' lang='lat' dir='ltr'><strong>comparatur</strong></span> <span class='ocrx_word' id='word_1_370' title='bbox 1531 3209 1772 3266; x_wconf 87' lang='lat' dir='ltr'><strong>Ecclesia</strong></span> <span class='ocrx_word' id='word_1_371' title='bbox 1792 3253 1806 3278; x_wconf 93' lang='lat'><strong>,</strong></span> 
     </span>
    </p>
   </div>
   <div class='ocr_carea' id='block_1_49' title="bbox 1909 1995 3517 2069">
    <p class='ocr_par' dir='ltr' id='par_1_49' title="bbox 1909 1995 3517 2069">
     <span class='ocr_line' id='line_1_49' title="bbox 1909 1995 3517 2069; baseline 0.004 -19"><span class='ocrx_word' id='word_1_372' title='bbox 1909 1995 2112 2051; x_wconf 91' lang='lat' dir='ltr'><strong>dictum</strong></span> <span class='ocrx_word' id='word_1_373' title='bbox 2141 2004 2445 2066; x_wconf 88' lang='lat' dir='ltr'><strong>opportune</strong></span> <span class='ocrx_word' id='word_1_374' title='bbox 2463 1997 2753 2066; x_wconf 83' lang='lat' dir='ltr'><strong>accipitur,</strong></span> <span class='ocrx_word' id='word_1_375' title='bbox 2781 2012 2847 2052; x_wconf 90' lang='lat' dir='ltr'><strong>eo</strong></span> <span class='ocrx_word' id='word_1_376' title='bbox 2876 1999 3016 2069; x_wconf 91' lang='lat' dir='ltr'><strong>quod</strong></span> <span class='ocrx_word' id='word_1_377' title='bbox 3049 1999 3104 2053; x_wconf 91' lang='lat' dir='ltr'><strong>in</strong></span> <span class='ocrx_word' id='word_1_378' title='bbox 3129 2000 3359 2054; x_wconf 86' lang='lat' dir='ltr'><strong>naturali</strong></span> <span class='ocrx_word' id='word_1_379' title='bbox 3387 2001 3517 2057; x_wconf 78' lang='lat' dir='ltr'><strong>vita:</strong></span> 
     </span>
    </p>
   </div>
   <div class='ocr_carea' id='block_1_50' title="bbox 1905 2089 3515 2160">
    <p class='ocr_par' dir='ltr' id='par_1_50' title="bbox 1905 2089 3515 2160">
     <span class='ocr_line' id='line_1_50' title="bbox 1905 2089 3515 2160; baseline 0.002 -18"><span class='ocrx_word' id='word_1_380' title='bbox 1905 2099 2107 2142; x_wconf 84' lang='lat' dir='ltr'><strong>nostrae</strong></span> <span class='ocrx_word' id='word_1_381' title='bbox 2139 2089 2398 2158; x_wconf 88' lang='lat' dir='ltr'><strong>mysterio</strong></span> <span class='ocrx_word' id='word_1_382' title='bbox 2419 2130 2432 2154; x_wconf 91' lang='lat'><strong>,</strong></span> <span class='ocrx_word' id='word_1_383' title='bbox 2465 2103 2710 2142; x_wconf 79' lang='lat' dir='ltr'><strong>connexa</strong></span> <span class='ocrx_word' id='word_1_384' title='bbox 2741 2089 2922 2142; x_wconf 85' lang='lat' dir='ltr'><strong>anima</strong></span> <span class='ocrx_word' id='word_1_385' title='bbox 2945 2092 3159 2160; x_wconf 90' lang='lat' dir='ltr'><strong>corpori</strong></span> <span class='ocrx_word' id='word_1_386' title='bbox 3186 2091 3334 2145; x_wconf 89' lang='lat' dir='ltr'><strong>velut</strong></span> <span class='ocrx_word' id='word_1_387' title='bbox 3361 2091 3515 2147; x_wconf 87' lang='lat' dir='ltr'><strong>humi</strong></span> 
     </span>
    </p>
   </div>
   <div class='ocr_carea' id='block_1_51' title="bbox 1905 2183 3518 2256">
    <p class='ocr_par' dir='ltr' id='par_1_51' title="bbox 1905 2183 3518 2256">
     <span class='ocr_line' id='line_1_51' title="bbox 1905 2183 3518 2256; baseline 0.004 -20"><span class='ocrx_word' id='word_1_388' title='bbox 1905 2191 2121 2251; x_wconf 89' lang='lat' dir='ltr'><strong>reptet,</strong></span> <span class='ocrx_word' id='word_1_389' title='bbox 2153 2191 2207 2236; x_wconf 90' lang='lat' dir='ltr'><strong>et</strong></span> <span class='ocrx_word' id='word_1_390' title='bbox 2245 2185 2558 2252; x_wconf 89' lang='lat' dir='ltr'><strong>pavimento</strong></span> <span class='ocrx_word' id='word_1_391' title='bbox 2597 2183 2906 2250; x_wconf 76' lang='lat' dir='ltr'><strong>adhaereat,</strong></span> <span class='ocrx_word' id='word_1_392' title='bbox 2943 2185 3136 2254; x_wconf 84' lang='lat' dir='ltr'><strong>partim</strong></span> <span class='ocrx_word' id='word_1_393' title='bbox 3163 2196 3388 2256; x_wconf 88' lang='lat' dir='ltr'><strong>pr0pter</strong></span> <span class='ocrx_word' id='word_1_394' title='bbox 3411 2185 3518 2243; x_wconf 88' lang='lat' dir='ltr'><strong>hoc</strong></span> 
     </span>
    </p>
   </div>
   <div class='ocr_carea' id='block_1_52' title="bbox 1907 2274 3516 2347">
    <p class='ocr_par' dir='ltr' id='par_1_52' title="bbox 1907 2274 3516 2347">
     <span class='ocr_line' id='line_1_52' title="bbox 1907 2274 3516 2347; baseline 0.005 -20"><span class='ocrx_word' id='word_1_395' title='bbox 1907 2281 2181 2328; x_wconf 87' lang='lat' dir='ltr'><strong>terrenum</strong></span> <span class='ocrx_word' id='word_1_396' title='bbox 2221 2274 2582 2328; x_wconf 86' lang='lat' dir='ltr'><strong>habitaculum</strong></span> <span class='ocrx_word' id='word_1_397' title='bbox 2607 2316 2620 2340; x_wconf 93' lang='lat'><strong>,</strong></span> <span class='ocrx_word' id='word_1_398' title='bbox 2662 2275 2854 2344; x_wconf 90' lang='lat' dir='ltr'><strong>partim</strong></span> <span class='ocrx_word' id='word_1_399' title='bbox 2883 2277 3008 2344; x_wconf 84' lang='lat' dir='ltr'><strong>quia</strong></span> <span class='ocrx_word' id='word_1_400' title='bbox 3048 2292 3246 2347; x_wconf 89' lang='lat' dir='ltr'><strong>corpus</strong></span> <span class='ocrx_word' id='word_1_401' title='bbox 3275 2277 3418 2334; x_wconf 86' lang='lat' dir='ltr'><strong>istud</strong></span> <span class='ocrx_word' id='word_1_402' title='bbox 3447 2278 3516 2335; x_wconf 83' lang='lat' dir='ltr'><strong>de</strong></span> 
     </span>
    </p>
   </div>
   <div class='ocr_carea' id='block_1_53' title="bbox 1909 2367 3508 2438">
    <p class='ocr_par' dir='ltr' id='par_1_53' title="bbox 1909 2367 3508 2438">
     <span class='ocr_line' id='line_1_53' title="bbox 1909 2367 3508 2438; baseline 0.004 -18"><span class='ocrx_word' id='word_1_403' title='bbox 1909 2373 2050 2420; x_wconf 89' lang='lat' dir='ltr'><strong>terra</strong></span> <span class='ocrx_word' id='word_1_404' title='bbox 2080 2375 2184 2422; x_wconf 91' lang='lat' dir='ltr'><strong>est.</strong></span> <span class='ocrx_word' id='word_1_405' title='bbox 2210 2367 2277 2422; x_wconf 89' lang='lat' dir='ltr'><strong>Et</strong></span> <span class='ocrx_word' id='word_1_406' title='bbox 2307 2367 2546 2438; x_wconf 86' lang='lat' dir='ltr'><strong>regionis</strong></span> <span class='ocrx_word' id='word_1_407' title='bbox 2586 2367 2750 2438; x_wconf 88' lang='lat' dir='ltr'><strong>igitur</strong></span> <span class='ocrx_word' id='word_1_408' title='bbox 2775 2369 3170 2435; x_wconf 88' lang='lat' dir='ltr'><strong>diversorium,</strong></span> <span class='ocrx_word' id='word_1_409' title='bbox 3204 2381 3259 2425; x_wconf 92' lang='lat' dir='ltr'><strong>et</strong></span> <span class='ocrx_word' id='word_1_410' title='bbox 3283 2371 3508 2426; x_wconf 89' lang='lat' dir='ltr'><strong>materia</strong></span> 
     </span>
    </p>
   </div>
   <div class='ocr_carea' id='block_1_54' title="bbox 1908 2461 3521 2531">
    <p class='ocr_par' dir='ltr' id='par_1_54' title="bbox 1908 2461 3521 2531">
     <span class='ocr_line' id='line_1_54' title="bbox 1908 2461 3521 2531; baseline 0.004 -18"><span class='ocrx_word' id='word_1_411' title='bbox 1908 2461 2023 2531; x_wconf 87' lang='lat' dir='ltr'><strong>ipsa</strong></span> <span class='ocrx_word' id='word_1_412' title='bbox 2055 2461 2301 2530; x_wconf 90' lang='lat' dir='ltr'><strong>corporis</strong></span> <span class='ocrx_word' id='word_1_413' title='bbox 2328 2463 2496 2516; x_wconf 91' lang='lat' dir='ltr'><strong>nostri</strong></span> <span class='ocrx_word' id='word_1_414' title='bbox 2539 2461 2666 2516; x_wconf 89' lang='lat' dir='ltr'><strong>huic</strong></span> <span class='ocrx_word' id='word_1_415' title='bbox 2695 2464 2972 2518; x_wconf 89' lang='lat' dir='ltr'><strong>concurrit</strong></span> <span class='ocrx_word' id='word_1_416' title='bbox 3010 2465 3316 2519; x_wconf 87' lang='lat' dir='ltr'><strong>sententiae.</strong></span> <span class='ocrx_word' id='word_1_417' title='bbox 3364 2465 3521 2521; x_wconf 88' lang='lat' dir='ltr'><strong>Ideo-</strong></span> 
     </span>
    </p>
   </div>
   <div class='ocr_carea' id='block_1_55' title="bbox 1907 2543 3523 2627">
    <p class='ocr_par' dir='ltr' id='par_1_55' title="bbox 1907 2543 3523 2627">
     <span class='ocr_line' id='line_1_55' title="bbox 1907 2543 3523 2627; baseline 0.004 -21"><span class='ocrx_word' id='word_1_418' title='bbox 1907 2569 2012 2620; x_wconf 87' lang='lat' dir='ltr'><strong>que</strong></span> <span class='ocrx_word' id='word_1_419' title='bbox 2045 2553 2266 2623; x_wconf 87' lang='lat' dir='ltr'><strong>pulchre</strong></span> <span class='ocrx_word' id='word_1_420' title='bbox 2295 2553 2588 2624; x_wconf 79' lang='lat' dir='ltr'><strong>Apostolus</strong></span> <span class='ocrx_word' id='word_1_421' title='bbox 2613 2553 2680 2610; x_wconf 90' lang='lat' dir='ltr'><strong>de</strong></span> <span class='ocrx_word' id='word_1_422' title='bbox 2713 2556 2905 2610; x_wconf 86' lang='lat' dir='ltr'><strong>mortis</strong></span> <span class='ocrx_word' id='word_1_423' title='bbox 2933 2555 3092 2626; x_wconf 90' lang='lat' dir='ltr'><strong>hujus</strong></span> <span class='ocrx_word' id='word_1_424' title='bbox 3123 2571 3355 2627; x_wconf 90' lang='lat' dir='ltr'><strong>corpore</strong></span> <span class='ocrx_word' id='word_1_425' title='bbox 3382 2543 3523 2612; x_wconf 86' lang='lat' dir='ltr'><strong>libe-</strong></span> 
     </span>
    </p>
   </div>
   <div class='ocr_carea' id='block_1_56' title="bbox 1909 2646 3516 2718">
    <p class='ocr_par' dir='ltr' id='par_1_56' title="bbox 1909 2646 3516 2718">
     <span class='ocr_line' id='line_1_56' title="bbox 1909 2646 3516 2718; baseline 0.002 -17"><span class='ocrx_word' id='word_1_426' title='bbox 1909 2647 2020 2701; x_wconf 89' lang='lat' dir='ltr'><strong>rari</strong></span> <span class='ocrx_word' id='word_1_427' title='bbox 2055 2647 2241 2716; x_wconf 86' lang='lat' dir='ltr'><strong>cupit;</strong></span> <span class='ocrx_word' id='word_1_428' title='bbox 2285 2646 2407 2715; x_wconf 88' lang='lat' dir='ltr'><strong>quia</strong></span> <span class='ocrx_word' id='word_1_429' title='bbox 2439 2661 2658 2702; x_wconf 86' lang='lat' dir='ltr'><strong>carcere</strong></span> <span class='ocrx_word' id='word_1_430' title='bbox 2707 2647 2940 2718; x_wconf 89' lang='lat' dir='ltr'><strong>quodam</strong></span> <span class='ocrx_word' id='word_1_431' title='bbox 2987 2649 3322 2716; x_wconf 87' lang='lat' dir='ltr'><strong>claudimur,</strong></span> <span class='ocrx_word' id='word_1_432' title='bbox 3365 2657 3419 2704; x_wconf 91' lang='lat' dir='ltr'><strong>et</strong></span> <span class='ocrx_word' id='word_1_433' title='bbox 3463 2650 3516 2705; x_wconf 94' lang='lat' dir='ltr'><strong>in</strong></span> 
     </span>
    </p>
   </div>
   <div class='ocr_carea' id='block_1_57' title="bbox 1909 2737 3518 2809">
    <p class='ocr_par' dir='ltr' id='par_1_57' title="bbox 1909 2737 3518 2809">
     <span class='ocr_line' id='line_1_57' title="bbox 1909 2737 3518 2809; baseline 0.006 -21"><span class='ocrx_word' id='word_1_434' title='bbox 1909 2738 2140 2808; x_wconf 80' lang='lat' dir='ltr'><strong>quodam</strong></span> <span class='ocrx_word' id='word_1_435' title='bbox 2184 2737 2411 2792; x_wconf 76' lang='lat' dir='ltr'><strong>luxuria:</strong></span> <span class='ocrx_word' id='word_1_436' title='bbox 2451 2738 2734 2809; x_wconf 86' lang='lat' dir='ltr'><strong>gurgustio</strong></span> <span class='ocrx_word' id='word_1_437' title='bbox 2772 2739 2861 2794; x_wconf 89' lang='lat' dir='ltr'><strong>siti</strong></span> <span class='ocrx_word' id='word_1_438' title='bbox 2905 2740 3147 2796; x_wconf 87' lang='lat' dir='ltr'><strong>tenebris</strong></span> <span class='ocrx_word' id='word_1_439' title='bbox 3187 2739 3518 2797; x_wconf 87' lang='lat' dir='ltr'><strong>involvimur</strong></span> 
     </span>
    </p>
   </div>
   <div class='ocr_carea' id='block_1_58' title="bbox 1908 2828 2780 2884">
    <p class='ocr_par' dir='ltr' id='par_1_58' title="bbox 1908 2828 2780 2884">
     <span class='ocr_line' id='line_1_58' title="bbox 1908 2828 2780 2884; baseline 0.001 0"><span class='ocrx_word' id='word_1_440' title='bbox 1908 2828 2253 2884; x_wconf 89' lang='lat' dir='ltr'><strong>delictorum.</strong></span> <span class='ocrx_word' id='word_1_441' title='bbox 2775 2850 2780 2857; x_wconf 78' lang='grc'><em>’</em></span> 
     </span>
    </p>
   </div>
   <div class='ocr_carea' id='block_1_59' title="bbox 1980 2920 3514 2990">
    <p class='ocr_par' dir='ltr' id='par_1_59' title="bbox 1980 2920 3514 2990">
     <span class='ocr_line' id='line_1_59' title="bbox 1980 2920 3514 2990; baseline 0.003 -17"><span class='ocrx_word' id='word_1_442' title='bbox 1980 2920 2071 2976; x_wconf 70' lang='lat'><strong>20.</strong></span> <span class='ocrx_word' id='word_1_443' title='bbox 2116 2921 2256 2990; x_wconf 86' lang='lat' dir='ltr'><strong>Ergo</strong></span> <span class='ocrx_word' id='word_1_444' title='bbox 2295 2920 2589 2976; x_wconf 88' lang='lat' dir='ltr'><strong>secundum</strong></span> <span class='ocrx_word' id='word_1_445' title='bbox 2621 2924 2953 2977; x_wconf 85' lang='lat' dir='ltr'><strong>voluntatem</strong></span> <span class='ocrx_word' id='word_1_446' title='bbox 2998 2924 3090 2979; x_wconf 86' lang='lat' dir='ltr'><strong>Dei</strong></span> <span class='ocrx_word' id='word_1_447' title='bbox 3133 2923 3474 2979; x_wconf 88' lang='lat' dir='ltr'><strong>ambulemus</strong></span> <span class='ocrx_word' id='word_1_448' title='bbox 3499 2965 3514 2988; x_wconf 95' lang='lat'><strong>,</strong></span> 
     </span>
    </p>
   </div>
   <div class='ocr_carea' id='block_1_60' title="bbox 1910 3013 3507 3089">
    <p class='ocr_par' dir='ltr' id='par_1_60' title="bbox 1910 3013 3507 3089">
     <span class='ocr_line' id='line_1_60' title="bbox 1910 3013 3507 3089; baseline 0.003 -21"><span class='ocrx_word' id='word_1_449' title='bbox 1910 3028 1968 3068; x_wconf 90' lang='lat' dir='ltr'><strong>ut</strong></span> <span class='ocrx_word' id='word_1_450' title='bbox 2005 3013 2280 3069; x_wconf 73' lang='lat' dir='ltr'><strong>adltmrere</strong></span> <span class='ocrx_word' id='word_1_451' title='bbox 2311 3014 2557 3070; x_wconf 85' lang='lat' dir='ltr'><strong>dicamur</strong></span> <span class='ocrx_word' id='word_1_452' title='bbox 2589 3017 2717 3069; x_wconf 90' lang='lat' dir='ltr'><strong>Deo.</strong></span> <span class='ocrx_word' id='word_1_453' title='bbox 2762 3015 2896 3070; x_wconf 87' lang='lat' dir='ltr'><strong>Nam</strong></span> <span class='ocrx_word' id='word_1_454' title='bbox 2926 3015 3225 3072; x_wconf 87' lang='lat' dir='ltr'><strong>secundum</strong></span> <span class='ocrx_word' id='word_1_455' title='bbox 3257 3019 3507 3089; x_wconf 88' lang='lat' dir='ltr'><strong>corporis</strong></span> 
     </span>
    </p>
   </div>
   <div class='ocr_carea' id='block_1_61' title="bbox 1910 3108 3520 3182">
    <p class='ocr_par' dir='ltr' id='par_1_61' title="bbox 1910 3108 3520 3182">
     <span class='ocr_line' id='line_1_61' title="bbox 1910 3108 3520 3182; baseline 0.002 -20"><span class='ocrx_word' id='word_1_456' title='bbox 1910 3108 2275 3177; x_wconf 84' lang='lat' dir='ltr'><strong>appetentiaui</strong></span> <span class='ocrx_word' id='word_1_457' title='bbox 2307 3109 2398 3177; x_wconf 90' lang='lat' dir='ltr'><strong>qui</strong></span> <span class='ocrx_word' id='word_1_458' title='bbox 2422 3108 2584 3174; x_wconf 86' lang='lat' dir='ltr'><strong>vivit,</strong></span> <span class='ocrx_word' id='word_1_459' title='bbox 2611 3123 2738 3163; x_wconf 89' lang='lat' dir='ltr'><strong>caro</strong></span> <span class='ocrx_word' id='word_1_460' title='bbox 2770 3120 2851 3163; x_wconf 91' lang='lat' dir='ltr'><strong>est</strong></span> <span class='ocrx_word' id='word_1_461' title='bbox 2881 3127 2894 3163; x_wconf 87' lang='lat'><strong>:</strong></span> <span class='ocrx_word' id='word_1_462' title='bbox 2923 3110 3014 3180; x_wconf 91' lang='lat' dir='ltr'><strong>qui</strong></span> <span class='ocrx_word' id='word_1_463' title='bbox 3046 3110 3345 3165; x_wconf 88' lang='lat' dir='ltr'><strong>secundum</strong></span> <span class='ocrx_word' id='word_1_464' title='bbox 3379 3126 3520 3182; x_wconf 74' lang='lat' dir='ltr'><strong>pra:—</strong></span> 
     </span>
    </p>
   </div>
   <div class='ocr_carea' id='block_1_62' title="bbox 1913 3202 3519 3273">
    <p class='ocr_par' dir='ltr' id='par_1_62' title="bbox 1913 3202 3519 3273">
     <span class='ocr_line' id='line_1_62' title="bbox 1913 3202 3519 3273; baseline 0.002 -17"><span class='ocrx_word' id='word_1_465' title='bbox 1913 3210 2068 3272; x_wconf 88' lang='lat' dir='ltr'><strong>cepta</strong></span> <span class='ocrx_word' id='word_1_466' title='bbox 2101 3203 2224 3267; x_wconf 88' lang='lat' dir='ltr'><strong>Dei,</strong></span> <span class='ocrx_word' id='word_1_467' title='bbox 2255 3202 2478 3272; x_wconf 88' lang='lat' dir='ltr'><strong>spiritus</strong></span> <span class='ocrx_word' id='word_1_468' title='bbox 2514 3211 2619 3257; x_wconf 89' lang='lat' dir='ltr'><strong>est.</strong></span> <span class='ocrx_word' id='word_1_469' title='bbox 2661 3203 2773 3257; x_wconf 82' lang='lat' dir='ltr'><strong>Non</strong></span> <span class='ocrx_word' id='word_1_470' title='bbox 2816 3218 2947 3273; x_wconf 89' lang='lat' dir='ltr'><strong>ergo</strong></span> <span class='ocrx_word' id='word_1_471' title='bbox 2986 3203 3078 3258; x_wconf 83' lang='lat' dir='ltr'><strong>tiat</strong></span> <span class='ocrx_word' id='word_1_472' title='bbox 3117 3205 3298 3262; x_wconf 81' lang='lat' dir='ltr'><strong>anima</strong></span> <span class='ocrx_word' id='word_1_473' title='bbox 3329 3215 3519 3260; x_wconf 91' lang='lat' dir='ltr'><strong>nostra</strong></span> 
     </span>
    </p>
   </div>
   <div class='ocr_carea' id='block_1_63' title="bbox 213 3289 1808 3396">
    <p class='ocr_par' dir='ltr' id='par_1_63' title="bbox 213 3289 1804 3373">
     <span class='ocr_line' id='line_1_63' title="bbox 213 3289 1804 3373; baseline 0.009 -31"><span class='ocrx_word' id='word_1_474' title='bbox 213 3289 401 3346; x_wconf 87' lang='lat' dir='ltr'><strong>multas</strong></span> <span class='ocrx_word' id='word_1_475' title='bbox 428 3293 478 3346; x_wconf 90' lang='lat' dir='ltr'><strong>in</strong></span> <span class='ocrx_word' id='word_1_476' title='bbox 510 3308 578 3347; x_wconf 88' lang='lat' dir='ltr'><strong>se</strong></span> <span class='ocrx_word' id='word_1_477' title='bbox 612 3293 816 3350; x_wconf 87' lang='lat' dir='ltr'><strong>habens</strong></span> <span class='ocrx_word' id='word_1_478' title='bbox 841 3297 1141 3352; x_wconf 88' lang='lat' dir='ltr'><strong>animarum</strong></span> <span class='ocrx_word' id='word_1_479' title='bbox 1170 3299 1424 3367; x_wconf 87' lang='lat' dir='ltr'><strong>virtutes,</strong></span> <span class='ocrx_word' id='word_1_480' title='bbox 1449 3316 1569 3371; x_wconf 70' lang='lat' dir='ltr'><strong>qute</strong></span> <span class='ocrx_word' id='word_1_481' title='bbox 1595 3318 1690 3373; x_wconf 89' lang='lat' dir='ltr'><strong>per</strong></span> <span class='ocrx_word' id='word_1_482' title='bbox 1726 3304 1804 3358; x_wconf 86' lang='lat' dir='ltr'><strong>la-</strong></span> 
     </span>
    </p>
   </div>
   <div class='ocr_carea' id='block_1_64' title="bbox 1917 3289 3521 3396">
    <p class='ocr_par' dir='ltr' id='par_1_64' title="bbox 1917 3294 3521 3368">
     <span class='ocr_line' id='line_1_64' title="bbox 1917 3294 3521 3368; baseline 0.001 -18"><span class='ocrx_word' id='word_1_483' title='bbox 1917 3309 2074 3361; x_wconf 89' lang='lat' dir='ltr'><strong>caro,</strong></span> <span class='ocrx_word' id='word_1_484' title='bbox 2103 3294 2205 3350; x_wconf 86' lang='lat' dir='ltr'><strong>hoc</strong></span> <span class='ocrx_word' id='word_1_485' title='bbox 2238 3304 2322 3350; x_wconf 87' lang='lat' dir='ltr'><strong>est</strong></span> <span class='ocrx_word' id='word_1_486' title='bbox 2347 3337 2362 3362; x_wconf 96' lang='lat'><strong>,</strong></span> <span class='ocrx_word' id='word_1_487' title='bbox 2397 3306 2455 3350; x_wconf 93' lang='lat' dir='ltr'><strong>ut</strong></span> <span class='ocrx_word' id='word_1_488' title='bbox 2495 3295 2741 3351; x_wconf 90' lang='lat' dir='ltr'><strong>dicamur</strong></span> <span class='ocrx_word' id='word_1_489' title='bbox 2780 3311 2940 3362; x_wconf 90' lang='lat' dir='ltr'><strong>caro;</strong></span> <span class='ocrx_word' id='word_1_490' title='bbox 2969 3297 3108 3352; x_wconf 91' lang='lat' dir='ltr'><strong>sicut</strong></span> <span class='ocrx_word' id='word_1_491' title='bbox 3144 3305 3200 3352; x_wconf 89' lang='lat' dir='ltr'><strong>et</strong></span> <span class='ocrx_word' id='word_1_492' title='bbox 3238 3296 3312 3352; x_wconf 92' lang='lat' dir='ltr'><strong>illi</strong></span> <span class='ocrx_word' id='word_1_493' title='bbox 3345 3299 3434 3368; x_wconf 90' lang='lat' dir='ltr'><strong>qui</strong></span> <span class='ocrx_word' id='word_1_494' title='bbox 3465 3299 3521 3353; x_wconf 92' lang='lat' dir='ltr'><strong>in</strong></span> 
     </span>
    </p>
   </div>
   <div class='ocr_carea' id='block_1_65' title="bbox 214 3385 1807 3468">
    <p class='ocr_par' dir='ltr' id='par_1_65' title="bbox 214 3385 1807 3468">
     <span class='ocr_line' id='line_1_65' title="bbox 214 3385 1807 3468; baseline 0.011 -32"><span class='ocrx_word' id='word_1_495' title='bbox 214 3397 421 3441; x_wconf 89' lang='lat' dir='ltr'><strong>vacrum</strong></span> <span class='ocrx_word' id='word_1_496' title='bbox 462 3385 739 3458; x_wconf 85' lang='lat' dir='ltr'><strong>superﬂua</strong></span> <span class='ocrx_word' id='word_1_497' title='bbox 779 3400 995 3458; x_wconf 85' lang='lat' dir='ltr'><strong>peccata</strong></span> <span class='ocrx_word' id='word_1_498' title='bbox 1030 3391 1334 3460; x_wconf 84' lang='lat' dir='ltr'><strong>deponant,</strong></span> <span class='ocrx_word' id='word_1_499' title='bbox 1374 3411 1492 3464; x_wconf 68' lang='lat' dir='ltr'><strong>quin</strong></span> <span class='ocrx_word' id='word_1_500' title='bbox 1521 3397 1807 3468; x_wconf 87' lang='lat' dir='ltr'><strong>mysticam</strong></span> 
     </span>
    </p>
   </div>
   <div class='ocr_carea' id='block_1_66' title="bbox 213 3475 1810 3558">
    <p class='ocr_par' dir='ltr' id='par_1_66' title="bbox 213 3475 1810 3558">
     <span class='ocr_line' id='line_1_66' title="bbox 213 3475 1810 3558; baseline 0.008 -27"><span class='ocrx_word' id='word_1_501' title='bbox 213 3475 364 3533; x_wconf 81' lang='lat' dir='ltr'><strong>ﬁdem</strong></span> <span class='ocrx_word' id='word_1_502' title='bbox 387 3488 439 3535; x_wconf 93' lang='lat' dir='ltr'><strong>et</strong></span> <span class='ocrx_word' id='word_1_503' title='bbox 463 3481 728 3535; x_wconf 90' lang='lat' dir='ltr'><strong>moralem</strong></span> <span class='ocrx_word' id='word_1_504' title='bbox 751 3483 976 3552; x_wconf 89' lang='lat' dir='ltr'><strong>gratiam</strong></span> <span class='ocrx_word' id='word_1_505' title='bbox 1009 3484 1251 3539; x_wconf 83' lang='lat' dir='ltr'><strong>deferant</strong></span> <span class='ocrx_word' id='word_1_506' title='bbox 1279 3484 1527 3554; x_wconf 88' lang='lat' dir='ltr'><strong>Christo,</strong></span> <span class='ocrx_word' id='word_1_507' title='bbox 1554 3505 1672 3558; x_wconf 68' lang='lat' dir='ltr'><strong>qua:</strong></span> <span class='ocrx_word' id='word_1_508' title='bbox 1693 3505 1810 3544; x_wconf 90' lang='lat' dir='ltr'><strong>cru-</strong></span> 
     </span>
    </p>
   </div>
   <div class='ocr_carea' id='block_1_67' title="bbox 215 3572 1812 3644">
    <p class='ocr_par' dir='ltr' id='par_1_67' title="bbox 215 3572 1812 3644">
     <span class='ocr_line' id='line_1_67' title="bbox 215 3572 1812 3644; baseline 0.008 -20"><span class='ocrx_word' id='word_1_509' title='bbox 215 3583 322 3626; x_wconf 87' lang='lat' dir='ltr'><strong>cem</strong></span> <span class='ocrx_word' id='word_1_510' title='bbox 355 3572 572 3627; x_wconf 90' lang='lat' dir='ltr'><strong>Domini</strong></span> <span class='ocrx_word' id='word_1_511' title='bbox 599 3572 724 3629; x_wconf 82' lang='lat' dir='ltr'><strong>Jesu</strong></span> <span class='ocrx_word' id='word_1_512' title='bbox 748 3575 1055 3644; x_wconf 90' lang='lat' dir='ltr'><strong>loquantur.</strong></span> <span class='ocrx_word' id='word_1_513' title='bbox 1081 3577 1137 3631; x_wconf 88' lang='lat' dir='ltr'><strong>In</strong></span> <span class='ocrx_word' id='word_1_514' title='bbox 1164 3577 1245 3632; x_wconf 92' lang='lat' dir='ltr'><strong>his</strong></span> <span class='ocrx_word' id='word_1_515' title='bbox 1268 3577 1502 3634; x_wconf 82' lang='lat' dir='ltr'><strong>formosa</strong></span> <span class='ocrx_word' id='word_1_516' title='bbox 1525 3589 1608 3636; x_wconf 87' lang='lat' dir='ltr'><strong>est</strong></span> <span class='ocrx_word' id='word_1_517' title='bbox 1631 3581 1812 3637; x_wconf 86' lang='lat' dir='ltr'><strong>Eccle-</strong></span> 
     </span>
    </p>
   </div>
   <div class='ocr_carea' id='block_1_68' title="bbox 216 3665 1810 3745">
    <p class='ocr_par' dir='ltr' id='par_1_68' title="bbox 216 3665 1810 3745">
     <span class='ocr_line' id='line_1_68' title="bbox 216 3665 1810 3745; baseline 0.007 -27"><span class='ocrx_word' id='word_1_518' title='bbox 216 3665 286 3720; x_wconf 84' lang='lat' dir='ltr'><strong>sia</strong></span> <span class='ocrx_word' id='word_1_519' title='bbox 307 3707 322 3731; x_wconf 94' lang='lat'><strong>,</strong></span> <span class='ocrx_word' id='word_1_520' title='bbox 348 3667 489 3724; x_wconf 90' lang='lat' dir='ltr'><strong>unde</strong></span> <span class='ocrx_word' id='word_1_521' title='bbox 516 3667 589 3722; x_wconf 86' lang='lat' dir='ltr'><strong>ad</strong></span> <span class='ocrx_word' id='word_1_522' title='bbox 625 3683 742 3723; x_wconf 88' lang='lat' dir='ltr'><strong>eam</strong></span> <span class='ocrx_word' id='word_1_523' title='bbox 776 3670 918 3724; x_wconf 89' lang='lat' dir='ltr'><strong>Deus</strong></span> <span class='ocrx_word' id='word_1_524' title='bbox 950 3669 1183 3726; x_wconf 87' lang='lat' dir='ltr'><strong>Verbum</strong></span> <span class='ocrx_word' id='word_1_525' title='bbox 1215 3672 1382 3728; x_wconf 88' lang='lat' dir='ltr'><strong>dicit:</strong></span> <span class='ocrx_word' id='word_1_526' title='bbox 1415 3672 1551 3728; x_wconf 87' lang='lat' dir='ltr'><strong>Ecce</strong></span> <span class='ocrx_word' id='word_1_527' title='bbox 1580 3678 1810 3745; x_wconf 82' lang='lat' dir='ltr'><strong>formosa</strong></span> 
     </span>
    </p>
   </div>
   <div class='ocr_carea' id='block_1_69' title="bbox 218 3761 1811 3832">
    <p class='ocr_par' dir='ltr' id='par_1_69' title="bbox 218 3761 1811 3832">
     <span class='ocr_line' id='line_1_69' title="bbox 218 3761 1811 3832; baseline 0.007 -22"><span class='ocrx_word' id='word_1_528' title='bbox 218 3771 293 3822; x_wconf 83' lang='lat' dir='ltr'><strong>es,</strong></span> <span class='ocrx_word' id='word_1_529' title='bbox 322 3761 560 3827; x_wconf 79' lang='lat' dir='ltr'><strong>proxima</strong></span> <span class='ocrx_word' id='word_1_530' title='bbox 591 3778 702 3814; x_wconf 88' lang='lat' dir='ltr'><strong>mea</strong></span> <span class='ocrx_word' id='word_1_531' title='bbox 729 3776 745 3814; x_wconf 90' lang='lat'><strong>:</strong></span> <span class='ocrx_word' id='word_1_532' title='bbox 771 3778 885 3816; x_wconf 84' lang='lat' dir='ltr'><strong>ecce</strong></span> <span class='ocrx_word' id='word_1_533' title='bbox 906 3779 960 3818; x_wconf 87' lang='lat' dir='ltr'><strong>es</strong></span> <span class='ocrx_word' id='word_1_534' title='bbox 987 3766 1248 3832; x_wconf 81' lang='lat' dir='ltr'><strong>formosa;</strong></span> <span class='ocrx_word' id='word_1_535' title='bbox 1289 3765 1425 3818; x_wconf 85' lang='lat' dir='ltr'><strong>oculi</strong></span> <span class='ocrx_word' id='word_1_536' title='bbox 1453 3766 1526 3818; x_wconf 86' lang='lat' dir='ltr'><strong>tui</strong></span> <span class='ocrx_word' id='word_1_537' title='bbox 1552 3767 1685 3819; x_wconf 88' lang='lat' dir='ltr'><strong>sicut</strong></span> <span class='ocrx_word' id='word_1_538' title='bbox 1725 3782 1811 3821; x_wconf 87' lang='lat' dir='ltr'><strong>co-</strong></span> 
     </span>
    </p>
   </div>
   <div class='ocr_carea' id='block_1_70' title="bbox 219 3851 1810 3929">
    <p class='ocr_par' dir='ltr' id='par_1_70' title="bbox 219 3851 1810 3929">
     <span class='ocr_line' id='line_1_70' title="bbox 219 3851 1810 3929; baseline 0.008 -26"><span class='ocrx_word' id='word_1_539' title='bbox 219 3851 410 3909; x_wconf 74' lang='lat' dir='ltr'><strong>lumine.</strong></span> <span class='ocrx_word' id='word_1_540' title='bbox 439 3854 574 3909; x_wconf 86' lang='lat' dir='ltr'><strong>Tota</strong></span> <span class='ocrx_word' id='word_1_541' title='bbox 595 3859 824 3927; x_wconf 79' lang='lat' dir='ltr'><strong>formosa</strong></span> <span class='ocrx_word' id='word_1_542' title='bbox 845 3872 896 3911; x_wconf 87' lang='lat' dir='ltr'><strong>es</strong></span> <span class='ocrx_word' id='word_1_543' title='bbox 915 3899 929 3924; x_wconf 92' lang='lat'><strong>,</strong></span> <span class='ocrx_word' id='word_1_544' title='bbox 958 3859 1197 3926; x_wconf 68' lang='lat' dir='ltr'><strong>proxima</strong></span> <span class='ocrx_word' id='word_1_545' title='bbox 1229 3875 1371 3927; x_wconf 87' lang='lat' dir='ltr'><strong>mea,</strong></span> <span class='ocrx_word' id='word_1_546' title='bbox 1402 3870 1448 3914; x_wconf 87' lang='lat' dir='ltr'><strong>et</strong></span> <span class='ocrx_word' id='word_1_547' title='bbox 1479 3860 1810 3929; x_wconf 79' lang='lat' dir='ltr'><strong>reprehensio</strong></span> 
     </span>
    </p>
   </div>
   <div class='ocr_carea' id='block_1_71' title="bbox 218 3948 1812 4018">
    <p class='ocr_par' dir='ltr' id='par_1_71' title="bbox 218 3948 1812 4018">
     <span class='ocr_line' id='line_1_71' title="bbox 218 3948 1812 4018; baseline 0.007 -22"><span class='ocrx_word' id='word_1_548' title='bbox 218 3958 312 3997; x_wconf 88' lang='lat' dir='ltr'><strong>non</strong></span> <span class='ocrx_word' id='word_1_549' title='bbox 339 3948 483 4001; x_wconf 82' lang='lat' dir='ltr'><strong>estin</strong></span> <span class='ocrx_word' id='word_1_550' title='bbox 515 3957 604 4014; x_wconf 82' lang='lat' dir='ltr'><strong>te;</strong></span> <span class='ocrx_word' id='word_1_551' title='bbox 633 3949 756 4018; x_wconf 90' lang='lat' dir='ltr'><strong>quia</strong></span> <span class='ocrx_word' id='word_1_552' title='bbox 786 3949 941 4018; x_wconf 90' lang='lat' dir='ltr'><strong>culpa</strong></span> <span class='ocrx_word' id='word_1_553' title='bbox 971 3949 1217 4005; x_wconf 87' lang='lat' dir='ltr'><strong>demersa</strong></span> <span class='ocrx_word' id='word_1_554' title='bbox 1241 3961 1343 4006; x_wconf 90' lang='lat' dir='ltr'><strong>est.</strong></span> <span class='ocrx_word' id='word_1_555' title='bbox 1372 3952 1507 4006; x_wconf 86' lang='lat' dir='ltr'><strong>Ades</strong></span> <span class='ocrx_word' id='word_1_556' title='bbox 1539 3954 1639 4008; x_wconf 83' lang='lat' dir='ltr'><strong>huc</strong></span> <span class='ocrx_word' id='word_1_557' title='bbox 1660 3971 1693 4007; x_wconf 82' lang='grc' dir='ltr'>α</span> <span class='ocrx_word' id='word_1_558' title='bbox 1719 3952 1812 4007; x_wconf 86' lang='lat' dir='ltr'><strong>Li-</strong></span> 
     </span>
    </p>
   </div>
   <div class='ocr_carea' id='block_1_72' title="bbox 223 4036 1810 4115">
    <p class='ocr_par' dir='ltr' id='par_1_72' title="bbox 223 4036 1810 4115">
     <span class='ocr_line' id='line_1_72' title="bbox 223 4036 1810 4115; baseline 0.008 -26"><span class='ocrx_word' id='word_1_559' title='bbox 223 4036 363 4106; x_wconf 87' lang='lat' dir='ltr'><strong>bano,</strong></span> <span class='ocrx_word' id='word_1_560' title='bbox 379 4057 591 4112; x_wconf 85' lang='lat' dir='ltr'><strong>sponsa,</strong></span> <span class='ocrx_word' id='word_1_561' title='bbox 617 4041 740 4096; x_wconf 85' lang='lat' dir='ltr'><strong>ades</strong></span> <span class='ocrx_word' id='word_1_562' title='bbox 763 4043 862 4095; x_wconf 81' lang='lat' dir='ltr'><strong>huc</strong></span> <span class='ocrx_word' id='word_1_563' title='bbox 883 4060 916 4096; x_wconf 90' lang='lat' dir='ltr'><strong>a</strong></span> <span class='ocrx_word' id='word_1_564' title='bbox 943 4042 1158 4111; x_wconf 83' lang='lat' dir='ltr'><strong>Libano,</strong></span> <span class='ocrx_word' id='word_1_565' title='bbox 1183 4053 1230 4099; x_wconf 90' lang='lat' dir='ltr'><strong>et</strong></span> <span class='ocrx_word' id='word_1_566' title='bbox 1253 4045 1589 4114; x_wconf 84' lang='lat' dir='ltr'><strong>pertransibis</strong></span> <span class='ocrx_word' id='word_1_567' title='bbox 1612 4062 1643 4099; x_wconf 92' lang='lat' dir='ltr'><strong>a</strong></span> <span class='ocrx_word' id='word_1_568' title='bbox 1666 4047 1810 4115; x_wconf 85' lang='lat' dir='ltr'><strong>prin-</strong></span> 
     </span>
    </p>
   </div>
   <div class='ocr_carea' id='block_1_73' title="bbox 224 4131 1810 4207">
    <p class='ocr_par' dir='ltr' id='par_1_73' title="bbox 224 4131 1810 4207">
     <span class='ocr_line' id='line_1_73' title="bbox 224 4131 1810 4207; baseline 0.009 -24"><span class='ocrx_word' id='word_1_569' title='bbox 224 4131 345 4202; x_wconf 68' lang='lat' dir='ltr'><strong>cipio</strong></span> <span class='ocrx_word' id='word_1_570' title='bbox 368 4133 521 4204; x_wconf 79' lang='lat' dir='ltr'><strong>ﬁdei;</strong></span> <span class='ocrx_word' id='word_1_571' title='bbox 548 4151 613 4190; x_wconf 90' lang='lat' dir='ltr'><strong>eo</strong></span> <span class='ocrx_word' id='word_1_572' title='bbox 635 4137 774 4206; x_wconf 88' lang='lat' dir='ltr'><strong>quod</strong></span> <span class='ocrx_word' id='word_1_573' title='bbox 805 4138 1120 4193; x_wconf 81' lang='lat' dir='ltr'><strong>t&#39;ctttlttti.tns</strong></span> <span class='ocrx_word' id='word_1_574' title='bbox 1149 4139 1379 4207; x_wconf 88' lang='lat' dir='ltr'><strong>mundo,</strong></span> <span class='ocrx_word' id='word_1_575' title='bbox 1408 4141 1678 4196; x_wconf 85' lang='lat' dir='ltr'><strong>transierit</strong></span> <span class='ocrx_word' id='word_1_576' title='bbox 1710 4157 1810 4197; x_wconf 72' lang='lat' dir='ltr'><strong>sre—</strong></span> 
     </span>
    </p>
   </div>
   <div class='ocr_carea' id='block_1_74' title="bbox 223 4225 1245 4297">
    <p class='ocr_par' dir='ltr' id='par_1_74' title="bbox 223 4225 1245 4297">
     <span class='ocr_line' id='line_1_74' title="bbox 223 4225 1245 4297; baseline 0.011 -22"><span class='ocrx_word' id='word_1_577' title='bbox 223 4225 419 4293; x_wconf 90' lang='lat' dir='ltr'><strong>culum,</strong></span> <span class='ocrx_word' id='word_1_578' title='bbox 451 4229 830 4297; x_wconf 87' lang='lat' dir='ltr'><strong>pertransierit</strong></span> <span class='ocrx_word' id='word_1_579' title='bbox 856 4231 920 4284; x_wconf 87' lang='lat' dir='ltr'><strong>ad</strong></span> <span class='ocrx_word' id='word_1_580' title='bbox 950 4229 1245 4287; x_wconf 88' lang='lat' dir='ltr'><strong>Christum.</strong></span> 
     </span>
    </p>
   </div>
   <div class='ocr_carea' id='block_1_75' title="bbox 291 4318 1810 4392">
    <p class='ocr_par' dir='ltr' id='par_1_75' title="bbox 291 4318 1810 4392">
     <span class='ocr_line' id='line_1_75' title="bbox 291 4318 1810 4392; baseline 0.01 -21"><span class='ocrx_word' id='word_1_581' title='bbox 291 4318 373 4373; x_wconf 82' lang='grc' dir='ltr'><strong>Π.</strong></span> <span class='ocrx_word' id='word_1_582' title='bbox 415 4320 595 4392; x_wconf 79' lang='lat' dir='ltr'><strong>(Vers.</strong></span> <span class='ocrx_word' id='word_1_583' title='bbox 616 4322 694 4392; x_wconf 79' lang='grc'>5.)</span> <span class='ocrx_word' id='word_1_584' title='bbox 723 4321 749 4360; x_wconf 68' lang='lat' dir='ltr'><strong>b</strong></span> <span class='ocrx_word' id='word_1_585' title='bbox 774 4322 923 4379; x_wconf 87' lang='lat' dir='ltr'><strong>Sicut</strong></span> <span class='ocrx_word' id='word_1_586' title='bbox 945 4327 1190 4381; x_wconf 83' lang='lat' dir='ltr'><strong>resticula</strong></span> <span class='ocrx_word' id='word_1_587' title='bbox 1210 4329 1444 4384; x_wconf 83' lang='lat' dir='ltr'><strong>coccinea</strong></span> <span class='ocrx_word' id='word_1_588' title='bbox 1462 4329 1601 4385; x_wconf 86' lang='lat' dir='ltr'><strong>labia</strong></span> <span class='ocrx_word' id='word_1_589' title='bbox 1625 4340 1730 4385; x_wconf 84' lang='lat' dir='ltr'><strong>tua.</strong></span> <span class='ocrx_word' id='word_1_590' title='bbox 1754 4331 1810 4386; x_wconf 89' lang='lat' dir='ltr'><strong>In</strong></span> 
     </span>
    </p>
   </div>
   <div class='ocr_carea' id='block_1_76' title="bbox 225 4415 1813 4495">
    <p class='ocr_par' dir='ltr' id='par_1_76' title="bbox 225 4415 1813 4495">
     <span class='ocr_line' id='line_1_76' title="bbox 225 4415 1813 4495; baseline 0.01 -31"><span class='ocrx_word' id='word_1_591' title='bbox 225 4423 378 4468; x_wconf 88' lang='lat' dir='ltr'><strong>cocco</strong></span> <span class='ocrx_word' id='word_1_592' title='bbox 399 4415 543 4470; x_wconf 87' lang='lat' dir='ltr'><strong>enim</strong></span> <span class='ocrx_word' id='word_1_593' title='bbox 568 4417 778 4486; x_wconf 88' lang='lat' dir='ltr'><strong>species</strong></span> <span class='ocrx_word' id='word_1_594' title='bbox 808 4419 946 4488; x_wconf 88' lang='lat' dir='ltr'><strong>ignis</strong></span> <span class='ocrx_word' id='word_1_595' title='bbox 965 4461 978 4482; x_wconf 94' lang='lat'><strong>,</strong></span> <span class='ocrx_word' id='word_1_596' title='bbox 1003 4429 1058 4474; x_wconf 90' lang='lat' dir='ltr'><strong>et</strong></span> <span class='ocrx_word' id='word_1_597' title='bbox 1079 4421 1253 4476; x_wconf 81' lang='lat' dir='ltr'><strong>crucis</strong></span> <span class='ocrx_word' id='word_1_598' title='bbox 1274 4421 1570 4478; x_wconf 67' lang='lat' dir='ltr'><strong>Dominicas</strong></span> <span class='ocrx_word' id='word_1_599' title='bbox 1591 4425 1813 4495; x_wconf 89' lang='lat' dir='ltr'><strong>sanguis</strong></span> 
     </span>
    </p>
   </div>
   <div class='ocr_carea' id='block_1_77' title="bbox 228 4502 1812 4586">
    <p class='ocr_par' dir='ltr' id='par_1_77' title="bbox 228 4502 1812 4586">
     <span class='ocr_line' id='line_1_77' title="bbox 228 4502 1812 4586; baseline 0.009 -29"><span class='ocrx_word' id='word_1_600' title='bbox 228 4502 466 4563; x_wconf 87' lang='lat' dir='ltr'><strong>irrutilat.</strong></span> <span class='ocrx_word' id='word_1_601' title='bbox 521 4509 786 4565; x_wconf 87' lang='lat' dir='ltr'><strong>Coccinea</strong></span> <span class='ocrx_word' id='word_1_602' title='bbox 840 4511 983 4565; x_wconf 66' lang='lat' dir='ltr'><strong>labia</strong></span> <span class='ocrx_word' id='word_1_603' title='bbox 1031 4512 1287 4580; x_wconf 89' lang='lat' dir='ltr'><strong>Domini,</strong></span> <span class='ocrx_word' id='word_1_604' title='bbox 1335 4531 1455 4583; x_wconf 75' lang='lat' dir='ltr'><strong>qure</strong></span> <span class='ocrx_word' id='word_1_605' title='bbox 1503 4517 1812 4586; x_wconf 89' lang='lat' dir='ltr'><strong>passionem</strong></span> 
     </span>
    </p>
   </div>
   <div class='ocr_carea' id='block_1_78' title="bbox 227 4601 1815 4678">
    <p class='ocr_par' dir='ltr' id='par_1_78' title="bbox 227 4601 1815 4678">
     <span class='ocr_line' id='line_1_78' title="bbox 227 4601 1815 4678; baseline 0.008 -28"><span class='ocrx_word' id='word_1_606' title='bbox 227 4601 488 4668; x_wconf 87' lang='lat' dir='ltr'><strong>propriam</strong></span> <span class='ocrx_word' id='word_1_607' title='bbox 520 4602 862 4672; x_wconf 87' lang='lat' dir='ltr'><strong>loquebatur.</strong></span> <span class='ocrx_word' id='word_1_608' title='bbox 895 4603 1135 4673; x_wconf 87' lang='lat' dir='ltr'><strong>Denique</strong></span> <span class='ocrx_word' id='word_1_609' title='bbox 1175 4605 1226 4658; x_wconf 94' lang='lat' dir='ltr'><strong>in</strong></span> <span class='ocrx_word' id='word_1_610' title='bbox 1253 4606 1442 4663; x_wconf 83' lang='lat' dir='ltr'><strong>Exodo</strong></span> <span class='ocrx_word' id='word_1_611' title='bbox 1467 4623 1689 4664; x_wconf 90' lang='lat' dir='ltr'><strong>coccum</strong></span> <span class='ocrx_word' id='word_1_612' title='bbox 1717 4623 1815 4678; x_wconf 88' lang='lat' dir='ltr'><strong>pro</strong></span> 
     </span>
    </p>
   </div>
   <div class='ocr_carea' id='block_1_79' title="bbox 229 4689 1815 4770">
    <p class='ocr_par' dir='ltr' id='par_1_79' title="bbox 229 4689 1815 4770">
     <span class='ocr_line' id='line_1_79' title="bbox 229 4689 1815 4770; baseline 0.009 -26"><span class='ocrx_word' id='word_1_613' title='bbox 229 4689 343 4760; x_wconf 82' lang='lat' dir='ltr'><strong>igne</strong></span> <span class='ocrx_word' id='word_1_614' title='bbox 379 4695 697 4752; x_wconf 88' lang='lat' dir='ltr'><strong>collocatum</strong></span> <span class='ocrx_word' id='word_1_615' title='bbox 738 4706 822 4753; x_wconf 88' lang='lat' dir='ltr'><strong>est</strong></span> <span class='ocrx_word' id='word_1_616' title='bbox 859 4696 1070 4770; x_wconf 74' lang='lat' dir='ltr'><strong>(Exod.</strong></span> <span class='ocrx_word' id='word_1_617' title='bbox 1113 4717 1248 4766; x_wconf 87' lang='lat' dir='ltr'><strong>xxv,</strong></span> <span class='ocrx_word' id='word_1_618' title='bbox 1281 4700 1372 4770; x_wconf 71' lang='grc'>4).</span> <span class='ocrx_word' id='word_1_619' title='bbox 1405 4701 1522 4757; x_wconf 88' lang='lat' dir='ltr'><strong>Non</strong></span> <span class='ocrx_word' id='word_1_620' title='bbox 1563 4702 1705 4758; x_wconf 90' lang='lat' dir='ltr'><strong>enim</strong></span> <span class='ocrx_word' id='word_1_621' title='bbox 1748 4718 1815 4758; x_wconf 88' lang='lat' dir='ltr'><strong>ex</strong></span> 
     </span>
    </p>
   </div>
   <div class='ocr_carea' id='block_1_80' title="bbox 231 4789 1812 4862">
    <p class='ocr_par' dir='ltr' id='par_1_80' title="bbox 231 4789 1812 4862">
     <span class='ocr_line' id='line_1_80' title="bbox 231 4789 1812 4862; baseline 0.009 -27"><span class='ocrx_word' id='word_1_622' title='bbox 231 4797 384 4841; x_wconf 79' lang='lat' dir='ltr'><strong>cocco</strong></span> <span class='ocrx_word' id='word_1_623' title='bbox 426 4789 693 4857; x_wconf 88' lang='lat' dir='ltr'><strong>mundus,</strong></span> <span class='ocrx_word' id='word_1_624' title='bbox 735 4792 830 4847; x_wconf 90' lang='lat' dir='ltr'><strong>sed</strong></span> <span class='ocrx_word' id='word_1_625' title='bbox 871 4809 935 4848; x_wconf 81' lang='lat' dir='ltr'><strong>ex</strong></span> <span class='ocrx_word' id='word_1_626' title='bbox 981 4803 1213 4862; x_wconf 89' lang='lat' dir='ltr'><strong>quatuor</strong></span> <span class='ocrx_word' id='word_1_627' title='bbox 1247 4802 1461 4850; x_wconf 89' lang='lat' dir='ltr'><strong>constat</strong></span> <span class='ocrx_word' id='word_1_628' title='bbox 1500 4794 1812 4850; x_wconf 90' lang='lat' dir='ltr'><strong>elementis.</strong></span> 
     </span>
    </p>
   </div>
   <div class='ocr_carea' id='block_1_81' title="bbox 229 4873 1817 4957">
    <p class='ocr_par' dir='ltr' id='par_1_81' title="bbox 229 4873 1817 4957">
     <span class='ocr_line' id='line_1_81' title="bbox 229 4873 1817 4957; baseline 0.008 -27"><span class='ocrx_word' id='word_1_629' title='bbox 229 4873 328 4933; x_wconf 80' lang='lat' dir='ltr'><strong>Sed</strong></span> <span class='ocrx_word' id='word_1_630' title='bbox 371 4879 425 4934; x_wconf 90' lang='lat' dir='ltr'><strong>in</strong></span> <span class='ocrx_word' id='word_1_631' title='bbox 454 4896 617 4938; x_wconf 90' lang='lat' dir='ltr'><strong>cocco</strong></span> <span class='ocrx_word' id='word_1_632' title='bbox 646 4885 812 4953; x_wconf 82' lang='lat' dir='ltr'><strong>ﬁgura</strong></span> <span class='ocrx_word' id='word_1_633' title='bbox 850 4883 988 4954; x_wconf 76' lang='lat' dir='ltr'><strong>ignis</strong></span> <span class='ocrx_word' id='word_1_634' title='bbox 1018 4900 1276 4956; x_wconf 86' lang='lat' dir='ltr'><strong>expressa</strong></span> <span class='ocrx_word' id='word_1_635' title='bbox 1314 4895 1397 4941; x_wconf 93' lang='lat' dir='ltr'><strong>est</strong></span> <span class='ocrx_word' id='word_1_636' title='bbox 1419 4928 1434 4952; x_wconf 94' lang='lat'><strong>,</strong></span> <span class='ocrx_word' id='word_1_637' title='bbox 1466 4887 1619 4957; x_wconf 85' lang='lat' dir='ltr'><strong>cujus</strong></span> <span class='ocrx_word' id='word_1_638' title='bbox 1651 4902 1817 4956; x_wconf 83' lang='lat' dir='ltr'><strong>vapor</strong></span> 
     </span>
    </p>
   </div>
   <div class='ocr_carea' id='block_1_82' title="bbox 233 4971 1814 5049">
    <p class='ocr_par' dir='ltr' id='par_1_82' title="bbox 233 4971 1814 5049">
     <span class='ocr_line' id='line_1_82' title="bbox 233 4971 1814 5049; baseline 0.007 -25"><span class='ocrx_word' id='word_1_639' title='bbox 233 4971 328 5027; x_wconf 84' lang='lat' dir='ltr'><strong>nisi</strong></span> <span class='ocrx_word' id='word_1_640' title='bbox 366 4975 562 5031; x_wconf 70' lang='lat' dir='ltr'><strong>coelum</strong></span> <span class='ocrx_word' id='word_1_641' title='bbox 588 4987 750 5048; x_wconf 89' lang='lat' dir='ltr'><strong>atque</strong></span> <span class='ocrx_word' id='word_1_642' title='bbox 786 4993 999 5046; x_wconf 89' lang='lat' dir='ltr'><strong>aerem,</strong></span> <span class='ocrx_word' id='word_1_643' title='bbox 1032 4979 1197 5034; x_wconf 90' lang='lat' dir='ltr'><strong>maria</strong></span> <span class='ocrx_word' id='word_1_644' title='bbox 1239 4987 1521 5049; x_wconf 89' lang='lat' dir='ltr'><strong>terrasque</strong></span> <span class='ocrx_word' id='word_1_645' title='bbox 1561 4989 1814 5049; x_wconf 84' lang='lat' dir='ltr'><strong>penetra-</strong></span> 
     </span>
    </p>
   </div>
   <div class='ocr_carea' id='block_1_83' title="bbox 235 5073 1819 5144">
    <p class='ocr_par' dir='ltr' id='par_1_83' title="bbox 235 5073 1819 5144">
     <span class='ocr_line' id='line_1_83' title="bbox 235 5073 1819 5144; baseline 0.007 -24"><span class='ocrx_word' id='word_1_646' title='bbox 235 5077 343 5131; x_wconf 87' lang='lat' dir='ltr'><strong>rct,</strong></span> <span class='ocrx_word' id='word_1_647' title='bbox 377 5073 553 5127; x_wconf 88' lang='lat' dir='ltr'><strong>omnia</strong></span> <span class='ocrx_word' id='word_1_648' title='bbox 576 5081 847 5144; x_wconf 85' lang='lat' dir='ltr'><strong>tamquam</strong></span> <span class='ocrx_word' id='word_1_649' title='bbox 877 5073 1053 5130; x_wconf 67' lang='lat' dir='ltr'><strong>effetis</strong></span> <span class='ocrx_word' id='word_1_650' title='bbox 1083 5075 1285 5132; x_wconf 91' lang='lat' dir='ltr'><strong>viribus</strong></span> <span class='ocrx_word' id='word_1_651' title='bbox 1323 5075 1684 5130; x_wconf 89' lang='lat' dir='ltr'><strong>solverentur.</strong></span> <span class='ocrx_word' id='word_1_652' title='bbox 1715 5075 1819 5131; x_wconf 85' lang='lat' dir='ltr'><strong>Per</strong></span> 
     </span>
    </p>
   </div>
   <div class='ocr_carea' id='block_1_84' title="bbox 236 5159 1816 5244">
    <p class='ocr_par' dir='ltr' id='par_1_84' title="bbox 236 5159 1816 5244">
     <span class='ocr_line' id='line_1_84' title="bbox 236 5159 1816 5244; baseline 0.006 -32"><span class='ocrx_word' id='word_1_653' title='bbox 236 5159 535 5218; x_wconf 86' lang='lat' dir='ltr'><strong>resticulam</strong></span> <span class='ocrx_word' id='word_1_654' title='bbox 559 5165 717 5236; x_wconf 86' lang='lat' dir='ltr'><strong>igitur</strong></span> <span class='ocrx_word' id='word_1_655' title='bbox 742 5167 1013 5221; x_wconf 85' lang='lat' dir='ltr'><strong>vinculum</strong></span> <span class='ocrx_word' id='word_1_656' title='bbox 1043 5169 1411 5244; x_wconf 75' lang='lat' dir='ltr'><strong>persuasionis</strong></span> <span class='ocrx_word' id='word_1_657' title='bbox 1438 5167 1786 5238; x_wconf 87' lang='lat' dir='ltr'><strong>agnoscimus</strong></span> <span class='ocrx_word' id='word_1_658' title='bbox 1803 5209 1816 5233; x_wconf 93' lang='lat'><strong>,</strong></span> 
     </span>
    </p>
   </div>
   <div class='ocr_carea' id='block_1_85' title="bbox 239 5259 1817 5333">
    <p class='ocr_par' dir='ltr' id='par_1_85' title="bbox 239 5259 1817 5333">
     <span class='ocr_line' id='line_1_85' title="bbox 239 5259 1817 5333; baseline 0.006 -25"><span class='ocrx_word' id='word_1_659' title='bbox 239 5266 329 5322; x_wconf 87' lang='lat' dir='ltr'><strong>per</strong></span> <span class='ocrx_word' id='word_1_660' title='bbox 362 5270 581 5313; x_wconf 90' lang='lat' dir='ltr'><strong>coccum</strong></span> <span class='ocrx_word' id='word_1_661' title='bbox 613 5261 694 5314; x_wconf 90' lang='lat' dir='ltr'><strong>vel</strong></span> <span class='ocrx_word' id='word_1_662' title='bbox 722 5259 1031 5330; x_wconf 85' lang='lat' dir='ltr'><strong>cupiditatis</strong></span> <span class='ocrx_word' id='word_1_663' title='bbox 1070 5261 1318 5317; x_wconf 89' lang='lat' dir='ltr'><strong>ardorem</strong></span> <span class='ocrx_word' id='word_1_664' title='bbox 1346 5264 1436 5333; x_wconf 88' lang='lat' dir='ltr'><strong>qui</strong></span> <span class='ocrx_word' id='word_1_665' title='bbox 1469 5260 1725 5316; x_wconf 90' lang='lat' dir='ltr'><strong>scintillat</strong></span> <span class='ocrx_word' id='word_1_666' title='bbox 1765 5263 1817 5317; x_wconf 90' lang='lat' dir='ltr'><strong>in</strong></span> 
     </span>
    </p>
   </div>
   <div class='ocr_carea' id='block_1_86' title="bbox 240 5350 1551 5425">
    <p class='ocr_par' dir='ltr' id='par_1_86' title="bbox 240 5350 1551 5425">
     <span class='ocr_line' id='line_1_86' title="bbox 240 5350 1551 5425; baseline 0.005 -23"><span class='ocrx_word' id='word_1_667' title='bbox 240 5350 421 5407; x_wconf 77' lang='lat' dir='ltr'><strong>animis</strong></span> <span class='ocrx_word' id='word_1_668' title='bbox 458 5354 787 5410; x_wconf 88' lang='lat' dir='ltr'><strong>audientium</strong></span> <span class='ocrx_word' id='word_1_669' title='bbox 809 5397 824 5422; x_wconf 94' lang='lat'><strong>,</strong></span> <span class='ocrx_word' id='word_1_670' title='bbox 855 5355 940 5410; x_wconf 93' lang='lat' dir='ltr'><strong>vel</strong></span> <span class='ocrx_word' id='word_1_671' title='bbox 970 5355 1228 5411; x_wconf 88' lang='lat' dir='ltr'><strong>indicium</strong></span> <span class='ocrx_word' id='word_1_672' title='bbox 1263 5356 1551 5425; x_wconf 80' lang='lat' dir='ltr'><strong>passionis.</strong></span> 
     </span>
    </p>
   </div>
   <div class='ocr_carea' id='block_1_87' title="bbox 310 5444 1827 5519">
    <p class='ocr_par' dir='ltr' id='par_1_87' title="bbox 310 5444 1827 5519">
     <span class='ocr_line' id='line_1_87' title="bbox 310 5444 1827 5519; baseline 0.004 -21"><span class='ocrx_word' id='word_1_673' title='bbox 310 5444 393 5500; x_wconf 75' lang='lat' dir='ltr'><strong>i8.</strong></span> <span class='ocrx_word' id='word_1_674' title='bbox 435 5445 614 5516; x_wconf 86' lang='lat' dir='ltr'><strong>(Vers.</strong></span> <span class='ocrx_word' id='word_1_675' title='bbox 640 5448 734 5519; x_wconf 74' lang='grc'>4.)</span> <span class='ocrx_word' id='word_1_676' title='bbox 766 5448 916 5501; x_wconf 87' lang='lat' dir='ltr'><strong>Sicut</strong></span> <span class='ocrx_word' id='word_1_677' title='bbox 949 5451 1105 5504; x_wconf 83' lang='lat' dir='ltr'><strong>turris</strong></span> <span class='ocrx_word' id='word_1_678' title='bbox 1144 5447 1316 5504; x_wconf 83' lang='lat' dir='ltr'><strong>David</strong></span> <span class='ocrx_word' id='word_1_679' title='bbox 1352 5451 1523 5505; x_wconf 77' lang='lat' dir='ltr'><strong>cervix</strong></span> <span class='ocrx_word' id='word_1_680' title='bbox 1552 5457 1641 5504; x_wconf 86' lang='lat' dir='ltr'><strong>tua</strong></span> <span class='ocrx_word' id='word_1_681' title='bbox 1664 5491 1679 5517; x_wconf 93' lang='lat'><strong>,</strong></span> <span class='ocrx_word' id='word_1_682' title='bbox 1711 5465 1827 5517; x_wconf 79' lang='lat' dir='ltr'><strong>qua:</strong></span> 
     </span>
    </p>
   </div>
   <div class='ocr_carea' id='block_1_88' title="bbox 245 5537 1826 5616">
    <p class='ocr_par' dir='ltr' id='par_1_88' title="bbox 245 5537 1826 5616">
     <span class='ocr_line' id='line_1_88' title="bbox 245 5537 1826 5616; baseline 0.004 -26"><span class='ocrx_word' id='word_1_683' title='bbox 245 5537 490 5607; x_wconf 63' lang='lat' dir='ltr'><strong>testiﬁcata</strong></span> <span class='ocrx_word' id='word_1_684' title='bbox 530 5551 602 5596; x_wconf 84' lang='lat' dir='ltr'><strong>est</strong></span> <span class='ocrx_word' id='word_1_685' title='bbox 642 5543 696 5595; x_wconf 86' lang='lat' dir='ltr'><strong>in</strong></span> <span class='ocrx_word' id='word_1_686' title='bbox 733 5539 1086 5612; x_wconf 80' lang='lat' dir='ltr'><strong>Thalphiotlt,</strong></span> <span class='ocrx_word' id='word_1_687' title='bbox 1120 5544 1262 5598; x_wconf 87' lang='lat' dir='ltr'><strong>mille</strong></span> <span class='ocrx_word' id='word_1_688' title='bbox 1297 5545 1465 5615; x_wconf 65' lang='grc' dir='ltr'>εις]ρεὶ</span> <span class='ocrx_word' id='word_1_689' title='bbox 1513 5544 1736 5616; x_wconf 86' lang='lat' dir='ltr'><strong>pendent</strong></span> <span class='ocrx_word' id='word_1_690' title='bbox 1773 5543 1826 5596; x_wconf 85' lang='lat' dir='ltr'><strong>in</strong></span> 
     </span>
    </p>
   </div>
   <div class='ocr_carea' id='block_1_89' title="bbox 247 5635 1831 5706">
    <p class='ocr_par' dir='ltr' id='par_1_89' title="bbox 247 5635 1831 5706">
     <span class='ocr_line' id='line_1_89' title="bbox 247 5635 1831 5706; baseline 0.003 -21"><span class='ocrx_word' id='word_1_691' title='bbox 247 5646 336 5697; x_wconf 84' lang='lat' dir='ltr'><strong>ea,</strong></span> <span class='ocrx_word' id='word_1_692' title='bbox 364 5635 535 5690; x_wconf 81' lang='lat' dir='ltr'><strong>omnia</strong></span> <span class='ocrx_word' id='word_1_693' title='bbox 553 5635 735 5706; x_wconf 81' lang='lat' dir='ltr'><strong>jaeula</strong></span> <span class='ocrx_word' id='word_1_694' title='bbox 780 5637 1083 5705; x_wconf 87' lang='lat' dir='ltr'><strong>patentium.</strong></span> <span class='ocrx_word' id='word_1_695' title='bbox 1115 5636 1306 5693; x_wconf 87' lang='lat' dir='ltr'><strong>Erceta</strong></span> <span class='ocrx_word' id='word_1_696' title='bbox 1351 5638 1494 5693; x_wconf 90' lang='lat' dir='ltr'><strong>enim</strong></span> <span class='ocrx_word' id='word_1_697' title='bbox 1543 5636 1608 5690; x_wconf 90' lang='lat' dir='ltr'><strong>ad</strong></span> <span class='ocrx_word' id='word_1_698' title='bbox 1661 5635 1831 5690; x_wconf 88' lang='lat' dir='ltr'><strong>Deum</strong></span> 
     </span>
    </p>
   </div>
   <div class='ocr_carea' id='block_1_90' title="bbox 248 5726 1831 5804">
    <p class='ocr_par' dir='ltr' id='par_1_90' title="bbox 248 5726 1831 5804">
     <span class='ocr_line' id='line_1_90' title="bbox 248 5726 1831 5804; baseline 0.002 -22"><span class='ocrx_word' id='word_1_699' title='bbox 248 5726 454 5798; x_wconf 79' lang='lat' dir='ltr'><strong>cervix,</strong></span> <span class='ocrx_word' id='word_1_700' title='bbox 487 5728 693 5801; x_wconf 79' lang='lat' dir='ltr'><strong>ctjugo</strong></span> <span class='ocrx_word' id='word_1_701' title='bbox 729 5727 930 5786; x_wconf 86' lang='lat' dir='ltr'><strong>Christi</strong></span> <span class='ocrx_word' id='word_1_702' title='bbox 974 5731 1198 5802; x_wconf 88' lang='lat' dir='ltr'><strong>habilis,</strong></span> <span class='ocrx_word' id='word_1_703' title='bbox 1223 5747 1344 5804; x_wconf 83' lang='lat' dir='ltr'><strong>quae</strong></span> <span class='ocrx_word' id='word_1_704' title='bbox 1375 5729 1520 5788; x_wconf 89' lang='lat' dir='ltr'><strong>nulla</strong></span> <span class='ocrx_word' id='word_1_705' title='bbox 1565 5729 1620 5786; x_wconf 91' lang='lat' dir='ltr'><strong>in</strong></span> <span class='ocrx_word' id='word_1_706' title='bbox 1660 5736 1831 5786; x_wconf 86' lang='lat' dir='ltr'><strong>terras</strong></span> 
     </span>
    </p>
   </div>
   <div class='ocr_carea' id='block_1_91' title="bbox 323 5885 1436 5961">
    <p class='ocr_par' dir='ltr' id='par_1_91' title="bbox 323 5885 1436 5961">
     <span class='ocr_line' id='line_1_91' title="bbox 323 5885 1436 5961; baseline -0.002 -18"><span class='ocrx_word' id='word_1_707' title='bbox 323 5897 348 5926; x_wconf 76' lang='grc' dir='ltr'>τι</span> <span class='ocrx_word' id='word_1_708' title='bbox 375 5889 488 5946; x_wconf 85' lang='lat' dir='ltr'><strong>Lib.</strong></span> <span class='ocrx_word' id='word_1_709' title='bbox 520 5889 588 5945; x_wconf 85' lang='lat' dir='ltr'><strong>de</strong></span> <span class='ocrx_word' id='word_1_710' title='bbox 619 5887 911 5961; x_wconf 77' lang='lat' dir='ltr'><strong>Mysteriis,</strong></span> <span class='ocrx_word' id='word_1_711' title='bbox 939 5899 1058 5960; x_wconf 86' lang='lat' dir='ltr'><strong>cap.</strong></span> <span class='ocrx_word' id='word_1_712' title='bbox 1091 5890 1144 5954; x_wconf 91' lang='lat'><strong>7,</strong></span> <span class='ocrx_word' id='word_1_713' title='bbox 1176 5903 1324 5945; x_wconf 92' lang='lat' dir='ltr'><strong>num.</strong></span> <span class='ocrx_word' id='word_1_714' title='bbox 1349 5885 1436 5944; x_wconf 75' lang='lat'><strong>38.</strong></span> 
     </span>
    </p>
   </div>
   <div class='ocr_carea' id='block_1_92' title="bbox 1842 4736 1896 4796">
    <p class='ocr_par' dir='ltr' id='par_1_92' title="bbox 1842 4736 1896 4796">
     <span class='ocr_line' id='line_1_92' title="bbox 1842 4736 1896 4796; baseline 0 0"><span class='ocrx_word' id='word_1_715' title='bbox 1842 4736 1896 4796; x_wconf 86' lang='grc'>1)</span> 
     </span>
    </p>
   </div>
   <div class='ocr_carea' id='block_1_93' title="bbox 1916 3388 3520 3460">
    <p class='ocr_par' dir='ltr' id='par_1_93' title="bbox 1916 3388 3520 3460">
     <span class='ocr_line' id='line_1_93' title="bbox 1916 3388 3520 3460; baseline 0.002 -18"><span class='ocrx_word' id='word_1_716' title='bbox 1916 3388 2118 3443; x_wconf 90' lang='lat' dir='ltr'><strong>diluvio</strong></span> <span class='ocrx_word' id='word_1_717' title='bbox 2149 3389 2452 3458; x_wconf 90' lang='lat' dir='ltr'><strong>perierunt,</strong></span> <span class='ocrx_word' id='word_1_718' title='bbox 2487 3389 2554 3444; x_wconf 88' lang='lat' dir='ltr'><strong>de</strong></span> <span class='ocrx_word' id='word_1_719' title='bbox 2595 3390 2793 3460; x_wconf 82' lang='lat' dir='ltr'><strong>quibus</strong></span> <span class='ocrx_word' id='word_1_720' title='bbox 2831 3391 3032 3445; x_wconf 88' lang='lat' dir='ltr'><strong>dictum</strong></span> <span class='ocrx_word' id='word_1_721' title='bbox 3076 3402 3156 3447; x_wconf 91' lang='lat' dir='ltr'><strong>est</strong></span> <span class='ocrx_word' id='word_1_722' title='bbox 3186 3409 3199 3446; x_wconf 92' lang='lat'><strong>:</strong></span> <span class='ocrx_word' id='word_1_723' title='bbox 3233 3391 3368 3457; x_wconf 82' lang='lat' dir='ltr'><strong>Quia</strong></span> <span class='ocrx_word' id='word_1_724' title='bbox 3396 3408 3520 3446; x_wconf 90' lang='lat' dir='ltr'><strong>caro</strong></span> 
     </span>
    </p>
   </div>
   <div class='ocr_carea' id='block_1_94' title="bbox 1911 3482 3520 3555">
    <p class='ocr_par' dir='ltr' id='par_1_94' title="bbox 1911 3482 3520 3555">
     <span class='ocr_line' id='line_1_94' title="bbox 1911 3482 3520 3555; baseline 0.003 -19"><span class='ocrx_word' id='word_1_725' title='bbox 1911 3492 2028 3537; x_wconf 83' lang='lat' dir='ltr'><strong>sunt</strong></span> <span class='ocrx_word' id='word_1_726' title='bbox 2071 3482 2281 3554; x_wconf 81' lang='lat' dir='ltr'><strong>(Genes.</strong></span> <span class='ocrx_word' id='word_1_727' title='bbox 2305 3499 2389 3550; x_wconf 88' lang='lat' dir='ltr'><strong>vt,</strong></span> <span class='ocrx_word' id='word_1_728' title='bbox 2418 3482 2496 3554; x_wconf 79' lang='grc'>5).</span> <span class='ocrx_word' id='word_1_729' title='bbox 2530 3483 2634 3539; x_wconf 90' lang='lat' dir='ltr'><strong>Sed</strong></span> <span class='ocrx_word' id='word_1_730' title='bbox 2676 3484 2847 3555; x_wconf 88' lang='lat' dir='ltr'><strong>magis</strong></span> <span class='ocrx_word' id='word_1_731' title='bbox 2891 3501 3018 3540; x_wconf 88' lang='lat' dir='ltr'><strong>caro</strong></span> <span class='ocrx_word' id='word_1_732' title='bbox 3046 3495 3231 3541; x_wconf 89' lang='lat' dir='ltr'><strong>nostra</strong></span> <span class='ocrx_word' id='word_1_733' title='bbox 3258 3485 3520 3541; x_wconf 88' lang='lat' dir='ltr'><strong>obedicus</strong></span> 
     </span>
    </p>
   </div>
   <div class='ocr_carea' id='block_1_95' title="bbox 1911 3575 3522 3648">
    <p class='ocr_par' dir='ltr' id='par_1_95' title="bbox 1911 3575 3522 3648">
     <span class='ocr_line' id='line_1_95' title="bbox 1911 3575 3522 3648; baseline 0.002 -19"><span class='ocrx_word' id='word_1_734' title='bbox 1911 3577 2105 3629; x_wconf 71' lang='lat' dir='ltr'><strong>anima:</strong></span> <span class='ocrx_word' id='word_1_735' title='bbox 2145 3575 2510 3644; x_wconf 89' lang='lat' dir='ltr'><strong>gubernaculo</strong></span> <span class='ocrx_word' id='word_1_736' title='bbox 2536 3616 2550 3641; x_wconf 93' lang='lat'><strong>,</strong></span> <span class='ocrx_word' id='word_1_737' title='bbox 2593 3576 2685 3630; x_wconf 83' lang='lat' dir='ltr'><strong>(lat</strong></span> <span class='ocrx_word' id='word_1_738' title='bbox 2737 3577 2917 3632; x_wconf 90' lang='lat' dir='ltr'><strong>anima</strong></span> <span class='ocrx_word' id='word_1_739' title='bbox 2943 3619 2956 3643; x_wconf 95' lang='lat'><strong>,</strong></span> <span class='ocrx_word' id='word_1_740' title='bbox 3002 3586 3056 3633; x_wconf 92' lang='lat' dir='ltr'><strong>et</strong></span> <span class='ocrx_word' id='word_1_741' title='bbox 3097 3576 3204 3633; x_wconf 83' lang='lat' dir='ltr'><strong>hoc</strong></span> <span class='ocrx_word' id='word_1_742' title='bbox 3257 3578 3522 3648; x_wconf 89' lang='lat' dir='ltr'><strong>appellari</strong></span> 
     </span>
    </p>
   </div>
   <div class='ocr_carea' id='block_1_96' title="bbox 1914 3671 3515 3743">
    <p class='ocr_par' dir='ltr' id='par_1_96' title="bbox 1914 3671 3515 3743">
     <span class='ocr_line' id='line_1_96' title="bbox 1914 3671 3515 3743; baseline 0 -17"><span class='ocrx_word' id='word_1_743' title='bbox 1914 3680 2187 3726; x_wconf 90' lang='lat' dir='ltr'><strong>mereatur</strong></span> <span class='ocrx_word' id='word_1_744' title='bbox 2229 3671 2488 3737; x_wconf 90' lang='lat' dir='ltr'><strong>nomine;</strong></span> <span class='ocrx_word' id='word_1_745' title='bbox 2543 3672 2683 3726; x_wconf 90' lang='lat' dir='ltr'><strong>sicut</strong></span> <span class='ocrx_word' id='word_1_746' title='bbox 2722 3673 2992 3742; x_wconf 88' lang='lat' dir='ltr'><strong>appellata</strong></span> <span class='ocrx_word' id='word_1_747' title='bbox 3042 3683 3128 3728; x_wconf 91' lang='lat' dir='ltr'><strong>est</strong></span> <span class='ocrx_word' id='word_1_748' title='bbox 3172 3671 3378 3727; x_wconf 89' lang='lat' dir='ltr'><strong>familia</strong></span> <span class='ocrx_word' id='word_1_749' title='bbox 3417 3686 3515 3743; x_wconf 83' lang='lat' dir='ltr'><strong>pa-</strong></span> 
     </span>
    </p>
   </div>
   <div class='ocr_carea' id='block_1_97' title="bbox 1912 3765 3508 3836">
    <p class='ocr_par' dir='ltr' id='par_1_97' title="bbox 1912 3765 3508 3836">
     <span class='ocr_line' id='line_1_97' title="bbox 1912 3765 3508 3836; baseline 0 -15"><span class='ocrx_word' id='word_1_750' title='bbox 1912 3766 2161 3821; x_wconf 69' lang='lat' dir='ltr'><strong>triarchae</strong></span> <span class='ocrx_word' id='word_1_751' title='bbox 2198 3766 2394 3835; x_wconf 85' lang='lat' dir='ltr'><strong>Jacob,</strong></span> <span class='ocrx_word' id='word_1_752' title='bbox 2434 3776 2488 3821; x_wconf 90' lang='lat' dir='ltr'><strong>et</strong></span> <span class='ocrx_word' id='word_1_753' title='bbox 2524 3767 2889 3836; x_wconf 89' lang='lat' dir='ltr'><strong>generationis</strong></span> <span class='ocrx_word' id='word_1_754' title='bbox 2937 3765 3055 3836; x_wconf 88' lang='lat' dir='ltr'><strong>ejus</strong></span> <span class='ocrx_word' id='word_1_755' title='bbox 3095 3775 3278 3821; x_wconf 88' lang='lat' dir='ltr'><strong>sancta</strong></span> <span class='ocrx_word' id='word_1_756' title='bbox 3321 3774 3508 3836; x_wconf 83' lang='lat' dir='ltr'><strong>poste-</strong></span> 
     </span>
    </p>
   </div>
   <div class='ocr_carea' id='block_1_98' title="bbox 1913 3855 3520 3926">
    <p class='ocr_par' dir='ltr' id='par_1_98' title="bbox 1913 3855 3520 3926">
     <span class='ocr_line' id='line_1_98' title="bbox 1913 3855 3520 3926; baseline -0.003 -12"><span class='ocrx_word' id='word_1_757' title='bbox 1913 3860 2083 3922; x_wconf 88' lang='lat' dir='ltr'><strong>ritas;</strong></span> <span class='ocrx_word' id='word_1_758' title='bbox 2118 3859 2196 3913; x_wconf 91' lang='lat' dir='ltr'><strong>sic</strong></span> <span class='ocrx_word' id='word_1_759' title='bbox 2223 3860 2365 3913; x_wconf 88' lang='lat' dir='ltr'><strong>enim</strong></span> <span class='ocrx_word' id='word_1_760' title='bbox 2399 3858 2659 3925; x_wconf 89' lang='lat' dir='ltr'><strong>scriptum</strong></span> <span class='ocrx_word' id='word_1_761' title='bbox 2688 3864 2772 3911; x_wconf 85' lang='lat' dir='ltr'><strong>est</strong></span> <span class='ocrx_word' id='word_1_762' title='bbox 2800 3874 2812 3911; x_wconf 92' lang='lat'><strong>:</strong></span> <span class='ocrx_word' id='word_1_763' title='bbox 2850 3856 2922 3910; x_wconf 85' lang='lat' dir='ltr'><strong>lli</strong></span> <span class='ocrx_word' id='word_1_764' title='bbox 2953 3857 3050 3924; x_wconf 82' lang='lat' dir='ltr'><strong>ﬁlii</strong></span> <span class='ocrx_word' id='word_1_765' title='bbox 3075 3855 3222 3909; x_wconf 76' lang='lat' dir='ltr'><strong>Bala:</strong></span> <span class='ocrx_word' id='word_1_766' title='bbox 3248 3873 3404 3926; x_wconf 85' lang='lat' dir='ltr'><strong>quant</strong></span> <span class='ocrx_word' id='word_1_767' title='bbox 3430 3855 3520 3909; x_wconf 85' lang='lat' dir='ltr'><strong>de-</strong></span> 
     </span>
    </p>
   </div>
   <div class='ocr_carea' id='block_1_99' title="bbox 1915 3944 3519 4018">
    <p class='ocr_par' dir='ltr' id='par_1_99' title="bbox 1915 3944 3519 4018">
     <span class='ocr_line' id='line_1_99' title="bbox 1915 3944 3519 4018; baseline -0.001 -16"><span class='ocrx_word' id='word_1_768' title='bbox 1915 3949 1988 4003; x_wconf 83' lang='lat' dir='ltr'><strong>dit</strong></span> <span class='ocrx_word' id='word_1_769' title='bbox 2015 3948 2190 4002; x_wconf 85' lang='lat' dir='ltr'><strong>Laban</strong></span> <span class='ocrx_word' id='word_1_770' title='bbox 2216 3948 2413 4002; x_wconf 80' lang='lat' dir='ltr'><strong>Rachel</strong></span> <span class='ocrx_word' id='word_1_771' title='bbox 2439 3949 2566 4018; x_wconf 78' lang='lat' dir='ltr'><strong>lilia:</strong></span> <span class='ocrx_word' id='word_1_772' title='bbox 2591 3962 2697 4001; x_wconf 75' lang='lat' dir='ltr'><strong>stite</strong></span> <span class='ocrx_word' id='word_1_773' title='bbox 2720 3963 2739 4001; x_wconf 92' lang='lat'><strong>:</strong></span> <span class='ocrx_word' id='word_1_774' title='bbox 2768 3947 2963 4018; x_wconf 85' lang='lat' dir='ltr'><strong>peperit</strong></span> <span class='ocrx_word' id='word_1_775' title='bbox 2990 3947 3099 4000; x_wconf 72' lang='lat' dir='ltr'><strong>lucc</strong></span> <span class='ocrx_word' id='word_1_776' title='bbox 3123 3944 3288 4000; x_wconf 87' lang='lat' dir='ltr'><strong>Jacob</strong></span> <span class='ocrx_word' id='word_1_777' title='bbox 3315 3948 3519 4000; x_wconf 86' lang='lat' dir='ltr'><strong>animas</strong></span> 
     </span>
    </p>
   </div>
   <div class='ocr_carea' id='block_1_100' title="bbox 1912 4039 3517 4114">
    <p class='ocr_par' dir='ltr' id='par_1_100' title="bbox 1912 4039 3517 4114">
     <span class='ocr_line' id='line_1_100' title="bbox 1912 4039 3517 4114; baseline -0.004 -16"><span class='ocrx_word' id='word_1_778' title='bbox 1912 4053 2121 4114; x_wconf 79' lang='lat' dir='ltr'><strong>septem.</strong></span> <span class='ocrx_word' id='word_1_779' title='bbox 2155 4041 2223 4096; x_wconf 88' lang='lat' dir='ltr'><strong>Et</strong></span> <span class='ocrx_word' id='word_1_780' title='bbox 2263 4041 2463 4096; x_wconf 88' lang='lat' dir='ltr'><strong>ibidem</strong></span> <span class='ocrx_word' id='word_1_781' title='bbox 2498 4058 2510 4094; x_wconf 91' lang='lat'><strong>:</strong></span> <span class='ocrx_word' id='word_1_782' title='bbox 2546 4040 2734 4095; x_wconf 83' lang='lat' dir='ltr'><strong>Omnes</strong></span> <span class='ocrx_word' id='word_1_783' title='bbox 2764 4049 2933 4093; x_wconf 84' lang='lat' dir='ltr'><strong>autent</strong></span> <span class='ocrx_word' id='word_1_784' title='bbox 2977 4040 3164 4092; x_wconf 78' lang='lat' dir='ltr'><strong>anima:</strong></span> <span class='ocrx_word' id='word_1_785' title='bbox 3194 4053 3310 4106; x_wconf 72' lang='lat' dir='ltr'><strong>qua:</strong></span> <span class='ocrx_word' id='word_1_786' title='bbox 3350 4039 3517 4093; x_wconf 87' lang='lat' dir='ltr'><strong>intra-</strong></span> 
     </span>
    </p>
   </div>
   <div class='ocr_carea' id='block_1_101' title="bbox 1913 4131 3524 4207">
    <p class='ocr_par' dir='ltr' id='par_1_101' title="bbox 1913 4131 3524 4207">
     <span class='ocr_line' id='line_1_101' title="bbox 1913 4131 3524 4207; baseline -0.003 -15"><span class='ocrx_word' id='word_1_787' title='bbox 1913 4145 2096 4192; x_wconf 78' lang='lat' dir='ltr'><strong>verunt</strong></span> <span class='ocrx_word' id='word_1_788' title='bbox 2135 4153 2252 4190; x_wconf 89' lang='lat' dir='ltr'><strong>cum</strong></span> <span class='ocrx_word' id='word_1_789' title='bbox 2281 4135 2443 4190; x_wconf 84' lang='lat' dir='ltr'><strong>Jacob</strong></span> <span class='ocrx_word' id='word_1_790' title='bbox 2470 4136 2524 4190; x_wconf 88' lang='lat' dir='ltr'><strong>in</strong></span> <span class='ocrx_word' id='word_1_791' title='bbox 2554 4134 2851 4207; x_wconf 62' lang='lat' dir='ltr'><strong>A&#39;Iyyptum</strong></span> <span class='ocrx_word' id='word_1_792' title='bbox 2873 4175 2888 4201; x_wconf 96' lang='lat'><strong>,</strong></span> <span class='ocrx_word' id='word_1_793' title='bbox 2920 4150 3035 4203; x_wconf 80' lang='lat' dir='ltr'><strong>qua:</strong></span> <span class='ocrx_word' id='word_1_794' title='bbox 3076 4133 3312 4188; x_wconf 77' lang='lat' dir='ltr'><strong>exierunt</strong></span> <span class='ocrx_word' id='word_1_795' title='bbox 3340 4131 3404 4187; x_wconf 86' lang='lat' dir='ltr'><strong>de</strong></span> <span class='ocrx_word' id='word_1_796' title='bbox 3445 4136 3524 4204; x_wconf 78' lang='lat' dir='ltr'><strong>fe-</strong></span> 
     </span>
    </p>
   </div>
   <div class='ocr_carea' id='block_1_102' title="bbox 1914 4229 3524 4303">
    <p class='ocr_par' dir='ltr' id='par_1_102' title="bbox 1914 4229 3524 4303">
     <span class='ocr_line' id='line_1_102' title="bbox 1914 4229 3524 4303; baseline -0.003 -17"><span class='ocrx_word' id='word_1_797' title='bbox 1914 4233 2142 4286; x_wconf 80' lang='lat' dir='ltr'><strong>moribus</strong></span> <span class='ocrx_word' id='word_1_798' title='bbox 2179 4232 2292 4303; x_wconf 81' lang='lat' dir='ltr'><strong>ejus</strong></span> <span class='ocrx_word' id='word_1_799' title='bbox 2314 4273 2330 4299; x_wconf 95' lang='lat'><strong>,</strong></span> <span class='ocrx_word' id='word_1_800' title='bbox 2363 4241 2550 4301; x_wconf 66' lang='lat' dir='ltr'><strong>pra’ter</strong></span> <span class='ocrx_word' id='word_1_801' title='bbox 2595 4246 2782 4286; x_wconf 77' lang='lat' dir='ltr'><strong>uxores</strong></span> <span class='ocrx_word' id='word_1_802' title='bbox 2826 4229 3057 4300; x_wconf 85' lang='lat' dir='ltr'><strong>ﬁliorum</strong></span> <span class='ocrx_word' id='word_1_803' title='bbox 3082 4270 3097 4296; x_wconf 86' lang='lat'><strong>,</strong></span> <span class='ocrx_word' id='word_1_804' title='bbox 3127 4229 3396 4298; x_wconf 80' lang='lat' dir='ltr'><strong>sexaginta</strong></span> <span class='ocrx_word' id='word_1_805' title='bbox 3433 4243 3524 4281; x_wconf 73' lang='lat' dir='ltr'><strong>sea:</strong></span> 
     </span>
    </p>
   </div>
   <div class='ocr_carea' id='block_1_103' title="bbox 1916 4320 3526 4397">
    <p class='ocr_par' dir='ltr' id='par_1_103' title="bbox 1916 4320 3526 4397">
     <span class='ocr_line' id='line_1_103' title="bbox 1916 4320 3526 4397; baseline -0.004 -18"><span class='ocrx_word' id='word_1_806' title='bbox 1916 4323 2127 4397; x_wconf 84' lang='lat' dir='ltr'><strong>(Geues.</strong></span> <span class='ocrx_word' id='word_1_807' title='bbox 2159 4340 2317 4393; x_wconf 81' lang='lat' dir='ltr'><strong>va1,</strong></span> <span class='ocrx_word' id='word_1_808' title='bbox 2345 4322 2417 4378; x_wconf 72' lang='lat'><strong>25</strong></span> <span class='ocrx_word' id='word_1_809' title='bbox 2455 4333 2502 4378; x_wconf 89' lang='lat' dir='ltr'><strong>et</strong></span> <span class='ocrx_word' id='word_1_810' title='bbox 2530 4321 2646 4396; x_wconf 67' lang='lat'><strong>26).</strong></span> <span class='ocrx_word' id='word_1_811' title='bbox 2680 4324 2745 4378; x_wconf 84' lang='lat' dir='ltr'><strong>Et</strong></span> <span class='ocrx_word' id='word_1_812' title='bbox 2780 4324 2833 4377; x_wconf 91' lang='lat' dir='ltr'><strong>in</strong></span> <span class='ocrx_word' id='word_1_813' title='bbox 2874 4321 3138 4391; x_wconf 90' lang='lat' dir='ltr'><strong>principio</strong></span> <span class='ocrx_word' id='word_1_814' title='bbox 3170 4320 3345 4377; x_wconf 83' lang='lat' dir='ltr'><strong>Exodi</strong></span> <span class='ocrx_word' id='word_1_815' title='bbox 3387 4321 3526 4390; x_wconf 80' lang='lat' dir='ltr'><strong>legi-</strong></span> 
     </span>
    </p>
   </div>
   <div class='ocr_carea' id='block_1_104' title="bbox 1918 4412 3528 4486">
    <p class='ocr_par' dir='ltr' id='par_1_104' title="bbox 1918 4412 3528 4486">
     <span class='ocr_line' id='line_1_104' title="bbox 1918 4412 3528 4486; baseline -0.001 -15"><span class='ocrx_word' id='word_1_816' title='bbox 1918 4433 2080 4473; x_wconf 87' lang='lat' dir='ltr'><strong>mus:</strong></span> <span class='ocrx_word' id='word_1_817' title='bbox 2116 4417 2283 4472; x_wconf 86' lang='lat' dir='ltr'><strong>Erant</strong></span> <span class='ocrx_word' id='word_1_818' title='bbox 2319 4427 2489 4472; x_wconf 88' lang='lat' dir='ltr'><strong>autem</strong></span> <span class='ocrx_word' id='word_1_819' title='bbox 2523 4433 2700 4472; x_wconf 85' lang='lat' dir='ltr'><strong>omnes</strong></span> <span class='ocrx_word' id='word_1_820' title='bbox 2740 4417 2927 4472; x_wconf 77' lang='lat' dir='ltr'><strong>aniinw</strong></span> <span class='ocrx_word' id='word_1_821' title='bbox 2962 4415 3024 4469; x_wconf 86' lang='lat' dir='ltr'><strong>de</strong></span> <span class='ocrx_word' id='word_1_822' title='bbox 3061 4412 3225 4470; x_wconf 68' lang='lat' dir='ltr'><strong>Iacob</strong></span> <span class='ocrx_word' id='word_1_823' title='bbox 3249 4456 3264 4483; x_wconf 92' lang='lat'><strong>,</strong></span> <span class='ocrx_word' id='word_1_824' title='bbox 3303 4415 3528 4486; x_wconf 85' lang='lat' dir='ltr'><strong>quinque</strong></span> 
     </span>
    </p>
   </div>
   <div class='ocr_carea' id='block_1_105' title="bbox 1916 4507 2729 4581">
    <p class='ocr_par' dir='ltr' id='par_1_105' title="bbox 1916 4507 2729 4581">
     <span class='ocr_line' id='line_1_105' title="bbox 1916 4507 2729 4581; baseline -0.009 -16"><span class='ocrx_word' id='word_1_825' title='bbox 1916 4520 1965 4565; x_wconf 88' lang='lat' dir='ltr'><strong>et</strong></span> <span class='ocrx_word' id='word_1_826' title='bbox 1993 4511 2321 4581; x_wconf 81' lang='lat' dir='ltr'><strong>septuaginta</strong></span> <span class='ocrx_word' id='word_1_827' title='bbox 2350 4509 2548 4578; x_wconf 76' lang='lat' dir='ltr'><strong>(Exod.</strong></span> <span class='ocrx_word' id='word_1_828' title='bbox 2575 4525 2621 4573; x_wconf 84' lang='lat' dir='ltr'><strong>t,</strong></span> <span class='ocrx_word' id='word_1_829' title='bbox 2650 4507 2729 4578; x_wconf 82' lang='lat'><strong>5).</strong></span> 
     </span>
    </p>
   </div>
   <div class='ocr_carea' id='block_1_106' title="bbox 1996 4599 3520 4676">
    <p class='ocr_par' dir='ltr' id='par_1_106' title="bbox 1996 4599 3520 4676">
     <span class='ocr_line' id='line_1_106' title="bbox 1996 4599 3520 4676; baseline -0.007 -15"><span class='ocrx_word' id='word_1_830' title='bbox 1996 4604 2209 4676; x_wconf 79' lang='lat'><strong>1583</strong></span> <span class='ocrx_word' id='word_1_831' title='bbox 2235 4605 2324 4657; x_wconf 74' lang='grc'>21.</span> <span class='ocrx_word' id='word_1_832' title='bbox 2360 4603 2504 4674; x_wconf 85' lang='lat' dir='ltr'><strong>Ergo</strong></span> <span class='ocrx_word' id='word_1_833' title='bbox 2534 4604 2609 4657; x_wconf 93' lang='lat' dir='ltr'><strong>illi</strong></span> <span class='ocrx_word' id='word_1_834' title='bbox 2637 4603 2726 4673; x_wconf 91' lang='lat' dir='ltr'><strong>qui</strong></span> <span class='ocrx_word' id='word_1_835' title='bbox 2760 4600 3077 4657; x_wconf 87' lang='lat' dir='ltr'><strong>habitabant</strong></span> <span class='ocrx_word' id='word_1_836' title='bbox 3116 4615 3237 4654; x_wconf 90' lang='lat' dir='ltr'><strong>cum</strong></span> <span class='ocrx_word' id='word_1_837' title='bbox 3277 4599 3479 4669; x_wconf 83' lang='lat' dir='ltr'><strong>Joseph</strong></span> <span class='ocrx_word' id='word_1_838' title='bbox 3505 4642 3520 4668; x_wconf 87' lang='lat'><strong>,</strong></span> 
     </span>
    </p>
   </div>
   <div class='ocr_carea' id='block_1_107' title="bbox 1921 4689 3523 4765">
    <p class='ocr_par' dir='ltr' id='par_1_107' title="bbox 1921 4689 3523 4765">
     <span class='ocr_line' id='line_1_107' title="bbox 1921 4689 3523 4765; baseline 0 -21"><span class='ocrx_word' id='word_1_839' title='bbox 1921 4705 1972 4748; x_wconf 87' lang='lat' dir='ltr'><strong>et</strong></span> <span class='ocrx_word' id='word_1_840' title='bbox 2011 4696 2079 4749; x_wconf 89' lang='lat' dir='ltr'><strong>de</strong></span> <span class='ocrx_word' id='word_1_841' title='bbox 2125 4694 2360 4765; x_wconf 58' lang='lat' dir='ltr'><strong>ZEgypto</strong></span> <span class='ocrx_word' id='word_1_842' title='bbox 2407 4695 2699 4758; x_wconf 87' lang='lat' dir='ltr'><strong>exierunt,</strong></span> <span class='ocrx_word' id='word_1_843' title='bbox 2739 4695 2940 4747; x_wconf 81' lang='lat' dir='ltr'><strong>aniniae</strong></span> <span class='ocrx_word' id='word_1_844' title='bbox 2989 4702 3116 4745; x_wconf 91' lang='lat' dir='ltr'><strong>sunt</strong></span> <span class='ocrx_word' id='word_1_845' title='bbox 3154 4708 3166 4743; x_wconf 94' lang='lat'><strong>:</strong></span> <span class='ocrx_word' id='word_1_846' title='bbox 3210 4689 3302 4760; x_wconf 91' lang='lat' dir='ltr'><strong>qui</strong></span> <span class='ocrx_word' id='word_1_847' title='bbox 3343 4697 3523 4744; x_wconf 91' lang='lat' dir='ltr'><strong>autem</strong></span> 
     </span>
    </p>
   </div>
   <div class='ocr_carea' id='block_1_108' title="bbox 1921 4783 3522 4856">
    <p class='ocr_par' dir='ltr' id='par_1_108' title="bbox 1921 4783 3522 4856">
     <span class='ocr_line' id='line_1_108' title="bbox 1921 4783 3522 4856; baseline -0.003 -14"><span class='ocrx_word' id='word_1_848' title='bbox 1921 4803 2045 4842; x_wconf 89' lang='lat' dir='ltr'><strong>cum</strong></span> <span class='ocrx_word' id='word_1_849' title='bbox 2079 4797 2262 4842; x_wconf 90' lang='lat' dir='ltr'><strong>essent</strong></span> <span class='ocrx_word' id='word_1_850' title='bbox 2302 4787 2479 4856; x_wconf 90' lang='lat' dir='ltr'><strong>angeli</strong></span> <span class='ocrx_word' id='word_1_851' title='bbox 2525 4785 2659 4849; x_wconf 89' lang='lat' dir='ltr'><strong>Dei,</strong></span> <span class='ocrx_word' id='word_1_852' title='bbox 2703 4786 2808 4840; x_wconf 90' lang='lat' dir='ltr'><strong>hoc</strong></span> <span class='ocrx_word' id='word_1_853' title='bbox 2841 4795 2923 4840; x_wconf 91' lang='lat' dir='ltr'><strong>est</strong></span> <span class='ocrx_word' id='word_1_854' title='bbox 2951 4786 3078 4839; x_wconf 72' lang='lat' dir='ltr'><strong>vitae</strong></span> <span class='ocrx_word' id='word_1_855' title='bbox 3111 4783 3385 4854; x_wconf 90' lang='lat' dir='ltr'><strong>probitate</strong></span> <span class='ocrx_word' id='word_1_856' title='bbox 3421 4798 3522 4837; x_wconf 85' lang='lat' dir='ltr'><strong>an-</strong></span> 
     </span>
    </p>
   </div>
   <div class='ocr_carea' id='block_1_109' title="bbox 1923 4876 3523 4950">
    <p class='ocr_par' dir='ltr' id='par_1_109' title="bbox 1923 4876 3523 4950">
     <span class='ocr_line' id='line_1_109' title="bbox 1923 4876 3523 4950; baseline -0.003 -16"><span class='ocrx_word' id='word_1_857' title='bbox 1923 4880 2171 4949; x_wconf 87' lang='lat' dir='ltr'><strong>gelorum</strong></span> <span class='ocrx_word' id='word_1_858' title='bbox 2202 4879 2476 4934; x_wconf 89' lang='lat' dir='ltr'><strong>imitantes</strong></span> <span class='ocrx_word' id='word_1_859' title='bbox 2517 4880 2743 4950; x_wconf 87' lang='lat' dir='ltr'><strong>gratiam</strong></span> <span class='ocrx_word' id='word_1_860' title='bbox 2793 4879 2918 4950; x_wconf 85' lang='lat' dir='ltr'><strong>(Qui</strong></span> <span class='ocrx_word' id='word_1_861' title='bbox 2957 4879 3091 4932; x_wconf 84' lang='lat' dir='ltr'><strong>enim</strong></span> <span class='ocrx_word' id='word_1_862' title='bbox 3140 4876 3363 4946; x_wconf 79' lang='lat' dir='ltr'><strong>(Matth.</strong></span> <span class='ocrx_word' id='word_1_863' title='bbox 3391 4891 3523 4943; x_wconf 66' lang='grc' dir='ltr'>χχιι,</span> 
     </span>
    </p>
   </div>
   <div class='ocr_carea' id='block_1_110' title="bbox 1924 4971 3527 5044">
    <p class='ocr_par' dir='ltr' id='par_1_110' title="bbox 1924 4971 3527 5044">
     <span class='ocr_line' id='line_1_110' title="bbox 1924 4971 3527 5044; baseline -0.003 -15"><span class='ocrx_word' id='word_1_864' title='bbox 1924 4973 2020 5044; x_wconf 77' lang='lat'><strong>30)</strong></span> <span class='ocrx_word' id='word_1_865' title='bbox 2049 4990 2151 5029; x_wconf 90' lang='lat' dir='ltr'><strong>non</strong></span> <span class='ocrx_word' id='word_1_866' title='bbox 2177 4973 2371 5027; x_wconf 86' lang='lat' dir='ltr'><strong>ducunt</strong></span> <span class='ocrx_word' id='word_1_867' title='bbox 2397 4989 2615 5038; x_wconf 76' lang='lat' dir='ltr'><strong>uxores,</strong></span> <span class='ocrx_word' id='word_1_868' title='bbox 2644 4984 2690 5028; x_wconf 86' lang='lat' dir='ltr'><strong>et</strong></span> <span class='ocrx_word' id='word_1_869' title='bbox 2718 4974 2805 5043; x_wconf 85' lang='lat' dir='ltr'><strong>qui</strong></span> <span class='ocrx_word' id='word_1_870' title='bbox 2833 4989 2933 5026; x_wconf 87' lang='lat' dir='ltr'><strong>non</strong></span> <span class='ocrx_word' id='word_1_871' title='bbox 2960 4973 3156 5026; x_wconf 85' lang='lat' dir='ltr'><strong>nubunt</strong></span> <span class='ocrx_word' id='word_1_872' title='bbox 3181 5013 3195 5036; x_wconf 93' lang='lat'><strong>,</strong></span> <span class='ocrx_word' id='word_1_873' title='bbox 3227 4981 3372 5023; x_wconf 84' lang='lat' dir='ltr'><strong>erant</strong></span> <span class='ocrx_word' id='word_1_874' title='bbox 3395 4971 3527 5024; x_wconf 87' lang='lat' dir='ltr'><strong>sicut</strong></span> 
     </span>
    </p>
   </div>
   <div class='ocr_carea' id='block_1_111' title="bbox 1924 5065 3532 5137">
    <p class='ocr_par' dir='ltr' id='par_1_111' title="bbox 1924 5065 3532 5137">
     <span class='ocr_line' id='line_1_111' title="bbox 1924 5065 3532 5137; baseline -0.002 -16"><span class='ocrx_word' id='word_1_875' title='bbox 1924 5068 2096 5136; x_wconf 84' lang='lat' dir='ltr'><strong>angeli</strong></span> <span class='ocrx_word' id='word_1_876' title='bbox 2121 5067 2220 5122; x_wconf 87' lang='lat' dir='ltr'><strong>Dei</strong></span> <span class='ocrx_word' id='word_1_877' title='bbox 2247 5067 2300 5120; x_wconf 91' lang='lat' dir='ltr'><strong>in</strong></span> <span class='ocrx_word' id='word_1_878' title='bbox 2325 5067 2505 5136; x_wconf 87' lang='lat' dir='ltr'><strong>coelo);</strong></span> <span class='ocrx_word' id='word_1_879' title='bbox 2536 5067 2624 5136; x_wconf 92' lang='lat' dir='ltr'><strong>qui</strong></span> <span class='ocrx_word' id='word_1_880' title='bbox 2665 5082 2795 5137; x_wconf 89' lang='lat' dir='ltr'><strong>ergo</strong></span> <span class='ocrx_word' id='word_1_881' title='bbox 2814 5083 2934 5120; x_wconf 88' lang='lat' dir='ltr'><strong>cum</strong></span> <span class='ocrx_word' id='word_1_882' title='bbox 2963 5067 3139 5136; x_wconf 79' lang='lat' dir='ltr'><strong>angeli</strong></span> <span class='ocrx_word' id='word_1_883' title='bbox 3178 5065 3492 5120; x_wconf 89' lang='lat' dir='ltr'><strong>viderentur</strong></span> <span class='ocrx_word' id='word_1_884' title='bbox 3517 5105 3532 5129; x_wconf 92' lang='lat'><strong>,</strong></span> 
     </span>
    </p>
   </div>
   <div class='ocr_carea' id='block_1_112' title="bbox 1925 5155 3523 5228">
    <p class='ocr_par' dir='ltr' id='par_1_112' title="bbox 1925 5155 3523 5228">
     <span class='ocr_line' id='line_1_112' title="bbox 1925 5155 3523 5228; baseline -0.003 -14"><span class='ocrx_word' id='word_1_885' title='bbox 1925 5159 2068 5228; x_wconf 87' lang='lat' dir='ltr'><strong>capti</strong></span> <span class='ocrx_word' id='word_1_886' title='bbox 2099 5169 2224 5213; x_wconf 89' lang='lat' dir='ltr'><strong>sunt</strong></span> <span class='ocrx_word' id='word_1_887' title='bbox 2263 5157 2462 5214; x_wconf 91' lang='lat' dir='ltr'><strong>decore</strong></span> <span class='ocrx_word' id='word_1_888' title='bbox 2503 5157 2768 5222; x_wconf 85' lang='lat' dir='ltr'><strong>femineo,</strong></span> <span class='ocrx_word' id='word_1_889' title='bbox 2808 5157 2861 5212; x_wconf 90' lang='lat' dir='ltr'><strong>bi</strong></span> <span class='ocrx_word' id='word_1_890' title='bbox 2889 5172 3016 5212; x_wconf 90' lang='lat' dir='ltr'><strong>caro</strong></span> <span class='ocrx_word' id='word_1_891' title='bbox 3049 5167 3205 5222; x_wconf 90' lang='lat' dir='ltr'><strong>sunt,</strong></span> <span class='ocrx_word' id='word_1_892' title='bbox 3246 5158 3386 5212; x_wconf 92' lang='lat' dir='ltr'><strong>sicut</strong></span> <span class='ocrx_word' id='word_1_893' title='bbox 3417 5155 3523 5209; x_wconf 88' lang='lat' dir='ltr'><strong>Do-</strong></span> 
     </span>
    </p>
   </div>
   <div class='ocr_carea' id='block_1_113' title="bbox 1929 5253 3523 5325">
    <p class='ocr_par' dir='ltr' id='par_1_113' title="bbox 1929 5253 3523 5325">
     <span class='ocr_line' id='line_1_113' title="bbox 1929 5253 3523 5325; baseline -0.004 -16"><span class='ocrx_word' id='word_1_894' title='bbox 1929 5256 2108 5310; x_wconf 90' lang='lat' dir='ltr'><strong>minus</strong></span> <span class='ocrx_word' id='word_1_895' title='bbox 2154 5255 2294 5310; x_wconf 88' lang='lat' dir='ltr'><strong>Deus</strong></span> <span class='ocrx_word' id='word_1_896' title='bbox 2327 5254 2503 5312; x_wconf 83' lang='lat' dir='ltr'><strong>dixit:</strong></span> <span class='ocrx_word' id='word_1_897' title='bbox 2541 5253 2661 5308; x_wconf 84' lang='lat' dir='ltr'><strong>Non</strong></span> <span class='ocrx_word' id='word_1_898' title='bbox 2693 5253 3008 5325; x_wconf 86' lang='lat' dir='ltr'><strong>permanebit</strong></span> <span class='ocrx_word' id='word_1_899' title='bbox 3037 5253 3251 5320; x_wconf 86' lang='lat' dir='ltr'><strong>spiritus</strong></span> <span class='ocrx_word' id='word_1_900' title='bbox 3292 5266 3432 5305; x_wconf 86' lang='lat' dir='ltr'><strong>meus</strong></span> <span class='ocrx_word' id='word_1_901' title='bbox 3471 5255 3523 5303; x_wconf 85' lang='lat' dir='ltr'><strong>tn</strong></span> 
     </span>
    </p>
   </div>
   <div class='ocr_carea' id='block_1_114' title="bbox 1929 5334 3530 5419">
    <p class='ocr_par' dir='ltr' id='par_1_114' title="bbox 1929 5334 3530 5419">
     <span class='ocr_line' id='line_1_114' title="bbox 1929 5334 3530 5419; baseline -0.006 -15"><span class='ocrx_word' id='word_1_902' title='bbox 1929 5349 2223 5404; x_wconf 84' lang='lat' dir='ltr'><strong>hominibus</strong></span> <span class='ocrx_word' id='word_1_903' title='bbox 2245 5350 2300 5402; x_wconf 88' lang='lat' dir='ltr'><strong>in</strong></span> <span class='ocrx_word' id='word_1_904' title='bbox 2325 5357 2572 5403; x_wconf 71' lang='lat' dir='ltr'><strong>azternum</strong></span> <span class='ocrx_word' id='word_1_905' title='bbox 2589 5388 2604 5411; x_wconf 93' lang='lat'><strong>,</strong></span> <span class='ocrx_word' id='word_1_906' title='bbox 2635 5356 2844 5419; x_wconf 86' lang='lat' dir='ltr'><strong>prapter</strong></span> <span class='ocrx_word' id='word_1_907' title='bbox 2865 5347 3003 5416; x_wconf 87' lang='lat' dir='ltr'><strong>quod</strong></span> <span class='ocrx_word' id='word_1_908' title='bbox 3025 5334 3146 5400; x_wconf 84' lang='lat' dir='ltr'><strong>caro</strong></span> <span class='ocrx_word' id='word_1_909' title='bbox 3172 5353 3290 5399; x_wconf 88' lang='lat' dir='ltr'><strong>sunt</strong></span> <span class='ocrx_word' id='word_1_910' title='bbox 3319 5341 3530 5414; x_wconf 73' lang='lat' dir='ltr'><strong>(Cenes.</strong></span> 
     </span>
    </p>
   </div>
   <div class='ocr_carea' id='block_1_115' title="bbox 1927 5436 3533 5512">
    <p class='ocr_par' dir='ltr' id='par_1_115' title="bbox 1927 5436 3533 5512">
     <span class='ocr_line' id='line_1_115' title="bbox 1927 5436 3533 5512; baseline -0.005 -15"><span class='ocrx_word' id='word_1_911' title='bbox 1927 5457 2011 5508; x_wconf 77' lang='lat' dir='ltr'><strong>vr,</strong></span> <span class='ocrx_word' id='word_1_912' title='bbox 2043 5442 2120 5512; x_wconf 76' lang='grc'><strong>5).</strong></span> <span class='ocrx_word' id='word_1_913' title='bbox 2149 5441 2217 5496; x_wconf 86' lang='grc' dir='ltr'>Ει</span> <span class='ocrx_word' id='word_1_914' title='bbox 2245 5441 2438 5496; x_wconf 89' lang='lat' dir='ltr'><strong>merito</strong></span> <span class='ocrx_word' id='word_1_915' title='bbox 2468 5448 2750 5510; x_wconf 86' lang='lat' dir='ltr'><strong>exspertes</strong></span> <span class='ocrx_word' id='word_1_916' title='bbox 2777 5436 3049 5503; x_wconf 89' lang='lat' dir='ltr'><strong>libidinis,</strong></span> <span class='ocrx_word' id='word_1_917' title='bbox 3079 5436 3284 5508; x_wconf 87' lang='lat' dir='ltr'><strong>angelis</strong></span> <span class='ocrx_word' id='word_1_918' title='bbox 3311 5448 3533 5503; x_wconf 85' lang='lat' dir='ltr'><strong>compa-</strong></span> 
     </span>
    </p>
   </div>
   <div class='ocr_carea' id='block_1_116' title="bbox 1929 5527 3530 5602">
    <p class='ocr_par' dir='ltr' id='par_1_116' title="bbox 1929 5527 3530 5602">
     <span class='ocr_line' id='line_1_116' title="bbox 1929 5527 3530 5602; baseline -0.007 -10"><span class='ocrx_word' id='word_1_919' title='bbox 1929 5545 2150 5602; x_wconf 90' lang='lat' dir='ltr'><strong>rantur,</strong></span> <span class='ocrx_word' id='word_1_920' title='bbox 2184 5548 2313 5591; x_wconf 90' lang='lat' dir='ltr'><strong>caro</strong></span> <span class='ocrx_word' id='word_1_921' title='bbox 2337 5533 2481 5589; x_wconf 89' lang='lat' dir='ltr'><strong>enim</strong></span> <span class='ocrx_word' id='word_1_922' title='bbox 2519 5548 2628 5586; x_wconf 93' lang='lat' dir='ltr'><strong>non</strong></span> <span class='ocrx_word' id='word_1_923' title='bbox 2659 5541 2817 5599; x_wconf 89' lang='lat' dir='ltr'><strong>sunt,</strong></span> <span class='ocrx_word' id='word_1_924' title='bbox 2849 5531 2972 5602; x_wconf 90' lang='lat' dir='ltr'><strong>quia</strong></span> <span class='ocrx_word' id='word_1_925' title='bbox 3013 5546 3123 5586; x_wconf 93' lang='lat' dir='ltr'><strong>non</strong></span> <span class='ocrx_word' id='word_1_926' title='bbox 3160 5539 3282 5585; x_wconf 85' lang='lat' dir='ltr'><strong>sunt</strong></span> <span class='ocrx_word' id='word_1_927' title='bbox 3323 5527 3378 5582; x_wconf 91' lang='lat' dir='ltr'><strong>in</strong></span> <span class='ocrx_word' id='word_1_928' title='bbox 3417 5540 3530 5582; x_wconf 85' lang='lat' dir='ltr'><strong>car-</strong></span> 
     </span>
    </p>
   </div>
   <div class='ocr_carea' id='block_1_117' title="bbox 1934 5623 3536 5700">
    <p class='ocr_par' dir='ltr' id='par_1_117' title="bbox 1934 5623 3536 5700">
     <span class='ocr_line' id='line_1_117' title="bbox 1934 5623 3536 5700; baseline -0.01 -11"><span class='ocrx_word' id='word_1_929' title='bbox 1934 5646 2035 5698; x_wconf 89' lang='lat' dir='ltr'><strong>ne,</strong></span> <span class='ocrx_word' id='word_1_930' title='bbox 2069 5628 2166 5685; x_wconf 92' lang='lat' dir='ltr'><strong>sed</strong></span> <span class='ocrx_word' id='word_1_931' title='bbox 2213 5629 2267 5684; x_wconf 91' lang='lat' dir='ltr'><strong>in</strong></span> <span class='ocrx_word' id='word_1_932' title='bbox 2312 5627 2508 5700; x_wconf 85' lang='lat' dir='ltr'><strong>spiritu</strong></span> <span class='ocrx_word' id='word_1_933' title='bbox 2547 5644 2559 5679; x_wconf 89' lang='lat'><strong>:</strong></span> <span class='ocrx_word' id='word_1_934' title='bbox 2592 5625 2777 5694; x_wconf 89' lang='lat' dir='ltr'><strong>quales</strong></span> <span class='ocrx_word' id='word_1_935' title='bbox 2813 5635 2970 5680; x_wconf 91' lang='lat' dir='ltr'><strong>erant</strong></span> <span class='ocrx_word' id='word_1_936' title='bbox 3015 5624 3095 5680; x_wconf 92' lang='lat' dir='ltr'><strong>illi</strong></span> <span class='ocrx_word' id='word_1_937' title='bbox 3127 5625 3220 5696; x_wconf 90' lang='lat' dir='ltr'><strong>qui</strong></span> <span class='ocrx_word' id='word_1_938' title='bbox 3258 5623 3536 5677; x_wconf 89' lang='lat' dir='ltr'><strong>doctorem</strong></span> 
     </span>
    </p>
   </div>
   <div class='ocr_carea' id='block_1_118' title="bbox 1935 5717 3538 5799">
    <p class='ocr_par' dir='ltr' id='par_1_118' title="bbox 1935 5717 3538 5799">
     <span class='ocr_line' id='line_1_118' title="bbox 1935 5717 3538 5799; baseline -0.01 -15"><span class='ocrx_word' id='word_1_939' title='bbox 1935 5724 2261 5799; x_wconf 88' lang='lat' dir='ltr'><strong>Apostolum</strong></span> <span class='ocrx_word' id='word_1_940' title='bbox 2293 5720 2693 5794; x_wconf 88' lang='lat' dir='ltr'><strong>sequebantur,</strong></span> <span class='ocrx_word' id='word_1_941' title='bbox 2726 5718 2925 5791; x_wconf 86' lang='lat' dir='ltr'><strong>quibus</strong></span> <span class='ocrx_word' id='word_1_942' title='bbox 2950 5719 3062 5774; x_wconf 88' lang='lat' dir='ltr'><strong>ait:</strong></span> <span class='ocrx_word' id='word_1_943' title='bbox 3101 5717 3206 5773; x_wconf 84' lang='lat' dir='ltr'><strong>Vos</strong></span> <span class='ocrx_word' id='word_1_944' title='bbox 3236 5724 3407 5772; x_wconf 86' lang='lat' dir='ltr'><strong>autent</strong></span> <span class='ocrx_word' id='word_1_945' title='bbox 3433 5727 3538 5770; x_wconf 88' lang='lat' dir='ltr'><strong>non</strong></span> 
     </span>
    </p>
   </div>
   <div class='ocr_carea' id='block_1_119' title="bbox 2006 5869 3316 5952">
    <p class='ocr_par' dir='ltr' id='par_1_119' title="bbox 2006 5869 3316 5952">
     <span class='ocr_line' id='line_1_119' title="bbox 2006 5869 3316 5952; baseline -0.009 -14"><span class='ocrx_word' id='word_1_946' title='bbox 2006 5877 2034 5922; x_wconf 66' lang='grc'>⁸)</span> <span class='ocrx_word' id='word_1_947' title='bbox 2067 5883 2122 5938; x_wconf 91' lang='lat' dir='ltr'><strong>ln</strong></span> <span class='ocrx_word' id='word_1_948' title='bbox 2156 5883 2294 5952; x_wconf 86' lang='lat' dir='ltr'><strong>psal.</strong></span> <span class='ocrx_word' id='word_1_949' title='bbox 2320 5883 2516 5941; x_wconf 82' lang='lat' dir='ltr'><strong>cxviit,</strong></span> <span class='ocrx_word' id='word_1_950' title='bbox 2544 5893 2710 5935; x_wconf 87' lang='lat' dir='ltr'><strong>serm.</strong></span> <span class='ocrx_word' id='word_1_951' title='bbox 2744 5881 2840 5948; x_wconf 69' lang='lat'><strong>18,</strong></span> <span class='ocrx_word' id='word_1_952' title='bbox 2874 5875 3022 5934; x_wconf 76' lang='lat' dir='ltr'><strong>tium.</strong></span> <span class='ocrx_word' id='word_1_953' title='bbox 3051 5869 3124 5932; x_wconf 60' lang='lat'><strong>9.9</strong></span> <span class='ocrx_word' id='word_1_954' title='bbox 3144 5876 3190 5932; x_wconf 78' lang='lat' dir='ltr'><strong>et</strong></span> <span class='ocrx_word' id='word_1_955' title='bbox 3215 5894 3316 5934; x_wconf 80' lang='lat' dir='ltr'><strong>sca.</strong></span> 
     </span>
    </p>
   </div>
  </div>
