3920 6306
453 251 591 309 i907

1429 250 1981 313 COMMENTARIUS
2026 252 2095 313 1N
2135 251 2437 311 CANTICA
2471 253 2747 313 GANTIC.

3623 258 3752 316 1908

445 365 566 420 estis
593 367 648 421 in
678 383 830 421 carne
849 409 865 432 ,
897 365 989 421 sed
1014 368 1067 420 in
1100 365 1302 438 Spiritu
1329 366 1512 437 (Rom.
1538 381 1632 422 vm
1652 409 1667 433 ,
1699 366 1778 439 9).
1810 365 1910 435 Qui
1946 383 2047 423 au-
2075 366 2132 431 Α
2160 368 2418 439 nequitiis
2445 368 2777 449 spiritalibus
2798 409 2814 437 ,
2851 370 3080 440 legitimi
3123 382 3313 442 petens
3340 387 3609 433 coronam
3637 389 3751 432 εει-ο

448 466 556 514 tem
601 470 865 529 corporea
898 448 1220 512 feminarum
1268 459 1560 531 capiuntur
1605 456 1871 525 libidine,
1920 474 2051 515 caro

444 560 574 607 sunt
604 570 618 610 :
652 560 814 623 atque
843 552 1049 606 utinam
1078 566 1209 606 caro
1238 560 1450 607 tantum
1470 596 1485 619 ,
1518 558 1574 608 et
1600 569 1709 608 non
1737 555 1898 610 etiam
1922 555 2053 629 equi

444 643 869 701 adhinnlenlesl
901 645 1037 714 Quia
1065 686 1077 710 ,
1110 645 1322 717 inquit,
1365 646 1418 702 in
1457 664 1672 704 uxorem
1715 651 1941 721 proximi
1968 651 2053 708 sui

445 732 815 792 adhinniebant
842 736 1059 797 (Jerem.
1084 755 1137 804 v,
1160 737 1239 810 8).

515 827 588 883 22
652 827 834 899 (Vers.
861 827 944 901 ⁸1.)
973 838 998 866 α
1033 828 1161 884 Τοια
1191 846 1243 885 es
1273 833 1527 902 formosa,
1559 832 1798 903 proxima
1828 850 1940 890 mea
1961 877 1976 902 ,
2002 845 2051 891 et

443 918 768 992 reprehensio
810 936 911 975 non
941 931 1014 976 est
1043 923 1096 976 in
1142 930 1207 977 te.
1251 923 1727 981 Pulchritudinem
1766 942 1898 982 vero
1927 929 2051 998 quis

445 1021 624 1084 potest
652 1015 915 1086 maiorem
943 1017 1260 1073 existimare
1285 1016 1487 1075 decore
1514 1019 1662 1089 ejus,
1688 1035 1811 1092 qua:
1835 1033 2051 1080 amatur

443 1124 472 1163 a
514 1118 672 1180 rege,
707 1109 971 1181 probatur
992 1125 1019 1163 a
1043 1109 1265 1181 judice,
1297 1110 1585 1168 dedicatur
1618 1115 1884 1181 Domino,
1916 1131 2051 1172 con-

445 1209 692 1257 secratur
736 1196 872 1258 Deo.
902 1202 1134 1275 Semper
1174 1218 1375 1277 sponsa
1397 1248 1412 1272 ,
1445 1222 1666 1279 semper
1697 1209 1956 1280 innupta;
1993 1220 2052 1268 ut

446 1306 552 1350 nec
582 1306 738 1348 amor
766 1294 928 1351 finem
972 1295 1204 1366 habent,
1240 1313 1339 1353 nec
1385 1299 1641 1355 damnum
1674 1299 1871 1372 pudor.
1920 1302 2049 1361 Hinc

446 1380 691 1455 profecto
721 1398 846 1442 vera
876 1387 1230 1459 pulchritudo
1268 1396 1387 1457 est,
1418 1390 1506 1446 cui
1538 1390 1667 1446 nihil
1705 1392 1897 1458 deest,
1924 1410 2050 1468 qua:

443 1480 557 1535 sola
590 1489 829 1535 meretur
857 1482 1049 1537 audire
1070 1497 1099 1537 a
1130 1480 1399 1537 Domino:
1432 1481 1565 1540 Tota
1580 1500 1634 1540 es
1650 1487 1906 1560 formosa,
1926 1504 2049 1560 pro-

442 1570 585 1626 xima
609 1584 722 1626 mea
744 1614 756 1635 ,
786 1578 832 1627 el
858 1573 1189 1643 reprehensio
1220 1590 1321 1629 non
1351 1585 1425 1630 est
1452 1575 1506 1630 in
1543 1587 1611 1631 te.

515 1666 608 1721 25.
654 1665 834 1740 (Vers.
865 1665 945 1741 8.)
981 1665 1105 1722 Veni
1136 1669 1237 1724 huc
1276 1687 1308 1724 a
1347 1667 1546 1725 Libano
1568 1713 1584 1741 ,
1612 1671 1731 1726 veni
1769 1672 1869 1728 huc
1895 1690 1927 1728 a
1955 1670 2050 1729 Li-

2158 461 2398 514 laminis.

2227 551 2319 608 96.
2363 552 2544 626 (Vcrs.
2579 551 2668 623 9.)
2701 551 2728 591 ιι
2764 553 3060 611 Vulnerasti
3104 571 3192 610 cor
3237 572 3426 624 meum,
3448 572 3603 617 soror
3621 570 3747 627 utea,

2156 661 2373 716 sponsa,
2398 646 2683 700 vulnerasti
2710 662 2797 700 cor
2823 662 2989 701 meum
3015 648 3069 702 in
3090 664 3194 702 uno
3220 650 3490 707 oculorum
3519 660 3749 720 tuorum,

2157 748 2204 791 et
2236 737 2288 791 in
2316 755 2420 792 uno
2451 738 2593 793 crine
2622 738 2745 793 colli
2772 739 2869 794 tui.
2905 739 3064 794 Oculi
3106 740 3251 797 enim
3288 744 3490 799 mentis
3520 744 3607 798 isti
3636 754 3751 805 sunt

2157 833 2336 898 oculi,
2381 831 2594 888 scilicet
2632 832 2910 888 interioris
2957 833 3232 900 hominis,
3265 850 3374 890 non
3405 836 3459 892 hi
3492 836 3636 891 oculi
3656 837 3741 908 qui

2156 925 2461 981 ministerio
2511 924 2810 997 funguntur
2854 924 3095 980 obtutus.
3142 925 3242 982 Est
3288 927 3435 981 enim
3479 927 3673 985 oculus
3703 936 3755 989 et

2158 1022 2358 1075 tuentis
2388 1028 2443 1076 et
2469 1019 2686 1085 carnis,
2714 1019 2811 1074 sed
2840 1019 2930 1075 ille
2970 1034 3151 1076 ctccus
3177 1031 3261 1076 est
3293 1021 3487 1077 oculus
3521 1025 3614 1093 qui
3653 1037 3752 1080 non

2158 1112 2308 1168 videt
2343 1126 2467 1183 qum
2496 1110 2680 1167 divina
2708 1122 2835 1167 sunt
2860 1153 2874 1178 ,
2901 1113 2992 1183 qui
3022 1111 3221 1170 frustra
3253 1125 3439 1173 mente
3464 1114 3645 1171 carnis
3673 1117 3751 1172 in-

2154 1207 2314 1262 ﬂatus
2340 1214 2449 1262 est.
2478 1206 2578 1263 Est
2617 1215 2671 1262 et
2713 1206 2853 1261 alius
2897 1207 3090 1262 oculus
3135 1221 3333 1263 sensus
3381 1206 3626 1274 Christi,
3653 1223 3752 1279 quo

2155 1301 2398 1357 Ecclesia
2430 1300 2580 1356 videt
2609 1300 2922 1367 Christum,
2954 1302 3098 1357 sicut
3146 1300 3262 1372 ipse
3288 1300 3422 1357 dicit
3470 1302 3540 1357 ad
3584 1303 3751 1373 Spon-

2152 1407 2269 1448 sam
2298 1411 2311 1446 :
2344 1392 2512 1449 Corde
2541 1409 2635 1449 nos
2661 1393 2840 1465 cepisti
2866 1393 2929 1447 ab
2970 1409 3076 1448 uno
3104 1394 3372 1453 oculorum
3393 1405 3621 1451 tuorum.
3648 1394 3747 1452 Ile-

2155 1487 2261 1542 rito
2300 1501 2409 1541 uno
2439 1488 2600 1542 oculo
2648 1485 2863 1541 videtur
2891 1486 3183 1556 Christus,
3215 1487 3342 1559 quia
3384 1503 3493 1545 non
3541 1490 3745 1549 videtur

2153 1578 2314 1634 oculo
2334 1579 2576 1648 carnali,
2597 1588 2692 1635 aut
2713 1579 2840 1650 quia
2866 1579 3002 1637 duos
3033 1579 3227 1636 oculos
3250 1581 3456 1639 habens
3482 1582 3748 1653 Ecclesia,

2155 1673 2414 1729 moralem
2456 1682 2514 1730 et
2551 1673 2874 1747 mysticum,
2908 1673 3033 1729 lidei
3075 1674 3239 1730 oculo
3269 1675 3395 1745 plus
3425 1675 3577 1733 videt
3600 1676 3748 1733 Chri-

445 1759 615 1813 bano:
644 1759 889 1814 transibis
920 1769 966 1815 et
994 1761 1329 1830 perlransibis
1355 1780 1386 1816 α
1417 1764 1677 1834 principio
1708 1762 1834 1836 ﬁdei
1855 1808 1869 1833 ,
1902 1783 1933 1819 a
1960 1783 2050 1821 εα-
2078 1763 2130 1831 Β
2158 1774 2337 1833 stum;
2370 1766 2633 1841 mysticus
2672 1766 2818 1823 enim
2866 1767 3060 1822 oculus
3101 1765 3316 1823 acutior
3355 1777 3440 1824 est
3461 1809 3478 1835 ,
3529 1768 3744 1827 moralis

445 1850 549 1919 pite
579 1848 740 1905 Sanir
768 1861 815 1905 et
845 1848 1081 1906 Harmon
1103 1895 1116 1916 ,
1145 1869 1175 1905 a
1203 1852 1435 1908 latibulis
1467 1855 1673 1910 leonum
1694 1897 1710 1924 ,
1739 1874 1771 1909 a
1795 1858 2053 1914 montibus

446 1944 750 2017 perderent.
776 1944 982 2013 Quibus
1031 1945 1248 2002 indiciis
1278 1946 1586 2003 ostenditur
1616 1948 1858 2020 perfecta
1886 1960 1940 2006 et
1975 1952 2051 2006 ir-

448 2037 901 2108 reprehensibilis
928 2040 1211 2111 virginalis
1256 2040 1453 2097 animae
1481 2043 1839 2114 pulchritudo
1863 2086 1878 2108 ,
1913 2046 2053 2101 alta-

451 2132 601 2188 ribus
641 2143 959 2189 consccrata
991 2132 1225 2201 divinis,
1260 2135 1403 2191 inter
1429 2152 1690 2194 occursus
1721 2148 1773 2196 et
1823 2139 2054 2197 latibula

446 2224 773 2295 spiritalium
823 2227 1119 2284 bestiarum
1166 2244 1272 2285 non
1307 2226 1505 2286 inﬂexa
1538 2232 1860 2288 mortalibus
1886 2274 1899 2298 ,
1952 2234 2053 2291 sed

448 2318 652 2373 intenta
708 2320 985 2392 mysteriis
1039 2320 1174 2387 Dei,
1228 2324 1495 2380 meruisse
1540 2323 1840 2395 dilectum,
1894 2326 2053 2396 cujus

452 2412 615 2469 ubera
648 2412 802 2485 plena
838 2413 1080 2482 laetititn;
1114 2412 1312 2473 Vinum
1354 2422 1498 2476 enim
1548 2417 1791 2477 ltetilicat
1822 2434 1917 2476 cor
1948 2420 2051 2476 ho-

454 2507 635 2563 minis.

520 2598 613 2657 24.
649 2598 681 2639 δ
715 2596 782 2658 Et
810 2601 967 2670 odor,
996 2604 1190 2675 inquit,
1217 2606 1633 2663 vestimentorum
1680 2618 1921 2675 tuorum,
1953 2610 2055 2665 sic-

448 2704 506 2750 ut
539 2697 668 2751 odor
703 2697 903 2753 Libani.
927 2694 1111 2754 Venia
1134 2692 1352 2767 Libano,
1375 2718 1589 2770 sponsa,
1615 2704 1728 2757 veni
1753 2721 1784 2758 a
1806 2702 2004 2759 Libano
2031 2720 2052 2760 :

450 2790 697 2847 transibis
725 2802 771 2846 et
800 2794 1133 2862 pertransibis
1158 2812 1190 2849 ιι
1216 2796 1471 2869 principio
1508 2796 1631 2867 ﬁdei
1657 2813 1676 2852 :
1706 2795 1965 2854 transibis
1999 2799 2053 2856 in

450 2880 711 2938 steculnm
741 2896 1009 2940 certatura
1032 2928 1046 2953 ,
1081 2891 1437 2952 pertransibis
1462 2892 1529 2946 ad
1556 2890 1832 2948 Christum
1862 2895 2052 2950 trium-

453 2974 683 3047 phatnra
714 2976 780 3031 de
810 2972 1030 3034 saeculo.
1061 2979 1271 3037 Audisti
1304 2983 1430 3054 quia
1461 2995 1511 3039 te
1538 2999 1566 3038 a
1597 2986 1818 3042 leonum
1848 2997 1905 3044 et
1930 3003 2054 3059 par-

450 3069 641 3125 dorum
666 3112 680 3137 ,
712 3070 762 3127 id
793 3080 878 3126 est
899 3115 913 3141 ,
947 3088 978 3129 a
1008 3073 1335 3144 spiritalium
1376 3078 1743 3145 nequitiarum
1776 3080 2049 3137 incursio-

2158 1858 2395 1914 dulcior.

2225 1952 2317 2008 27.
2360 1952 2430 2009 Et
2471 1952 2709 2011 fortasse
2738 1952 2825 2009 isti
2853 1953 2997 2009 oculi
3027 1963 3156 2010 sunt
3175 1995 3190 2020 ,
3220 1953 3418 2025 quibus
3450 1955 3642 2013 Paulus
3671 1955 3743 2012 vi-

2155 2045 2321 2102 debat
2350 2056 2585 2114 mterna,
2616 2047 2705 2102 ubi
2732 2045 2900 2116 ςωμίι
2932 2046 3254 2118 temporalia
3281 2063 3390 2103 non
3424 2047 3624 2104 videre.
3645 2048 3744 2107 De-

2157 2136 2321 2209 nique
2350 2139 2442 2209 qui
2468 2136 2745 2194 Christum
2776 2155 2882 2192 non
2917 2138 3172 2205 videbat,
3222 2138 3537 2210 priusquam
3567 2139 3741 2197 oculos

2158 2230 2470 2297 amitteret,
2504 2231 2642 2287 vidit
2674 2228 2895 2306 [585
2912 2247 3037 2286 eum
3071 2240 3426 2303 posteaquam
3464 2232 3638 2288 amisit
3667 2237 3743 2289 νιε-

2156 2321 2610 2389 sumocitlorum;
2638 2322 2770 2377 vidit
2792 2324 2938 2378 enim
2960 2323 3053 2393 qui
3084 2322 3259 2379 dixit:
3290 2321 3421 2389 Quis
3441 2339 3515 2392 es,
3534 2321 3740 2380 Domine

2157 2414 2294 2484 (Act.
2318 2430 2369 2469 ιι
2392 2457 2409 2482 ,
2438 2415 2536 2486 5)?
2564 2416 2796 2471 Videbat
2834 2417 3022 2487 utique
3058 2415 3332 2472 Christum
3353 2459 3369 2485 ,
3404 2431 3560 2488 quem
3587 2417 3736 2472 etiam

2158 2507 2441 2562 Dominutn
2475 2508 2764 2564 fatebatur.
2798 2509 2862 2565 Et
2905 2509 3072 2575 infra,
3102 2506 3360 2578 Domine,
3392 2510 3594 2582 inquit,
3620 2509 3735 2577 quid

2155 2616 2235 2653 me
2262 2600 2336 2655 vis
2361 2599 2578 2671 facere?
2604 2596 2725 2654 Non
2749 2615 2881 2672 ergo
2908 2600 3129 2655 videbat
3153 2616 3276 2656 enm
3293 2641 3310 2668 ,
3342 2600 3503 2673 cujus
3527 2615 3736 2672 exspec-

2157 2692 2304 2748 tabat
2334 2693 2662 2765 imperium‘l
2689 2693 2897 2764 Quibus
2928 2694 3091 2766 igitur
3135 2694 3310 2750 oculis
3338 2695 3522 2750 videre
3551 2694 3729 2749 Paulus

2158 2788 2276 2858 plus
2306 2787 2473 2858 erepit
2493 2830 2507 2853 ,
2540 2789 2641 2843 nisi
2671 2788 2736 2842 iis
2766 2803 2903 2860 quos
2933 2790 3088 2843 nobis
3116 2789 3231 2858 ipse
3279 2788 3631 2856 monstravit,
3656 2788 3731 2843 di-

2156 2895 2285 2935 cens
2315 2899 2326 2934 :
2366 2878 2536 2935 Orabo
2562 2881 2749 2951 spiritu
2768 2922 2782 2947 ,
2811 2880 2967 2934 orabo
2988 2890 3035 2934 et
3061 2891 3228 2936 mente
3249 2880 3297 2955 (Ι
3318 2878 3441 2936 Cor.
3478 2896 3593 2950 λιν,
3618 2878 3728 2951 15)?

2156 2970 2402 3043 Denique
2436 2984 2496 3027 ut
2520 2973 2660 3028 scias
2688 2974 2814 3055 quia
2842 2973 2976 3027 vidit
3003 2974 3212 3027 orando
3240 2990 3254 3028 :
3288 2971 3506 3029 Factum
3535 2984 3630 3037 est,
3655 2972 3727 3026 ia-

2156 3065 2307 3133 quit,
2356 3074 2638 3120 reuertente
2681 3081 2761 3118 me
2803 3066 2857 3120 in
2909 3063 3236 3120 Hierusalem
3260 3107 3277 3134 ,
3319 3082 3435 3121 cum
3464 3080 3647 3120 orarem
3677 3063 3726 3121 ia

454 3162 612 3218 nibus
642 3167 917 3233 separavit
944 3183 957 3220 :
987 3164 1184 3223 audisti
1217 3168 1340 3240 quia
1388 3170 1564 3239 placet
1592 3172 1642 3225 ei
1677 3181 1890 3229 tuarum
1931 3174 2049 3245 pul-

2160 3160 2379 3228 lemplo,
2428 3174 2667 3229 pavorem
2711 3154 2870 3212 ltnbui
2894 3199 2909 3223 ,
2950 3157 3052 3211 vidi
3095 3158 3246 3212 illum
3288 3159 3536 3214 dicentem
3575 3157 3724 3211 milii:

452 3252 705 3310 chritudo
734 3257 1015 3313 virtutum.

523 3346 614 3405 25.
655 3361 677 3389 ο
702 3348 835 3405 Ades
857 3350 957 3405 huc
980 3370 1013 3407 a
1037 3350 1258 3421 Libano,
1280 3370 1491 3425 sponsa,
1516 3355 1638 3411 ades
1658 3357 1800 3413 [mea
1822 3357 2051 3416 Libano:

452 3436 717 3507 transibis,
734 3454 780 3497 et
799 3442 1173 3513 pertransibisa
1195 3447 1452 3518 principio
1476 3444 1617 3516 ﬁdei,
1637 3452 1845 3520 acapite
1868 3450 2049 3521 Sanir,

454 3526 875 3599 etHermoniim,
900 3553 931 3588 a
971 3536 1228 3606 speluncis
1250 3536 1485 3606 leonum,
1519 3556 1551 3593 α
1590 3541 1841 3597 montibus
1861 3544 2053 3611 partio-

450 3641 599 3691 rum;
629 3618 733 3681 hoc
756 3638 866 3693 est,
893 3624 1156 3700 egredere
1179 3628 1246 3683 tle
1269 3643 1519 3699 corpore,
1548 3640 1603 3685 et
1626 3641 1789 3687 totam
1819 3641 1869 3688 te
1891 3650 2050 3691 exue.

450 3717 567 3775 Non
598 3729 758 3792 potes
789 3722 932 3776 enim
965 3720 1098 3777 mihi
1126 3721 1351 3788 adesse,
1388 3722 1492 3778 nisi
1534 3734 1659 3780 ante
1690 3727 2053 3798 peregrineris

450 3827 478 3867 a
507 3826 772 3885 oorpore;
802 3814 1055 3886 quoniam
1084 3814 1175 3886 qui
1206 3815 1257 3870 in
1278 3832 1443 3872 carne
1465 3827 1616 3883 sunt,
1634 3820 2053 3890 peregrinantur

452 3920 481 3958 a
511 3904 603 3961 Dei
632 3921 822 3973 regno.
847 3904 1013 3972 Ades,
1046 3907 1249 3979 inquit,
1273 3908 1416 3964 ades.
1446 3908 1592 3965 Bene
1622 3912 1897 3980 repetivit,
1925 3912 2050 3981 quia

452 3996 567 4054 sive
591 4015 853 4069 praesens.
882 4001 996 4055 sive
1024 4001 1221 4055 absens
1239 4042 1254 4069 ,
1278 4000 1475 4058 adesse
1497 4011 1552 4058 et
1581 4003 1795 4071 placere
1820 4004 2052 4062 Domino

451 4090 566 4146 Deo
598 4102 691 4147 tuo
716 4088 886 4146 debes
910 4108 924 4144 :
954 4089 1143 4147 adesto
1171 4106 1444 4162 prtesens,
1475 4094 1664 4150 adesto
1692 4096 1921 4162 absens,
1946 4096 2052 4152 etsi

450 4180 628 4240 adhuc
674 4183 727 4238 in
767 4199 998 4250 corpore
1027 4200 1122 4250 es;
1153 4185 1286 4240 mihi
1328 4187 1471 4241 enim
1513 4201 1705 4242 omnes
1752 4198 2052 4259 pnesentes

450 4285 613 4345 sunt,
643 4291 872 4348 quorum
906 4274 1040 4332 fides
1071 4293 1284 4332 mecum
1315 4287 1416 4333 est.
1449 4279 1618 4335 Adest
1646 4280 1775 4335 mihi
1800 4282 1890 4353 qui
1918 4284 2053 4340 exiit

446 4368 517 4426 de
537 4369 740 4426 saeculo
765 4388 777 4425 :
807 4368 966 4426 adest
996 4369 1127 4425 mihi
1154 4372 1243 4442 qui
1275 4387 1361 4428 me
1388 4372 1629 4444 cogitat,
1661 4389 1747 4429 me
1774 4375 2049 4446 intuetur,

446 4464 516 4520 de
546 4480 632 4520 me
671 4473 888 4533 sperat,
931 4465 1019 4520 cui
1051 4479 1153 4535 ego
1192 4466 1373 4536 portio
1404 4480 1523 4519 sum
1557 4481 1569 4518 :
1601 4464 1757 4521 adest
1796 4467 1929 4522 tnibi
1958 4466 2051 4538 qui

2158 3245 2399 3316 Festina,
2429 3250 2509 3304 exi
2538 3249 2692 3304 citius
2733 3256 2795 3304 de
2824 3247 3191 3317 Hierusalem;
3223 3267 3323 3305 non
3352 3251 3487 3305 enim
3513 3250 3724 3322 recipient

2157 3342 2500 3397 testimonium
2527 3353 2669 3397 tuum
2698 3341 2762 3396 de
2787 3357 2870 3396 me
2899 3342 3038 3416 (Act.
3066 3357 3174 3397 χχιι
3197 3383 3213 3412 ,
3244 3343 3311 3397 17
3335 3354 3381 3397 et
3414 3338 3526 3413 l8).

2228 3436 2318 3493 28.
2366 3447 2390 3474 ο
2413 3434 2507 3491 Isti
2538 3452 2669 3508 ergo
2700 3437 2843 3492 oculi
2887 3439 2940 3491 in
2973 3439 3197 3492 verbum
3231 3436 3327 3492 Dei
3356 3436 3640 3499 deficiunt,
3678 3442 3724 3490 et

2156 3529 2346 3586 dicunt
2380 3549 2392 3585 :
2428 3530 2651 3600 Quando
2695 3530 3042 3586 consolaberis
3083 3531 3205 3585 me?
3242 3530 3366 3587 Istis
3412 3532 3577 3586 oculis
3615 3545 3722 3598 pru-

2159 3623 2334 3695 phette
2379 3623 2704 3679 dicebantur
2749 3623 3000 3679 videntes
3025 3666 3039 3692 ,
3069 3625 3195 3695 quia
3237 3639 3334 3693 per
3365 3623 3720 3679 revelationetn

2157 3734 2219 3775 ea
2269 3733 2389 3790 qua:
2432 3729 2587 3773 erant
2638 3717 2998 3785 abscondita,
3056 3727 3240 3773 mente
3287 3717 3589 3772 cernebant.
3631 3711 3723 3769 Sed

2156 3811 2279 3882 quia
2325 3810 2514 3866 oculus
2568 3809 2766 3865 mentis
2810 3819 2865 3866 et
2913 3810 3100 3866 oculus
3150 3811 3335 3865 carnis
3385 3824 3517 3865 unus
3558 3807 3722 3864 oculus

2154 3915 2321 3974 sunt,
2350 3918 2404 3964 et
2429 3918 2555 3961 tunc
2601 3907 2765 3962 homo
2788 3906 3166 3961 consolatione
3198 3906 3446 3971 fulcitur,
3479 3920 3593 3959 cum
3613 3915 3721 3959 caro

2157 4009 2211 4056 et
2236 4014 2389 4054 mens
2419 3998 2630 4055 diversa
2662 4013 2768 4053 non
2799 3999 3062 4066 cupiunt,
3087 3998 3184 4054 sed
3209 4013 3375 4052 unum
3404 3995 3718 4061 desiderant.

2155 4104 2210 4150 et
2241 4109 2406 4148 unum
2454 4092 2778 4163 requirunt;
2822 4090 2941 4145 ideo
2989 4091 3181 4145 intenti
3220 4091 3285 4144 ad
3338 4105 3461 4145 eum
3492 4088 3577 4159 qui
3614 4085 3715 4139 ait:

2158 4185 2269 4257 Ego
2298 4195 2345 4240 ct
2383 4196 2531 4258 pater
2558 4200 2716 4239 unum
2748 4200 2924 4238 sumus
2953 4180 3137 4251 (Joau.
3161 4200 3194 4240 κ
3218 4225 3234 4249 ,
3262 4181 3380 4255 50).
3416 4182 3505 4237 Isti
3532 4190 3718 4252 quoque

2156 4278 2297 4333 oculi
2330 4294 2495 4332 unum
2526 4293 2650 4333 esse
2680 4293 2739 4332 se
2776 4276 3141 4343 confitentur;
3173 4277 3299 4346 quia
3330 4292 3437 4332 uno
3467 4283 3616 4346 atque
3638 4285 3718 4328 eo-

2156 4369 2278 4426 dem
2305 4370 2582 4427 desiderio
2612 4368 2904 4440 ofﬁcioque
2929 4367 3249 4439 funguntur.

2224 4463 2316 4521 29.
2360 4463 2543 4537 (νυτε.
2581 4463 2706 4534 10.)
2737 4460 2756 4500 τ
2791 4458 3107 4516 Pulchriora
3134 4472 3255 4516 sunt
3283 4464 3440 4517 ubera
3476 4472 3558 4515 tua
3588 4458 3714 4524 riuo,

448 4559 685 4616 abfuerit
711 4560 814 4615 sibi
841 4577 853 4613 :
885 4558 979 4614 ille
1009 4573 1221 4615 mecum
1248 4567 1363 4626 est,
1393 4560 1482 4629 qui
1516 4557 1657 4615 intra
1697 4576 1757 4616 se
1791 4570 1896 4616 non
1926 4572 2042 4629 eSt;
2077 4549 2127 4609 D
2151 4570 2199 4613 et
2223 4557 2352 4613 odor
2378 4565 2757 4632 unguentorum
2787 4566 2990 4609 tuorum
3017 4570 3173 4626 super
3197 4556 3371 4609 omnia
3400 4564 3631 4609 arculam.
3663 4548 3717 4603 Et

446 4654 703 4727 quoniam
749 4655 841 4726 qui
876 4656 928 4708 in
960 4668 1126 4709 carne
1155 4663 1239 4708 cst
1261 4698 1274 4722 ,
1312 4670 1419 4709 non
1448 4664 1532 4709 est
1576 4655 1630 4708 in
1680 4655 1872 4725 spiritu
1909 4676 1921 4710 :
1956 4657 2048 4714 ille

445 4762 658 4803 mecum
690 4755 808 4813 est,
842 4745 933 4816 qui
965 4760 1031 4800 ex
1062 4744 1245 4815 seipso
1286 4744 1604 4816 egreditur:
1638 4745 1732 4802 ille
1757 4747 1910 4817 juxta
1960 4764 2048 4806 me

442 4850 528 4897 est
565 4841 656 4912 qui
689 4851 840 4894 extra
872 4853 931 4893 se
961 4836 1161 4894 fuerit:
1196 4837 1284 4893 ille
1315 4839 1445 4893 mihi
1480 4839 1726 4910 integer,
1759 4841 1852 4911 qui
1884 4857 2047 4913 prop-

444 4943 527 4989 ter
555 4948 641 4989 me
668 4928 962 5005 perdiderit
986 4931 1222 4986 animum
1252 4947 1441 5000 suam;
1468 4943 1519 4989 el
1550 4933 1697 5000 ideo,
1724 4935 2043 5004 Ades,ades,

440 5043 663 5104 sponsa;
719 5022 959 5081 transibis
1013 5034 1064 5080 et
1113 5025 1447 5096 pertransibis
1494 5043 1526 5080 a
1584 5029 1841 5098 principio
1892 5029 2038 5099 ﬁdei.

441 5119 661 5176 Transit
680 5132 730 5176 et
763 5121 1059 5192 pertransit
1088 5130 1349 5187 caeteros,
1379 5138 1501 5194 quae
1523 5122 1589 5177 ad
1616 5118 1892 5179 Christum
1921 5141 2041 5195 per-

442 5211 628 5268 venit:
655 5212 847 5266 transit
878 5204 1002 5266 fidei
1032 5212 1254 5280 merito,
1280 5220 1336 5268 et
1361 5228 1590 5281 Operum
1619 5215 1896 5283 claritate,
1920 5233 2039 5289 qua:

438 5302 583 5360 lucet
613 5300 755 5360 sicut
783 5300 946 5359 Sanir
974 5313 1030 5359 et
1059 5298 1330 5373 llermnn,
1361 5304 1464 5361 hoc
1491 5317 1575 5361 est
1595 5348 1612 5375 ,
1641 5308 1723 5361 via
1759 5307 1994 5365 lucerna:
2020 5328 2033 5365 :

441 5397 632 5450 transit
675 5394 907 5451 devictis
949 5392 1340 5453 tentationibus
1389 5399 1617 5468 saeculi,
1663 5406 1721 5456 et
1765 5389 2037 5471 superatis

510 5609 536 5706 ἒ
569 5599 686 5723 iiii:
711 5598 1625 5739 ἷιέίῗῧειῖἓεῗῗέιὲῑξ,Ῑ³³ρ¹ζρῖ¹⁸ιὲἶ¹¹ι¹ἶίιᾷῗ
1651 5614 1845 5730 ἔνθα·

507 5750 526 5780 α
565 5738 683 5795 Lib.
706 5739 775 5794 de
803 5737 980 5807 lsi-ac,
1010 5753 1127 5813 cap.
1155 5741 1222 5809 ὅ,
1251 5737 1398 5796 num.
1432 5743 1523 5803 47.

2152 4656 2289 4711 infra
2318 4673 2330 4708 :
2368 4653 2512 4709 Odor
2540 4655 2950 4709 vestimentorum
2988 4662 3195 4704 tuorum
3226 4651 3357 4705 sicut
3387 4650 3579 4705 Libani.
3604 4643 3714 4701 Vide

2150 4763 2309 4822 quem
2334 4747 2493 4802 nobis
2512 4746 2748 4812 tribuas,
2775 4745 2925 4816 virgo
2945 4782 2961 4810 ,
2992 4746 3340 4813 processum!
3370 4744 3570 4799 Primus
3587 4740 3711 4795 enim

2148 4841 2284 4896 odor
2318 4852 2439 4895 tuus
2469 4854 2631 4910 super
2672 4837 2853 4893 omnia
2885 4848 3128 4892 aromata
3150 4878 3165 4900 ,
3198 4853 3320 4908 qum
3365 4838 3419 4893 in
3449 4830 3710 4891 Salvatoris

2150 4936 2314 4992 missa
2363 4942 2491 4989 sunt
2535 4932 2815 5003 sepultura
2844 4972 2859 4997 ,
2901 4942 2955 4986 et
2999 4943 3246 4987 mortuos
3295 4931 3535 5003 corporis
3561 4935 3708 4981 motus

2148 5029 2629 5097 membrorumque
2673 5022 2882 5082 redolet
2928 5025 3131 5082 obiisse
3174 5025 3421 5081 delicias.
3461 5018 3705 5081 Secundus

2147 5123 2282 5178 odor
2334 5133 2487 5186 tuus,
2518 5121 2660 5175 sicut
2712 5119 2847 5174 odor
2898 5117 3125 5187 Libani,
3176 5117 3438 5175 Dominici
3491 5108 3704 5183 corporis

2147 5218 2550 5289 integritatem,
2595 5215 2864 5286 virgineae
2931 5212 3119 5269 florem
3176 5214 3441 5269 castitatis
3497 5204 3699 5265 exhalat.

2148 5310 2349 5366 Favum
2403 5311 2587 5381 itaque
2636 5308 2818 5364 mellis
2857 5315 2943 5362 tua
2999 5321 3163 5378 opera
3206 5311 3543 5375 componant.
3577 5294 3700 5354 Odor

2144 5406 2305 5462 etiam
2386 5403 2831 5461 vestimentorum
2905 5413 2988 5457 est
3053 5400 3192 5456 odor
3247 5406 3459 5456 actuum
3519 5402 3697 5450 nosno-

2205 5607 2233 5645 ά
2264 5605 2318 5678 in
2350 5607 2490 5678 psnl.
2514 5620 2712 5678 sunt,
2738 5618 2908 5661 serm.
2939 5604 2998 5660 ll
3022 5644 3039 5670 ,
3065 5619 3217 5660 num.
3243 5604 3299 5672 7,
3321 5604 3376 5661 8.

2209 5687 2232 5716 ο
2263 5675 2425 5744 lbid.,
2452 5692 2603 5731 num.
2631 5675 2719 5733 10⁷.

2207 5746 2227 5787 ί
2261 5747 2381 5808 Lib.
2408 5747 2516 5805 tde
2541 5746 2686 5823 Virg.
2709 5789 2726 5819 ,
2749 5760 2872 5827 cap.
2897 5749 2952 5819 7,
2976 5762 3125 5804 num.
3151 5744 3247 5807 59.
