3920 6312
134 280 271 353 tsos

1108 275 1151 332 Ε
1189 274 1601 338 SCRlPTl8.S.
1644 274 1967 336 AMBROSII
2001 277 2425 337 COLLEC'I‘US.

3294 290 3432 347 1910

130 396 271 454 rum.
297 404 324 433 α
348 394 590 453 Admove
617 393 780 465 igitur
802 406 992 449 manus
1008 392 1234 449 naribus
1254 393 1383 459 tuis,
1404 402 1465 449 et
1503 392 1730 451 odorem
1760 400 1808 458 Α
1837 397 2053 452 irrideat
2079 399 2356 470 prudentes
2378 415 2636 456 sermones
2657 410 2771 458 tuos
2800 400 2982 472 (Prov.
3008 418 3162 472 xxut,
3190 403 3265 477 9).
3290 404 3433 463 Evo-

130 500 346 545 actuum
370 495 592 542 tuorum
617 482 889 540 indefessa
910 498 975 541 ac
992 483 1243 553 pervigili
1260 482 1549 539 alacritate
1574 501 1727 542 mcu-

131 580 197 635 tis
218 577 479 648 explora.
503 576 760 632 Mulcebit
775 586 827 631 te
848 575 987 631 odor
1001 575 1245 633 dextera:
1267 584 1395 643 luat,
1413 586 1469 633 et
1485 576 1659 648 ﬂagra
1669 594 1731 632 u-

131 675 253 730 tiam
268 670 694 728 resurrectionis
709 679 798 726 tua
815 669 1059 726 membra
1082 669 1428 738 redolebuut,
1452 671 1728 741 myrrham

126 768 272 840 digiti
300 767 378 822 tui
404 764 718 831 sudabunt,
749 765 852 820 hoc
880 774 1005 829 est,
1025 779 1168 820 verae
1200 764 1325 820 lidei
1352 765 1587 835 gratiam
1619 766 1733 837 Spi-

127 861 298 916 ritalia
326 865 483 929 gesta
523 855 848 927 ﬂagrabunt.
874 857 1035 927 Capis
1072 872 1204 927 ergo
1224 898 1239 923 ,
1277 858 1455 929 virgo,
1489 872 1555 913 ex
1586 857 1730 915 inte-

128 952 267 1010 riore
291 962 386 1007 tuo
406 966 640 1021 corpore
660 950 987 1020 voluptatem
1005 991 1020 1014 ,
1043 958 1097 1005 et
1121 951 1235 1020 ipsa
1262 950 1359 1005 tibi
1381 950 1555 1007 dulcis
1570 991 1586 1017 ,
1612 952 1728 1022 ipsa

129 1051 222 1108 tibi
244 1050 425 1106 suavis
448 1063 511 1104 es
530 1090 545 1116 ,
574 1048 691 1119 ipsa
714 1047 810 1103 tibi
842 1046 1008 1119 (quod
1040 1048 1395 1119 peccantibus
1418 1061 1566 1119 smpe
1594 1062 1727 1106 con-

128 1143 299 1215 tingit)
328 1158 439 1197 non
471 1143 671 1214 incipis
690 1142 1014 1212 displicere.
1042 1140 1053 1148 ’

193 1235 278 1290 50.
318 1232 507 1307 (Vera.
527 1231 651 1305 εΗ.)
673 1230 701 1270 δ
731 1231 908 1287 Favus
930 1230 1221 1299 distillans,
1252 1232 1392 1287 labia
1414 1243 1530 1299 tua,
1563 1249 1727 1303 spon-

128 1345 200 1383 sa.
228 1326 643 1398 Furtim-itaque
671 1326 843 1382 mellis
869 1335 954 1382 tua
981 1341 1150 1396 opera
1171 1338 1537 1398 componant;
1562 1328 1724 1400 digna

127 1421 262 1477 enim
295 1421 586 1491 virginitas
624 1435 746 1491 qua:
789 1420 982 1490 apilms
1028 1432 1411 1492 comparetur,
1440 1423 1523 1478 sic
1571 1422 1724 1479 labo-

129 1515 264 1570 riosa
280 1554 295 1578 ,
318 1514 401 1569 sic
428 1512 627 1584 pudica
648 1554 666 1581 ,
692 1514 774 1568 sic
797 1513 1088 1569 continens
1113 1531 1126 1567 :
1157 1529 1283 1568 rore
1310 1515 1551 1585 pascitur
1574 1516 1722 1585 apis,

127 1609 291 1662 nescit
317 1605 678 1671 concubitus,
709 1606 871 1661 mella
902 1608 1202 1677 componit.
1236 1606 1345 1662 Bos
1372 1623 1587 1679 quoque
1616 1609 1726 1664 vir-

126 1700 338 1771 giniest
377 1715 566 1756 sermo
612 1699 873 1767 divinus;
915 1702 1040 1772 quia
1084 1702 1227 1757 sicut
1270 1718 1360 1759 ros
1409 1703 1503 1758 Dei
1555 1704 1719 1760 verba

1836 499 1947 543 met
1975 490 2121 544 enim
2152 498 2206 545 et
2234 489 2443 561 rejiciet
2462 504 2769 547 sermonem
2795 503 2941 547 tuum
2966 496 3288 568 stultus,qui
3312 499 3431 566 ejus

1834 581 2039 636 sentire
2092 596 2200 636 non
2250 591 2432 652 potest
2471 584 2814 640 suavitatem.
2869 585 3156 654 Quomodo
3204 599 3433 660 possunt

1834 674 2000 730 verba
2034 674 2124 730 Dei
2157 674 2332 731 dulcia
2360 689 2484 732 esse
2512 678 2565 731 in
2599 678 2844 733 faucibus
2881 679 3006 743 tuis,
3039 680 3092 735 in
3125 681 3320 749 quibus
3347 691 3431 736 est

1834 768 2142 823 amaritudo
2176 770 2470 840 nequitias?
2495 770 2779 840 Quomodo
2807 773 2908 828 mel
2934 784 2983 828 et
3020 774 3101 829 lac
3127 774 3219 829 sub
3251 774 3431 846 lingua

1832 871 1940 924 tua,
1971 877 2094 916 cum
2132 860 2319 917 dolum
2348 862 2527 931 lingua
2557 873 2643 918 tua
2673 876 2999 934 componat;
3033 873 3091 919 ut
3117 865 3261 921 aliud
3297 882 3430 935 pec-

1834 965 1951 1009 tore
1980 954 2278 1022 concipias,
2307 954 2451 1009 aliud
2484 953 2687 1010 forensi
2715 971 2971 1011 sermone
2999 956 3339 1027 praetendas,
3369 965 3429 1011 ut

1830 1045 2076 1118 decipias
2107 1047 2384 1102 incautum
2407 1047 2430 1102 ?
2451 1047 2583 1103 Cum
2617 1048 2713 1104 tibi
2744 1048 2938 1105 Petrus
2962 1049 3243 1118 apostolus
3263 1049 3427 1114 dicat,

1832 1150 1892 1195 ut
1932 1141 2173 1210 deponas
2200 1156 2417 1197 omnem
2452 1142 2708 1197 malitiam
2733 1184 2748 1209 ,
2776 1154 2830 1198 et
2859 1144 3039 1199 fucum
3070 1144 3431 1200 simulationis

1830 1232 2085 1302 abjicias,
2123 1233 2309 1288 dicens
2344 1251 2356 1287 ε
2406 1234 2556 1290 Sicut
2578 1236 2779 1289 dudum
2806 1236 2965 1306 geniti
2988 1237 3235 1304 infantes,
3264 1238 3428 1291 ratio-

1832 1324 2049 1380 nabiles
2072 1334 2127 1378 et
2163 1326 2274 1379 sine
2317 1325 2468 1393 dolo,
2509 1326 2591 1379 lac
2634 1326 2981 1396 concupiscite
3015 1326 3057 1398 (l
3092 1326 3209 1380 Pet.
3250 1342 3317 1391 ll,
3347 1325 3428 1397 2).

1830 1416 2138 1473 Ostendens
2167 1417 2311 1472 enim
2344 1418 2502 1474 nobis
2526 1419 2653 1490 quid
2679 1420 2749 1473 sit
2773 1420 2876 1474 mel
2905 1428 2961 1475 et
2984 1421 3065 1475 Iac
3096 1419 3301 1475 habere
3331 1421 3433 1474 sub

1830 1510 2035 1581 lingua,
2060 1509 2222 1566 docet
2251 1520 2307 1564 ut
2340 1526 2448 1565 non
2475 1511 2803 1567 maledicere
2835 1511 3306 1577 maledicentibus,
3333 1513 3428 1567 sed

1827 1601 2266 1659 benedictionem
2297 1601 2504 1658 referre
2526 1604 2840 1659 noverimus
2867 1621 2880 1658 :
2911 1604 3224 1659 nesciamus
3248 1603 3432 1659 odisse

1829 1696 1932 1749 nisi
1966 1696 2106 1751 viam
2137 1694 2462 1766 iniquitatis.
2494 1708 2549 1751 ut
2573 1696 2753 1751 facere
2777 1696 2921 1768 quod
2943 1711 3315 1765 exsecramur,
3340 1713 3429 1753 re-

125 1793 476 1857 descenduot.
508 1794 694 1853 Pudor
731 1795 958 1866 virginis
994 1805 1081 1851 est
1127 1798 1452 1853 intemerata
1489 1808 1716 1868 natura,

1835 1787 2058 1843 luctanti
2087 1802 2377 1843 caveamus
2405 1786 2619 1843 affectu.

127 1898 299 1957 partus
327 1888 558 1958 virginis
584 1896 671 1942 est
699 1887 843 1944 fetus
884 1888 1179 1956 lahiorum,
1209 1905 1437 1960 exspers
1458 1892 1725 1947 amaritu-

127 1981 262 2035 dinis
287 2023 303 2046 ,
334 1980 536 2036 fertilis
576 1982 862 2037 suavitatis
888 2000 902 2036 :
936 1983 990 2038 in
1022 1997 1315 2039 comnmne
1354 1984 1542 2052 labor,
1573 2002 1725 2042 com-

127 2074 291 2129 munis
320 2083 405 2130 est
435 2076 668 2131 fructus.
700 2075 872 2146 Quam
900 2084 954 2133 te
983 2078 1143 2133 velim
1176 2078 1340 2133 tiliam
1374 2081 1721 2138 imitatricem

128 2181 241 2222 esse
267 2168 425 2238 hujus
448 2168 721 2238 apiculae,
752 2169 912 2240 cujus
938 2169 1092 2226 cibus
1121 2169 1223 2227 ﬂos
1260 2179 1378 2238 est,
1412 2187 1510 2229 ore
1552 2173 1720 2229 sobo-

129 2260 202 2315 les
238 2261 432 2332 legitur
453 2298 468 2327 ,
498 2276 600 2317 ore
627 2263 995 2335 componitur.
1028 2264 1180 2320 Hanc
1209 2264 1424 2322 imitare
1453 2278 1509 2322 tu
1533 2309 1548 2334 ,
1577 2266 1720 2335 lilia;

134 2352 283 2409 verba
313 2366 400 2410 tua
435 2357 648 2412 nullum
697 2357 809 2413 doli
855 2359 1103 2416 velamen
1134 2361 1471 2430 obtendant,
1514 2364 1721 2420 nullum

131 2445 349 2503 habeant
396 2446 609 2511 fraudis
656 2448 1044 2517 itiVolucrum;
1097 2460 1154 2508 ut
1189 2462 1244 2507 ct
1290 2454 1578 2523 puritatem
1625 2455 1726 2511 ha-

134 2539 315 2606 beant,
340 2542 623 2612 .et‘plena
657 2544 943 2613 gravitatis
977 2543 1107 2598 sint.
1151 2544 1465 2601 Meritorum
1504 2562 1723 2618 quoque

136 2642 333 2687 tuorum
366 2633 461 2689 tibi
487 2642 697 2689 aeterna
731 2636 1022 2706 posteritas
1054 2647 1147 2692 tuo
1176 2652 1273 2693 ore
1310 2639 1591 2708 pariatur,
1622 2653 1722 2696 nec

136 2723 226 2778 soli
265 2723 393 2792 tibi,
438 2727 537 2782 sed
593 2727 756 2782 etiam
806 2726 1051 2797 pluribus
1094 2744 1395 2801 congreges
1442 2730 1568 2801 quid
1617 2733 1725 2789 scis

135 2820 264 2870 enim
294 2818 510 2887 quando
554 2834 589 2874 a
618 2829 671 2875 te
703 2831 790 2875 tua
821 2822 1006 2877 anima
1039 2833 1395 2893 reposcatur;
1430 2839 1498 2880 ne
1534 2841 1727 2897 recep-

140 2909 298 2964 tacula
330 2910 651 2967 horreorum
699 2912 994 2970 frumentis
1038 2899 1357 2971 coacervata
1406 2916 1722 2987 dimittens,

139 3019 229 3061 nec
255 3008 372 3063 vitae
401 3018 508 3067 tua:
552 3010 673 3066 usui
719 3010 899 3067 futura
947 3027 1049 3069 nec
1079 3013 1287 3068 meritis
1307 3056 1323 3082 ,
1357 3015 1588 3086 rapiaris
1615 3031 1682 3071 eo
1703 3056 1720 3084 ,

143 3114 239 3170 quo
277 3102 592 3159 thesaurum
641 3116 788 3160 tuum
822 3105 967 3161 ferre
996 3122 1104 3161 non
1139 3106 1336 3176 possis.
1375 3109 1532 3164 Dives
1563 3108 1727 3180 igitur

1897 1881 1986 1936 55.
2009 1879 2191 1952 (Vers.
2213 1879 2325 1943 12.)
2363 1889 2385 1918 α
2404 1878 2600 1935 Hortus
2616 1880 2887 1935 conclusus
2903 1896 3051 1935 soror
3064 1896 3175 1934 mea
3202 1897 3391 1951 sponsa
3409 1924 3423 1948 ,

1828 1975 2008 2030 hortus
2034 1975 2309 2029 conclusus
2329 2016 2343 2042 ,
2369 1975 2487 2045 fons
2516 1976 2775 2047 signatus.
2809 1974 3129 2031 Emissiones
3159 1985 3282 2043 tuae,
3313 1987 3421 2031 etc.

1827 2068 1909 2125 Eo
1953 2067 2097 2140 quod
2136 2068 2189 2124 in
2233 2067 2405 2123 hortis
2445 2067 2712 2139 ejusmodi
2768 2069 3086 2139 impressam
3138 2070 3432 2140 signaculis

1827 2160 2113 2231 imaginem
2165 2159 2290 2225 Dei,
2320 2159 2517 2214 sinceri
2543 2158 2708 2214 fontis
2740 2159 2881 2214 unda
2909 2156 3285 2230 resplendeat,
3322 2175 3422 2215 nec

1825 2254 2123 2311 volutabris
2147 2254 2508 2323 Spiritualium
2534 2252 2829 2308 bestiarum
2846 2267 3034 2322 Sparsa
3053 2268 3211 2308 emno
3223 2250 3425 2308 ﬂuenta

1828 2348 2137 2403 turbentur.
2164 2345 2297 2401 Hinc
2320 2345 2410 2400 ille
2437 2344 2633 2399 murali
2662 2353 2846 2415 septus
2870 2343 3063 2415 spiritu
3087 2342 3260 2414 pudor
3282 2345 3433 2400 clauo

1828 2441 2003 2507 ditur,
2038 2456 2104 2498 ne
2134 2447 2316 2510 pateat
2341 2437 2406 2493 ad
2431 2439 2695 2509 rapinam.
2727 2438 2911 2507 Itaque
2942 2439 3084 2492 sicut
3113 2437 3305 2493 hortus
3336 2436 3424 2492 fu-

1827 2534 1980 2590 ribus
2010 2533 2338 2599 inaccessus,
2367 2532 2529 2585 vitem
2554 2529 2785 2595 redolet,
2813 2528 3003 2599 ﬂagrat
3023 2528 3221 2596 oleam,
3245 2542 3425 2583 rosam

1828 2625 2084 2691 renidet;
2131 2633 2191 2679 ut
2225 2623 2278 2678 in
2307 2622 2420 2678 vite
2449 2621 2659 2693 religio,
2693 2621 2744 2674 iu
2775 2620 2892 2675 olea
2934 2635 3061 2690 pax,
3094 2620 3146 2674 in
3174 2634 3297 2674 rosa
3332 2634 3430 2689 pu-

1827 2718 1928 2775 dor
1958 2728 2184 2773 sacrataa
2216 2714 2537 2785 virginitatis
2560 2713 2842 2767 inolescat.
2871 2706 2969 2767 Hic
2997 2714 3080 2766 est
3104 2710 3240 2766 odor
3266 2722 3426 2782 quem

1826 2812 1996 2869 Jacub
2041 2810 2343 2882 patriarcha
2390 2807 2658 2880 ﬂagravit,
2687 2806 2906 2880 quando
2952 2804 3153 2863 meruit
3186 2807 3423 2864 audire:

1829 2905 1964 2960 Ecce
2011 2904 2142 2960 odor
2183 2904 2281 2974 ﬁlii
2325 2904 2463 2969 mei,
2510 2901 2642 2957 sicut
2692 2901 2819 2956 (dor
2861 2903 2975 2974 agri
3021 2900 3160 2971 pleni
3213 2898 3425 2974 (Genes.

1829 3014 2003 3065 xxv",
2042 2993 2158 3069 27).
2194 2996 2327 3051 Nam
2373 2996 2502 3050 licet
2530 2994 2722 3065 plenus
2747 2993 3001 3050 omnibus
3029 2993 3142 3049 fere
3164 2990 3431 3051 fructibus

1830 3090 2151 3164 patriarchae
2188 3091 2364 3146 sancti
2391 3088 2551 3144 fuerit
2577 3104 2736 3160 ager,
2773 3089 2862 3143 ille
2893 3100 3071 3145 tamen
3101 3086 3284 3161 fruges
3313 3105 3432 3144 ma-

142 3201 272 3259 esto,
299 3195 394 3251 sed
426 3197 691 3267 pauperi,
722 3206 784 3252 ut
812 3206 1019 3254 naturas
1050 3200 1345 3270 participes
1377 3211 1483 3256 tute
1503 3241 1519 3269 ,
1553 3178 1722 3272 parti-
1747 3185 1794 3250 C
1820 3184 1930 3256 jori
1980 3184 2195 3240 virtutis
2240 3183 2430 3239 labore
2458 3181 2770 3252 generavit,
2803 3178 3094 3272 hicﬂores.
3127 3182 3425 3254 Accingere

141 3286 274 3358 cipes
290 3288 398 3344 sint
428 3290 601 3346 etiam
628 3289 983 3346 facultatum.

202 3383 286 3438 5i.
324 3381 498 3439 Funus
529 3384 796 3439 distillans
823 3385 964 3440 labia
992 3394 1081 3440 tua
1107 3398 1315 3456 sponsa.
1362 3386 1496 3454 Quis
1533 3388 1605 3443 sit
1645 3387 1729 3442 fa-

142 3486 262 3542 vus,
288 3476 422 3532 doce
472 3493 595 3545 nos,
638 3478 921 3535 Salomon.
958 3478 1039 3535 Tu
1074 3480 1232 3547 enim
1279 3481 1465 3535 dixisti
1502 3499 1517 3536 :
1548 3480 1728 3537 Funus

143 3568 293 3623 mellis
318 3584 572 3625 sermones
603 3570 725 3625 boni
748 3570 939 3642 (Prov.
965 3587 1051 3627 xvs
1074 3612 1089 3639 ,
1118 3570 1236 3642 Si).
1268 3572 1334 3628 Et
1378 3588 1509 3629 vere
1546 3573 1727 3631 bonus

144 3654 280 3713 favus
302 3698 316 3727 ,
345 3676 504 3731 quem
538 3661 833 3718 mandocat
856 3662 1097 3718 Ecclesia
1119 3703 1134 3728 ,
1167 3664 1459 3720 multorum
1492 3665 1726 3736 prophe~

148 3756 302 3806 tarum
327 3755 471 3809 Velut
508 3766 673 3825 apum
706 3754 975 3824 spirituali
1006 3755 1252 3812 ubertate
1279 3771 1535 3829 congesta
1567 3758 1723 3814 mella

145 3841 478 3902 redolentem.
511 3848 628 3904 Hoc
658 3857 743 3903 est
768 3848 881 3903 mel
915 3848 983 3904 de
1008 3864 1118 3920 quo
1144 3850 1219 3903 ait
1246 3868 1256 3903 :
1289 3849 1605 3905 Manducavi
1630 3867 1726 3923 pa-

146 3950 247 3990 nem
273 3955 433 3995 meum
461 3957 585 3996 eum
630 3941 782 3997 melle
808 3958 921 3996 meo
950 3940 1125 4015 (Cant.
1159 3959 1187 3996 v
1208 3983 1222 4009 ,
1253 3943 1330 4012 l).
1359 3942 1581 3999 Stillant
1618 3944 1724 4000 mel

149 4026 271 4086 labia
314 4034 692 4104 prmdicantis,
720 4034 940 4105 quando
984 4036 1171 4091 collisa
1203 4035 1354 4091 duris
1381 4035 1601 4093 casibus
1640 4035 1724 4092 vel

151 4121 341 4189 ruinis,
378 4126 541 4197 lapsre
586 4128 1081 4184 anintze‘tuembra
1135 4129 1471 4183 refoventur.
1525 4125 1725 4184 Forum

151 4212 384 4273 distillant
405 4220 541 4275 labia
571 4230 678 4286 tua,
705 4238 922 4293 sponsa,
955 4222 1055 4277 mel
1077 4232 1125 4278 et
1154 4223 1235 4277 lac
1261 4221 1355 4276 sub
1384 4221 1567 4295 lingua
1600 4231 1726 4289 tua;

153 4320 205 4362 os
223 4308 354 4366 enim
378 4311 506 4384 justi
531 4315 758 4369 distillat
783 4315 1105 4385 sapientiam
1131 4332 1143 4369 :
1170 4316 1237 4371 de
1268 4330 1364 4370 ore
1386 4314 1520 4385 justi
1546 4315 1727 4369 suavia

155 4403 265 4459 tatis
296 4414 349 4461 et
376 4407 767 4464 misericordiae
796 4410 960 4465 mella
1002 4409 1301 4479 procedunt
1331 4428 1345 4463 :
1376 4409 1428 4464 in
1460 4425 1558 4465 ore
1594 4410 1725 4479 justi

154 4496 316 4553 nullus
357 4500 516 4557 dolus
542 4544 557 4569 ,
607 4503 757 4558 nulla
806 4504 1014 4560 fallacia
1040 4545 1054 4569 ,
1096 4505 1240 4560 nulla
1284 4515 1367 4560 est
1419 4504 1725 4561 amaritudo

1830 3280 2034 3348 itaque,
2059 3277 2236 3347 virgo,
2255 3283 2311 3332 et
2337 3275 2384 3331 si
2416 3275 2498 3330 vis
2528 3273 2841 3344 hujusmodi
2871 3271 2965 3328 tibi
2991 3282 3049 3329 ut
3071 3273 3426 3344 hortusaspi~

1827 3380 1942 3436 ret,
1971 3370 2307 3442 propheticis
2336 3382 2459 3424 eum
2489 3367 2680 3422 claude
2708 3366 2992 3438 praeceptis
3020 3384 3033 3420 :
3078 3360 3224 3422 Pone
3249 3376 3421 3422 custo-

1829 3466 1971 3519 diam
2000 3463 2075 3518 ori
2113 3473 2222 3531 tuo,
2246 3471 2295 3518 et
2316 3461 2504 3516 ostium
2530 3460 2929 3515 circumstantia
2954 3458 3104 3513 labiis
3125 3458 3225 3514 tuis
3247 3452 3424 3529 (Psnl.

1828 3573 1951 3623 CXL,
1980 3557 2057 3627 5).

1900 3647 1990 3703 54.
2020 3644 2044 3684 ἀ
2067 3645 2268 3703 Hortus
2293 3648 2565 3702 conclusus
2586 3660 2734 3700 soror
2749 3661 2861 3698 mea
2880 3659 3091 3714 sponsa,
3108 3643 3289 3697 hortus
3308 3658 3431 3698 con-

1828 3745 2036 3809 clusus,
2075 3747 2193 3814 fons
2229 3743 2502 3814 signatus;
2533 3739 2832 3794 emissiones
2874 3748 2974 3792 tua:
3008 3738 3283 3810 paradisus
3311 3753 3428 3791 ma-

1830 3837 1997 3891 lorum
2023 3835 2351 3907 punicorum,
2371 3850 2488 3887 cum
2515 3836 2691 3904 fructu
2716 3845 2984 3899 pontorum
3007 3828 3188 3901 Cypri.
3218 3828 3430 3885 Lauda-

1829 3940 1915 3985 tur
1944 3930 2150 4000 Sponsa
2177 3942 2243 3983 eo
2271 3926 2414 3997 quod
2437 3927 2636 3980 “hortus
2657 3924 2753 3990 sit,
2787 3922 2996 3977 habens
3026 3922 3078 3976 in
3109 3937 3171 3977 se
3199 3920 3425 3977 odorem

1827 4024 1940 4096 agri
1982 4023 2127 4079 illius
2170 4022 2348 4093 pleni,
2380 4020 2449 4076 de
2479 4035 2587 4091 quo
2618 4020 2750 4075 dicit
2780 4010 2926 4073 lsaac
2960 4033 2973 4071 :
3004 4014 3148 4071 Odor
3168 4014 3267 4087 ﬁlii
3294 4017 3424 4084 inci,

1828 4129 2085 4189 tamquam
2132 4118 2260 4172 odor
2303 4116 2419 4188 agri
2458 4115 2598 4187 pleni
2638 4113 2847 4188 (Cenes.
2897 4128 3070 4179 xxvu,
3109 4107 3256 4185 27)..
3282 4108 3426 4166 Bona

1827 4228 1959 4285 ergo
1998 4212 2177 4268 anima
2218 4210 2408 4282 ﬂagrat
2435 4210 2634 4265 odores
2654 4208 2907 4279 justitim.
2948 4206 3016 4263 Et
3044 4206 3278 4262 fortasse
3301 4208 3501 4285 ager/

1828 4283 1913 4363 est
1943 4307 2249 4375 patriarcha
2270 4347 2286 4374 ,
2319 4305 2509 4360 hortus
2550 4314 2630 4360 est
2677 4302 2855 4359 anima
2886 4301 3160 4357 inferioris
3178 4283 3433 4371 alicujus,

1827 4401 1983 4473 quasi
2013 4402 2131 4472 agri
2174 4400 2352 4472 portio
2384 4415 2399 4453 :
2431 4407 2488 4455 et
2519 4397 2717 4452 Hortus
2744 4395 3041 4462 conclusus,
3076 4411 3145 4451 ne
3174 4393 3427 4450 incurse-

1830 4502 1916 4549 tur
1938 4512 1964 4548 a
1994 4494 2184 4550 bestiis
2213 4512 2226 4549 :
2248 4502 2304 4550 et
2330 4490 2474 4547 Fons
2494 4492 2749 4562 signatus,
2778 4505 2897 4560 qua:
2919 4490 3228 4559 integritate
3250 4489 3431 4560 signa-

156 4594 358 4656 peccati.
390 4596 552 4653 Audit
591 4598 836 4655 Ecclesia
878 4599 1038 4655 verba
1067 4600 1230 4670 justi,
1264 4600 1415 4656 audit
1446 4601 1598 4671 plebs
1630 4601 1724 4659 Dei
1753 4569 1804 4630 D
1831 4587 1960 4651 culi,
1994 4584 2506 4655 perseverantiaque
2539 4581 2662 4638 fidei
2692 4582 2908 4652 propria
2940 4587 3157 4651 peccata
3186 4580 3429 4635 diluerit.

157 4682 300 4738 verba
329 4688 610 4757 sapientis,
634 4690 941 4748 delectatur
965 4694 1183 4765 alloquii
1214 4696 1483 4749 suavitate
1501 4735 1516 4762 ,
1551 4709 1730 4749 mora-

158 4771 215 4828 lis
234 4776 594 4848 disputationis
613 4784 959 4855 jucunditate
984 4787 1279 4852 mulcetur,
1304 4784 1529 4841 dicens:
1557 4785 1727 4851 Quam

159 4864 315 4923 dulcia
355 4876 587 4941 faucibus
614 4877 742 4932 meis
779 4878 933 4933 verba
971 4889 1096 4945 tua,
1134 4895 1292 4951 super
1321 4878 1422 4932 mel
1464 4887 1511 4931 et
1554 4878 1729 4948 {auum

161 4959 230 5010 ori
256 4976 359 5016 utea
393 4964 626 5034 (Psalm.
672 4985 865 5037 cxvm,
903 4971 1080 5044 103)!
1111 4972 1246 5040 Quia
1294 4971 1402 5025 mel
1447 4986 1608 5039 apum
1660 4971 1727 5026 ad

164 5046 330 5108 horam
367 5055 633 5128 delectat,
672 5062 770 5118 sed
820 5066 929 5118 cito
974 5078 1137 5133 sapor
1184 5063 1301 5133 ejus
1353 5061 1566 5136 1585
1605 5078 1733 5119 θνη-

164 5146 348 5216 ¹¹θ⁸θίίν
378 5161 431 5206 ει
459 5153 774 5228 plerumque
800 5159 1010 5215 viscera
1040 5158 1233 5215 vitiosa
1274 5159 1539 5214 laeduntur
1564 5176 1577 5212 :
1610 5173 1731 5213 ver-

166 5230 335 5323 borum
381 5252 555 5301 autem
606 5250 890 5306 muralium
922 5253 1024 5308 etsi
1074 5261 1321 5323 pungunt
1368 5252 1564 5318 mella,
1621 5266 1729 5308 non

166 5320 367 5385 ltedunt.

227 5420 310 5477 52.
345 5422 617 5498 Cognosce
656 5442 833 5489 tamen
866 5436 950 5490 cui
979 5436 1069 5491 illa
1105 5436 1432 5503 credantur;
1466 5437 1730 5507 scriptum

168 5519 240 5565 est
266 5517 437 5574 enim:
469 5520 534 5577 In
553 5540 731 5580 aurem
756 5527 1047 5600 insipientis
1079 5529 1213 5584 nihil
1228 5529 1370 5585 dicas
1388 5547 1408 5597 ;
1441 5546 1504 5586 ne
1524 5532 1732 5600 quando

236 5652 259 5732 ξ
424 5653 491 5732 de
520 5654 866 5732 virginitate,
891 5674 1011 5732 cap.
1044 5660 1113 5717 12
1133 5704 1148 5728 ,
1189 5678 1339 5718 num.
1367 5663 1454 5719 75.

236 5715 261 5802 ιτ
289 5718 398 5802 με).
423 5740 439 5780 t
460 5726 529 5802 de
559 5715 705 5802 Yi‘rg.
729 5771 744 5795 ,
1003 5715 1166 5792 Vnum.
1191 5715 1285 5790 λδ.

245 5799 263 5826 τ
294 5790 404 5855 Lib.
433 5812 450 5859 ι
477 5798 543 5855 de
571 5790 805 5877 vnio...
836 5790 1042 5877 capuli.
1077 5790 1229 5865 num.
1260 5806 1353 5865 65.
1414 5857 1430 5870 ,

1834 4680 1968 4735 Nam
2017 4680 2107 4748 qui
2139 4678 2206 4733 de
2238 4677 2485 4733 Ecclesia
2514 4675 2825 4746 acceperit;
2855 4673 3018 4729 habet
3041 4672 3185 4744 quod
3218 4672 3286 4727 ad
3317 4674 3430 4728 vir-

1833 4772 2074 4843 ginitatis
2103 4771 2331 4842 gratiam
2370 4770 2604 4831 referat;
2635 4784 2702 4823 eo
2742 4766 2885 4838 quod
2924 4768 2977 4821 in
3008 4767 3257 4836 paradiso
3287 4767 3435 4823 dele-

1834 4864 2089 4921 ctationis
2132 4864 2306 4937 posita
2338 4863 2455 4918 sine
2478 4862 2662 4917 labore
2693 4859 2896 4915 fructus
2922 4860 3099 4929 capiat
3126 4859 3430 4929 spiritales,
3472 4855 3478 4863 ’

1836 4970 1895 5016 ιιι
1942 4961 1989 5015 ei
2037 4958 2466 5031 patriarcharum
2512 4954 2706 5009 animat
2753 4953 2916 5008 rurali
2965 4951 3196 5024 quodam
3235 4950 3434 5008 anima:

1839 5070 1953 5110 sure
1997 5054 2184 5109 labore
2222 5053 2425 5107 fructus
2460 5063 2588 5104 suos
2626 5046 2943 5113 conferant,
2976 5062 3083 5117 quo
3111 5046 3212 5100 ista
3239 5061 3437 5118 capere

1839 5150 2010 5220 possit
2031 5155 2344 5219 perpetuam
2373 5145 2693 5200 suavitatem
2720 5160 2733 5196 :
2757 5159 2876 5212 qua:
2903 5142 3094 5197 merito
3117 5139 3238 5197 fons
3254 5140 3436 5214 signa-

1838 5254 1922 5299 tus
1972 5243 2189 5310 dicitur,
2227 5255 2293 5297 eo
2322 5237 2464 5310 quod
2497 5238 2674 5310 imago
2696 5240 2749 5291 in
2781 5235 2872 5291 illa
2903 5234 2997 5291 Dei
3019 5233 3304 5291 invisibilis
3336 5249 3430 5290 ex-

1837 5339 2120 5409 primatur.

1909 5432 1979 5489 55
2028 5439 2052 5468 °
2098 5427 2295 5483 Hortus
2339 5423 2611 5480 conclusus
2657 5438 2803 5479 soror
2852 5438 2964 5478 mea
2993 5436 3215 5493 sponsa,
3255 5420 3437 5475 [tortus

1840 5526 2148 5591 conclusus,
2179 5522 2296 5594 fons
2331 5521 2587 5593 signatus.
2615 5516 2818 5572 Omnes
2858 5516 3111 5571 doctores
3134 5525 3442 5584 congruunt

1920 5659 1947 5698 ἀ
1970 5660 2092 5718 Lib.
2118 5658 2190 5715 de
2214 5658 2383 5720 lsaac,
2423 5669 2545 5724 cap.
2575 5654 2631 5721 5,
2664 5664 2816 5709 num.
2845 5655 2935 5709 48.

1923 5744 1946 5772 ε
1979 5732 2149 5803 Epist.
2181 5730 2247 5786 ad
2269 5728 2551 5785 Sabinum.
