3920 6318
541 273 671 328 1911

1468 263 2015 323 COMMENTARIUS
2057 263 2121 319 IN
2159 261 2451 318 CANTICA
2483 259 2751 316 CANTIC.

3695 263 3797 320 19ιὲ

536 385 590 440 ln
646 385 898 456 paradiso
924 428 939 453 ,
989 396 1039 441 et
1083 386 1287 455 lignum
1337 385 1460 439 vitae
1509 383 1806 436 radicatam
1839 392 1892 438 et
1932 383 2130 452 lignum
2159 381 2213 442 A
2240 378 2460 434 faceret.
2491 377 2619 433 Haec
2645 393 2774 448 ergo
2805 376 2969 434 nobis:
2994 377 3134 434 sicut
3162 391 3388 448 serpens
3417 377 3665 431 astutiam
3691 378 3798 435 infu-

534 481 816 547 scientiae,
860 496 969 550 quo
1005 479 1281 534 discernat
1319 479 1519 532 bonum
1568 486 1623 531 et
1664 475 1862 530 malum
1908 493 1921 529 :
1976 486 2137 531 caete-

536 589 706 644 raque
749 573 893 643 ligna
937 572 1093 642 plena
1119 569 1322 641 vigoris
1342 613 1354 635 ,
1386 571 1547 640 plena
1579 568 1992 632 vivificationis,
2027 569 2139 638 spi-

535 668 707 724 rantia
739 677 796 722 et
814 666 1178 722 rationabilis.
1206 665 1284 720 Ex
1307 665 1502 734 quibus
1523 663 1798 734 colligitur
1824 662 2134 733 paradisum

534 763 709 832 ipsum
743 771 1019 816 terrenum
1047 759 1216 815 videri
1241 773 1420 830 posse,
1447 773 1555 813 non
1579 757 1632 812 in
1662 757 1783 812 solo
1806 755 2012 826 aliquo,
2039 754 2134 811 sed

533 854 592 910 in
646 863 834 910 nostro
878 852 1202 926 principali,
1252 866 1360 922 quo
1405 851 1680 904 animatur
1725 857 1781 903 et
1829 847 2136 914 vivificalur

533 947 717 1002 anima
758 945 1051 1001 virtutibus
1083 953 1139 1000 et
1169 943 1442 998 infusione
1479 943 1713 1012 Spiritus
1743 943 1936 996 sancti.
1976 941 2137 996 Deni-

533 1057 637 1112 quc
685 1040 944 1096 Salomon
988 1041 1042 1094 in
1089 1038 1286 1108 spiritu
1335 1037 1642 1107 paradisum
1676 1036 1728 1090 in
1762 1035 1982 1092 homine
2011 1051 2134 1091 esse

532 1133 819 1188 evidenter
854 1132 1175 1188 declaravit.
1218 1131 1282 1186 Et
1315 1131 1440 1201 quia
1475 1130 1732 1201 mysteria
1761 1129 2018 1197 exprimit
2049 1129 2132 1184 vel

533 1225 732 1280 animae
762 1232 818 1280 et
846 1223 1035 1287 Verbi,
1070 1223 1152 1278 vel
1184 1220 1386 1278 Christi
1416 1231 1471 1277 et
1492 1221 1785 1286 Ecclesiae;
1815 1221 1940 1277 ideo
1969 1219 2134 1277 aitde

531 1321 742 1390 virgine
790 1319 970 1374 anima
1000 1319 1084 1374 vel
1119 1317 1394 1386 Ecclesia,
1427 1334 1584 1388 quam
1627 1318 1842 1374 volebat
1869 1318 2129 1389 virginem

531 1421 736 1466 castam
781 1412 1063 1480 assignare
1100 1409 1320 1465 Chrism
1357 1427 1367 1462 :
1403 1409 1691 1465 Paradistts
1723 1412 1955 1475 clausus,
1985 1427 2133 1466 soror

529 1521 643 1559 mea
674 1521 882 1573 sponsa,
919 1503 1196 1572 paradisus
1223 1502 1454 1568 clausus,
1485 1507 1601 1576 {om
1623 1505 1876 1576 signatus.
1909 1503 2133 1558 Paradi-

529 1613 623 1652 stts
651 1597 864 1662 Graece,
895 1596 1090 1652 Latine
1129 1597 1322 1652 hortus
1351 1596 1573 1652 dicitur.
1609 1596 1855 1667 Denique
1883 1596 2130 1652 Susanna

529 1691 582 1745 in
615 1691 868 1762 paradisi)
915 1700 1062 1758 erat,
1104 1701 1160 1746 et
1199 1691 1280 1746 sic
1313 1690 1514 1761 legitur
1553 1690 1756 1746 latine:
1790 1699 1846 1746 et
1873 1691 2040 1746 Adam
2076 1693 2130 1746 itt

2241 469 2319 525 dit
2345 486 2358 531 :
2407 483 2511 524 non
2543 471 2686 526 enim
2722 470 3038 534 delectatio,
3063 467 3158 524 sed
3180 468 3336 524 labor
3367 480 3424 526 et
3446 468 3690 525 diuturna
3711 487 3798 526 nte-

2241 564 2435 620 ditatio
2472 581 2594 620 cum
2641 564 2735 618 Dei
2783 564 2956 634 gratia
2993 561 3089 619 dat
3131 561 3426 632 perfectam
3474 562 3796 634 prudentiam.

2240 659 2446 715 Tamen
2478 659 2604 730 quia
2637 658 2909 728 serpentis
2939 656 3218 712 fraudibus
3243 657 3481 711 involuta
3510 667 3593 712 est
3620 656 3798 713 humani

2239 754 2457 824 generis
2491 751 2783 807 haereditas
2806 794 2819 818 ,
2852 735 2916 806 in
2951 767 3019 806 eo
3055 752 3310 806 astutiam
3346 750 3620 822 serpentis
3641 767 3800 822 sequa-

2239 863 2392 916 mur,
2429 857 2483 904 ut
2509 857 2674 919 caput
2705 857 2948 902 nostrum
2983 860 3089 902 u0n
3122 846 3548 918 projiciamusin
3574 846 3799 917 pericula,

2237 941 2333 997 sed
2364 955 2472 1010 pra:
2494 939 2714 996 cmteris
2743 938 3011 1010 integrum
3036 937 3438 1005 custodiamus;
3473 948 3634 1008 caput
3654 949 3800 994 autem

2238 1044 2484 1090 nostrum
2507 1032 2754 1088 Christus
2781 1043 2886 1089 est.
2920 1032 3032 1086 lloc
3065 1039 3285 1087 maneat
3313 1031 3607 1095 incolume,
3635 1043 3689 1086 ut
3709 1046 3801 1088 εει·-

2239 1129 2417 1201 pentis
2457 1142 2663 1184 venena
2695 1127 2851 1182 nobis
2880 1141 2986 1181 non
3017 1127 3229 1196 possint
3259 1139 3494 1180 nocere:
3524 1125 3659 1180 bona
3681 1124 3797 1180 enim

2235 1231 2318 1278 est
2345 1219 2614 1292 sapientia
2641 1235 2765 1275 cum
2800 1218 3142 1284 haereditate,
3176 1217 3226 1273 id
3256 1228 3361 1281 est,
3387 1232 3512 1272 eum
3543 1216 3671 1284 fide;
3691 1233 3798 1289 quo.

2236 1314 2382 1369 niam
2415 1322 2494 1369 est
2524 1311 2814 1367 harreditas
2841 1310 3180 1366 credentium
3209 1311 3260 1365 in
3285 1309 3539 1365 Domino.

2307 1407 2397 1464 58.
2441 1406 2595 1474 Quod
2626 1411 2670 1459 si
2716 1405 2921 1476 primus
2950 1405 3134 1469 homo,
3157 1406 3248 1475 qui
3280 1421 3401 1460 cum
3437 1404 3549 1460 Deo
3579 1403 3801 1474 loqueba-

2236 1510 2325 1557 tur
2365 1501 2419 1556 in
2455 1500 2707 1570 paradiso
2743 1500 2983 1570 positus,
3030 1499 3137 1553 labi
3179 1509 3286 1553 tam
3324 1497 3483 1554 facile
3515 1499 3709 1570 potuit,
3745 1514 3798 1553 ex

2237 1605 2380 1650 terra
2425 1603 2646 1650 creatus
2675 1593 2886 1664 virgine
2919 1634 2932 1658 ,
2968 1608 3090 1664 quae
3115 1592 3183 1647 ad
3212 1592 3436 1647 verbum
3475 1591 3571 1647 Dei
3602 1591 3798 1647 formata

2234 1699 2289 1743 et
2314 1699 2498 1744 creata
2533 1690 2734 1743 recenti
2765 1687 2946 1743 fuerat
2974 1696 3168 1741 exortu
3194 1728 3206 1751 ,
3238 1685 3479 1740 nondum
3512 1701 3575 1740 ea
3607 1685 3798 1756 parrici-

524 1786 778 1853 paradiso
816 1795 964 1849 erat,
997 1793 1052 1840 et
1084 1785 1162 1840 sic
1205 1785 1456 1855 legimus.
1500 1784 1645 1855 Ergo
1684 1801 1790 1838 non
1835 1795 1885 1839 te
1912 1794 2129 1840 moveat
2159 1776 2205 1836 B
2232 1780 2341 1837 dali
2369 1789 2803 1850 caeteroruntque
2833 1789 3089 1836 concreta
3111 1779 3396 1850 sanguine,
3417 1777 3632 1849 flagitiis
3657 1777 3796 1833 etde-

528 1877 673 1947 quod
713 1877 804 1932 alii
849 1878 1067 1933 codices
1100 1878 1249 1932 latini
1280 1877 1498 1932 hortum
1535 1877 1766 1945 habent,
1796 1877 1887 1932 alii
1915 1877 2128 1949 paradi-

526 1981 668 2022 sum.
716 1968 792 2024 lbi
837 1984 969 2040 ergo
1019 1979 1103 2025 est
1133 1979 1282 2024 easta
1326 1984 1492 2036 uxor,
1535 1971 1626 2024 ubi
1667 1979 1721 2025 et
1763 1971 1934 2040 virgo.
1977 1971 2128 2026 Licet

521 2064 676 2134 virgo
715 2076 943 2136 excepta
985 2065 1180 2121 habeat
1215 2067 1451 2121 claustra
1485 2083 1577 2121 sua
1611 2077 1666 2122 ct
1701 2069 1998 2139 signacula,
2028 2069 2123 2125 sed

525 2166 752 2227 utraque
793 2159 845 2212 in
899 2157 1190 2228 paradiso;
1243 2167 1302 2213 ut
1340 2158 1630 2214 adversum
1673 2168 1838 2216 aestus
1878 2162 2125 2231 corporis

526 2260 582 2304 et
627 2251 809 2306 carnis
843 2249 1180 2321 ﬂagrantiam
1222 2253 1577 2323 refrigeretur
1609 2253 1866 2309 virtutum
1908 2255 2123 2310 umbra-

517 2342 681 2398 culis.

602 2437 691 2492 56.
734 2437 876 2509 Ergo
899 2438 1182 2509 paradisus
1203 2439 1257 2495 in
1291 2440 1577 2511 principali
1617 2453 1806 2496 nostro
1830 2451 1934 2509 est,
1959 2441 2121 2498 silve«

517 2543 678 2586 scens
705 2531 1062 2600 plurimarum
1087 2531 1406 2602 opinionum
1432 2533 1735 2602 plantariis,
1763 2534 1814 2588 in
1838 2550 1946 2606 quo
1974 2536 2122 2605 priu-

520 2624 771 2696 ripaliter
813 2624 1016 2696 lignum
1049 2627 1174 2680 vitae
1205 2626 1488 2681 constituit
1515 2627 1658 2682 Deus
1678 2669 1692 2693 ,
1722 2627 1772 2682 id
1801 2636 1917 2694 est,
1951 2628 2119 2698 pieta-

523 2714 592 2768 tis
633 2713 894 2769 radicem.
933 2717 1004 2770 Ea
1045 2726 1128 2771 est
1153 2718 1298 2771 enim
1337 2717 1460 2772 vitae
1493 2727 1692 2772 nostra:
1718 2719 2040 2788 substantia,
2071 2722 2116 2775 si

516 2806 750 2862 Domino
777 2817 830 2862 et
854 2808 967 2863 Deo
996 2818 1182 2863 nostro
1211 2809 1426 2882 1586
1451 2809 1668 2866 debitos
1693 2812 1874 2866 cultus
1895 2812 2079 2868 defera
2096 2843 2109 2853 -

513 2912 656 2954 mus.
689 2897 981 2954 Constituit
1012 2902 1174 2955 etiam
1205 2903 1449 2957 scientiae
1478 2903 1605 2958 boni
1637 2912 1692 2959 et
1721 2905 1847 2960 mali
1878 2906 2115 2960 semina-

511 2992 686 3059 rium;
719 2992 884 3049 bomo
913 2993 1058 3049 enim
1088 2995 1236 3050 solus
1267 2996 1322 3051 itt
1355 2998 1570 3053 caeteris
1600 2999 1968 3056 animantibus
2001 3013 2112 3056 ter-

510 3083 681 3148 renis,
722 3085 884 3140 habet
914 3085 1197 3141 scientiam
1235 3086 1362 3141 boni
1393 3097 1447 3142 et
1472 3089 1620 3142 mali.
1656 3091 1775 3145 Alia
1803 3105 2020 3162 quoque
2049 3093 2113 3146 il-

2230 1873 2432 1929 decnre
2459 1873 2684 1943 polluta,
2717 1871 2958 1928 nondum
2982 1887 3148 1928 carne
3177 1881 3360 1927 nostra
3383 1870 3635 1926 damnata
3659 1869 3796 1924 malr-

2228 1969 2380 2024 dicto
2421 1969 2670 2024 obnoxia:
2711 1967 3050 2024 hatreditatis
3085 1985 3098 2021 :
3137 1977 3342 2038 quanto
3369 1967 3581 2022 facilius
3620 1974 3793 2036 postea,

2229 2061 2436 2117 lubrica
2483 2061 2551 2116 ad
2598 2061 2934 2132 peccandum
2978 2059 3095 2127 via,
3129 2060 3303 2130 majus
3345 2059 3565 2115 advexit
3592 2059 3792 2113 humano

2227 2155 2413 2226 generi
2457 2154 2855 2226 prmcipitium,
2905 2169 3027 2209 cum
3072 2153 3311 2208 deterior
3346 2152 3691 2208 tolerabiliori
3717 2165 3792 2221 per

2228 2247 2374 2302 vices
2415 2246 2786 2318 generationis
2823 2245 3180 2302 successerit!
3216 2244 3436 2300 Etenim
3463 2248 3507 2299 si
3548 2251 3790 2314 magnetes

2228 2339 2366 2410 lapis
2408 2348 2612 2395 tantam
2660 2350 2870 2396 natura:
2917 2340 3027 2395 vim
3073 2339 3274 2404 habet,
3307 2349 3368 2394 ut
3408 2340 3610 2394 ferrum
3649 2337 3710 2392 ad
3743 2351 3789 2392 se

2227 2433 2438 2500 trahat,
2484 2442 2538 2488 et
2581 2432 2930 2488 transfundat
2974 2448 3033 2487 se
3078 2432 3129 2486 in
3174 2431 3321 2488 illius
3361 2431 3629 2503 speciem;
3656 2429 3789 2486 itaut

2225 2524 2499 2595 plerisque
2541 2525 2778 2595 experiri
2822 2524 3169 2592 volentibus,
3205 2539 3329 2579 cum
3371 2524 3558 2594 plures
3591 2522 3786 2579 annulos

2225 2615 2434 2673 ferreos
2462 2617 2530 2671 ad
2559 2632 2682 2672 eum
2717 2617 2948 2688 lapidem
2977 2616 3342 2683 admoverint,
3374 2631 3567 2672 onmes
3598 2618 3701 2686 pari
3725 2621 3786 2668 te-

2225 2722 2351 2767 neat
2379 2711 2542 2766 modo
2577 2712 2809 2768 :deinde
2837 2713 2884 2768 si
2914 2713 2963 2768 ei
2994 2713 3198 2768 annulo
3221 2713 3309 2768 cui
3338 2711 3629 2767 adhmserit
3652 2709 3780 2779 lapis,

2221 2805 2385 2859 alium
2430 2804 2722 2860 admoveas
2768 2807 3028 2862 annulum
3050 2848 3064 2873 ,
3099 2813 3154 2861 et
3193 2819 3408 2860 rursum
3441 2820 3536 2874 per
3569 2802 3781 2859 ordinem

2220 2897 2453 2968 singulis
2493 2898 2830 2965 substituas;
2874 2899 3002 2954 licet
3031 2901 3082 2953 in
3111 2915 3302 2954 omnes
3333 2907 3582 2968 penetret
3606 2912 3694 2968 per
3711 2910 3782 2950 or-

2217 2990 2396 3045 dinem
2419 3007 2486 3046 ex
2512 2992 2604 3048 illo
2633 2991 2813 3063 lapide
2841 2994 2920 3048 vis
2945 2999 3186 3055 naturae,
3222 3003 3401 3048 tamen
3435 2993 3636 3062 priores
3663 3003 3778 3044 nexu

2217 3084 2632 3141 vehementiore
2671 3085 3027 3156 constringit,
3079 3085 3415 3156 posteriores
3451 3083 3775 3140 remissiore:

509 3174 582 3230 lic
627 3176 889 3246 plantaria
927 3177 1165 3243 diversa,
1201 3193 1433 3247 quorum
1463 3180 1669 3236 fructus
1697 3160 2104 3238 virttttcssuttt.
2136 3160 2182 3224 θ
2215 3187 2418 3248 quanto
2444 3178 2614 3247 magis
2643 3178 2864 3232 humani
2893 3178 3110 3248 generis
3141 3177 3383 3234 condilio
3405 3188 3564 3249 atque
3591 3184 3773 3240 ηθιυηιι

509 3270 618 3326 Sed
660 3273 785 3343 quia
836 3273 1082 3329 scientia:
1111 3289 1283 3343 capax
1323 3274 1559 3330 hominis
1598 3276 1822 3333 affectus
1862 3279 2110 3350 cognitus

509 3376 594 3422 est
645 3382 673 3421 a
727 3368 869 3435 Deo,
919 3370 1062 3440 quod
1112 3371 1273 3426 citius
1322 3369 1386 3424 ad
1429 3370 1685 3426 astutiam
1719 3372 2103 3441 inclinaretur,

509 3473 670 3528 quam
709 3461 774 3515 ad
821 3478 1092 3517 summum
1132 3462 1466 3532 prudentiae;
1505 3480 1682 3534 neque
1721 3481 1842 3521 eum
1870 3467 2104 3536 judicent

509 3553 601 3623 qui
647 3554 782 3612 lines
827 3567 1008 3611 certos
1049 3557 1100 3611 in
1139 3557 1320 3612 anima
1353 3566 1537 3611 nostra
1569 3558 1880 3626 constituit,
1924 3563 2106 3631 operis

506 3647 592 3702 sui
619 3650 850 3718 qualitas
885 3650 1053 3706 latere
1082 3658 1331 3722 poterat:
1357 3650 1642 3707 eliminare
1665 3651 2102 3712 voluitastutiam

501 3740 572 3796 de
597 3742 867 3812 paradiso,
898 3744 1050 3812 quasi
1084 3741 1340 3812 providus
1362 3751 1552 3798 auctor
1581 3753 1779 3798 nostra:
1811 3745 2026 3814 salutis,
2051 3757 2105 3803 ct

507 3833 632 3889 vitae
659 3833 900 3890 studium
929 3846 982 3890 et
1009 3834 1353 3906 disciplinam
1382 3834 1601 3905 pietatis
1625 3835 1927 3892 infundere.
1954 3837 2104 3894 Ideo-

500 3943 606 3996 que
637 3930 898 3998 przeccpit
927 3929 1156 3996 homini,
1197 3928 1266 3983 ab
1295 3928 1446 3984 omni
1475 3927 1620 4000 ligno
1650 3929 1792 4000 quod
1817 3932 1973 3986 estin
2007 3947 2101 4004 pa—

500 4020 686 4076 radiso
725 4021 1084 4092 gustandum,
1123 4021 1192 4077 de
1218 4022 1364 4092 ligno
1395 4030 1574 4076 autem
1613 4023 1857 4079 scientia:
1887 4024 2012 4079 boni
2044 4035 2100 4081 et

498 4113 628 4167 mali
669 4130 775 4168 non
820 4128 942 4168 esse
971 4113 1317 4183 gustandum.
1350 4115 1456 4170 Sed
1484 4115 1610 4185 quia
1641 4126 1892 4171 creatura
1919 4120 2096 4174 omnis

495 4204 738 4274 passioni
790 4205 1022 4259 obnoxia
1063 4214 1178 4269 est,
1216 4205 1338 4260 ideo
1376 4206 1668 4260 delectatio
1707 4208 1845 4263 sicut
1872 4224 2097 4282 serpen-

494 4295 612 4349 tino
643 4295 833 4367 illapsu
862 4295 1113 4350 butnanis
1145 4297 1362 4366 irrepsit
1389 4296 1692 4354 affectibus.

567 4389 660 4445 57.
694 4389 879 4461 Itaque
910 4404 1018 4444 non
1055 4391 1328 4446 immerito
1367 4400 1587 4446 sanctus
1616 4391 1829 4464 Moyses
1857 4392 2092 4452 delecta-

398 4470 402 4473 ’
490 4483 694 4538 tionem
739 4483 1010 4552 serpentis
1050 4483 1299 4553 figuravit
1349 4483 1747 4552 similitudine;
1801 4501 1966 4555 prona
2008 4499 2092 4545 cst

2212 3286 2277 3326 ex
2305 3269 2519 3341 puriore
2548 3281 2692 3326 statu
2721 3272 2774 3326 in
2815 3271 3148 3327 deteriorem
3179 3272 3327 3342 lapsa
3355 3281 3461 3336 est,
3489 3281 3682 3342 quanto
3699 3283 3775 3323 ne-

2209 3364 2455 3434 quiorem
2499 3365 2672 3435 attigit
2698 3366 2711 3419 !
2747 3363 2877 3419 Nam
2907 3364 2954 3419 si
2982 3380 3083 3435 per
3109 3380 3201 3420 eas
3230 3366 3445 3434 Species
3472 3364 3774 3420 imminuitur

2210 3465 2425 3522 natura,
2458 3472 2577 3528 anc
2603 3472 2709 3512 non
2741 3467 2869 3513 sunt
2899 3457 3073 3526 culpa:
3095 3473 3325 3527 capaces
3358 3477 3371 3513 :
3404 3466 3602 3529 quanto
3627 3452 3772 3525 magis

2209 3564 2306 3620 per
2330 3549 2543 3604 animos
2575 3559 2740 3620 atque
2767 3559 2920 3605 artus
2949 3550 3070 3606 labe
3104 3551 3340 3621 pollutos
3371 3550 3650 3616 scelerum,
3680 3546 3772 3601 vir-

2209 3641 2424 3712 tnsejus
2451 3641 2738 3698 hebetatur
2765 3644 2777 3697 !
2811 3642 2966 3699 Unde
2987 3644 3115 3715 quia
3144 3642 3396 3700 vincente
3425 3639 3770 3707 malitia,abo-

2206 3733 2298 3790 lita
2348 3734 2656 3790 innocentia
2707 3736 2901 3801 fuerat,
2945 3753 3050 3792 nun
3083 3748 3201 3792 erat
3235 3739 3326 3808 qui
3351 3737 3553 3792 faceret
3579 3733 3766 3792 bonita-

2205 3839 2336 3897 tem,
2386 3846 2494 3884 non
2544 3839 2661 3886 erat
2705 3846 2878 3902 usque
2925 3831 2992 3886 ad
3039 3847 3228 3886 unum.
3269 3830 3431 3887 Venit
3458 3845 3584 3902 ergo
3609 3824 3767 3884 Domi-

2203 3937 2328 3991 nus,
2351 3923 2440 3995 qui
2472 3923 2794 3981 reformat-et
2821 3937 3026 3980 natura:
3053 3926 3305 3996 gratiam,
3337 3928 3504 3982 immo
3529 3929 3760 3996 augeret;

2203 4025 2262 4072 ut
2311 4016 2402 4072 ubi
2445 4017 2911 4089 superabundavit
2959 4030 3277 4090 peccatum,
3323 4015 3763 4092 superabundant

2201 4112 2392 4183 gratia.

2271 4208 2360 4264 59.
2410 4207 2555 4280 Ergo
2603 4209 2773 4280 liquet
2816 4209 2939 4281 quia
2983 4218 3175 4264 auctor
3223 4209 3465 4265 hominis
3508 4209 3671 4271 Deus,
3709 4209 3760 4259 et

2196 4302 2340 4373 quod
2383 4317 2525 4358 unus
2566 4303 2738 4373 Deus,
2771 4318 2876 4358 non
2909 4303 3061 4358 multi
3093 4301 3197 4366 dii,
3229 4302 3325 4358 sed
3354 4319 3491 4358 unus
3519 4300 3602 4372 qui
3623 4312 3755 4353 mun-

2195 4395 2324 4450 dum
2354 4407 2610 4467 operatus
2636 4405 2741 4464 est,
2768 4408 2820 4453 et
2846 4413 3009 4452 unmu
3028 4439 3043 4464 ,
3077 4411 3184 4453 non
3219 4398 3422 4456 multos
3445 4397 3677 4462 mundos,
3705 4399 3757 4446 ut

2195 4488 2385 4542 dicunt
2436 4488 2764 4560 philosophi.
2797 4489 3036 4545 Primum
3073 4505 3204 4562 ergo
3241 4491 3503 4547 mundum
3542 4484 3751 4549 creavit.

487 4575 636 4631 enim
671 4575 724 4630 in
766 4585 1013 4632 ventrem
1057 4577 1199 4632 sicut
1232 4590 1492 4647 serpens,
1537 4593 1643 4632 non
1682 4578 1912 4649 pedibus
1939 4581 2088 4637 ince-
2114 4555 2167 4615 D
2192 4578 2392 4636 deinde
2420 4579 2779 4637 habitatorem
2811 4583 3017 4652 mundi,
3045 4582 3135 4640 cui
3177 4592 3322 4640 totus
3347 4585 3576 4641 mundus
3601 4579 3751 4654 patria

485 4665 653 4735 dens,
699 4675 793 4722 aut
828 4667 952 4723 ullis
982 4667 1192 4723 elevata
1232 4668 1486 4724 cruribus
1519 4686 1531 4723 :
1562 4671 1658 4725 sed
1685 4671 1908 4726 sinuoso
1935 4671 2083 4728 ﬂexu

482 4761 650 4818 totius
685 4762 832 4817 velut
871 4763 1118 4830 corporis
1164 4763 1248 4818 sui
1295 4763 1525 4819 lubrica.
1557 4764 1617 4818 Ei
1648 4772 1789 4820 terra
1821 4766 1972 4822 cibus
1999 4777 2085 4822 est

479 4857 622 4912 sicut
650 4857 910 4927 serpenti,
935 4859 1190 4928 quoniam
1215 4871 1394 4912 escam
1426 4858 1600 4913 nescit
1622 4859 1898 4915 caelestem
1920 4877 1934 4925 ;
1959 4877 2082 4916 eor-

477 4950 757 5019 poralibus
799 4951 945 5006 cnim
994 4952 1256 5023 pascitur,
1310 4960 1474 5020 atque
1517 4952 1568 5006 in
1617 4955 1793 5008 varias
1841 4963 2080 5010 mutatur

476 5045 692 5113 species
741 5043 1099 5114 cupiditatum
1121 5086 1136 5111 ,
1178 5052 1234 5101 et
1265 5047 1524 5100 tortuosis
1554 5047 1846 5116 angulatur
1876 5050 2059 5102 anfra-

472 5135 672 5192 ctibus.
700 5135 1049 5193 Venenumin
1070 5137 1324 5194 dentibus
1356 5137 1538 5204 habet,
1566 5139 1762 5209 quibus
1781 5142 2072 5212 unusquis-

469 5244 578 5300 que
605 5245 664 5285 se
694 5231 964 5286 eviscerat
1003 5231 1341 5298 luxuriosus,
1374 5232 1558 5288 helluo
1583 5234 1907 5302 internecat,
1934 5236 2071 5291 abli-

463 5323 676 5392 guritor
723 5324 959 5394 perimit.
1001 5324 1246 5393 Quantos
1289 5336 1556 5395 raperunt
1608 5327 1767 5395 vina,
1816 5328 2066 5386 dissolvit

462 5413 722 5479 ebrietas,
753 5417 1012 5472 distendit
1035 5418 1304 5476 cruditas!
1337 5419 1492 5475 Nunc
1519 5421 1760 5492 intelligo
1776 5438 1878 5493 qua
1901 5439 2066 5480 causa

459 5508 725 5565 Dominus
775 5511 918 5566 Deus
964 5512 1260 5567 insnlilavit
1307 5514 1358 5567 in
1407 5510 1602 5569 faciem
1650 5513 1927 5584 hominis;
1986 5517 2059 5572 ibi

459 5600 605 5656 enim
650 5617 845 5658 sensus
893 5619 1106 5672 omnes,
1143 5605 1215 5660 ibi
1245 5605 1407 5662 sedes
1437 5615 1600 5677 atque
1629 5606 1886 5664 illecebra
1915 5609 2068 5666 dele-

452 5694 742 5760 ctationis,
781 5696 833 5750 in
857 5696 1053 5764 oculis,
1086 5698 1331 5766 auribus,
1359 5700 1614 5765 naribus,
1647 5711 1807 5772 atque
1837 5703 1890 5759 in
1922 5717 2049 5771 ore;

447 5790 511 5843 ιιι
553 5787 753 5841 senSus
798 5791 1018 5844 n'o'stros
1046 5784 1306 5848 adverStts
1338 5774 1758 5852 delectationem
1799 5792 2054 5855 fortiores

2189 4670 2325 4727 foret
2358 4691 2372 4726 :
2407 4689 2529 4728 nam
2561 4674 2606 4729 si
2646 4675 2807 4730 hodie
2837 4691 3183 4747 quocumque
3218 4680 3516 4734 accesserit
3539 4674 3746 4748 sapiens,

2188 4763 2387 4834 ubique
2421 4765 2555 4822 civis
2602 4777 2707 4834 est,
2741 4767 2940 4839 ubique
2982 4784 3078 4824 sua
3107 4769 3393 4840 intelligit,
3426 4782 3668 4844 nusquam
3696 4778 3748 4818 se

2186 4858 2555 4928 peregrinum,
2588 4876 2849 4931 nusquam
2877 4860 3144 4932 hospitem
3171 4862 3379 4933 iudicat
3403 4881 3417 4917 :
3441 4872 3628 4932 quanto
3645 4872 3747 4914 ma-

2182 4950 2266 5021 gis
2297 4952 2388 5008 ille
2419 4953 2622 5023 primus
2647 4957 2830 5022 homo,
2863 4958 3025 5011 totius
3049 4957 3234 5012 mundi
3265 4967 3387 5014 erat
3417 4959 3599 5020 incola.
3623 4959 3743 5010 etut

2181 5044 2373 5102 Grmce
2400 5047 2620 5115 dicitur,
2643 5053 3052 5121 cosmopolites,
3075 5052 3168 5108 Dei
3199 5051 3393 5110 recens
3421 5052 3616 5129 1587
3632 5061 3742 5105 σοῦ’

2176 5144 2473 5217 fabulator,
2521 5149 2770 5206 assiduus
2807 5153 2940 5206 civis
2980 5156 3330 5209 sanctorum!
3375 5153 3738 5226 complantatus

2173 5239 2499 5306 virtutibus,
2541 5245 2867 5314 prmpositus
2913 5245 3164 5302 omnibus
3210 5248 3443 5304 terrenis
3483 5239 3738 5301 animanti-

2173 5329 2293 5396 bus,
2326 5333 2583 5402 tnarinis,
2612 5336 2945 5405 volatilibus,
2976 5345 3145 5392 totum
3175 5339 3435 5394 mundum
3461 5352 3599 5394 suam
3624 5344 3734 5405 pos-

2168 5425 2472 5480 sessionem
2507 5427 2751 5498 putabat,
2783 5445 2943 5499 quem
2977 5430 3232 5485 Dominus
3264 5433 3509 5486 tuebatur
3536 5436 3588 5484 ut
3609 5436 3729 5496 opus

2166 5531 2356 5583 suum,
2388 5534 2565 5591 neque
2592 5529 2651 5576 ut
2689 5521 2862 5576 bonus
2893 5537 3089 5593 parcns
3124 5532 3287 5594 atque
3321 5534 3508 5580 auctor
3533 5522 3726 5576 desere-

2165 5606 2278 5664 bat.
2317 5611 2562 5684 Denique
2606 5629 2848 5685 eousque
2887 5625 3133 5672 creatum
3170 5616 3340 5683 fovit,
3365 5627 3423 5674 ut
3452 5615 3720 5673 abdicatum

2159 5705 2489 5773 redimeret,
2517 5707 2852 5762 eliminatum
2884 5711 3174 5779 reciperet,
3208 5718 3477 5766 mortuum
3500 5705 3720 5779 passione

2157 5797 2254 5858 filii
2284 5801 2368 5861 sui
2398 5801 2658 5875 unigeniti
2687 5797 3064 5863 resuscitaret'.
3095 5802 3192 5862 Est
3227 5817 3361 5878 ergo
3385 5797 3601 5864 hominis
3627 5811 3713 5854 att-
