3920 6306
99 312 236 368 tota
677 333 683 339 -
828 315 830 317 '
1023 310 1063 365 E
1101 308 1405 368 SCRIPTIS
1440 311 1498 367 s.
1542 308 1866 366 MIBROSII
1905 265 2327 369 centaurus.
3258 314 3397 372 istt

100 437 217 481 ctor
249 424 428 490 Deus,
456 424 512 479 et
537 423 709 494 diligit
738 437 874 494 opus
897 437 1054 478 suum
1088 431 1345 490 operator
1366 422 1566 492 bonus,
1597 437 1698 479 nec
1722 425 1777 486 Α
1803 424 2092 494 capreolus
2140 433 2234 480 aut
2275 439 2560 482 cervorum
2599 425 2910 484 hinniculus
2935 427 3072 485 'dum
3105 427 3301 484 affatur
3325 428 3406 483 di-

100 516 429 586 derelinquit
464 516 637 570 bonus
665 525 838 585 pater,
872 530 1032 586 quem
1062 515 1230 571 etiam
1257 515 1400 571 sicut
1426 515 1579 572 dives
1605 531 1698 587 pa-
1803 515 2030 582 lectam,
2055 517 2291 573 exsilivit
2318 528 2373 574 et
2403 518 2644 591 reliquit.
2687 519 2872 576 Tertio
2905 535 3028 576 cum
3074 521 3126 576 in
3158 519 3321 575 cubili
3349 528 3405 576 et

101 612 422 669 terfamilias
453 626 619 667 censu
651 610 884 682 propriae
914 609 1250 665 haereditatis
1280 609 1531 666 redemit.

168 707 256 762 40.
297 703 602 761 Caveamus
647 719 777 776 ergo
847 719 913 759 ne
962 703 1239 760 hominem
1290 705 1489 772 istum,
1522 704 1573 759 id
1617 712 1700 760 est

99 808 232 867 νοῦν,
261 799 464 855 mulier
495 799 615 866 illa,
649 798 700 852 id
724 806 841 867 est,
874 797 1056 868 passio
1085 813 1342 854 sensuum
1387 808 1695 854 nostrorum

101 894 462 950 delectatione
500 905 550 949 et
591 893 708 963 ipsa
734 893 957 962 decepta
985 902 1149 964 atque
1193 894 1352 948 illusa
1381 893 1694 960 effeminet,

101 996 152 1041 et
172 985 644 1054 circmnscriptum
673 984 727 1039 in
759 983 905 1056 leges
926 999 1054 1040 suas
1076 994 1130 1041 et
1147 987 1474 1041 sententiam
1496 986 1694 1042 trahat.

102 1080 388 1149 Fugiamus
433 1079 854 1135 delectationem
910 1081 1053 1135 sicut
1105 1089 1449 1151 serpentem,
1499 1081 1698 1138 multas

104 1184 240 1230 artes
270 1172 436 1229 habet
467 1181 524 1228 et
553 1173 786 1228 maxime
817 1172 871 1228 in
897 1172 1139 1228 homine.
1169 1173 1302 1228 Nam
1327 1173 1427 1228 alia
1451 1174 1696 1229 animan-

105 1269 170 1322 tia
216 1266 319 1322 cibi
371 1265 635 1321 aviditate
679 1267 1000 1337 capiuntur;
1045 1265 1209 1321 homo
1249 1265 1465 1338 quando
1512 1266 1696 1336 plures

105 1377 288 1418 sensus
332 1361 621 1416 oculorum
674 1361 997 1432 auriumque
1047 1361 1240 1427 habet,
1294 1369 1444 1416 tanto
1490 1359 1696 1431 majora

107 1458 354 1528 pericula.
389 1466 415 1493 ³
468 1457 656 1524 Itaque
700 1471 832 1512 cave
863 1472 931 1512 ne
959 1457 1112 1527 vigor
1142 1457 1340 1512 mentis
1376 1466 1481 1512 tute
1505 1499 1521 1524 ,
1551 1456 1696 1511 coitu

106 1549 325 1622 quodam
362 1564 647 1620 corporeae
670 1549 961 1620 voluptatis
991 1548 1223 1604 inﬂexus
1249 1549 1579 1614 emolliatur,
1616 1557 1698 1604 at-

105 1660 201 1715 que
245 1645 296 1698 in
335 1643 456 1713 ejus
508 1658 703 1698 omnes
749 1643 1035 1713 amplexus
1057 1644 1386 1708 resolvatur,
1411 1653 1465 1699 et
1493 1643 1693 1698 fontem

106 1737 212 1807 ejus
242 1737 478 1808 aperiat,
508 1736 601 1806 qui
633 1735 796 1790 debet
826 1749 948 1790 esse
973 1734 1192 1789 clausus
1222 1743 1277 1790 et
1306 1747 1492 1802 sepius
1521 1735 1698 1788 inten-

1802 612 2075 679 noctibus,
2102 613 2156 668 in
2184 613 2408 670 civitate
2435 624 2491 670 et
2519 615 2659 682 foro,
2692 615 2744 670 itt
2771 615 2965 685 plateis
2991 615 3276 686 quaesitum
3297 628 3402 669 non

1801 705 2040 776 reperit,
2091 715 2148 761 et
2191 705 2486 778 aliquando
2531 707 2870 762 orationibus
2899 707 3012 763 suis
3049 708 3220 778 gratia
3253 722 3401 777 qua:-

1800 805 2011 853 rentem
2045 799 2346 865 revocavit,
2372 797 2511 854 adeo
2540 799 2704 853 etiam
2733 808 2790 853 ut
2821 798 3038 868 propius
3061 806 3352 853 vocaretur
3373 811 3402 851 a

1799 906 2036 962 sponso.
2073 890 2276 958 Quarto
2315 893 2430 962 ipsa
2461 891 2571 961 jam
2613 891 2892 947 dormiens
2929 890 2998 946 ab
3039 892 3156 961 ipso
3191 890 3400 947 excita-

1801 994 1924 1053 tur,
1966 986 2219 1057 quamvis
2259 986 2426 1041 corde
2467 986 2743 1057 vigilaret;
2793 996 2850 1040 ut
2901 985 3160 1040 continuo
3209 998 3398 1040 vocem

1785 1059 2067 1148 'pulsantis
2107 1079 2325 1134 audiret
2374 1096 2386 1132 :
2435 1078 2530 1134 sed
2572 1093 2776 1133 moram
2823 1092 3012 1148 passa,
3065 1077 3191 1132 dum
3229 1076 3402 1148 surgit

1801 1172 1949 1245 (quia
1993 1172 2342 1228 velocitatem
2359 1171 2522 1228 Verbi
2551 1187 2658 1228 non
2691 1172 2865 1241 potuit
2893 1171 3398 1244 comprehendere),

1799 1267 1926 1322 dum
1960 1267 2137 1336 aperit
2175 1267 2398 1334 ostium,
2438 1265 2687 1321 transivit
2715 1265 2949 1321 Verbum
2971 1307 2984 1331 ,
3008 1272 3064 1319 et
3093 1265 3206 1335 ipsa
3237 1265 3404 1320 exivit

1799 1359 1854 1415 in
1887 1359 2066 1415 Verbo
2103 1360 2222 1428 ejus
2254 1377 2267 1414 :
2302 1370 2354 1414 et
2395 1375 2490 1430 per
2534 1359 2754 1414 vulnera
2780 1359 3124 1427 requisitum,
3159 1358 3251 1413 sed
3280 1358 3402 1412 vul-

1800 1469 1934 1509 nera
1977 1453 2284 1520 charitatis,
2333 1453 2420 1508 vix
2472 1453 2689 1509 tandem
2735 1453 2958 1520 invenit,
3009 1461 3063 1508 et
3104 1450 3299 1517 tenuit,
3346 1459 3405 1507 ut

1801 1555 1988 1618 postea
2022 1563 2126 1601 non
2155 1547 2448 1602 amitteret.
2474 1544 2556 1601 Ad
2579 1561 2845 1602 summam
2872 1547 2987 1600 haec
3011 1544 3404 1617 compendioso

1799 1655 2055 1696 sermone
2087 1640 2401 1710 perstrinxi,
2437 1654 2580 1694 nunc
2608 1639 2964 1694 discutiamus
2995 1637 3229 1709 singula.

1869 1733 1960 1788 45.
1997 1733 2182 1803 (Vers.
2225 1731 2341 1801 15.)
2383 1741 2404 1769 ο
2437 1729 2581 1786 Fons
2613 1731 2905 1796 hortorum,
2933 1740 3118 1802 puteus
3148 1745 3403 1800 agnorunt

105 1830 256 1887 tionis
281 1828 462 1884 studio
494 1837 551 1883 et
573 1826 1008 1883 consideratione
1035 1827 1263 1881 rationis
1290 1845 1303 1883 :
1335 1824 1535 1881 Hortus
1558 1827 1694 1881 enim
1724 1815 1773 1876 B
1800 1826 2078 1882 viventium
2099 1867 2112 1890 ,
2144 1841 2260 1898 qua:
2288 1826 2456 1896 ﬂuunt
2496 1825 2694 1894 impetu
2724 1823 2789 1876 de
2819 1822 3039 1877 Libano.
3081 1821 3259 1878 llahes
3289 1819 3407 1876 biBC

109 1924 324 1988 clausus,
346 1925 464 1996 fons
486 1922 745 1992 signatus.
774 1920 1015 1992 Namque
1035 1922 1274 1976 resoluto
1300 1921 1493 1974 mentis
1512 1935 1696 1986 sensu,

109 2032 161 2074 se
187 2018 496 2087 corporales
524 2017 915 2073 delectationes
952 2015 1237 2071 elfunduut
1269 2016 1585 2085 jeruiciosae
1613 2017 1698 2070 ni-

110 2111 223 2179 mis,
251 2121 304 2167 et
342 2112 394 2166 in
439 2111 811 2181 appetentiam
843 2110 1059 2181 plenam
1094 2112 1274 2180 gravis
1313 2109 1539 2180 periculi
1577 2124 1702 2180 pro-

113 2202 357 2270 fluentes;
391 2219 530 2273 quas
571 2203 614 2258 si
644 2201 841 2258 mentis
878 2202 1070 2258 vivida:
1102 2201 1447 2258 considerata
1472 2202 1702 2256 mansis-

113 2306 186 2352 set
211 2297 474 2366 custodia,
502 2298 855 2354 refrenasset.

179 2392 262 2446 41.
292 2390 473 2466 (Vers.
500 2393 560 2457 5,
590 2389 1072 2463 4.)”Emissiones,
1090 2390 1400 2461 inquit,tutv
1425 2389 1703 2462 paradisus

118 2485 353 2539 malorum
381 2487 694 2558 punicorum
726 2501 842 2539 cum
871 2501 1142 2556 pontorum
1173 2489 1366 2554 fructu,
1399 2483 1560 2554 Cypri
1586 2499 1703 2537 cum

120 2581 267 2636 nardo
288 2623 302 2650 ,
341 2582 540 2636 nardus
572 2591 619 2635 et
647 2597 852 2646 crocus,
881 2578 1060 2650 ﬁstula
1089 2590 1132 2633 et
1165 2579 1546 2632 cinnamomum
1588 2593 1704 2630 cum

121 2675 352 2729 universis
390 2676 549 2746 lignis
601 2673 810 2738 Libani,
852 2673 1056 2726 ntirrlta
1088 2681 1138 2726 et
1179 2671 1294 2725 aloe
1324 2687 1438 2724 cum
1469 2669 1705 2724 omnibus

125 2769 284 2837 primis
339 2769 637 2842 unguentis.
691 2766 1005 2822 Laudantur
1067 2780 1290 2819 munera
1344 2763 1540 2818 anima:
1584 2777 1704 2834 quae

124 2860 270 2916 missa
315 2872 438 2916 sunt
481 2877 509 2915 a
555 2859 805 2930 Sp0nso,
840 2859 1036 2930 quibus
1065 2856 1249 2912 dotata
1279 2857 1529 2911 veniebat
1569 2854 1704 2924 (Deo

124 2966 282 3011 autem
303 2957 401 3028 pia:
441 2957 642 3010 animae
665 2955 798 3028 boni
823 2952 1017 3008 odores
1042 2950 1214 3022 sunt),
1264 2947 1482 3021 myrrha
1506 2989 1519 3014 ,
1550 2948 1670 3003 aloe
1687 2987 1702 3014 ,

125 3065 298 3106 crocus
344 3059 397 3106 et
443 3051 590 3116 alia,
621 3026 820 3119 quibus
869 3047 1040 3116 spirat
1086 3045 1367 3098 hortorum
1417 3044 1618 3112 gratia,
1650 3049 1706 3094 et

130 3155 446 3214 peccatorum
477 3145 620 3199 letor
656 3141 922 3218 aboletur.
953 3139 1138 3208 Itaque
1171 3145 1320 3190 tanto
1350 3149 1541 3189 secura
1566 3147 1702 3204 prte-

1804 1919 1858 1974 in
1903 1919 2233 1982 Salomone,
2279 1918 2404 1988 quia
2445 1917 2734 1972 Proverbia
2773 1916 2892 1986 ejus
2929 1914 3186 1980 moralia,
3220 1913 3408 1970 Eccle-

1804 2013 2000 2069 siastes
2035 2011 2297 2066 naturalis
2320 2054 2333 2076 ,
2367 2012 2419 2065 in
2467 2027 2575 2082 quo
2609 2010 2760 2081 quasi
2809 2010 3080 2066 vanitates
3132 2009 3289 2064 istius
3319 2007 3409 2064 αθ.

1804 2106 1962 2177 Spicit
1977 2105 2162 2160 tnundi
2191 2123 2202 2158 :
2225 2105 2451 2177 mystica
2465 2113 2591 2160 sunt
2607 2104 2725 2173 ejus
2738 2102 2957 2159 Cantica
2982 2103 3199 2176 1588
3214 2099 3402 2157 Canti-

1805 2215 2014 2255 corum.
2070 2200 2247 2255 Habes
2290 2210 2343 2255 et
2386 2200 2438 2254 in
2487 2199 2752 2269 propheta
2793 2218 2806 2252 :
2861 2199 3126 2255 Sentinate
3161 2197 3301 2253 vobis
3339 2199 3408 2252 ad

1803 2296 2080 2361 iustitiam,
2099 2294 2406 2350 rindemiate
2427 2295 2496 2349 ad
2522 2296 2750 2365 fructum
2777 2295 2911 2362 vitat,
2949 2294 3242 2350 illuminare
3266 2293 3408 2350 vobis

1807 2388 1979 2442 lumen
2015 2388 2324 2459 cognitionis
2368 2387 2516 2461 (Usa.
2553 2404 2607 2454 κ,
2642 2387 2765 2459 12);
2801 2388 2902 2442 hoc
2936 2397 3018 2442 est
3045 2387 3190 2443 enim
3220 2387 3403 2442 lumen

1807 2481 2154 2552 cognitionis,
2186 2482 2388 2537 habere
2417 2482 2699 2537 eharitalis
2727 2481 3147 2552 perfectionem.
3176 2481 3411 2552 Ideoque

1806 2575 2011 2629 dictum
2041 2585 2124 2630 est
2156 2592 2168 2628 :
2204 2574 2285 2628 Ne
2309 2576 2488 2629 timeas
2511 2575 2694 2647 (Joau.
2721 2590 2814 2642 xu,
2841 2575 2967 2645 15);
2997 2573 3236 2630 charitas
3259 2573 3406 2630 enim

1807 2667 2060 2723 timorem
2093 2667 2335 2722 excludit
2367 2666 2530 2721 foras.

1877 2760 1967 2814 46.
2010 2759 2079 2815 Ut
2121 2773 2514 2830 cognoscamus
2551 2767 2730 2814 autem
2763 2759 2887 2828 quia
2915 2758 3173 2816 Salomon
3204 2759 3276 2814 ita
3307 2759 3408 2816 hos

1805 2849 2202 2922 interpretatus
2240 2863 2324 2906 est
2370 2862 2480 2907 tres
2527 2860 2743 2922 puteos,
2773 2865 2910 2920 quos
2953 2850 3089 2906 fodit
3124 2849 3320 2916 Jacob;
3350 2860 3410 2906 ut

1806 2944 1872 2998 ad
1893 2943 2153 2998 moralem
2198 2944 2499 2999 doctrinam
2528 2953 2584 2999 et
2611 2944 2910 2998 naturalem
2939 2942 3170 2998 referret
3211 2952 3266 2999 et
3296 2959 3412 3015 my-

1806 3038 2020 3105 sticam,
2056 3038 2109 3092 in
2153 3037 2382 3108 singulis
2405 3037 2559 3092 libris
2597 3040 2732 3102 suis,
2760 3052 2894 3105 quos
2934 3037 3000 3091 de
3028 3036 3324 3091 moralibus
3355 3045 3410 3093 et

1808 3129 2150 3184 naturalibus
2175 3131 2260 3186 vel
2291 3129 2532 3201 mysticis
2565 3129 2808 3200 scripsit,
2853 3127 3033 3199 posuit
3058 3131 3154 3184 hos
3187 3137 3405 3198 puteos.

129 3196 266 3292 ξοηῙο
288 3281 300 3302 ,
331 3241 723 3309 conquiescere
746 3215 1068 3305 aquilonem
1102 3245 1317 3302 gravem
1353 3238 1572 3283 ventum
1605 3242 1698 3296 pe-
1728 3196 1774 3260 Ο
1806 3221 1939 3278 Nam
1976 3232 2031 3278 et
2061 3225 2112 3277 in
2146 3222 2484 3290 Proverbiis,
2517 3237 2638 3278 cum
2662 3220 3037 3276 declinandam
3067 3222 3304 3293 speciem
3328 3221 3413 3275 di-

131 3331 210 3396 tit,
239 3347 301 3388 ne
337 3334 494 3388 tiores
546 3331 810 3386 discutiat
843 3347 855 3382 :
904 3328 1114 3398 spirare
1144 3335 1416 3391 austrum,
1454 3322 1557 3377 hoc
1584 3331 1699 3388 est,

128 3425 256 3480 velut
282 3425 522 3498 bycmem
558 3425 857 3495 praeterire,
892 3433 944 3477 et
986 3419 1246 3475 mollioris
1283 3419 1445 3473 ﬂatus
1472 3432 1702 3472 vernare

131 3521 441 3588 temperiem.
478 3520 679 3575 Invitat
708 3517 980 3587 Sponsum
1035 3515 1086 3568 in
1120 3513 1338 3567 hortum
1387 3527 1576 3579 suum,
1605 3511 1703 3568 de-

131 3611 318 3666 scendit
355 3627 608 3683 sponsus,
642 3623 696 3666 et
722 3610 994 3665 fructuum
1025 3607 1141 3677 ejus
1171 3606 1489 3661 diversitate
1519 3604 1703 3661 delec-

135 3713 273 3769 tatus,
306 3706 508 3762 laetatur
530 3705 678 3778 quod
706 3704 978 3758 invenerit
1009 3700 1289 3756 fortiorem
1316 3701 1518 3764 cibum,
1553 3701 1703 3754 inve-

133 3799 254 3854 nerit
289 3801 440 3856 etiam
471 3799 794 3856 dulciorem.
833 3798 930 3851 Est
953 3797 1096 3851 enim
1124 3797 1271 3850 velut
1295 3795 1450 3864 panis
1481 3795 1699 3865 quidam

135 3889 274 3947 Verbi
312 3904 362 3948 et
411 3895 551 3962 mel,
597 3894 738 3948 alius
787 3891 1192 3953 vehementior,
1237 3889 1377 3944 alius
1425 3890 1701 3944 suasorias

135 4000 312 4043 sermo.
351 3989 443 4043 Est
478 3997 533 4044 et
574 3988 708 4044 fides
753 3987 856 4041 alia
897 3986 1214 4052 ferventior,
1245 3994 1300 4038 ut
1337 3985 1560 4048 vinum;
1592 3982 1699 4038 alia

137 4076 340 4136 lucidior
362 4123 377 4150 ,
423 4092 478 4138 ut
520 4096 717 4138 succus
743 4092 826 4136 est
854 4080 1034 4136 Iactis.
1063 4078 1219 4132 llunc
1243 4079 1424 4134 cibum
1453 4076 1701 4132 Christus

138 4171 360 4240 epulatur
393 4175 442 4229 in
473 4175 634 4229 nobis
656 4217 670 4240 ,
707 4174 809 4227 hoc
849 4171 1099 4243 poculum
1141 4171 1296 4236 bibit,
1328 4180 1379 4224 et
1400 4168 1517 4239 ejus
1543 4180 1700 4238 pctus

140 4260 369 4320 ebrietate
416 4281 514 4321 nos
561 4275 840 4336 provocat,
884 4276 942 4318 ut
972 4263 1037 4318 ad
1069 4263 1292 4318 meliora
1320 4269 1376 4317 et
1403 4261 1604 4332 Optima
1632 4260 1700 4316 ab

141 4350 454 4413 inferioribus
477 4359 739 4415 faciamus
768 4373 1075 4414 excessum.

201 4447 277 4502 4‘2.
291 4450 520 4507 Audiens
537 4453 653 4508 lucc
671 4453 850 4505 anima
870 4450 1051 4504 hausit
1066 4447 1446 4520 mysteriorum
1464 4446 1701 4502 ebrieta-

144 4544 233 4603 tetp
254 4543 563 4613 ctelestium,
593 4555 647 4601 et
679 4545 824 4599 velut
854 4553 1108 4614 soporata
1140 4558 1168 4595 a
1198 4542 1344 4605 vino,
1373 4550 1426 4594 et
1449 4541 1603 4611 quasi
1642 4541 1694 4594 in

143 4645 340 4690 excessu
365 4639 440 4692 vel
468 4649 690 4708 stupore
715 4637 913 4710 posita,
945 4636 1075 4691 dicit
1102 4653 1114 4688 :
1148 4635 1260 4706 Ego
1283 4635 1511 4700 dormio,
1537 4644 1582 4689 et
1612 4650 1702 4689 cor

145 4740 287 4780 meum
322 4731 487 4802 vigilat
534 4732 708 4806 (Cant.
749 4749 804 4798 v,
833 4731 915 4803 2).
955 4731 1093 4786 Tum
1126 4730 1287 4786 Verbi
1312 4729 1591 4800 praesentis
1623 4730 1703 4784 Iu-

146 4820 268 4876 tuine
310 4839 582 4894 percussa,
627 4828 895 4891 excitatur
930 4840 961 4880 a
1004 4824 1202 4881 Verbo.
1247 4824 1482 4890 Quartus
1523 4832 1701 4878 autem

147 4906 222 4965 hic
247 4928 509 4980 processus
536 4928 619 4976 est
648 4920 864 4974 animat.
901 4918 1144 4973 Primum
1173 4917 1375 4971 etenim
1418 4915 1702 4971 cbaritatis

149 5000 434 5078 impatiens,
483 5022 537 5068 et
580 5013 739 5069 Verbi
782 5027 963 5067 moras
995 5029 1100 5067 non
1147 5010 1355 5078 ferens,
1389 5010 1613 5082 rogabat
1647 5019 1703 5066 ut

149 5098 310 5155 oscula
354 5114 676 5172 mereretur,
723 5115 779 5162 et
828 5105 1030 5160 meruit
1076 5103 1445 5159 desideratum
1491 5104 1698 5161 videre.

150 5183 370 5248 Secundo
405 5196 702 5256 introducta
733 5201 785 5254 in
815 5198 1125 5254 cubiculum
1159 5198 1298 5268 regis
1323 5240 1336 5261 ,
1360 5211 1481 5252 cum
1518 5205 1700 5252 mutua

153 5282 375 5343 misceret
398 5291 643 5365 alloquia,
678 5296 731 5351 in
758 5295 947 5351 umbra
971 5294 1088 5364 ejus
1119 5294 1406 5364 requievit,
1438 5302 1490 5349 et
1519 5294 1699 5349 subito

151 5377 195 5432 ci
213 5377 424 5442 Verbum
445 5390 620 5446 medio
643 5405 897 5447 sermone
921 5389 1206 5454 discessit;
1227 5388 1493 5459 qumrenti
1520 5397 1700 5443 tamen

154 5481 246 5524 non
270 5473 351 5530 diu
391 5481 573 5549 abfuit,
617 5483 712 5540 sed
750 5483 949 5538 saliens
979 5496 1142 5551 supra
1181 5489 1393 5536 montes
1427 5489 1484 5536 et
1506 5481 1705 5536 transi-

155 5559 275 5620 licus
321 5585 477 5642 super
515 5578 678 5633 colles
713 5577 956 5633 advenit.
1004 5575 1115 5632 Nec
1159 5573 1334 5630 multo
1390 5583 1510 5645 post
1553 5574 1708 5646 quasi

217 5700 371 5805 lilii:-
398 5707 463 5805 Si?
486 5711 652 5805 ira?»
679 5729 800 5797 rer-
829 5716 882 5805 ’.ι
913 5728 1062 5770 "“""
1091 5712 1147 5792 ετ

268 5771 373 5833 Lib.
399 5779 463 5840 de
489 5771 666 5855 ISaa‘c',
697 5771 816 5861 cap.
849 5771 916 5855 3,
957 5799 1104 5842 num.
1135 5783 1226 5854 IS,
1258 5783 1358 5848 49;
1389 5792 1443 5842 et
1479 5797 1598 5856 cap.
1631 5782 1698 5850 6,

1806 3327 1956 3374 ceret
2001 3318 2283 3373 srecularis
2316 3317 2618 3386 illecebrae,
2657 3319 2775 3371 ait:
2820 3316 2945 3371 Bibe
2988 3334 3176 3384 aquam
3217 3316 3284 3370 de
3307 3316 3410 3370 tuis

1805 3413 1963 3479 vasis,
1993 3423 2042 3466 et
2082 3411 2146 3466 de
2187 3421 2452 3482 puteorum
2481 3421 2684 3466 tuorum
2715 3411 2974 3484 fontibus,
3010 3422 3056 3465 ct
3087 3412 3410 3482 superﬂuant

1807 3507 1900 3560 tibi
1934 3522 2081 3577 aqua:
2113 3509 2175 3560 de
2213 3517 2298 3560 tuo
2337 3509 2480 3578 fonte
2509 3505 2690 3576 (Prov.
2724 3521 2777 3571 v,
2815 3506 2924 3574 I5).
2951 3505 3020 3560 Et
3048 3505 3183 3560 infra
3217 3523 3229 3560 :
3263 3503 3409 3558 Fons

1807 3618 1955 3672 aqua:
1982 3611 2082 3655 tua:
2104 3601 2168 3654 sit
2194 3601 2285 3654 tibi
2302 3601 2563 3670 proprius,
2593 3609 2642 3654 et
2655 3599 2948 3672 jucundare
2975 3614 3092 3652 cum
3121 3614 3278 3653 uxore
3297 3612 3412 3668 qua:

1807 3697 1871 3752 ab
1895 3697 2239 3752 adolescentia
2257 3706 2342 3749 tua
2365 3693 2556 3767 (Ibid.,
2593 3693 2680 3761 l8)
2707 3710 2721 3752 ;
2750 3709 2816 3748 cn
2837 3692 2979 3762 quod
3007 3691 3268 3745 adversus
3293 3700 3410 3745 leu-

1809 3798 2046 3844 lamenta
2089 3787 2282 3843 mundi
2325 3786 2623 3842 remedium
2665 3785 2820 3839 nobis
2859 3799 2985 3838 vera
3023 3785 3284 3853 sapientia
3316 3784 3410 3838 sit.

1809 3884 2033 3938 Moralis
2074 3896 2292 3952 quoque
2340 3880 2584 3934 doetrina
2629 3893 2750 3949 qua:
2799 3877 3085 3946 imaginem
3120 3875 3408 3929 mundanae

1807 3976 2101 4048 voluptatis
2145 3972 2468 4029 meretriciis
2509 3971 2837 4042 quibusdam
2890 3967 3079 4024 illitam
3109 3965 3247 4022 fucis
3279 3966 3406 4022 irri-

1807 4085 1914 4141 guo
1945 4084 2044 4124 suo
2067 4067 2254 4132 diluat,
2293 4076 2348 4123 et
2377 4065 2581 4121 ﬂuento
2605 4065 2686 4120 sui
2714 4063 2878 4119 fontis
2907 4062 3203 4131 abstergat.

1879 4163 1971 4218 45.
2021 4164 2098 4220 De
2131 4163 2469 4218 naturalibus
2517 4178 2732 4233 quoque
2777 4159 2944 4214 habes
2984 4161 3035 4212 in
3079 4156 3410 4214 Ecclesiaste

1810 4259 1984 4325 ipsum
2015 4276 2027 4312 :
2058 4255 2184 4311 Feci
2215 4257 2339 4312 nti/ti
2365 4257 2592 4327 piscinas
2615 4269 2868 4325 aquarum
2896 4255 2965 4307 att
2995 4251 3322 4324 irrigandutn
3347 4267 3412 4305 ea:

1806 4349 1887 4403 Itis
1919 4350 2104 4404 saltum
2131 4350 2500 4420 germinantem
2534 4347 2759 4420 (Eccles.
2791 4363 2850 4411 ll,
2880 4345 2963 4414 6).
2989 4343 3175 4414 Neque
3205 4353 3256 4398 te
3289 4359 3408 4397 mo-

1807 4451 1932 4496 veat
1958 4442 2100 4510 quod
2132 4459 2228 4512 pro
2260 4453 2424 4513 puteo
2451 4443 2687 4511 piscinas
2717 4439 2916 4508 posuit,
2947 4437 3074 4506 quia
3110 4448 3164 4490 et
3197 4435 3412 4506 Moyses

1812 4543 2031 4605 puteum
2062 4533 2366 4589 latitudinis
2393 4533 2562 4598 dixit;
2580 4547 2647 4586 eo
2669 4531 2809 4600 quod
2830 4543 2859 4582 a
2877 4526 3245 4585 sollicitudine
3263 4527 3410 4582 omni

1726 4595 1782 4656 Β
1807 4639 1863 4684 et
1902 4628 2190 4699 angustiis}
2210 4628 2463 4694 solvitur,
2493 4627 2582 4696 qui
2625 4623 2883 4680 mundum
2925 4623 3067 4677 hunc
3104 4622 3189 4692 pia
3225 4630 3410 4677 mente

1809 4722 2228 4778 transcenderit.
2259 4721 2379 4776 Non
2409 4721 2682 4775 immerito
2706 4734 2836 4787 ergo
2870 4717 3104 4788 piscinas
3127 4714 3288 4770 habet
3317 4715 3414 4770 Ec-

1805 4815 2092 4870 clesiastes
2117 4857 2132 4882 ,
2177 4815 2266 4886 qui
2311 4813 2442 4868 vidit
2477 4813 2674 4868 nullam
2716 4810 3098 4866 abundantiam
3137 4823 3262 4864 esse
3306 4809 3410 4864 sub

1805 4910 1922 4967 Sole
1948 4910 2086 4977 {sed
2110 4909 2154 4964 si
2187 4911 2306 4979 quis
2331 4907 2610 4963 abundare
2642 4906 2796 4972 velit,
2827 4906 2879 4960 in
2903 4902 3121 4960 Christo
3143 4903 3405 4958 abundet.

1878 5004 1968 5058 46.
2022 5004 2099 5057 De
2144 5003 2384 5074 mysticis
2421 5011 2477 5056 et
2521 5011 2710 5071 puteus
2751 5009 2997 5068 superest
3028 4997 3206 5064 nobis,
3247 5013 3408 5068 quem

1807 5097 1971 5151 etiam
2018 5097 2191 5166 ipsum
2225 5094 2530 5165 reperimus
2561 5094 2614 5148 in
2647 5091 2884 5147 Cantieis
2917 5089 3297 5158 Canticorum,
3331 5090 3413 5145 di-

1809 5201 1968 5248 cente
1997 5190 2277 5259 Scriptura
2312 5208 2324 5245 :
2370 5187 2516 5244 Fons
2543 5189 2838 5253 hortamur,
2866 5197 3052 5258 puteus
3072 5203 3220 5256 aqua:
3250 5188 3374 5242 vim
3393 5225 3410 5252 ,

1805 5295 1852 5340 et
1879 5286 2071 5353 impetu
2089 5283 2402 5338 descendens
2424 5299 2455 5335 a
2477 5281 2696 5337 Libano.
2712 5281 2926 5336 Etenim
2953 5281 3002 5336 si
3019 5281 3406 5354 mysteriorum

1807 5378 2150 5434 altitudinem
2181 5375 2755 5446 persequaris,puteus
2784 5375 2878 5429 tibi
2903 5375 3114 5430 videtur
3137 5383 3408 5445 tamquam

1811 5475 1867 5531 in
1893 5472 2159 5545 profundo
2189 5472 2292 5526 sita
2321 5470 2547 5541 mystica
2577 5483 2701 5525 esse
2730 5469 3034 5539 Sapientia:
3061 5469 3105 5523 si
3125 5483 3255 5522 vero
3275 5462 3412 5522 hau-
3496 5510 3504 5515 .

1815 5568 1928 5626 rire
1966 5567 2102 5623 velis
2144 5563 2477 5621 afﬂuentiam
2507 5561 2808 5630 charitatis,
2835 5577 2955 5633 qute
2996 5561 3170 5633 major
3191 5569 3247 5614 et
3273 5559 3410 5615 ube-

1809 5726 1960 5769 num.
1995 5708 2090 5766 50.

1889 5793 1910 5820 ο
1943 5780 2066 5838 Lib.
2099 5779 2167 5838 de
2197 5777 2367 5843 Isaac,
2399 5789 2453 5836 c.
2483 5775 2541 5845 4,
2574 5790 2723 5835 num.
2753 5772 2827 5833 23
2847 5781 2902 5834 et
2925 5788 3043 5846 seq.
