  <div class='ocr_page' id='page_1' title='image "/cluster/home/n/w/nwhite01/storage/ocr_20150623/15/uva.x000826533/373.png"; bbox 0 0 3920 6366; ppageno 0'>
   <div class='ocr_carea' id='block_1_1' title="bbox 495 294 632 355">
    <p class='ocr_par' dir='ltr' id='par_1_1' title="bbox 495 294 632 355">
     <span class='ocr_line' id='line_1_1' title="bbox 495 294 632 355; baseline -0.036 0"><span class='ocrx_word' id='word_1_1' title='bbox 495 294 632 355; x_wconf 82' lang='grc'><strong>1915</strong></span> 
     </span>
    </p>
   </div>
   <div class='ocr_carea' id='block_1_2' title="bbox 1418 287 2710 348">
    <p class='ocr_par' dir='ltr' id='par_1_2' title="bbox 1418 287 2710 348">
     <span class='ocr_line' id='line_1_2' title="bbox 1418 287 2710 348; baseline 0 -1"><span class='ocrx_word' id='word_1_2' title='bbox 1418 289 1963 348; x_wconf 78' lang='lat' dir='ltr'><strong>COMMENTARIUS</strong></span> <span class='ocrx_word' id='word_1_3' title='bbox 2000 289 2067 345; x_wconf 77' lang='lat' dir='ltr'><strong>IN</strong></span> <span class='ocrx_word' id='word_1_4' title='bbox 2102 289 2400 348; x_wconf 67' lang='lat' dir='ltr'><strong>CANTICA</strong></span> <span class='ocrx_word' id='word_1_5' title='bbox 2438 287 2710 348; x_wconf 75' lang='lat' dir='ltr'><strong>CANTlC.</strong></span> 
     </span>
    </p>
   </div>
   <div class='ocr_carea' id='block_1_3' title="bbox 3670 285 3789 340">
    <p class='ocr_par' dir='ltr' id='par_1_3' title="bbox 3670 285 3789 340">
     <span class='ocr_line' id='line_1_3' title="bbox 3670 285 3789 340; baseline -0.025 0"><span class='ocrx_word' id='word_1_6' title='bbox 3670 285 3789 340; x_wconf 60' lang='lat' dir='ltr'><strong>Pili</strong></span> 
     </span>
    </p>
   </div>
   <div class='ocr_carea' id='block_1_4' title="bbox 491 402 3791 480">
    <p class='ocr_par' dir='ltr' id='par_1_4' title="bbox 491 402 3791 480">
     <span class='ocr_line' id='line_1_4' title="bbox 491 402 3791 480; baseline -0.002 -16"><span class='ocrx_word' id='word_1_7' title='bbox 491 412 604 464; x_wconf 88' lang='lat' dir='ltr'><strong>rior</strong></span> <span class='ocrx_word' id='word_1_8' title='bbox 636 416 740 474; x_wconf 85' lang='lat' dir='ltr'><strong>cst,</strong></span> <span class='ocrx_word' id='word_1_9' title='bbox 769 422 930 479; x_wconf 90' lang='lat' dir='ltr'><strong>quam</strong></span> <span class='ocrx_word' id='word_1_10' title='bbox 960 406 1092 462; x_wconf 78' lang='lat' dir='ltr'><strong>fides</strong></span> <span class='ocrx_word' id='word_1_11' title='bbox 1129 415 1182 461; x_wconf 89' lang='lat' dir='ltr'><strong>et</strong></span> <span class='ocrx_word' id='word_1_12' title='bbox 1202 420 1349 476; x_wconf 84' lang='lat' dir='ltr'><strong>spes,</strong></span> <span class='ocrx_word' id='word_1_13' title='bbox 1378 416 1504 462; x_wconf 88' lang='lat' dir='ltr'><strong>tunc</strong></span> <span class='ocrx_word' id='word_1_14' title='bbox 1531 404 1625 460; x_wconf 91' lang='lat' dir='ltr'><strong>tibi</strong></span> <span class='ocrx_word' id='word_1_15' title='bbox 1654 403 1774 459; x_wconf 90' lang='lat' dir='ltr'><strong>fons</strong></span> <span class='ocrx_word' id='word_1_16' title='bbox 1804 413 1907 460; x_wconf 90' lang='lat' dir='ltr'><strong>est.</strong></span> <span class='ocrx_word' id='word_1_17' title='bbox 1937 403 2082 460; x_wconf 76' lang='lat' dir='ltr'><strong>Exu-</strong></span> <span class='ocrx_word' id='word_1_18' title='bbox 2114 419 2163 480; x_wconf 69' lang='grc' dir='ltr'><strong>Α</strong></span> <span class='ocrx_word' id='word_1_19' title='bbox 2191 405 2405 463; x_wconf 82' lang='lat' dir='ltr'><strong>scendit</strong></span> <span class='ocrx_word' id='word_1_20' title='bbox 2432 420 2550 472; x_wconf 85' lang='lat' dir='ltr'><strong>eos,</strong></span> <span class='ocrx_word' id='word_1_21' title='bbox 2582 414 2637 461; x_wconf 90' lang='lat' dir='ltr'><strong>et</strong></span> <span class='ocrx_word' id='word_1_22' title='bbox 2672 418 3059 476; x_wconf 79' lang='lat' dir='ltr'><strong>supergressus</strong></span> <span class='ocrx_word' id='word_1_23' title='bbox 3100 414 3185 459; x_wconf 88' lang='lat' dir='ltr'><strong>est</strong></span> <span class='ocrx_word' id='word_1_24' title='bbox 3219 420 3232 457; x_wconf 90' lang='lat'><strong>:</strong></span> <span class='ocrx_word' id='word_1_25' title='bbox 3280 402 3377 458; x_wconf 87' lang='lat' dir='ltr'><strong>sed</strong></span> <span class='ocrx_word' id='word_1_26' title='bbox 3418 402 3690 460; x_wconf 73' lang='lat' dir='ltr'><strong>minuitur</strong></span> <span class='ocrx_word' id='word_1_27' title='bbox 3723 404 3791 458; x_wconf 83' lang='lat' dir='ltr'><strong>vis</strong></span> 
     </span>
    </p>
   </div>
   <div class='ocr_carea' id='block_1_5' title="bbox 494 497 2093 564">
    <p class='ocr_par' dir='ltr' id='par_1_5' title="bbox 494 497 2093 564">
     <span class='ocr_line' id='line_1_5' title="bbox 494 497 2093 564; baseline -0.004 -6"><span class='ocrx_word' id='word_1_28' title='bbox 494 504 649 559; x_wconf 86' lang='lat' dir='ltr'><strong>berat</strong></span> <span class='ocrx_word' id='word_1_29' title='bbox 692 500 836 557; x_wconf 90' lang='lat' dir='ltr'><strong>enim</strong></span> <span class='ocrx_word' id='word_1_30' title='bbox 876 499 1136 564; x_wconf 88' lang='lat' dir='ltr'><strong>charitas,</strong></span> <span class='ocrx_word' id='word_1_31' title='bbox 1167 507 1224 552; x_wconf 93' lang='lat' dir='ltr'><strong>ut</strong></span> <span class='ocrx_word' id='word_1_32' title='bbox 1249 505 1305 553; x_wconf 93' lang='lat' dir='ltr'><strong>et</strong></span> <span class='ocrx_word' id='word_1_33' title='bbox 1337 497 1555 553; x_wconf 89' lang='lat' dir='ltr'><strong>haurire</strong></span> <span class='ocrx_word' id='word_1_34' title='bbox 1580 511 1699 552; x_wconf 90' lang='lat' dir='ltr'><strong>eam</strong></span> <span class='ocrx_word' id='word_1_35' title='bbox 1727 497 2007 563; x_wconf 87' lang='lat' dir='ltr'><strong>cominus,</strong></span> <span class='ocrx_word' id='word_1_36' title='bbox 2039 505 2093 552; x_wconf 93' lang='lat' dir='ltr'><strong>et</strong></span> 
     </span>
    </p>
   </div>
   <div class='ocr_carea' id='block_1_6' title="bbox 493 589 2092 666">
    <p class='ocr_par' dir='ltr' id='par_1_6' title="bbox 493 589 2092 666">
     <span class='ocr_line' id='line_1_6' title="bbox 493 589 2092 666; baseline -0.005 -13"><span class='ocrx_word' id='word_1_37' title='bbox 493 597 671 666; x_wconf 89' lang='lat' dir='ltr'><strong>rigare</strong></span> <span class='ocrx_word' id='word_1_38' title='bbox 708 595 826 664; x_wconf 85' lang='lat' dir='ltr'><strong>ejus</strong></span> <span class='ocrx_word' id='word_1_39' title='bbox 857 592 1129 648; x_wconf 90' lang='lat' dir='ltr'><strong>afﬂuentia</strong></span> <span class='ocrx_word' id='word_1_40' title='bbox 1170 591 1385 646; x_wconf 77' lang='lat' dir='ltr'><strong>hortum</strong></span> <span class='ocrx_word' id='word_1_41' title='bbox 1415 597 1567 646; x_wconf 86' lang='lat' dir='ltr'><strong>tuum</strong></span> <span class='ocrx_word' id='word_1_42' title='bbox 1600 591 1797 662; x_wconf 89' lang='lat' dir='ltr'><strong>possis,</strong></span> <span class='ocrx_word' id='word_1_43' title='bbox 1829 589 2092 659; x_wconf 89' lang='lat' dir='ltr'><strong>spiritali-</strong></span> 
     </span>
    </p>
   </div>
   <div class='ocr_carea' id='block_1_7' title="bbox 497 681 2094 754">
    <p class='ocr_par' dir='ltr' id='par_1_7' title="bbox 497 681 2094 754">
     <span class='ocr_line' id='line_1_7' title="bbox 497 681 2094 754; baseline -0.003 -13"><span class='ocrx_word' id='word_1_44' title='bbox 497 687 599 741; x_wconf 88' lang='lat' dir='ltr'><strong>bus</strong></span> <span class='ocrx_word' id='word_1_45' title='bbox 626 686 886 741; x_wconf 84' lang='lat' dir='ltr'><strong>fructibus</strong></span> <span class='ocrx_word' id='word_1_46' title='bbox 919 682 1332 739; x_wconf 78' lang='lat' dir='ltr'><strong>redundantem.</strong></span> <span class='ocrx_word' id='word_1_47' title='bbox 1359 682 1427 738; x_wconf 89' lang='lat' dir='ltr'><strong>Et</strong></span> <span class='ocrx_word' id='word_1_48' title='bbox 1448 684 1574 754; x_wconf 86' lang='lat' dir='ltr'><strong>quia</strong></span> <span class='ocrx_word' id='word_1_49' title='bbox 1601 684 1713 752; x_wconf 88' lang='lat' dir='ltr'><strong>ipse</strong></span> <span class='ocrx_word' id='word_1_50' title='bbox 1746 692 1941 752; x_wconf 89' lang='lat' dir='ltr'><strong>puteus</strong></span> <span class='ocrx_word' id='word_1_51' title='bbox 1973 681 2094 736; x_wconf 88' lang='lat' dir='ltr'><strong>lati-</strong></span> 
     </span>
    </p>
   </div>
   <div class='ocr_carea' id='block_1_8' title="bbox 497 775 2093 849">
    <p class='ocr_par' dir='ltr' id='par_1_8' title="bbox 497 775 2093 849">
     <span class='ocr_line' id='line_1_8' title="bbox 497 775 2093 849; baseline -0.002 -15"><span class='ocrx_word' id='word_1_52' title='bbox 497 779 697 834; x_wconf 86' lang='lat' dir='ltr'><strong>tudinis</strong></span> <span class='ocrx_word' id='word_1_53' title='bbox 726 787 829 843; x_wconf 88' lang='lat' dir='ltr'><strong>est,</strong></span> <span class='ocrx_word' id='word_1_54' title='bbox 857 777 948 848; x_wconf 90' lang='lat' dir='ltr'><strong>qui</strong></span> <span class='ocrx_word' id='word_1_55' title='bbox 965 780 1285 832; x_wconf 88' lang='lat' dir='ltr'><strong>charitatem</strong></span> <span class='ocrx_word' id='word_1_56' title='bbox 1318 778 1511 842; x_wconf 83' lang='lat' dir='ltr'><strong>habet;</strong></span> <span class='ocrx_word' id='word_1_57' title='bbox 1540 777 1661 832; x_wconf 90' lang='lat' dir='ltr'><strong>ideo</strong></span> <span class='ocrx_word' id='word_1_58' title='bbox 1683 775 1842 842; x_wconf 83' lang='lat' dir='ltr'><strong>dixit,</strong></span> <span class='ocrx_word' id='word_1_59' title='bbox 1865 776 2093 849; x_wconf 85' lang='lat' dir='ltr'><strong>quianhi</strong></span> 
     </span>
    </p>
   </div>
   <div class='ocr_carea' id='block_1_9' title="bbox 496 870 2092 941">
    <p class='ocr_par' dir='ltr' id='par_1_9' title="bbox 496 870 2092 941">
     <span class='ocr_line' id='line_1_9' title="bbox 496 870 2092 941; baseline -0.002 -13"><span class='ocrx_word' id='word_1_60' title='bbox 496 872 732 928; x_wconf 85' lang='lat' dir='ltr'><strong>charitas</strong></span> <span class='ocrx_word' id='word_1_61' title='bbox 759 879 875 940; x_wconf 90' lang='lat' dir='ltr'><strong>est,</strong></span> <span class='ocrx_word' id='word_1_62' title='bbox 900 873 973 927; x_wconf 89' lang='lat' dir='ltr'><strong>ibi</strong></span> <span class='ocrx_word' id='word_1_63' title='bbox 1003 872 1235 940; x_wconf 86' lang='lat' dir='ltr'><strong>impetus</strong></span> <span class='ocrx_word' id='word_1_64' title='bbox 1260 886 1487 941; x_wconf 83' lang='lat' dir='ltr'><strong>magnus</strong></span> <span class='ocrx_word' id='word_1_65' title='bbox 1509 870 1791 926; x_wconf 79' lang='lat' dir='ltr'><strong>descendit</strong></span> <span class='ocrx_word' id='word_1_66' title='bbox 1812 886 1842 925; x_wconf 89' lang='lat' dir='ltr'><strong>a</strong></span> <span class='ocrx_word' id='word_1_67' title='bbox 1866 870 2092 926; x_wconf 83' lang='lat' dir='ltr'><strong>Libano.</strong></span> 
     </span>
    </p>
   </div>
   <div class='ocr_carea' id='block_1_10' title="bbox 574 962 2099 1035">
    <p class='ocr_par' dir='ltr' id='par_1_10' title="bbox 574 962 2099 1035">
     <span class='ocr_line' id='line_1_10' title="bbox 574 962 2099 1035; baseline -0.001 -14"><span class='ocrx_word' id='word_1_68' title='bbox 574 966 665 1021; x_wconf 73' lang='grc'><strong>47.</strong></span> <span class='ocrx_word' id='word_1_69' title='bbox 697 963 775 1018; x_wconf 87' lang='lat' dir='ltr'><strong>Ne</strong></span> <span class='ocrx_word' id='word_1_70' title='bbox 811 964 939 1035; x_wconf 89' lang='lat' dir='ltr'><strong>quid</strong></span> <span class='ocrx_word' id='word_1_71' title='bbox 981 972 1160 1020; x_wconf 88' lang='lat' dir='ltr'><strong>autem</strong></span> <span class='ocrx_word' id='word_1_72' title='bbox 1209 971 1465 1028; x_wconf 86' lang='lat' dir='ltr'><strong>moveat,</strong></span> <span class='ocrx_word' id='word_1_73' title='bbox 1495 962 1639 1034; x_wconf 88' lang='lat' dir='ltr'><strong>qttod</strong></span> <span class='ocrx_word' id='word_1_74' title='bbox 1674 974 1730 1018; x_wconf 91' lang='lat' dir='ltr'><strong>et</strong></span> <span class='ocrx_word' id='word_1_75' title='bbox 1756 972 2010 1033; x_wconf 86' lang='lat' dir='ltr'><strong>puteum,</strong></span> <span class='ocrx_word' id='word_1_76' title='bbox 2041 972 2099 1019; x_wconf 84' lang='lat' dir='ltr'><strong>et</strong></span> 
     </span>
    </p>
   </div>
   <div class='ocr_carea' id='block_1_11' title="bbox 495 1056 2095 1128">
    <p class='ocr_par' dir='ltr' id='par_1_11' title="bbox 495 1056 2095 1128">
     <span class='ocr_line' id='line_1_11' title="bbox 495 1056 2095 1128; baseline -0.002 -14"><span class='ocrx_word' id='word_1_77' title='bbox 495 1057 700 1114; x_wconf 85' lang='lat' dir='ltr'><strong>fontem</strong></span> <span class='ocrx_word' id='word_1_78' title='bbox 729 1058 981 1114; x_wconf 88' lang='lat' dir='ltr'><strong>eumdem</strong></span> <span class='ocrx_word' id='word_1_79' title='bbox 1002 1057 1167 1123; x_wconf 77' lang='lat' dir='ltr'><strong>dixit;</strong></span> <span class='ocrx_word' id='word_1_80' title='bbox 1193 1058 1353 1112; x_wconf 89' lang='lat' dir='ltr'><strong>etiam</strong></span> <span class='ocrx_word' id='word_1_81' title='bbox 1379 1056 1731 1128; x_wconf 82' lang='lat' dir='ltr'><strong>Evangeliutn</strong></span> <span class='ocrx_word' id='word_1_82' title='bbox 1763 1067 1814 1112; x_wconf 90' lang='lat' dir='ltr'><strong>te</strong></span> <span class='ocrx_word' id='word_1_83' title='bbox 1838 1058 2095 1124; x_wconf 88' lang='lat' dir='ltr'><strong>instruat,</strong></span> 
     </span>
    </p>
   </div>
   <div class='ocr_carea' id='block_1_12' title="bbox 498 1146 2098 1221">
    <p class='ocr_par' dir='ltr' id='par_1_12' title="bbox 498 1146 2098 1221">
     <span class='ocr_line' id='line_1_12' title="bbox 498 1146 2098 1221; baseline -0.003 -15"><span class='ocrx_word' id='word_1_84' title='bbox 498 1152 550 1206; x_wconf 90' lang='lat' dir='ltr'><strong>in</strong></span> <span class='ocrx_word' id='word_1_85' title='bbox 597 1165 704 1221; x_wconf 90' lang='lat' dir='ltr'><strong>quo</strong></span> <span class='ocrx_word' id='word_1_86' title='bbox 746 1151 1009 1220; x_wconf 89' lang='lat' dir='ltr'><strong>scriptum</strong></span> <span class='ocrx_word' id='word_1_87' title='bbox 1052 1159 1177 1204; x_wconf 86' lang='lat' dir='ltr'><strong>est:</strong></span> <span class='ocrx_word' id='word_1_88' title='bbox 1227 1148 1362 1216; x_wconf 82' lang='lat' dir='ltr'><strong>Quia</strong></span> <span class='ocrx_word' id='word_1_89' title='bbox 1400 1150 1533 1204; x_wconf 78' lang='lat' dir='ltr'><strong>venit</strong></span> <span class='ocrx_word' id='word_1_90' title='bbox 1559 1146 1713 1203; x_wconf 84' lang='lat' dir='ltr'><strong>Jesus</strong></span> <span class='ocrx_word' id='word_1_91' title='bbox 1746 1149 1802 1202; x_wconf 83' lang='lat' dir='ltr'><strong>in</strong></span> <span class='ocrx_word' id='word_1_92' title='bbox 1844 1148 2098 1202; x_wconf 76' lang='lat' dir='ltr'><strong>civitatem</strong></span> 
     </span>
    </p>
   </div>
   <div class='ocr_carea' id='block_1_13' title="bbox 502 1240 2100 1316">
    <p class='ocr_par' dir='ltr' id='par_1_13' title="bbox 502 1240 2100 1316">
     <span class='ocr_line' id='line_1_13' title="bbox 502 1240 2100 1316; baseline -0.001 -19"><span class='ocrx_word' id='word_1_93' title='bbox 502 1243 791 1311; x_wconf 77' lang='lat' dir='ltr'><strong>Samariw,</strong></span> <span class='ocrx_word' id='word_1_94' title='bbox 838 1257 955 1313; x_wconf 73' lang='lat' dir='ltr'><strong>qua:</strong></span> <span class='ocrx_word' id='word_1_95' title='bbox 992 1242 1182 1297; x_wconf 83' lang='lat' dir='ltr'><strong>dicitur</strong></span> <span class='ocrx_word' id='word_1_96' title='bbox 1226 1241 1449 1308; x_wconf 82' lang='lat' dir='ltr'><strong>Sic/tur,</strong></span> <span class='ocrx_word' id='word_1_97' title='bbox 1484 1245 1645 1316; x_wconf 85' lang='lat' dir='ltr'><strong>juxta</strong></span> <span class='ocrx_word' id='word_1_98' title='bbox 1684 1241 1934 1312; x_wconf 68' lang='lat' dir='ltr'><strong>praedium</strong></span> <span class='ocrx_word' id='word_1_99' title='bbox 1962 1240 2100 1312; x_wconf 81' lang='lat' dir='ltr'><strong>quod</strong></span> 
     </span>
    </p>
   </div>
   <div class='ocr_carea' id='block_1_14' title="bbox 504 1331 2104 1406">
    <p class='ocr_par' dir='ltr' id='par_1_14' title="bbox 504 1331 2104 1406">
     <span class='ocr_line' id='line_1_14' title="bbox 504 1331 2104 1406; baseline 0 -18"><span class='ocrx_word' id='word_1_100' title='bbox 504 1334 643 1389; x_wconf 84' lang='lat' dir='ltr'><strong>dedit</strong></span> <span class='ocrx_word' id='word_1_101' title='bbox 686 1333 853 1389; x_wconf 84' lang='lat' dir='ltr'><strong>Jacob</strong></span> <span class='ocrx_word' id='word_1_102' title='bbox 881 1334 1081 1406; x_wconf 82' lang='lat' dir='ltr'><strong>Joseph</strong></span> <span class='ocrx_word' id='word_1_103' title='bbox 1109 1334 1219 1405; x_wconf 84' lang='lat' dir='ltr'><strong>ﬁlio</strong></span> <span class='ocrx_word' id='word_1_104' title='bbox 1250 1350 1344 1389; x_wconf 85' lang='lat' dir='ltr'><strong>suo</strong></span> <span class='ocrx_word' id='word_1_105' title='bbox 1387 1331 1564 1404; x_wconf 81' lang='lat' dir='ltr'><strong>(Joan.</strong></span> <span class='ocrx_word' id='word_1_106' title='bbox 1597 1349 1670 1396; x_wconf 86' lang='lat' dir='ltr'><strong>tv,</strong></span> <span class='ocrx_word' id='word_1_107' title='bbox 1710 1333 1744 1387; x_wconf 85' lang='lat'><strong><em>5</em></strong></span> <span class='ocrx_word' id='word_1_108' title='bbox 1783 1343 1830 1388; x_wconf 89' lang='lat' dir='ltr'><strong>et</strong></span> <span class='ocrx_word' id='word_1_109' title='bbox 1862 1332 1939 1405; x_wconf 87' lang='grc'><strong>6).</strong></span> <span class='ocrx_word' id='word_1_110' title='bbox 1972 1333 2104 1388; x_wconf 75' lang='lat' dir='ltr'><strong>Erat</strong></span> 
     </span>
    </p>
   </div>
   <div class='ocr_carea' id='block_1_15' title="bbox 502 1427 2101 1501">
    <p class='ocr_par' dir='ltr' id='par_1_15' title="bbox 502 1427 2101 1501">
     <span class='ocr_line' id='line_1_15' title="bbox 502 1427 2101 1501; baseline -0.002 -17"><span class='ocrx_word' id='word_1_111' title='bbox 502 1438 683 1484; x_wconf 87' lang='lat' dir='ltr'><strong>autem</strong></span> <span class='ocrx_word' id='word_1_112' title='bbox 735 1429 805 1483; x_wconf 90' lang='lat' dir='ltr'><strong>ibi</strong></span> <span class='ocrx_word' id='word_1_113' title='bbox 853 1428 973 1483; x_wconf 82' lang='lat' dir='ltr'><strong>fons</strong></span> <span class='ocrx_word' id='word_1_114' title='bbox 997 1427 1164 1483; x_wconf 87' lang='lat' dir='ltr'><strong>Jacob</strong></span> <span class='ocrx_word' id='word_1_115' title='bbox 1198 1446 1210 1480; x_wconf 93' lang='lat'><strong>:</strong></span> <span class='ocrx_word' id='word_1_116' title='bbox 1250 1427 1314 1482; x_wconf 86' lang='lat' dir='ltr'><strong>Et</strong></span> <span class='ocrx_word' id='word_1_117' title='bbox 1343 1428 1613 1501; x_wconf 75' lang='lat' dir='ltr'><strong>fatigatus,</strong></span> <span class='ocrx_word' id='word_1_118' title='bbox 1648 1427 1854 1499; x_wconf 85' lang='lat' dir='ltr'><strong>inquit,</strong></span> <span class='ocrx_word' id='word_1_119' title='bbox 1895 1427 2101 1483; x_wconf 88' lang='lat' dir='ltr'><strong>sedebat</strong></span> 
     </span>
    </p>
   </div>
   <div class='ocr_carea' id='block_1_16' title="bbox 504 1518 2102 1594">
    <p class='ocr_par' dir='ltr' id='par_1_16' title="bbox 504 1518 2102 1594">
     <span class='ocr_line' id='line_1_16' title="bbox 504 1518 2102 1594; baseline 0.001 -20"><span class='ocrx_word' id='word_1_120' title='bbox 504 1522 578 1574; x_wconf 85' lang='lat' dir='ltr'><strong>sic</strong></span> <span class='ocrx_word' id='word_1_121' title='bbox 605 1536 757 1594; x_wconf 85' lang='lat' dir='ltr'><strong>super</strong></span> <span class='ocrx_word' id='word_1_122' title='bbox 786 1532 1015 1588; x_wconf 79' lang='lat' dir='ltr'><strong>puteum.</strong></span> <span class='ocrx_word' id='word_1_123' title='bbox 1047 1518 1204 1576; x_wconf 85' lang='lat' dir='ltr'><strong>Unde</strong></span> <span class='ocrx_word' id='word_1_124' title='bbox 1232 1519 1297 1573; x_wconf 90' lang='lat' dir='ltr'><strong>ad</strong></span> <span class='ocrx_word' id='word_1_125' title='bbox 1328 1520 1610 1592; x_wconf 85' lang='lat' dir='ltr'><strong>mysticam</strong></span> <span class='ocrx_word' id='word_1_126' title='bbox 1633 1519 1933 1575; x_wconf 87' lang='lat' dir='ltr'><strong>doctrinam</strong></span> <span class='ocrx_word' id='word_1_127' title='bbox 1958 1519 2102 1576; x_wconf 90' lang='lat' dir='ltr'><strong>hunc</strong></span> 
     </span>
    </p>
   </div>
   <div class='ocr_carea' id='block_1_17' title="bbox 505 1613 2104 1686">
    <p class='ocr_par' dir='ltr' id='par_1_17' title="bbox 505 1613 2104 1686">
     <span class='ocr_line' id='line_1_17' title="bbox 505 1613 2104 1686; baseline 0 -17"><span class='ocrx_word' id='word_1_128' title='bbox 505 1614 697 1669; x_wconf 88' lang='lat' dir='ltr'><strong>referri</strong></span> <span class='ocrx_word' id='word_1_129' title='bbox 740 1624 959 1684; x_wconf 89' lang='lat' dir='ltr'><strong>puteum</strong></span> <span class='ocrx_word' id='word_1_130' title='bbox 1004 1615 1167 1669; x_wconf 87' lang='lat' dir='ltr'><strong>etiam</strong></span> <span class='ocrx_word' id='word_1_131' title='bbox 1199 1614 1272 1669; x_wconf 89' lang='lat' dir='ltr'><strong>ibi</strong></span> <span class='ocrx_word' id='word_1_132' title='bbox 1299 1617 1719 1686; x_wconf 74' lang='lat' dir='ltr'><strong>cognoscimus,</strong></span> <span class='ocrx_word' id='word_1_133' title='bbox 1749 1613 1873 1685; x_wconf 84' lang='lat' dir='ltr'><strong>quia</strong></span> <span class='ocrx_word' id='word_1_134' title='bbox 1907 1614 1980 1669; x_wconf 90' lang='lat' dir='ltr'><strong>ibi</strong></span> <span class='ocrx_word' id='word_1_135' title='bbox 2007 1616 2104 1671; x_wconf 89' lang='lat' dir='ltr'><strong>Sa-</strong></span> 
     </span>
    </p>
   </div>
   <div class='ocr_carea' id='block_1_18' title="bbox 508 1707 2102 1782">
    <p class='ocr_par' dir='ltr' id='par_1_18' title="bbox 508 1707 2102 1782">
     <span class='ocr_line' id='line_1_18' title="bbox 508 1707 2102 1782; baseline -0.001 -18"><span class='ocrx_word' id='word_1_136' title='bbox 508 1709 773 1764; x_wconf 88' lang='lat' dir='ltr'><strong>maritana</strong></span> <span class='ocrx_word' id='word_1_137' title='bbox 800 1708 914 1775; x_wconf 90' lang='lat' dir='ltr'><strong>illa,</strong></span> <span class='ocrx_word' id='word_1_138' title='bbox 942 1707 993 1764; x_wconf 90' lang='lat' dir='ltr'><strong>id</strong></span> <span class='ocrx_word' id='word_1_139' title='bbox 1021 1717 1123 1777; x_wconf 86' lang='lat' dir='ltr'><strong>est,</strong></span> <span class='ocrx_word' id='word_1_140' title='bbox 1155 1715 1337 1764; x_wconf 88' lang='lat' dir='ltr'><strong>custos</strong></span> <span class='ocrx_word' id='word_1_141' title='bbox 1366 1707 1572 1782; x_wconf 88' lang='lat' dir='ltr'><strong>(custos</strong></span> <span class='ocrx_word' id='word_1_142' title='bbox 1594 1716 1771 1763; x_wconf 89' lang='lat' dir='ltr'><strong>autem</strong></span> <span class='ocrx_word' id='word_1_143' title='bbox 1796 1708 2102 1764; x_wconf 59' lang='lat' dir='ltr'><strong>caelestium</strong></span> 
     </span>
    </p>
   </div>
   <div class='ocr_carea' id='block_1_19' title="bbox 2196 498 3791 570">
    <p class='ocr_par' dir='ltr' id='par_1_19' title="bbox 2196 498 3791 570">
     <span class='ocr_line' id='line_1_19' title="bbox 2196 498 3791 570; baseline -0.001 -15"><span class='ocrx_word' id='word_1_144' title='bbox 2196 500 2418 568; x_wconf 83' lang='lat' dir='ltr'><strong>eloquii,</strong></span> <span class='ocrx_word' id='word_1_145' title='bbox 2443 516 2551 570; x_wconf 87' lang='lat' dir='ltr'><strong>quo</strong></span> <span class='ocrx_word' id='word_1_146' title='bbox 2573 502 2654 556; x_wconf 92' lang='lat' dir='ltr'><strong>vis</strong></span> <span class='ocrx_word' id='word_1_147' title='bbox 2694 503 2868 570; x_wconf 79' lang='lat' dir='ltr'><strong>major</strong></span> <span class='ocrx_word' id='word_1_148' title='bbox 2887 499 3181 556; x_wconf 74' lang='lat' dir='ltr'><strong>afﬂuentia:</strong></span> <span class='ocrx_word' id='word_1_149' title='bbox 3208 498 3624 563; x_wconf 80' lang='lat' dir='ltr'><strong>descendentis,</strong></span> <span class='ocrx_word' id='word_1_150' title='bbox 3647 514 3791 569; x_wconf 79' lang='lat' dir='ltr'><strong>quam</strong></span> 
     </span>
    </p>
   </div>
   <div class='ocr_carea' id='block_1_20' title="bbox 2197 592 3795 665">
    <p class='ocr_par' dir='ltr' id='par_1_20' title="bbox 2197 592 3795 665">
     <span class='ocr_line' id='line_1_20' title="bbox 2197 592 3795 665; baseline 0.001 -18"><span class='ocrx_word' id='word_1_151' title='bbox 2197 594 2537 650; x_wconf 84' lang='lat' dir='ltr'><strong>ascendentis</strong></span> <span class='ocrx_word' id='word_1_152' title='bbox 2562 595 2906 665; x_wconf 77' lang='lat' dir='ltr'><strong>exprimitur.</strong></span> <span class='ocrx_word' id='word_1_153' title='bbox 2931 595 3083 659; x_wconf 79' lang='lat' dir='ltr'><strong>Vide,</strong></span> <span class='ocrx_word' id='word_1_154' title='bbox 3104 610 3256 664; x_wconf 89' lang='lat' dir='ltr'><strong>rogo,</strong></span> <span class='ocrx_word' id='word_1_155' title='bbox 3274 594 3404 665; x_wconf 83' lang='lat' dir='ltr'><strong>quid</strong></span> <span class='ocrx_word' id='word_1_156' title='bbox 3426 594 3498 649; x_wconf 83' lang='lat' dir='ltr'><strong>de</strong></span> <span class='ocrx_word' id='word_1_157' title='bbox 3520 608 3627 648; x_wconf 87' lang='lat' dir='ltr'><strong>usu</strong></span> <span class='ocrx_word' id='word_1_158' title='bbox 3646 592 3795 648; x_wconf 73' lang='lat' dir='ltr'><strong>verba</strong></span> 
     </span>
    </p>
   </div>
   <div class='ocr_carea' id='block_1_21' title="bbox 2197 684 3797 757">
    <p class='ocr_par' dir='ltr' id='par_1_21' title="bbox 2197 684 3797 757">
     <span class='ocr_line' id='line_1_21' title="bbox 2197 684 3797 757; baseline -0.002 -17"><span class='ocrx_word' id='word_1_159' title='bbox 2197 685 2454 753; x_wconf 88' lang='lat' dir='ltr'><strong>habeant,</strong></span> <span class='ocrx_word' id='word_1_160' title='bbox 2480 687 2736 757; x_wconf 88' lang='lat' dir='ltr'><strong>impetum</strong></span> <span class='ocrx_word' id='word_1_161' title='bbox 2759 702 2916 743; x_wconf 90' lang='lat' dir='ltr'><strong>suum</strong></span> <span class='ocrx_word' id='word_1_162' title='bbox 2939 702 3120 742; x_wconf 90' lang='lat' dir='ltr'><strong>sermo</strong></span> <span class='ocrx_word' id='word_1_163' title='bbox 3143 685 3494 756; x_wconf 86' lang='lat' dir='ltr'><strong>propheticus</strong></span> <span class='ocrx_word' id='word_1_164' title='bbox 3517 700 3633 739; x_wconf 88' lang='lat' dir='ltr'><strong>non</strong></span> <span class='ocrx_word' id='word_1_165' title='bbox 3655 684 3797 739; x_wconf 82' lang='lat' dir='ltr'><strong>amit-</strong></span> 
     </span>
    </p>
   </div>
   <div class='ocr_carea' id='block_1_22' title="bbox 2200 778 3800 850">
    <p class='ocr_par' dir='ltr' id='par_1_22' title="bbox 2200 778 3800 850">
     <span class='ocr_line' id='line_1_22' title="bbox 2200 778 3800 850; baseline 0 -16"><span class='ocrx_word' id='word_1_166' title='bbox 2200 788 2299 846; x_wconf 88' lang='lat' dir='ltr'><strong>tat,</strong></span> <span class='ocrx_word' id='word_1_167' title='bbox 2329 779 2455 834; x_wconf 83' lang='lat' dir='ltr'><strong>licet</strong></span> <span class='ocrx_word' id='word_1_168' title='bbox 2482 793 2608 835; x_wconf 86' lang='lat' dir='ltr'><strong>usus</strong></span> <span class='ocrx_word' id='word_1_169' title='bbox 2641 779 2755 849; x_wconf 89' lang='lat' dir='ltr'><strong>ipse</strong></span> <span class='ocrx_word' id='word_1_170' title='bbox 2775 780 3099 850; x_wconf 87' lang='lat' dir='ltr'><strong>scriptorum</strong></span> <span class='ocrx_word' id='word_1_171' title='bbox 3127 778 3309 834; x_wconf 71' lang='lat' dir='ltr'><strong>sensui</strong></span> <span class='ocrx_word' id='word_1_172' title='bbox 3335 779 3577 845; x_wconf 79' lang='lat' dir='ltr'><strong>servire,</strong></span> <span class='ocrx_word' id='word_1_173' title='bbox 3607 778 3800 848; x_wconf 73' lang='lat' dir='ltr'><strong>maiore</strong></span> 
     </span>
    </p>
   </div>
   <div class='ocr_carea' id='block_1_23' title="bbox 2199 871 2781 928">
    <p class='ocr_par' dir='ltr' id='par_1_23' title="bbox 2199 871 2781 928">
     <span class='ocr_line' id='line_1_23' title="bbox 2199 871 2781 928; baseline 0 -2"><span class='ocrx_word' id='word_1_174' title='bbox 2199 871 2397 928; x_wconf 89' lang='lat' dir='ltr'><strong>decore</strong></span> <span class='ocrx_word' id='word_1_175' title='bbox 2416 872 2781 927; x_wconf 85' lang='lat' dir='ltr'><strong>consueverit.</strong></span> 
     </span>
    </p>
   </div>
   <div class='ocr_carea' id='block_1_24' title="bbox 2272 960 3803 1035">
    <p class='ocr_par' dir='ltr' id='par_1_24' title="bbox 2272 960 3803 1035">
     <span class='ocr_line' id='line_1_24' title="bbox 2272 960 3803 1035; baseline -0.001 -16"><span class='ocrx_word' id='word_1_176' title='bbox 2272 962 2413 1021; x_wconf 55' lang='lat'><strong>51.13</strong></span> <span class='ocrx_word' id='word_1_177' title='bbox 2444 963 2642 1020; x_wconf 84' lang='lat' dir='ltr'><strong>Puteus</strong></span> <span class='ocrx_word' id='word_1_178' title='bbox 2683 979 2935 1035; x_wconf 80' lang='lat' dir='ltr'><strong>aquarum</strong></span> <span class='ocrx_word' id='word_1_179' title='bbox 2976 963 3298 1031; x_wconf 78' lang='lat' dir='ltr'><strong>uiuentium;</strong></span> <span class='ocrx_word' id='word_1_180' title='bbox 3329 972 3524 1033; x_wconf 86' lang='lat' dir='ltr'><strong>puteus</strong></span> <span class='ocrx_word' id='word_1_181' title='bbox 3574 960 3721 1016; x_wconf 82' lang='lat' dir='ltr'><strong>enim</strong></span> <span class='ocrx_word' id='word_1_182' title='bbox 3764 961 3803 1017; x_wconf 97' lang='lat' dir='ltr'><strong>si</strong></span> 
     </span>
    </p>
   </div>
   <div class='ocr_carea' id='block_1_25' title="bbox 2202 1052 3803 1126">
    <p class='ocr_par' dir='ltr' id='par_1_25' title="bbox 2202 1052 3803 1126">
     <span class='ocr_line' id='line_1_25' title="bbox 2202 1052 3803 1126; baseline -0.003 -13"><span class='ocrx_word' id='word_1_183' title='bbox 2202 1057 2331 1114; x_wconf 84' lang='lat' dir='ltr'><strong>nihil</strong></span> <span class='ocrx_word' id='word_1_184' title='bbox 2357 1059 2576 1113; x_wconf 83' lang='lat' dir='ltr'><strong>haurias</strong></span> <span class='ocrx_word' id='word_1_185' title='bbox 2596 1097 2611 1122; x_wconf 94' lang='lat'><strong>,</strong></span> <span class='ocrx_word' id='word_1_186' title='bbox 2641 1058 2801 1113; x_wconf 88' lang='lat' dir='ltr'><strong>inerti</strong></span> <span class='ocrx_word' id='word_1_187' title='bbox 2842 1057 2955 1111; x_wconf 86' lang='lat' dir='ltr'><strong>otio</strong></span> <span class='ocrx_word' id='word_1_188' title='bbox 2983 1067 3037 1110; x_wconf 83' lang='lat' dir='ltr'><strong>et</strong></span> <span class='ocrx_word' id='word_1_189' title='bbox 3062 1056 3316 1126; x_wconf 73' lang='lat' dir='ltr'><strong>degeneri</strong></span> <span class='ocrx_word' id='word_1_190' title='bbox 3355 1054 3465 1110; x_wconf 88' lang='lat' dir='ltr'><strong>situ</strong></span> <span class='ocrx_word' id='word_1_191' title='bbox 3494 1052 3664 1110; x_wconf 77' lang='lat' dir='ltr'><strong>facile</strong></span> <span class='ocrx_word' id='word_1_192' title='bbox 3689 1067 3803 1108; x_wconf 84' lang='lat' dir='ltr'><strong>cor-</strong></span> 
     </span>
    </p>
   </div>
   <div class='ocr_carea' id='block_1_26' title="bbox 2202 1146 3804 1220">
    <p class='ocr_par' dir='ltr' id='par_1_26' title="bbox 2202 1146 3804 1220">
     <span class='ocr_line' id='line_1_26' title="bbox 2202 1146 3804 1220; baseline -0.002 -14"><span class='ocrx_word' id='word_1_193' title='bbox 2202 1151 2471 1220; x_wconf 84' lang='lat' dir='ltr'><strong>rumpitur</strong></span> <span class='ocrx_word' id='word_1_194' title='bbox 2507 1167 2520 1204; x_wconf 85' lang='lat'><strong>:</strong></span> <span class='ocrx_word' id='word_1_195' title='bbox 2557 1151 2886 1205; x_wconf 81' lang='lat' dir='ltr'><strong>exercitatus</strong></span> <span class='ocrx_word' id='word_1_196' title='bbox 2933 1157 3112 1205; x_wconf 84' lang='lat' dir='ltr'><strong>autem</strong></span> <span class='ocrx_word' id='word_1_197' title='bbox 3154 1148 3373 1204; x_wconf 85' lang='lat' dir='ltr'><strong>nitescit</strong></span> <span class='ocrx_word' id='word_1_198' title='bbox 3416 1148 3485 1203; x_wconf 86' lang='lat' dir='ltr'><strong>ad</strong></span> <span class='ocrx_word' id='word_1_199' title='bbox 3527 1146 3804 1218; x_wconf 75' lang='lat' dir='ltr'><strong>speciem,</strong></span> 
     </span>
    </p>
   </div>
   <div class='ocr_carea' id='block_1_27' title="bbox 2202 1241 3808 1313">
    <p class='ocr_par' dir='ltr' id='par_1_27' title="bbox 2202 1241 3808 1313">
     <span class='ocr_line' id='line_1_27' title="bbox 2202 1241 3808 1313; baseline -0.001 -14"><span class='ocrx_word' id='word_1_200' title='bbox 2202 1242 2466 1299; x_wconf 76' lang='lat' dir='ltr'><strong>dulcescit</strong></span> <span class='ocrx_word' id='word_1_201' title='bbox 2488 1241 2553 1297; x_wconf 90' lang='lat' dir='ltr'><strong>ad</strong></span> <span class='ocrx_word' id='word_1_202' title='bbox 2585 1250 2791 1313; x_wconf 89' lang='lat' dir='ltr'><strong>potum.</strong></span> <span class='ocrx_word' id='word_1_203' title='bbox 2815 1242 2886 1297; x_wconf 88' lang='lat' dir='ltr'><strong>lta</strong></span> <span class='ocrx_word' id='word_1_204' title='bbox 2909 1251 2967 1296; x_wconf 91' lang='lat' dir='ltr'><strong>et</strong></span> <span class='ocrx_word' id='word_1_205' title='bbox 2988 1257 3215 1298; x_wconf 81' lang='lat' dir='ltr'><strong>acervus</strong></span> <span class='ocrx_word' id='word_1_206' title='bbox 3237 1241 3577 1302; x_wconf 85' lang='lat' dir='ltr'><strong>divitiarum,</strong></span> <span class='ocrx_word' id='word_1_207' title='bbox 3601 1242 3808 1297; x_wconf 84' lang='lat' dir='ltr'><strong>cumulo</strong></span> 
     </span>
    </p>
   </div>
   <div class='ocr_carea' id='block_1_28' title="bbox 2203 1334 3810 1406">
    <p class='ocr_par' dir='ltr' id='par_1_28' title="bbox 2203 1334 3810 1406">
     <span class='ocr_line' id='line_1_28' title="bbox 2203 1334 3810 1406; baseline -0.002 -14"><span class='ocrx_word' id='word_1_208' title='bbox 2203 1353 2489 1403; x_wconf 89' lang='lat' dir='ltr'><strong>arenosus,</strong></span> <span class='ocrx_word' id='word_1_209' title='bbox 2522 1337 2799 1406; x_wconf 79' lang='lat' dir='ltr'><strong>Speciosus</strong></span> <span class='ocrx_word' id='word_1_210' title='bbox 2828 1343 2914 1393; x_wconf 89' lang='lat' dir='ltr'><strong>est</strong></span> <span class='ocrx_word' id='word_1_211' title='bbox 2942 1352 3075 1401; x_wconf 87' lang='lat' dir='ltr'><strong>usu,</strong></span> <span class='ocrx_word' id='word_1_212' title='bbox 3101 1337 3214 1391; x_wconf 91' lang='lat' dir='ltr'><strong>otio</strong></span> <span class='ocrx_word' id='word_1_213' title='bbox 3251 1347 3435 1391; x_wconf 89' lang='lat' dir='ltr'><strong>autem</strong></span> <span class='ocrx_word' id='word_1_214' title='bbox 3474 1334 3691 1390; x_wconf 88' lang='lat' dir='ltr'><strong>inutilis</strong></span> <span class='ocrx_word' id='word_1_215' title='bbox 3725 1336 3810 1388; x_wconf 78' lang='lat' dir='ltr'><strong>ha-</strong></span> 
     </span>
    </p>
   </div>
   <div class='ocr_carea' id='block_1_29' title="bbox 2203 1424 3809 1501">
    <p class='ocr_par' dir='ltr' id='par_1_29' title="bbox 2203 1424 3809 1501">
     <span class='ocr_line' id='line_1_29' title="bbox 2203 1424 3809 1501; baseline -0.004 -15"><span class='ocrx_word' id='word_1_216' title='bbox 2203 1431 2380 1486; x_wconf 87' lang='lat' dir='ltr'><strong>betur.</strong></span> <span class='ocrx_word' id='word_1_217' title='bbox 2428 1430 2684 1487; x_wconf 86' lang='lat' dir='ltr'><strong>Derivato</strong></span> <span class='ocrx_word' id='word_1_218' title='bbox 2722 1430 2882 1501; x_wconf 91' lang='lat' dir='ltr'><strong>igitur</strong></span> <span class='ocrx_word' id='word_1_219' title='bbox 2909 1429 3112 1500; x_wconf 92' lang='lat' dir='ltr'><strong>aliquid</strong></span> <span class='ocrx_word' id='word_1_220' title='bbox 3142 1428 3211 1485; x_wconf 90' lang='lat' dir='ltr'><strong>de</strong></span> <span class='ocrx_word' id='word_1_221' title='bbox 3251 1437 3416 1499; x_wconf 87' lang='lat' dir='ltr'><strong>puteo</strong></span> <span class='ocrx_word' id='word_1_222' title='bbox 3447 1426 3553 1481; x_wconf 89' lang='lat' dir='ltr'><strong>hoc</strong></span> <span class='ocrx_word' id='word_1_223' title='bbox 3591 1444 3605 1480; x_wconf 89' lang='lat'><strong>:</strong></span> <span class='ocrx_word' id='word_1_224' title='bbox 3640 1424 3809 1497; x_wconf 66' lang='lat' dir='ltr'><strong>Ignea</strong></span> 
     </span>
    </p>
   </div>
   <div class='ocr_carea' id='block_1_30' title="bbox 2204 1517 3809 1592">
    <p class='ocr_par' dir='ltr' id='par_1_30' title="bbox 2204 1517 3809 1592">
     <span class='ocr_line' id='line_1_30' title="bbox 2204 1517 3809 1592; baseline -0.004 -14"><span class='ocrx_word' id='word_1_225' title='bbox 2204 1525 2342 1578; x_wconf 84' lang='lat' dir='ltr'><strong>enim</strong></span> <span class='ocrx_word' id='word_1_226' title='bbox 2384 1522 2646 1577; x_wconf 81' lang='lat' dir='ltr'><strong>ardentem</strong></span> <span class='ocrx_word' id='word_1_227' title='bbox 2685 1522 2957 1592; x_wconf 83' lang='lat' dir='ltr'><strong>restinguit</strong></span> <span class='ocrx_word' id='word_1_228' title='bbox 2990 1537 3127 1592; x_wconf 81' lang='lat' dir='ltr'><strong>aqua</strong></span> <span class='ocrx_word' id='word_1_229' title='bbox 3151 1561 3165 1585; x_wconf 92' lang='lat'><strong>,</strong></span> <span class='ocrx_word' id='word_1_230' title='bbox 3193 1530 3239 1575; x_wconf 92' lang='lat' dir='ltr'><strong>et</strong></span> <span class='ocrx_word' id='word_1_231' title='bbox 3271 1520 3603 1590; x_wconf 74' lang='lat' dir='ltr'><strong>elemosyna</strong></span> <span class='ocrx_word' id='word_1_232' title='bbox 3629 1517 3809 1572; x_wconf 82' lang='lat' dir='ltr'><strong>resistit</strong></span> 
     </span>
    </p>
   </div>
   <div class='ocr_carea' id='block_1_31' title="bbox 2205 1611 3805 1688">
    <p class='ocr_par' dir='ltr' id='par_1_31' title="bbox 2205 1611 3805 1688">
     <span class='ocr_line' id='line_1_31' title="bbox 2205 1611 3805 1688; baseline -0.003 -17"><span class='ocrx_word' id='word_1_233' title='bbox 2205 1616 2425 1686; x_wconf 79' lang='lat' dir='ltr'><strong>peccatis</strong></span> <span class='ocrx_word' id='word_1_234' title='bbox 2455 1614 2645 1688; x_wconf 79' lang='lat' dir='ltr'><strong>(Eccli.</strong></span> <span class='ocrx_word' id='word_1_235' title='bbox 2680 1630 2759 1682; x_wconf 83' lang='lat' dir='ltr'><strong>ut,</strong></span> <span class='ocrx_word' id='word_1_236' title='bbox 2782 1614 2853 1670; x_wconf 76' lang='lat'><strong>33</strong></span> <span class='ocrx_word' id='word_1_237' title='bbox 2870 1612 2911 1686; x_wconf 91' lang='lat'><strong>).</strong></span> <span class='ocrx_word' id='word_1_238' title='bbox 2933 1614 3086 1684; x_wconf 81' lang='lat' dir='ltr'><strong>Aqua</strong></span> <span class='ocrx_word' id='word_1_239' title='bbox 3111 1622 3292 1668; x_wconf 83' lang='lat' dir='ltr'><strong>autem</strong></span> <span class='ocrx_word' id='word_1_240' title='bbox 3321 1612 3523 1666; x_wconf 85' lang='lat' dir='ltr'><strong>stativa</strong></span> <span class='ocrx_word' id='word_1_241' title='bbox 3554 1611 3668 1667; x_wconf 90' lang='lat' dir='ltr'><strong>cito</strong></span> <span class='ocrx_word' id='word_1_242' title='bbox 3695 1625 3805 1666; x_wconf 75' lang='lat' dir='ltr'><strong>ver-</strong></span> 
     </span>
    </p>
   </div>
   <div class='ocr_carea' id='block_1_32' title="bbox 2209 1707 3807 1776">
    <p class='ocr_par' dir='ltr' id='par_1_32' title="bbox 2209 1707 3807 1776">
     <span class='ocr_line' id='line_1_32' title="bbox 2209 1707 3807 1776; baseline -0.003 -12"><span class='ocrx_word' id='word_1_243' title='bbox 2209 1724 2324 1765; x_wconf 86' lang='lat' dir='ltr'><strong>ntes</strong></span> <span class='ocrx_word' id='word_1_244' title='bbox 2356 1710 2480 1765; x_wconf 83' lang='lat' dir='ltr'><strong>facit</strong></span> <span class='ocrx_word' id='word_1_245' title='bbox 2504 1726 2517 1763; x_wconf 87' lang='lat'><strong>:</strong></span> <span class='ocrx_word' id='word_1_246' title='bbox 2544 1725 2650 1763; x_wconf 90' lang='lat' dir='ltr'><strong>non</strong></span> <span class='ocrx_word' id='word_1_247' title='bbox 2671 1719 2775 1764; x_wconf 89' lang='lat' dir='ltr'><strong>stet</strong></span> <span class='ocrx_word' id='word_1_248' title='bbox 2800 1707 3091 1764; x_wconf 84' lang='lat' dir='ltr'><strong>thesaurus</strong></span> <span class='ocrx_word' id='word_1_249' title='bbox 3113 1715 3258 1773; x_wconf 88' lang='lat' dir='ltr'><strong>tuus,</strong></span> <span class='ocrx_word' id='word_1_250' title='bbox 3286 1721 3354 1761; x_wconf 90' lang='lat' dir='ltr'><strong>ne</strong></span> <span class='ocrx_word' id='word_1_251' title='bbox 3376 1707 3518 1776; x_wconf 79' lang='lat' dir='ltr'><strong>ignis</strong></span> <span class='ocrx_word' id='word_1_252' title='bbox 3543 1714 3672 1760; x_wconf 88' lang='lat' dir='ltr'><strong>tuus</strong></span> <span class='ocrx_word' id='word_1_253' title='bbox 3693 1714 3807 1760; x_wconf 87' lang='lat' dir='ltr'><strong>stet.</strong></span> 
     </span>
    </p>
   </div>
   <div class='ocr_carea' id='block_1_33' title="bbox 509 1798 3810 1873">
    <p class='ocr_par' dir='ltr' id='par_1_33' title="bbox 509 1798 3810 1873">
     <span class='ocr_line' id='line_1_33' title="bbox 509 1798 3810 1873; baseline -0.002 -12"><span class='ocrx_word' id='word_1_254' title='bbox 509 1798 929 1871; x_wconf 56' lang='lat' dir='ltr'><strong>praceptorum)</strong></span> <span class='ocrx_word' id='word_1_255' title='bbox 961 1798 1143 1855; x_wconf 78' lang='lat' dir='ltr'><strong>hausit</strong></span> <span class='ocrx_word' id='word_1_256' title='bbox 1180 1798 1249 1855; x_wconf 86' lang='lat' dir='ltr'><strong>de</strong></span> <span class='ocrx_word' id='word_1_257' title='bbox 1293 1809 1455 1869; x_wconf 87' lang='lat' dir='ltr'><strong>puteo</strong></span> <span class='ocrx_word' id='word_1_258' title='bbox 1480 1800 1576 1855; x_wconf 88' lang='lat' dir='ltr'><strong>illo</strong></span> <span class='ocrx_word' id='word_1_259' title='bbox 1607 1799 1787 1855; x_wconf 85' lang='lat' dir='ltr'><strong>divina</strong></span> <span class='ocrx_word' id='word_1_260' title='bbox 1817 1800 2100 1871; x_wconf 80' lang='lat' dir='ltr'><strong>mysteria.</strong></span> <span class='ocrx_word' id='word_1_261' title='bbox 2132 1809 2181 1869; x_wconf 85' lang='grc' dir='ltr'>Β</span> <span class='ocrx_word' id='word_1_262' title='bbox 2208 1805 2385 1861; x_wconf 78' lang='lat' dir='ltr'><strong>Stabit</strong></span> <span class='ocrx_word' id='word_1_263' title='bbox 2410 1804 2464 1861; x_wconf 83' lang='lat' dir='ltr'><strong>in</strong></span> <span class='ocrx_word' id='word_1_264' title='bbox 2496 1803 2837 1872; x_wconf 80' lang='lat' dir='ltr'><strong>te,oisieoni</strong></span> <span class='ocrx_word' id='word_1_265' title='bbox 2863 1803 3121 1873; x_wconf 79' lang='lat' dir='ltr'><strong>operibus</strong></span> <span class='ocrx_word' id='word_1_266' title='bbox 3146 1811 3251 1858; x_wconf 73' lang='lat' dir='ltr'><strong>tua:</strong></span> <span class='ocrx_word' id='word_1_267' title='bbox 3276 1798 3654 1857; x_wconf 75' lang='lat' dir='ltr'><strong>miserationis</strong></span> <span class='ocrx_word' id='word_1_268' title='bbox 3670 1812 3810 1854; x_wconf 80' lang='lat' dir='ltr'><strong>aver-</strong></span> 
     </span>
    </p>
   </div>
   <div class='ocr_carea' id='block_1_34' title="bbox 506 1891 2102 1963">
    <p class='ocr_par' dir='ltr' id='par_1_34' title="bbox 506 1891 2102 1963">
     <span class='ocr_line' id='line_1_34' title="bbox 506 1891 2102 1963; baseline -0.001 -16"><span class='ocrx_word' id='word_1_269' title='bbox 506 1907 845 1963; x_wconf 84' lang='lat' dir='ltr'><strong>cognoscens</strong></span> <span class='ocrx_word' id='word_1_270' title='bbox 882 1893 1009 1962; x_wconf 86' lang='lat' dir='ltr'><strong>quia</strong></span> <span class='ocrx_word' id='word_1_271' title='bbox 1043 1894 1186 1947; x_wconf 90' lang='lat' dir='ltr'><strong>Deus</strong></span> <span class='ocrx_word' id='word_1_272' title='bbox 1222 1892 1455 1961; x_wconf 90' lang='lat' dir='ltr'><strong>spiritus</strong></span> <span class='ocrx_word' id='word_1_273' title='bbox 1498 1902 1614 1959; x_wconf 87' lang='lat' dir='ltr'><strong>est,</strong></span> <span class='ocrx_word' id='word_1_274' title='bbox 1642 1902 1695 1946; x_wconf 93' lang='lat' dir='ltr'><strong>et</strong></span> <span class='ocrx_word' id='word_1_275' title='bbox 1738 1906 1843 1946; x_wconf 93' lang='lat' dir='ltr'><strong>non</strong></span> <span class='ocrx_word' id='word_1_276' title='bbox 1896 1892 1946 1945; x_wconf 92' lang='lat' dir='ltr'><strong>in</strong></span> <span class='ocrx_word' id='word_1_277' title='bbox 1980 1891 2102 1946; x_wconf 91' lang='lat' dir='ltr'><strong>loco</strong></span> 
     </span>
    </p>
   </div>
   <div class='ocr_carea' id='block_1_35' title="bbox 499 1983 2105 2058">
    <p class='ocr_par' dir='ltr' id='par_1_35' title="bbox 499 1983 2105 2058">
     <span class='ocr_line' id='line_1_35' title="bbox 499 1983 2105 2058; baseline 0.001 -20"><span class='ocrx_word' id='word_1_278' title='bbox 499 1986 765 2058; x_wconf 81' lang='lat' dir='ltr'><strong>adoratur</strong></span> <span class='ocrx_word' id='word_1_279' title='bbox 785 2028 800 2054; x_wconf 99' lang='lat'><strong>,</strong></span> <span class='ocrx_word' id='word_1_280' title='bbox 845 1988 942 2041; x_wconf 89' lang='lat' dir='ltr'><strong>sed</strong></span> <span class='ocrx_word' id='word_1_281' title='bbox 976 1986 1030 2040; x_wconf 92' lang='lat' dir='ltr'><strong>in</strong></span> <span class='ocrx_word' id='word_1_282' title='bbox 1058 1985 1252 2055; x_wconf 90' lang='lat' dir='ltr'><strong>spiritu</strong></span> <span class='ocrx_word' id='word_1_283' title='bbox 1281 2002 1294 2040; x_wconf 92' lang='lat'>:</span> <span class='ocrx_word' id='word_1_284' title='bbox 1328 1996 1382 2040; x_wconf 91' lang='lat' dir='ltr'><strong>et</strong></span> <span class='ocrx_word' id='word_1_285' title='bbox 1406 1984 1531 2056; x_wconf 87' lang='lat' dir='ltr'><strong>quia</strong></span> <span class='ocrx_word' id='word_1_286' title='bbox 1560 1984 1787 2041; x_wconf 89' lang='lat' dir='ltr'><strong>Messias</strong></span> <span class='ocrx_word' id='word_1_287' title='bbox 1815 1984 1981 2052; x_wconf 83' lang='lat' dir='ltr'><strong>venit,</strong></span> <span class='ocrx_word' id='word_1_288' title='bbox 2013 1983 2105 2055; x_wconf 90' lang='lat' dir='ltr'><strong>qui</strong></span> 
     </span>
    </p>
   </div>
   <div class='ocr_carea' id='block_1_36' title="bbox 508 2079 2104 2151">
    <p class='ocr_par' dir='ltr' id='par_1_36' title="bbox 508 2079 2104 2151">
     <span class='ocr_line' id='line_1_36' title="bbox 508 2079 2104 2151; baseline 0.001 -18"><span class='ocrx_word' id='word_1_289' title='bbox 508 2079 761 2135; x_wconf 88' lang='lat' dir='ltr'><strong>Christus</strong></span> <span class='ocrx_word' id='word_1_290' title='bbox 781 2090 885 2135; x_wconf 89' lang='lat' dir='ltr'><strong>est.</strong></span> <span class='ocrx_word' id='word_1_291' title='bbox 920 2079 1125 2147; x_wconf 85' lang='lat' dir='ltr'><strong>Quibus</strong></span> <span class='ocrx_word' id='word_1_292' title='bbox 1156 2079 1354 2135; x_wconf 82' lang='lat' dir='ltr'><strong>auditis</strong></span> <span class='ocrx_word' id='word_1_293' title='bbox 1394 2079 1589 2135; x_wconf 90' lang='lat' dir='ltr'><strong>mulier</strong></span> <span class='ocrx_word' id='word_1_294' title='bbox 1611 2079 1698 2133; x_wconf 90' lang='lat' dir='ltr'><strong>illa</strong></span> <span class='ocrx_word' id='word_1_295' title='bbox 1721 2096 1841 2150; x_wconf 74' lang='lat' dir='ltr'><strong>quae</strong></span> <span class='ocrx_word' id='word_1_296' title='bbox 1865 2080 2104 2151; x_wconf 85' lang='lat' dir='ltr'><strong>speciem</strong></span> 
     </span>
    </p>
   </div>
   <div class='ocr_carea' id='block_1_37' title="bbox 515 2171 2109 2244">
    <p class='ocr_par' dir='ltr' id='par_1_37' title="bbox 515 2171 2109 2244">
     <span class='ocr_line' id='line_1_37' title="bbox 515 2171 2109 2244; baseline -0.002 -15"><span class='ocrx_word' id='word_1_297' title='bbox 515 2171 775 2229; x_wconf 69' lang='lat' dir='ltr'><strong>Ecclesim</strong></span> <span class='ocrx_word' id='word_1_298' title='bbox 806 2173 975 2244; x_wconf 80' lang='lat' dir='ltr'><strong>gerit,</strong></span> <span class='ocrx_word' id='word_1_299' title='bbox 1010 2173 1169 2243; x_wconf 83' lang='lat' dir='ltr'><strong>Legis</strong></span> <span class='ocrx_word' id='word_1_300' title='bbox 1200 2182 1542 2228; x_wconf 89' lang='lat' dir='ltr'><strong>sacramenta</strong></span> <span class='ocrx_word' id='word_1_301' title='bbox 1570 2173 1823 2243; x_wconf 89' lang='lat' dir='ltr'><strong>cognovit</strong></span> <span class='ocrx_word' id='word_1_302' title='bbox 1851 2183 1904 2228; x_wconf 90' lang='lat' dir='ltr'><strong>et</strong></span> <span class='ocrx_word' id='word_1_303' title='bbox 1930 2171 2109 2228; x_wconf 87' lang='lat' dir='ltr'><strong>credi-</strong></span> 
     </span>
    </p>
   </div>
   <div class='ocr_carea' id='block_1_38' title="bbox 514 2264 616 2319">
    <p class='ocr_par' dir='ltr' id='par_1_38' title="bbox 514 2264 616 2319">
     <span class='ocr_line' id='line_1_38' title="bbox 514 2264 616 2319; baseline -0.01 0"><span class='ocrx_word' id='word_1_304' title='bbox 514 2264 616 2319; x_wconf 85' lang='lat' dir='ltr'><strong>dit.</strong></span> 
     </span>
    </p>
   </div>
   <div class='ocr_carea' id='block_1_39' title="bbox 578 2356 2110 2433">
    <p class='ocr_par' dir='ltr' id='par_1_39' title="bbox 578 2356 2110 2433">
     <span class='ocr_line' id='line_1_39' title="bbox 578 2356 2110 2433; baseline 0.002 -19"><span class='ocrx_word' id='word_1_305' title='bbox 578 2360 670 2414; x_wconf 67' lang='lat'><strong>48.</strong></span> <span class='ocrx_word' id='word_1_306' title='bbox 703 2368 726 2395; x_wconf 72' lang='grc' dir='ltr'>ἰ</span> <span class='ocrx_word' id='word_1_307' title='bbox 757 2356 904 2415; x_wconf 86' lang='lat' dir='ltr'><strong>Fons</strong></span> <span class='ocrx_word' id='word_1_308' title='bbox 927 2360 1218 2427; x_wconf 84' lang='lat' dir='ltr'><strong>hortorum,</strong></span> <span class='ocrx_word' id='word_1_309' title='bbox 1253 2372 1436 2430; x_wconf 85' lang='lat' dir='ltr'><strong>puteus</strong></span> <span class='ocrx_word' id='word_1_310' title='bbox 1458 2376 1710 2433; x_wconf 79' lang='lat' dir='ltr'><strong>aquarum</strong></span> <span class='ocrx_word' id='word_1_311' title='bbox 1734 2360 2033 2427; x_wconf 79' lang='lat' dir='ltr'><strong>viventium,</strong></span> <span class='ocrx_word' id='word_1_312' title='bbox 2062 2368 2110 2416; x_wconf 87' lang='lat' dir='ltr'><strong>et</strong></span> 
     </span>
    </p>
   </div>
   <div class='ocr_carea' id='block_1_40' title="bbox 510 2452 2111 2525">
    <p class='ocr_par' dir='ltr' id='par_1_40' title="bbox 510 2452 2111 2525">
     <span class='ocr_line' id='line_1_40' title="bbox 510 2452 2111 2525; baseline 0.001 -17"><span class='ocrx_word' id='word_1_313' title='bbox 510 2455 730 2525; x_wconf 85' lang='lat' dir='ltr'><strong>impetus</strong></span> <span class='ocrx_word' id='word_1_314' title='bbox 762 2454 1076 2509; x_wconf 80' lang='lat' dir='ltr'><strong>descendens</strong></span> <span class='ocrx_word' id='word_1_315' title='bbox 1115 2473 1147 2509; x_wconf 91' lang='lat' dir='ltr'><strong>a</strong></span> <span class='ocrx_word' id='word_1_316' title='bbox 1185 2452 1401 2509; x_wconf 84' lang='lat' dir='ltr'><strong>Libano.</strong></span> <span class='ocrx_word' id='word_1_317' title='bbox 1438 2454 1547 2509; x_wconf 85' lang='lat' dir='ltr'><strong>llos</strong></span> <span class='ocrx_word' id='word_1_318' title='bbox 1585 2456 1819 2525; x_wconf 85' lang='lat' dir='ltr'><strong>impetus</strong></span> <span class='ocrx_word' id='word_1_319' title='bbox 1866 2453 2111 2510; x_wconf 83' lang='lat' dir='ltr'><strong>Ecclesia</strong></span> 
     </span>
    </p>
   </div>
   <div class='ocr_carea' id='block_1_41' title="bbox 514 2545 2111 2618">
    <p class='ocr_par' dir='ltr' id='par_1_41' title="bbox 514 2545 2111 2618">
     <span class='ocr_line' id='line_1_41' title="bbox 514 2545 2111 2618; baseline 0 -16"><span class='ocrx_word' id='word_1_320' title='bbox 514 2546 737 2603; x_wconf 73' lang='lat' dir='ltr'><strong>deduxit</strong></span> <span class='ocrx_word' id='word_1_321' title='bbox 764 2562 792 2601; x_wconf 87' lang='lat' dir='ltr'><strong>a</strong></span> <span class='ocrx_word' id='word_1_322' title='bbox 814 2545 1045 2613; x_wconf 89' lang='lat' dir='ltr'><strong>Libano,</strong></span> <span class='ocrx_word' id='word_1_323' title='bbox 1076 2545 1183 2603; x_wconf 89' lang='lat' dir='ltr'><strong>hoc</strong></span> <span class='ocrx_word' id='word_1_324' title='bbox 1212 2549 1415 2617; x_wconf 89' lang='lat' dir='ltr'><strong>impetu</strong></span> <span class='ocrx_word' id='word_1_325' title='bbox 1440 2546 1720 2601; x_wconf 86' lang='lat' dir='ltr'><strong>diluuntur</strong></span> <span class='ocrx_word' id='word_1_326' title='bbox 1743 2557 1984 2618; x_wconf 84' lang='lat' dir='ltr'><strong>peceata,</strong></span> <span class='ocrx_word' id='word_1_327' title='bbox 2009 2546 2111 2603; x_wconf 90' lang='lat' dir='ltr'><strong>hoc</strong></span> 
     </span>
    </p>
   </div>
   <div class='ocr_carea' id='block_1_42' title="bbox 514 2641 2113 2712">
    <p class='ocr_par' dir='ltr' id='par_1_42' title="bbox 514 2641 2113 2712">
     <span class='ocr_line' id='line_1_42' title="bbox 514 2641 2113 2712; baseline 0.001 -16"><span class='ocrx_word' id='word_1_328' title='bbox 514 2641 719 2711; x_wconf 83' lang='lat' dir='ltr'><strong>impetu</strong></span> <span class='ocrx_word' id='word_1_329' title='bbox 762 2642 879 2710; x_wconf 89' lang='lat' dir='ltr'><strong>puri</strong></span> <span class='ocrx_word' id='word_1_330' title='bbox 931 2642 1094 2696; x_wconf 89' lang='lat' dir='ltr'><strong>fontis</strong></span> <span class='ocrx_word' id='word_1_331' title='bbox 1123 2641 1357 2712; x_wconf 86' lang='lat' dir='ltr'><strong>Spiritus</strong></span> <span class='ocrx_word' id='word_1_332' title='bbox 1398 2644 1570 2697; x_wconf 90' lang='lat' dir='ltr'><strong>sancti</strong></span> <span class='ocrx_word' id='word_1_333' title='bbox 1612 2641 1783 2698; x_wconf 87' lang='lat' dir='ltr'><strong>adfuit</strong></span> <span class='ocrx_word' id='word_1_334' title='bbox 1828 2657 1859 2696; x_wconf 89' lang='lat' dir='ltr'><strong>a</strong></span> <span class='ocrx_word' id='word_1_335' title='bbox 1905 2641 2113 2699; x_wconf 87' lang='lat' dir='ltr'><strong>Libano</strong></span> 
     </span>
    </p>
   </div>
   <div class='ocr_carea' id='block_1_43' title="bbox 514 2735 2115 2806">
    <p class='ocr_par' dir='ltr' id='par_1_43' title="bbox 514 2735 2115 2806">
     <span class='ocr_line' id='line_1_43' title="bbox 514 2735 2115 2806; baseline 0.001 -15"><span class='ocrx_word' id='word_1_336' title='bbox 514 2735 718 2805; x_wconf 77' lang='lat' dir='ltr'><strong>Sponsa</strong></span> <span class='ocrx_word' id='word_1_337' title='bbox 744 2778 759 2802; x_wconf 94' lang='lat'><strong>,</strong></span> <span class='ocrx_word' id='word_1_338' title='bbox 812 2747 864 2790; x_wconf 91' lang='lat' dir='ltr'><strong>et</strong></span> <span class='ocrx_word' id='word_1_339' title='bbox 905 2751 937 2789; x_wconf 87' lang='lat' dir='ltr'><strong>a</strong></span> <span class='ocrx_word' id='word_1_340' title='bbox 977 2735 1245 2806; x_wconf 89' lang='lat' dir='ltr'><strong>principio</strong></span> <span class='ocrx_word' id='word_1_341' title='bbox 1288 2736 1410 2792; x_wconf 85' lang='lat' dir='ltr'><strong>fidei</strong></span> <span class='ocrx_word' id='word_1_342' title='bbox 1450 2737 1695 2792; x_wconf 87' lang='lat' dir='ltr'><strong>transivit</strong></span> <span class='ocrx_word' id='word_1_343' title='bbox 1736 2736 2026 2803; x_wconf 66' lang='lat' dir='ltr'><strong>srecnlnm,</strong></span> <span class='ocrx_word' id='word_1_344' title='bbox 2057 2747 2115 2792; x_wconf 91' lang='lat' dir='ltr'><strong>et</strong></span> 
     </span>
    </p>
   </div>
   <div class='ocr_carea' id='block_1_44' title="bbox 516 2832 2115 2905">
    <p class='ocr_par' dir='ltr' id='par_1_44' title="bbox 516 2832 2115 2905">
     <span class='ocr_line' id='line_1_44' title="bbox 516 2832 2115 2905; baseline 0.002 -19"><span class='ocrx_word' id='word_1_345' title='bbox 516 2832 868 2902; x_wconf 88' lang='lat' dir='ltr'><strong>pertransivit</strong></span> <span class='ocrx_word' id='word_1_346' title='bbox 895 2832 963 2887; x_wconf 89' lang='lat' dir='ltr'><strong>ad</strong></span> <span class='ocrx_word' id='word_1_347' title='bbox 1005 2848 1253 2905; x_wconf 77' lang='lat' dir='ltr'><strong>regnum.</strong></span> <span class='ocrx_word' id='word_1_348' title='bbox 1288 2834 1423 2889; x_wconf 80' lang='lat' dir='ltr'><strong>Aliis</strong></span> <span class='ocrx_word' id='word_1_349' title='bbox 1463 2835 1585 2889; x_wconf 88' lang='lat' dir='ltr'><strong>fons</strong></span> <span class='ocrx_word' id='word_1_350' title='bbox 1617 2845 1723 2899; x_wconf 88' lang='lat' dir='ltr'><strong>est,</strong></span> <span class='ocrx_word' id='word_1_351' title='bbox 1753 2833 1877 2889; x_wconf 85' lang='lat' dir='ltr'><strong>aliis</strong></span> <span class='ocrx_word' id='word_1_352' title='bbox 1915 2844 2115 2903; x_wconf 84' lang='lat' dir='ltr'><strong>puteus</strong></span> 
     </span>
    </p>
   </div>
   <div class='ocr_carea' id='block_1_45' title="bbox 522 2927 2114 2997">
    <p class='ocr_par' dir='ltr' id='par_1_45' title="bbox 522 2927 2114 2997">
     <span class='ocr_line' id='line_1_45' title="bbox 522 2927 2114 2997; baseline 0.001 -16"><span class='ocrx_word' id='word_1_353' title='bbox 522 2941 619 2994; x_wconf 83' lang='lat' dir='ltr'><strong>pro</strong></span> <span class='ocrx_word' id='word_1_354' title='bbox 650 2934 811 2995; x_wconf 89' lang='lat' dir='ltr'><strong>captu</strong></span> <span class='ocrx_word' id='word_1_355' title='bbox 843 2936 1033 2982; x_wconf 89' lang='lat' dir='ltr'><strong>nostro</strong></span> <span class='ocrx_word' id='word_1_356' title='bbox 1061 2928 1233 2997; x_wconf 86' lang='lat' dir='ltr'><strong>gratia</strong></span> <span class='ocrx_word' id='word_1_357' title='bbox 1262 2928 1523 2997; x_wconf 80' lang='lat' dir='ltr'><strong>Spiritalis</strong></span> <span class='ocrx_word' id='word_1_358' title='bbox 1553 2946 1567 2982; x_wconf 88' lang='lat'><strong>:</strong></span> <span class='ocrx_word' id='word_1_359' title='bbox 1600 2928 1723 2984; x_wconf 87' lang='lat' dir='ltr'><strong>aliis</strong></span> <span class='ocrx_word' id='word_1_360' title='bbox 1751 2927 1945 2983; x_wconf 85' lang='lat' dir='ltr'><strong>hortus</strong></span> <span class='ocrx_word' id='word_1_361' title='bbox 1965 2928 2114 2982; x_wconf 85' lang='lat' dir='ltr'><strong>clau-</strong></span> 
     </span>
    </p>
   </div>
   <div class='ocr_carea' id='block_1_46' title="bbox 519 3018 2117 3091">
    <p class='ocr_par' dir='ltr' id='par_1_46' title="bbox 519 3018 2117 3091">
     <span class='ocr_line' id='line_1_46' title="bbox 519 3018 2117 3091; baseline 0 -17"><span class='ocrx_word' id='word_1_362' title='bbox 519 3034 636 3087; x_wconf 89' lang='lat' dir='ltr'><strong>sus,</strong></span> <span class='ocrx_word' id='word_1_363' title='bbox 663 3018 785 3074; x_wconf 75' lang='lat' dir='ltr'><strong>fons</strong></span> <span class='ocrx_word' id='word_1_364' title='bbox 807 3019 1075 3091; x_wconf 88' lang='lat' dir='ltr'><strong>signatus,</strong></span> <span class='ocrx_word' id='word_1_365' title='bbox 1105 3019 1228 3073; x_wconf 85' lang='lat' dir='ltr'><strong>aliis</strong></span> <span class='ocrx_word' id='word_1_366' title='bbox 1260 3019 1540 3077; x_wconf 88' lang='lat' dir='ltr'><strong>hortorum</strong></span> <span class='ocrx_word' id='word_1_367' title='bbox 1568 3019 1708 3083; x_wconf 88' lang='lat' dir='ltr'><strong>fons,</strong></span> <span class='ocrx_word' id='word_1_368' title='bbox 1730 3021 1820 3091; x_wconf 89' lang='lat' dir='ltr'><strong>qui</strong></span> <span class='ocrx_word' id='word_1_369' title='bbox 1847 3020 1897 3074; x_wconf 92' lang='lat' dir='ltr'><strong>in</strong></span> <span class='ocrx_word' id='word_1_370' title='bbox 1925 3019 2117 3075; x_wconf 84' lang='lat' dir='ltr'><strong>Eccle-</strong></span> 
     </span>
    </p>
   </div>
   <div class='ocr_carea' id='block_1_47' title="bbox 520 3110 2118 3183">
    <p class='ocr_par' dir='ltr' id='par_1_47' title="bbox 520 3110 2118 3183">
     <span class='ocr_line' id='line_1_47' title="bbox 520 3110 2118 3183; baseline 0.001 -18"><span class='ocrx_word' id='word_1_371' title='bbox 520 3112 616 3165; x_wconf 80' lang='lat' dir='ltr'><strong>sia:</strong></span> <span class='ocrx_word' id='word_1_372' title='bbox 648 3110 774 3167; x_wconf 89' lang='lat' dir='ltr'><strong>dote</strong></span> <span class='ocrx_word' id='word_1_373' title='bbox 803 3111 1120 3167; x_wconf 86' lang='lat' dir='ltr'><strong>numeratur</strong></span> <span class='ocrx_word' id='word_1_374' title='bbox 1149 3128 1164 3168; x_wconf 87' lang='lat'><strong>:</strong></span> <span class='ocrx_word' id='word_1_375' title='bbox 1203 3112 1325 3166; x_wconf 90' lang='lat' dir='ltr'><strong>aliis</strong></span> <span class='ocrx_word' id='word_1_376' title='bbox 1353 3112 1589 3183; x_wconf 88' lang='lat' dir='ltr'><strong>impetus</strong></span> <span class='ocrx_word' id='word_1_377' title='bbox 1610 3111 1951 3168; x_wconf 83' lang='lat' dir='ltr'><strong>descendens</strong></span> <span class='ocrx_word' id='word_1_378' title='bbox 1974 3128 2002 3166; x_wconf 89' lang='lat' dir='ltr'><strong>a</strong></span> <span class='ocrx_word' id='word_1_379' title='bbox 2024 3112 2118 3168; x_wconf 89' lang='lat' dir='ltr'><strong>Li-</strong></span> 
     </span>
    </p>
   </div>
   <div class='ocr_carea' id='block_1_48' title="bbox 2208 1900 2360 1956">
    <p class='ocr_par' dir='ltr' id='par_1_48' title="bbox 2208 1900 2360 1956">
     <span class='ocr_line' id='line_1_48' title="bbox 2208 1900 2360 1956; baseline -0.013 -2"><span class='ocrx_word' id='word_1_380' title='bbox 2208 1900 2360 1956; x_wconf 89' lang='lat' dir='ltr'><strong>teris.</strong></span> 
     </span>
    </p>
   </div>
   <div class='ocr_carea' id='block_1_49' title="bbox 2283 1986 3806 2065">
    <p class='ocr_par' dir='ltr' id='par_1_49' title="bbox 2283 1986 3806 2065">
     <span class='ocr_line' id='line_1_49' title="bbox 2283 1986 3806 2065; baseline -0.006 -17"><span class='ocrx_word' id='word_1_381' title='bbox 2283 1992 2372 2048; x_wconf 75' lang='lat'><strong>52.</strong></span> <span class='ocrx_word' id='word_1_382' title='bbox 2411 2003 2431 2030; x_wconf 76' lang='grc' dir='ltr'>ε</span> <span class='ocrx_word' id='word_1_383' title='bbox 2466 1990 2649 2065; x_wconf 86' lang='lat' dir='ltr'><strong>(Vcrs.</strong></span> <span class='ocrx_word' id='word_1_384' title='bbox 2685 1989 2803 2061; x_wconf 84' lang='grc'><strong>16.)</strong></span> <span class='ocrx_word' id='word_1_385' title='bbox 2841 1987 3102 2059; x_wconf 81' lang='lat' dir='ltr'><strong>Exsurge,</strong></span> <span class='ocrx_word' id='word_1_386' title='bbox 3132 1986 3307 2056; x_wconf 85' lang='lat' dir='ltr'><strong>aquilo</strong></span> <span class='ocrx_word' id='word_1_387' title='bbox 3336 2027 3351 2052; x_wconf 95' lang='lat'><strong>,</strong></span> <span class='ocrx_word' id='word_1_388' title='bbox 3386 1996 3437 2041; x_wconf 88' lang='lat' dir='ltr'><strong>et</strong></span> <span class='ocrx_word' id='word_1_389' title='bbox 3461 1986 3600 2051; x_wconf 78' lang='lat' dir='ltr'><strong>ueni,</strong></span> <span class='ocrx_word' id='word_1_390' title='bbox 3629 1996 3806 2050; x_wconf 81' lang='lat' dir='ltr'><strong>auster,</strong></span> 
     </span>
    </p>
   </div>
   <div class='ocr_carea' id='block_1_50' title="bbox 2208 2078 3805 2159">
    <p class='ocr_par' dir='ltr' id='par_1_50' title="bbox 2208 2078 3805 2159">
     <span class='ocr_line' id='line_1_50' title="bbox 2208 2078 3805 2159; baseline -0.005 -18"><span class='ocrx_word' id='word_1_391' title='bbox 2208 2088 2388 2159; x_wconf 87' lang='lat' dir='ltr'><strong>aspira</strong></span> <span class='ocrx_word' id='word_1_392' title='bbox 2431 2087 2630 2142; x_wconf 84' lang='lat' dir='ltr'><strong>hortum</strong></span> <span class='ocrx_word' id='word_1_393' title='bbox 2661 2100 2830 2139; x_wconf 88' lang='lat' dir='ltr'><strong>meum</strong></span> <span class='ocrx_word' id='word_1_394' title='bbox 2852 2125 2869 2152; x_wconf 91' lang='lat'><strong>,</strong></span> <span class='ocrx_word' id='word_1_395' title='bbox 2898 2094 2945 2138; x_wconf 90' lang='lat' dir='ltr'><strong>et</strong></span> <span class='ocrx_word' id='word_1_396' title='bbox 2968 2084 3228 2153; x_wconf 81' lang='lat' dir='ltr'><strong>perﬂuunt</strong></span> <span class='ocrx_word' id='word_1_397' title='bbox 3273 2090 3514 2136; x_wconf 82' lang='lat' dir='ltr'><strong>aromata</strong></span> <span class='ocrx_word' id='word_1_398' title='bbox 3543 2096 3680 2134; x_wconf 83' lang='lat' dir='ltr'><strong>mea.</strong></span> <span class='ocrx_word' id='word_1_399' title='bbox 3711 2078 3805 2133; x_wconf 77' lang='lat' dir='ltr'><strong>Att-</strong></span> 
     </span>
    </p>
   </div>
   <div class='ocr_carea' id='block_1_51' title="bbox 2209 2172 3804 2248">
    <p class='ocr_par' dir='ltr' id='par_1_51' title="bbox 2209 2172 3804 2248">
     <span class='ocr_line' id='line_1_51' title="bbox 2209 2172 3804 2248; baseline -0.005 -14"><span class='ocrx_word' id='word_1_400' title='bbox 2209 2179 2336 2234; x_wconf 89' lang='lat' dir='ltr'><strong>disti</strong></span> <span class='ocrx_word' id='word_1_401' title='bbox 2355 2220 2370 2246; x_wconf 93' lang='lat'><strong>,</strong></span> <span class='ocrx_word' id='word_1_402' title='bbox 2400 2176 2599 2233; x_wconf 89' lang='lat' dir='ltr'><strong>Christi</strong></span> <span class='ocrx_word' id='word_1_403' title='bbox 2634 2192 2832 2248; x_wconf 79' lang='lat' dir='ltr'><strong>sponsa</strong></span> <span class='ocrx_word' id='word_1_404' title='bbox 2855 2217 2870 2243; x_wconf 93' lang='lat'><strong>,</strong></span> <span class='ocrx_word' id='word_1_405' title='bbox 2897 2177 3023 2247; x_wconf 87' lang='lat' dir='ltr'><strong>quia</strong></span> <span class='ocrx_word' id='word_1_406' title='bbox 3052 2177 3227 2246; x_wconf 79' lang='lat' dir='ltr'><strong>placet</strong></span> <span class='ocrx_word' id='word_1_407' title='bbox 3254 2173 3309 2229; x_wconf 89' lang='lat' dir='ltr'><strong>ei</strong></span> <span class='ocrx_word' id='word_1_408' title='bbox 3336 2185 3553 2230; x_wconf 88' lang='lat' dir='ltr'><strong>tuarum</strong></span> <span class='ocrx_word' id='word_1_409' title='bbox 3586 2172 3804 2244; x_wconf 78' lang='lat' dir='ltr'><strong>pulchii-</strong></span> 
     </span>
    </p>
   </div>
   <div class='ocr_carea' id='block_1_52' title="bbox 2211 2269 3805 2337">
    <p class='ocr_par' dir='ltr' id='par_1_52' title="bbox 2211 2269 3805 2337">
     <span class='ocr_line' id='line_1_52' title="bbox 2211 2269 3805 2337; baseline -0.005 -11"><span class='ocrx_word' id='word_1_410' title='bbox 2211 2271 2339 2326; x_wconf 91' lang='lat' dir='ltr'><strong>tudo</strong></span> <span class='ocrx_word' id='word_1_411' title='bbox 2375 2272 2674 2337; x_wconf 90' lang='lat' dir='ltr'><strong>virtutum;</strong></span> <span class='ocrx_word' id='word_1_412' title='bbox 2704 2269 2899 2324; x_wconf 87' lang='lat' dir='ltr'><strong>audisti</strong></span> <span class='ocrx_word' id='word_1_413' title='bbox 2944 2269 3069 2337; x_wconf 88' lang='lat' dir='ltr'><strong>quia</strong></span> <span class='ocrx_word' id='word_1_414' title='bbox 3110 2270 3562 2323; x_wconf 87' lang='lat' dir='ltr'><strong>vestimentorum</strong></span> <span class='ocrx_word' id='word_1_415' title='bbox 3611 2275 3805 2320; x_wconf 82' lang='lat' dir='ltr'><strong>tuorum</strong></span> 
     </span>
    </p>
   </div>
   <div class='ocr_carea' id='block_1_53' title="bbox 2211 2357 3800 2439">
    <p class='ocr_par' dir='ltr' id='par_1_53' title="bbox 2211 2357 3800 2439">
     <span class='ocr_line' id='line_1_53' title="bbox 2211 2357 3800 2439; baseline -0.008 -18"><span class='ocrx_word' id='word_1_416' title='bbox 2211 2375 2477 2431; x_wconf 85' lang='lat' dir='ltr'><strong>aromata,</strong></span> <span class='ocrx_word' id='word_1_417' title='bbox 2507 2364 2613 2419; x_wconf 89' lang='lat' dir='ltr'><strong>hoc</strong></span> <span class='ocrx_word' id='word_1_418' title='bbox 2639 2374 2744 2427; x_wconf 89' lang='lat' dir='ltr'><strong>est,</strong></span> <span class='ocrx_word' id='word_1_419' title='bbox 2768 2363 2968 2419; x_wconf 89' lang='lat' dir='ltr'><strong>bonum</strong></span> <span class='ocrx_word' id='word_1_420' title='bbox 3006 2362 3228 2417; x_wconf 88' lang='lat' dir='ltr'><strong>odorem</strong></span> <span class='ocrx_word' id='word_1_421' title='bbox 3279 2360 3617 2439; x_wconf 79' lang='lat' dir='ltr'><strong>integritatis</strong></span> <span class='ocrx_word' id='word_1_422' title='bbox 3646 2357 3800 2413; x_wconf 89' lang='lat' dir='ltr'><strong>omni-</strong></span> 
     </span>
    </p>
   </div>
   <div class='ocr_carea' id='block_1_54' title="bbox 2216 2452 3802 2528">
    <p class='ocr_par' dir='ltr' id='par_1_54' title="bbox 2216 2452 3802 2528">
     <span class='ocr_line' id='line_1_54' title="bbox 2216 2452 3802 2528; baseline -0.008 -14"><span class='ocrx_word' id='word_1_423' title='bbox 2216 2458 2314 2514; x_wconf 90' lang='lat' dir='ltr'><strong>bus</strong></span> <span class='ocrx_word' id='word_1_424' title='bbox 2344 2456 2604 2514; x_wconf 88' lang='lat' dir='ltr'><strong>odurihos</strong></span> <span class='ocrx_word' id='word_1_425' title='bbox 2629 2457 2888 2528; x_wconf 69' lang='lat' dir='ltr'><strong>praetulit.</strong></span> <span class='ocrx_word' id='word_1_426' title='bbox 2922 2454 3134 2511; x_wconf 81' lang='lat' dir='ltr'><strong>Audisti</strong></span> <span class='ocrx_word' id='word_1_427' title='bbox 3157 2496 3171 2520; x_wconf 95' lang='lat'><strong>,</strong></span> <span class='ocrx_word' id='word_1_428' title='bbox 3202 2455 3327 2524; x_wconf 87' lang='lat' dir='ltr'><strong>quia</strong></span> <span class='ocrx_word' id='word_1_429' title='bbox 3356 2452 3551 2510; x_wconf 88' lang='lat' dir='ltr'><strong>hortus</strong></span> <span class='ocrx_word' id='word_1_430' title='bbox 3576 2468 3638 2509; x_wconf 87' lang='lat' dir='ltr'><strong>es</strong></span> <span class='ocrx_word' id='word_1_431' title='bbox 3674 2452 3802 2506; x_wconf 88' lang='lat' dir='ltr'><strong>clau-</strong></span> 
     </span>
    </p>
   </div>
   <div class='ocr_carea' id='block_1_55' title="bbox 2213 2543 3800 2620">
    <p class='ocr_par' dir='ltr' id='par_1_55' title="bbox 2213 2543 3800 2620">
     <span class='ocr_line' id='line_1_55' title="bbox 2213 2543 3800 2620; baseline -0.007 -12"><span class='ocrx_word' id='word_1_432' title='bbox 2213 2569 2307 2609; x_wconf 87' lang='lat' dir='ltr'><strong>sus</strong></span> <span class='ocrx_word' id='word_1_433' title='bbox 2339 2594 2355 2619; x_wconf 94' lang='lat'><strong>,</strong></span> <span class='ocrx_word' id='word_1_434' title='bbox 2402 2554 2649 2608; x_wconf 87' lang='lat' dir='ltr'><strong>suavium</strong></span> <span class='ocrx_word' id='word_1_435' title='bbox 2697 2549 3078 2620; x_wconf 83' lang='lat' dir='ltr'><strong>pomiferarum</strong></span> <span class='ocrx_word' id='word_1_436' title='bbox 3127 2547 3358 2604; x_wconf 84' lang='lat' dir='ltr'><strong>refertos</strong></span> <span class='ocrx_word' id='word_1_437' title='bbox 3404 2547 3668 2618; x_wconf 86' lang='lat' dir='ltr'><strong>frugibus.</strong></span> <span class='ocrx_word' id='word_1_438' title='bbox 3691 2543 3800 2599; x_wconf 83' lang='lat' dir='ltr'><strong>Pete</strong></span> 
     </span>
    </p>
   </div>
   <div class='ocr_carea' id='block_1_56' title="bbox 2215 2642 3799 2719">
    <p class='ocr_par' dir='ltr' id='par_1_56' title="bbox 2215 2642 3799 2719">
     <span class='ocr_line' id='line_1_56' title="bbox 2215 2642 3799 2719; baseline -0.009 -15"><span class='ocrx_word' id='word_1_439' title='bbox 2215 2647 2380 2719; x_wconf 78' lang='lat' dir='ltr'><strong>igitur</strong></span> <span class='ocrx_word' id='word_1_440' title='bbox 2418 2655 2478 2702; x_wconf 89' lang='lat' dir='ltr'><strong>ut</strong></span> <span class='ocrx_word' id='word_1_441' title='bbox 2517 2645 2721 2717; x_wconf 90' lang='lat' dir='ltr'><strong>aspiret</strong></span> <span class='ocrx_word' id='word_1_442' title='bbox 2752 2646 2844 2700; x_wconf 89' lang='lat' dir='ltr'><strong>tibi</strong></span> <span class='ocrx_word' id='word_1_443' title='bbox 2873 2644 3106 2714; x_wconf 86' lang='lat' dir='ltr'><strong>Spiritus</strong></span> <span class='ocrx_word' id='word_1_444' title='bbox 3135 2651 3386 2708; x_wconf 82' lang='lat' dir='ltr'><strong>sanctus,</strong></span> <span class='ocrx_word' id='word_1_445' title='bbox 3417 2642 3627 2712; x_wconf 89' lang='lat' dir='ltr'><strong>aspiret</strong></span> <span class='ocrx_word' id='word_1_446' title='bbox 3659 2652 3799 2706; x_wconf 82' lang='lat' dir='ltr'><strong>supra</strong></span> 
     </span>
    </p>
   </div>
   <div class='ocr_carea' id='block_1_57' title="bbox 2215 2727 3797 2806">
    <p class='ocr_par' dir='ltr' id='par_1_57' title="bbox 2215 2727 3797 2806">
     <span class='ocr_line' id='line_1_57' title="bbox 2215 2727 3797 2806; baseline -0.011 -9"><span class='ocrx_word' id='word_1_447' title='bbox 2215 2741 2393 2797; x_wconf 82' lang='lat' dir='ltr'><strong>cubile</strong></span> <span class='ocrx_word' id='word_1_448' title='bbox 2425 2750 2597 2805; x_wconf 89' lang='lat' dir='ltr'><strong>tuum,</strong></span> <span class='ocrx_word' id='word_1_449' title='bbox 2625 2749 2788 2806; x_wconf 86' lang='lat' dir='ltr'><strong>atque</strong></span> <span class='ocrx_word' id='word_1_450' title='bbox 2815 2737 3038 2791; x_wconf 88' lang='lat' dir='ltr'><strong>odorem</strong></span> <span class='ocrx_word' id='word_1_451' title='bbox 3066 2737 3168 2805; x_wconf 70' lang='lat' dir='ltr'><strong>pitu</strong></span> <span class='ocrx_word' id='word_1_452' title='bbox 3189 2732 3410 2800; x_wconf 87' lang='lat' dir='ltr'><strong>mentis,</strong></span> <span class='ocrx_word' id='word_1_453' title='bbox 3428 2742 3479 2786; x_wconf 89' lang='lat' dir='ltr'><strong>ct</strong></span> <span class='ocrx_word' id='word_1_454' title='bbox 3502 2731 3687 2803; x_wconf 75' lang='lat' dir='ltr'><strong>gratia:</strong></span> <span class='ocrx_word' id='word_1_455' title='bbox 3711 2727 3797 2796; x_wconf 75' lang='lat' dir='ltr'><strong>Spi-</strong></span> 
     </span>
    </p>
   </div>
   <div class='ocr_carea' id='block_1_58' title="bbox 2218 2822 3794 2897">
    <p class='ocr_par' dir='ltr' id='par_1_58' title="bbox 2218 2822 3794 2897">
     <span class='ocr_line' id='line_1_58' title="bbox 2218 2822 3794 2897; baseline -0.011 -8"><span class='ocrx_word' id='word_1_456' title='bbox 2218 2833 2391 2889; x_wconf 85' lang='lat' dir='ltr'><strong>rilalis</strong></span> <span class='ocrx_word' id='word_1_457' title='bbox 2423 2831 2749 2888; x_wconf 89' lang='lat' dir='ltr'><strong>accumulet.</strong></span> <span class='ocrx_word' id='word_1_458' title='bbox 2787 2829 2971 2884; x_wconf 72' lang='lat' dir='ltr'><strong>Excita</strong></span> <span class='ocrx_word' id='word_1_459' title='bbox 3006 2828 3264 2897; x_wconf 83' lang='lat' dir='ltr'><strong>Spiritum</strong></span> <span class='ocrx_word' id='word_1_460' title='bbox 3303 2835 3552 2880; x_wconf 89' lang='lat' dir='ltr'><strong>sanctum</strong></span> <span class='ocrx_word' id='word_1_461' title='bbox 3585 2822 3794 2878; x_wconf 86' lang='lat' dir='ltr'><strong>dicens:</strong></span> 
     </span>
    </p>
   </div>
   <div class='ocr_carea' id='block_1_59' title="bbox 2221 2918 3796 2997">
    <p class='ocr_par' dir='ltr' id='par_1_59' title="bbox 2221 2918 3796 2997">
     <span class='ocr_line' id='line_1_59' title="bbox 2221 2918 3796 2997; baseline -0.012 -15"><span class='ocrx_word' id='word_1_462' title='bbox 2221 2927 2478 2997; x_wconf 83' lang='lat' dir='ltr'><strong>Exsurge,</strong></span> <span class='ocrx_word' id='word_1_463' title='bbox 2511 2923 2703 2993; x_wconf 81' lang='lat' dir='ltr'><strong>aquilo,</strong></span> <span class='ocrx_word' id='word_1_464' title='bbox 2733 2931 2777 2975; x_wconf 87' lang='lat' dir='ltr'><strong>et</strong></span> <span class='ocrx_word' id='word_1_465' title='bbox 2790 2921 2923 2988; x_wconf 81' lang='lat' dir='ltr'><strong>ueni,</strong></span> <span class='ocrx_word' id='word_1_466' title='bbox 2939 2918 3323 2986; x_wconf 83' lang='lat' dir='ltr'><strong>auster;aspira</strong></span> <span class='ocrx_word' id='word_1_467' title='bbox 3347 2918 3555 2972; x_wconf 82' lang='lat' dir='ltr'><strong>hortum</strong></span> <span class='ocrx_word' id='word_1_468' title='bbox 3575 2921 3796 2977; x_wconf 59' lang='lat' dir='ltr'><strong>meum,“</strong></span> 
     </span>
    </p>
   </div>
   <div class='ocr_carea' id='block_1_60' title="bbox 2218 3007 3797 3091">
    <p class='ocr_par' dir='ltr' id='par_1_60' title="bbox 2218 3007 3797 3091">
     <span class='ocr_line' id='line_1_60' title="bbox 2218 3007 3797 3091; baseline -0.011 -15"><span class='ocrx_word' id='word_1_469' title='bbox 2218 3020 2477 3091; x_wconf 82' lang='lat' dir='ltr'><strong>perﬂuant</strong></span> <span class='ocrx_word' id='word_1_470' title='bbox 2515 3027 2750 3072; x_wconf 88' lang='lat' dir='ltr'><strong>aromata</strong></span> <span class='ocrx_word' id='word_1_471' title='bbox 2795 3030 2927 3069; x_wconf 82' lang='lat' dir='ltr'><strong>mea.</strong></span> <span class='ocrx_word' id='word_1_472' title='bbox 2960 3013 3245 3068; x_wconf 79' lang='lat' dir='ltr'><strong>Descendat</strong></span> <span class='ocrx_word' id='word_1_473' title='bbox 3290 3015 3555 3084; x_wconf 78' lang='lat' dir='ltr'><strong>fraternus</strong></span> <span class='ocrx_word' id='word_1_474' title='bbox 3594 3024 3727 3063; x_wconf 84' lang='lat' dir='ltr'><strong>meus</strong></span> <span class='ocrx_word' id='word_1_475' title='bbox 3752 3007 3797 3060; x_wconf 78' lang='lat' dir='ltr'><strong>in</strong></span> 
     </span>
    </p>
   </div>
   <div class='ocr_carea' id='block_1_61' title="bbox 2220 3105 3793 3176">
    <p class='ocr_par' dir='ltr' id='par_1_61' title="bbox 2220 3105 3793 3176">
     <span class='ocr_line' id='line_1_61' title="bbox 2220 3105 3793 3176; baseline -0.008 -11"><span class='ocrx_word' id='word_1_476' title='bbox 2220 3112 2425 3165; x_wconf 85' lang='lat' dir='ltr'><strong>hortum</strong></span> <span class='ocrx_word' id='word_1_477' title='bbox 2451 3127 2624 3174; x_wconf 89' lang='lat' dir='ltr'><strong>suum,</strong></span> <span class='ocrx_word' id='word_1_478' title='bbox 2655 3119 2705 3163; x_wconf 89' lang='lat' dir='ltr'><strong>et</strong></span> <span class='ocrx_word' id='word_1_479' title='bbox 2731 3106 3006 3161; x_wconf 78' lang='lat' dir='ltr'><strong>manducet</strong></span> <span class='ocrx_word' id='word_1_480' title='bbox 3028 3106 3257 3176; x_wconf 77' lang='lat' dir='ltr'><strong>fructum</strong></span> <span class='ocrx_word' id='word_1_481' title='bbox 3297 3105 3665 3174; x_wconf 77' lang='lat' dir='ltr'><strong>pomiferarum</strong></span> <span class='ocrx_word' id='word_1_482' title='bbox 3692 3115 3793 3154; x_wconf 82' lang='lat' dir='ltr'><strong>sna-</strong></span> 
     </span>
    </p>
   </div>
   <div class='ocr_carea' id='block_1_62' title="bbox 519 3193 3794 3274">
    <p class='ocr_par' dir='ltr' id='par_1_62' title="bbox 519 3193 3794 3274">
     <span class='ocr_line' id='line_1_62' title="bbox 519 3193 3794 3274; baseline -0.003 -17"><span class='ocrx_word' id='word_1_483' title='bbox 519 3202 682 3271; x_wconf 88' lang='lat' dir='ltr'><strong>hano,</strong></span> <span class='ocrx_word' id='word_1_484' title='bbox 710 3213 766 3259; x_wconf 91' lang='lat' dir='ltr'><strong>et</strong></span> <span class='ocrx_word' id='word_1_485' title='bbox 794 3219 1019 3273; x_wconf 86' lang='lat' dir='ltr'><strong>magnus</strong></span> <span class='ocrx_word' id='word_1_486' title='bbox 1056 3200 1293 3274; x_wconf 89' lang='lat' dir='ltr'><strong>impetus</strong></span> <span class='ocrx_word' id='word_1_487' title='bbox 1322 3206 1413 3274; x_wconf 90' lang='lat' dir='ltr'><strong>qui</strong></span> <span class='ocrx_word' id='word_1_488' title='bbox 1445 3219 1734 3273; x_wconf 88' lang='lat' dir='ltr'><strong>numquam</strong></span> <span class='ocrx_word' id='word_1_489' title='bbox 1762 3203 1966 3259; x_wconf 80' lang='lat' dir='ltr'><strong>deficit.</strong></span> <span class='ocrx_word' id='word_1_490' title='bbox 1995 3203 2110 3259; x_wconf 80' lang='lat' dir='ltr'><strong>Non</strong></span> <span class='ocrx_word' id='word_1_491' title='bbox 2140 3193 2186 3259; x_wconf 91' lang='lat' dir='ltr'><strong>C</strong></span> <span class='ocrx_word' id='word_1_492' title='bbox 2216 3224 2351 3261; x_wconf 87' lang='lat' dir='ltr'><strong>rum.</strong></span> <span class='ocrx_word' id='word_1_493' title='bbox 2386 3206 2588 3262; x_wconf 86' lang='lat' dir='ltr'><strong>Hortus</strong></span> <span class='ocrx_word' id='word_1_494' title='bbox 2620 3204 2776 3260; x_wconf 83' lang='lat' dir='ltr'><strong>Verbi</strong></span> <span class='ocrx_word' id='word_1_495' title='bbox 2818 3200 3015 3256; x_wconf 67' lang='lat' dir='ltr'><strong>anima:</strong></span> <span class='ocrx_word' id='word_1_496' title='bbox 3041 3198 3317 3255; x_wconf 88' lang='lat' dir='ltr'><strong>vernantis</strong></span> <span class='ocrx_word' id='word_1_497' title='bbox 3356 3197 3583 3253; x_wconf 77' lang='lat' dir='ltr'><strong>affectus</strong></span> <span class='ocrx_word' id='word_1_498' title='bbox 3614 3204 3723 3256; x_wconf 85' lang='lat' dir='ltr'><strong>est.</strong></span> <span class='ocrx_word' id='word_1_499' title='bbox 3749 3200 3794 3246; x_wconf 85' lang='lat' dir='ltr'><strong>et</strong></span> 
     </span>
    </p>
   </div>
   <div class='ocr_carea' id='block_1_63' title="bbox 514 3295 2111 3367">
    <p class='ocr_par' dir='ltr' id='par_1_63' title="bbox 514 3295 2111 3367">
     <span class='ocr_line' id='line_1_63' title="bbox 514 3295 2111 3367; baseline -0.002 -16"><span class='ocrx_word' id='word_1_500' title='bbox 514 3296 660 3351; x_wconf 85' lang='lat' dir='ltr'><strong>enim</strong></span> <span class='ocrx_word' id='word_1_501' title='bbox 695 3295 954 3352; x_wconf 86' lang='lat' dir='ltr'><strong>deficiunt</strong></span> <span class='ocrx_word' id='word_1_502' title='bbox 991 3295 1056 3352; x_wconf 92' lang='lat' dir='ltr'><strong>de</strong></span> <span class='ocrx_word' id='word_1_503' title='bbox 1104 3305 1254 3367; x_wconf 87' lang='lat' dir='ltr'><strong>petra</strong></span> <span class='ocrx_word' id='word_1_504' title='bbox 1283 3297 1477 3362; x_wconf 87' lang='lat' dir='ltr'><strong>ubera,</strong></span> <span class='ocrx_word' id='word_1_505' title='bbox 1504 3310 1679 3367; x_wconf 88' lang='lat' dir='ltr'><strong>neque</strong></span> <span class='ocrx_word' id='word_1_506' title='bbox 1702 3296 1790 3350; x_wconf 77' lang='lat' dir='ltr'><strong>nix</strong></span> <span class='ocrx_word' id='word_1_507' title='bbox 1816 3312 1843 3348; x_wconf 87' lang='lat' dir='ltr'><strong>a</strong></span> <span class='ocrx_word' id='word_1_508' title='bbox 1880 3296 2111 3361; x_wconf 84' lang='lat' dir='ltr'><strong>Libano,</strong></span> 
     </span>
    </p>
   </div>
   <div class='ocr_carea' id='block_1_64' title="bbox 519 3388 2115 3461">
    <p class='ocr_par' dir='ltr' id='par_1_64' title="bbox 519 3388 2115 3461">
     <span class='ocr_line' id='line_1_64' title="bbox 519 3388 2115 3461; baseline 0.001 -18"><span class='ocrx_word' id='word_1_509' title='bbox 519 3404 699 3458; x_wconf 79' lang='lat' dir='ltr'><strong>neque</strong></span> <span class='ocrx_word' id='word_1_510' title='bbox 740 3404 879 3461; x_wconf 90' lang='lat' dir='ltr'><strong>aqua</strong></span> <span class='ocrx_word' id='word_1_511' title='bbox 924 3405 1043 3461; x_wconf 63' lang='lat' dir='ltr'><strong>qua:</strong></span> <span class='ocrx_word' id='word_1_512' title='bbox 1086 3388 1256 3446; x_wconf 88' lang='lat' dir='ltr'><strong>fertur</strong></span> <span class='ocrx_word' id='word_1_513' title='bbox 1284 3388 1464 3446; x_wconf 85' lang='lat' dir='ltr'><strong>valido</strong></span> <span class='ocrx_word' id='word_1_514' title='bbox 1504 3396 1666 3445; x_wconf 89' lang='lat' dir='ltr'><strong>vento</strong></span> <span class='ocrx_word' id='word_1_515' title='bbox 1696 3389 1891 3461; x_wconf 75' lang='lat' dir='ltr'><strong>virgini</strong></span> <span class='ocrx_word' id='word_1_516' title='bbox 1925 3389 2115 3446; x_wconf 87' lang='lat' dir='ltr'><strong>Hieru-</strong></span> 
     </span>
    </p>
   </div>
   <div class='ocr_carea' id='block_1_65' title="bbox 519 3481 713 3536">
    <p class='ocr_par' dir='ltr' id='par_1_65' title="bbox 519 3481 713 3536">
     <span class='ocr_line' id='line_1_65' title="bbox 519 3481 713 3536; baseline 0.021 -4"><span class='ocrx_word' id='word_1_517' title='bbox 519 3481 713 3536; x_wconf 88' lang='lat' dir='ltr'><strong>salem.</strong></span> 
     </span>
    </p>
   </div>
   <div class='ocr_carea' id='block_1_66' title="bbox 590 3575 2118 3648">
    <p class='ocr_par' dir='ltr' id='par_1_66' title="bbox 590 3575 2118 3648">
     <span class='ocr_line' id='line_1_66' title="bbox 590 3575 2118 3648; baseline 0.001 -17"><span class='ocrx_word' id='word_1_518' title='bbox 590 3577 683 3631; x_wconf 74' lang='grc'><strong>49.</strong></span> <span class='ocrx_word' id='word_1_519' title='bbox 731 3576 1020 3632; x_wconf 90' lang='lat' dir='ltr'><strong>Descendit</strong></span> <span class='ocrx_word' id='word_1_520' title='bbox 1051 3576 1285 3648; x_wconf 87' lang='lat' dir='ltr'><strong>impetus</strong></span> <span class='ocrx_word' id='word_1_521' title='bbox 1311 3592 1339 3630; x_wconf 90' lang='lat' dir='ltr'><strong>a</strong></span> <span class='ocrx_word' id='word_1_522' title='bbox 1371 3576 1600 3643; x_wconf 86' lang='lat' dir='ltr'><strong>Libano,</strong></span> <span class='ocrx_word' id='word_1_523' title='bbox 1629 3575 1844 3647; x_wconf 88' lang='lat' dir='ltr'><strong>quando</strong></span> <span class='ocrx_word' id='word_1_524' title='bbox 1871 3575 2118 3632; x_wconf 89' lang='lat' dir='ltr'><strong>collectis</strong></span> 
     </span>
    </p>
   </div>
   <div class='ocr_carea' id='block_1_67' title="bbox 523 3670 2121 3741">
    <p class='ocr_par' dir='ltr' id='par_1_67' title="bbox 523 3670 2121 3741">
     <span class='ocr_line' id='line_1_67' title="bbox 523 3670 2121 3741; baseline 0.002 -17"><span class='ocrx_word' id='word_1_525' title='bbox 523 3671 575 3725; x_wconf 94' lang='lat' dir='ltr'><strong>in</strong></span> <span class='ocrx_word' id='word_1_526' title='bbox 611 3685 776 3725; x_wconf 88' lang='lat' dir='ltr'><strong>unum</strong></span> <span class='ocrx_word' id='word_1_527' title='bbox 805 3670 1068 3740; x_wconf 88' lang='lat' dir='ltr'><strong>apostolis</strong></span> <span class='ocrx_word' id='word_1_528' title='bbox 1099 3681 1152 3726; x_wconf 90' lang='lat' dir='ltr'><strong>et</strong></span> <span class='ocrx_word' id='word_1_529' title='bbox 1176 3670 1421 3741; x_wconf 90' lang='lat' dir='ltr'><strong>pluribus</strong></span> <span class='ocrx_word' id='word_1_530' title='bbox 1447 3670 1813 3734; x_wconf 86' lang='lat' dir='ltr'><strong>credentibus.</strong></span> <span class='ocrx_word' id='word_1_531' title='bbox 1840 3670 2011 3726; x_wconf 88' lang='lat' dir='ltr'><strong>factus</strong></span> <span class='ocrx_word' id='word_1_532' title='bbox 2033 3679 2121 3727; x_wconf 88' lang='lat' dir='ltr'><strong>est</strong></span> 
     </span>
    </p>
   </div>
   <div class='ocr_carea' id='block_1_68' title="bbox 520 3763 2119 3836">
    <p class='ocr_par' dir='ltr' id='par_1_68' title="bbox 520 3763 2119 3836">
     <span class='ocr_line' id='line_1_68' title="bbox 520 3763 2119 3836; baseline 0.001 -18"><span class='ocrx_word' id='word_1_533' title='bbox 520 3763 701 3819; x_wconf 85' lang='lat' dir='ltr'><strong>subito</strong></span> <span class='ocrx_word' id='word_1_534' title='bbox 746 3763 815 3819; x_wconf 89' lang='lat' dir='ltr'><strong>de</strong></span> <span class='ocrx_word' id='word_1_535' title='bbox 851 3764 991 3819; x_wconf 83' lang='lat' dir='ltr'><strong>coelo</strong></span> <span class='ocrx_word' id='word_1_536' title='bbox 1037 3778 1206 3819; x_wconf 90' lang='lat' dir='ltr'><strong>sonus</strong></span> <span class='ocrx_word' id='word_1_537' title='bbox 1228 3806 1243 3830; x_wconf 95' lang='lat'><strong>,</strong></span> <span class='ocrx_word' id='word_1_538' title='bbox 1275 3772 1552 3836; x_wconf 81' lang='lat' dir='ltr'><strong>tamquam</strong></span> <span class='ocrx_word' id='word_1_539' title='bbox 1583 3766 1633 3819; x_wconf 90' lang='lat' dir='ltr'><strong>vi</strong></span> <span class='ocrx_word' id='word_1_540' title='bbox 1665 3778 1857 3835; x_wconf 85' lang='lat' dir='ltr'><strong>magna</strong></span> <span class='ocrx_word' id='word_1_541' title='bbox 1896 3765 2119 3835; x_wconf 86' lang='lat' dir='ltr'><strong>spiritus</strong></span> 
     </span>
    </p>
   </div>
   <div class='ocr_carea' id='block_1_69' title="bbox 522 3855 2119 3927">
    <p class='ocr_par' dir='ltr' id='par_1_69' title="bbox 522 3855 2119 3927">
     <span class='ocr_line' id='line_1_69' title="bbox 522 3855 2119 3927; baseline 0 -16"><span class='ocrx_word' id='word_1_542' title='bbox 522 3856 781 3923; x_wconf 87' lang='lat' dir='ltr'><strong>ferretur,</strong></span> <span class='ocrx_word' id='word_1_543' title='bbox 812 3865 862 3910; x_wconf 92' lang='lat' dir='ltr'><strong>et</strong></span> <span class='ocrx_word' id='word_1_544' title='bbox 895 3855 1087 3927; x_wconf 90' lang='lat' dir='ltr'><strong>repleti</strong></span> <span class='ocrx_word' id='word_1_545' title='bbox 1120 3865 1245 3911; x_wconf 93' lang='lat' dir='ltr'><strong>sunt</strong></span> <span class='ocrx_word' id='word_1_546' title='bbox 1273 3871 1462 3912; x_wconf 90' lang='lat' dir='ltr'><strong>omnes</strong></span> <span class='ocrx_word' id='word_1_547' title='bbox 1485 3855 1696 3926; x_wconf 87' lang='lat' dir='ltr'><strong>Spiritu</strong></span> <span class='ocrx_word' id='word_1_548' title='bbox 1722 3864 1911 3910; x_wconf 87' lang='lat' dir='ltr'><strong>sancto</strong></span> <span class='ocrx_word' id='word_1_549' title='bbox 1936 3855 2119 3911; x_wconf 80' lang='lat' dir='ltr'><strong>diver—</strong></span> 
     </span>
    </p>
   </div>
   <div class='ocr_carea' id='block_1_70' title="bbox 523 3946 2120 4022">
    <p class='ocr_par' dir='ltr' id='par_1_70' title="bbox 523 3946 2120 4022">
     <span class='ocr_line' id='line_1_70' title="bbox 523 3946 2120 4022; baseline -0.001 -18"><span class='ocrx_word' id='word_1_550' title='bbox 523 3953 715 4004; x_wconf 83' lang='lat' dir='ltr'><strong>sitates</strong></span> <span class='ocrx_word' id='word_1_551' title='bbox 755 3949 992 4005; x_wconf 83' lang='lat' dir='ltr'><strong>donante</strong></span> <span class='ocrx_word' id='word_1_552' title='bbox 1029 3949 1336 4021; x_wconf 82' lang='lat' dir='ltr'><strong>linguarum</strong></span> <span class='ocrx_word' id='word_1_553' title='bbox 1367 3949 1507 4022; x_wconf 77' lang='lat' dir='ltr'><strong>(Act.</strong></span> <span class='ocrx_word' id='word_1_554' title='bbox 1530 3964 1599 4017; x_wconf 85' lang='lat' dir='ltr'><strong>1i,</strong></span> <span class='ocrx_word' id='word_1_555' title='bbox 1624 3949 1675 4013; x_wconf 94' lang='grc'><strong>1,</strong></span> <span class='ocrx_word' id='word_1_556' title='bbox 1710 3946 1788 4018; x_wconf 74' lang='grc'><strong>5).</strong></span> <span class='ocrx_word' id='word_1_557' title='bbox 1817 3948 1997 4004; x_wconf 86' lang='lat' dir='ltr'><strong>Bonus</strong></span> <span class='ocrx_word' id='word_1_558' title='bbox 2022 3950 2120 4003; x_wconf 85' lang='lat' dir='ltr'><strong>im-</strong></span> 
     </span>
    </p>
   </div>
   <div class='ocr_carea' id='block_1_71' title="bbox 521 4042 2118 4115">
    <p class='ocr_par' dir='ltr' id='par_1_71' title="bbox 521 4042 2118 4115">
     <span class='ocr_line' id='line_1_71' title="bbox 521 4042 2118 4115; baseline -0.001 -17"><span class='ocrx_word' id='word_1_559' title='bbox 521 4055 678 4112; x_wconf 87' lang='lat' dir='ltr'><strong>petus</strong></span> <span class='ocrx_word' id='word_1_560' title='bbox 708 4043 800 4112; x_wconf 91' lang='lat' dir='ltr'><strong>qui</strong></span> <span class='ocrx_word' id='word_1_561' title='bbox 832 4043 1030 4098; x_wconf 81' lang='lat' dir='ltr'><strong>laedere</strong></span> <span class='ocrx_word' id='word_1_562' title='bbox 1057 4044 1283 4107; x_wconf 76' lang='lat' dir='ltr'><strong>nesciat,</strong></span> <span class='ocrx_word' id='word_1_563' title='bbox 1327 4043 1471 4097; x_wconf 88' lang='lat' dir='ltr'><strong>norit</strong></span> <span class='ocrx_word' id='word_1_564' title='bbox 1499 4043 1746 4111; x_wconf 86' lang='lat' dir='ltr'><strong>implere.</strong></span> <span class='ocrx_word' id='word_1_565' title='bbox 1790 4042 1846 4100; x_wconf 89' lang='lat' dir='ltr'><strong>Si</strong></span> <span class='ocrx_word' id='word_1_566' title='bbox 1870 4043 1990 4113; x_wconf 91' lang='lat' dir='ltr'><strong>quis</strong></span> <span class='ocrx_word' id='word_1_567' title='bbox 2017 4043 2118 4115; x_wconf 87' lang='lat' dir='ltr'><strong>igi-</strong></span> 
     </span>
    </p>
   </div>
   <div class='ocr_carea' id='block_1_72' title="bbox 446 4126 2121 4206">
    <p class='ocr_par' dir='ltr' id='par_1_72' title="bbox 446 4126 2121 4206">
     <span class='ocr_line' id='line_1_72' title="bbox 446 4126 2121 4206; baseline -0.001 -16"><span class='ocrx_word' id='word_1_568' title='bbox 446 4126 451 4135; x_wconf 70' lang='grc'><em>’</em></span> <span class='ocrx_word' id='word_1_569' title='bbox 521 4144 608 4190; x_wconf 88' lang='lat' dir='ltr'><strong>tor</strong></span> <span class='ocrx_word' id='word_1_570' title='bbox 637 4135 778 4189; x_wconf 88' lang='lat' dir='ltr'><strong>hunc</strong></span> <span class='ocrx_word' id='word_1_571' title='bbox 807 4134 1066 4203; x_wconf 91' lang='lat' dir='ltr'><strong>impetum</strong></span> <span class='ocrx_word' id='word_1_572' title='bbox 1099 4135 1538 4203; x_wconf 86' lang='lat' dir='ltr'><strong>supervenientis</strong></span> <span class='ocrx_word' id='word_1_573' title='bbox 1560 4149 1593 4190; x_wconf 91' lang='lat' dir='ltr'><strong>e</strong></span> <span class='ocrx_word' id='word_1_574' title='bbox 1616 4135 1758 4191; x_wconf 66' lang='lat' dir='ltr'><strong>casio</strong></span> <span class='ocrx_word' id='word_1_575' title='bbox 1783 4134 1973 4206; x_wconf 62' lang='lat' dir='ltr'><strong>gratiae</strong></span> <span class='ocrx_word' id='word_1_576' title='bbox 2003 4136 2121 4189; x_wconf 90' lang='lat' dir='ltr'><strong>vult</strong></span> 
     </span>
    </p>
   </div>
   <div class='ocr_carea' id='block_1_73' title="bbox 522 4225 2121 4299">
    <p class='ocr_par' dir='ltr' id='par_1_73' title="bbox 522 4225 2121 4299">
     <span class='ocr_line' id='line_1_73' title="bbox 522 4225 2121 4299; baseline -0.001 -18"><span class='ocrx_word' id='word_1_577' title='bbox 522 4228 743 4292; x_wconf 90' lang='lat' dir='ltr'><strong>mereri,</strong></span> <span class='ocrx_word' id='word_1_578' title='bbox 771 4225 1065 4281; x_wconf 74' lang='lat' dir='ltr'><strong>descendat</strong></span> <span class='ocrx_word' id='word_1_579' title='bbox 1086 4225 1252 4281; x_wconf 89' lang='lat' dir='ltr'><strong>etiam</strong></span> <span class='ocrx_word' id='word_1_580' title='bbox 1276 4227 1390 4296; x_wconf 91' lang='lat' dir='ltr'><strong>ipse</strong></span> <span class='ocrx_word' id='word_1_581' title='bbox 1412 4226 1582 4282; x_wconf 90' lang='lat' dir='ltr'><strong>oculis</strong></span> <span class='ocrx_word' id='word_1_582' title='bbox 1605 4228 1657 4281; x_wconf 92' lang='lat' dir='ltr'><strong>in</strong></span> <span class='ocrx_word' id='word_1_583' title='bbox 1679 4227 1940 4281; x_wconf 87' lang='lat' dir='ltr'><strong>decursus</strong></span> <span class='ocrx_word' id='word_1_584' title='bbox 1962 4242 2121 4299; x_wconf 87' lang='lat' dir='ltr'><strong>aqua-</strong></span> 
     </span>
    </p>
   </div>
   <div class='ocr_carea' id='block_1_74' title="bbox 518 4320 2122 4392">
    <p class='ocr_par' dir='ltr' id='par_1_74' title="bbox 518 4320 2122 4392">
     <span class='ocr_line' id='line_1_74' title="bbox 518 4320 2122 4392; baseline 0.001 -17"><span class='ocrx_word' id='word_1_585' title='bbox 518 4336 660 4375; x_wconf 90' lang='lat' dir='ltr'><strong>rum.</strong></span> <span class='ocrx_word' id='word_1_586' title='bbox 688 4320 790 4389; x_wconf 85' lang='lat' dir='ltr'><strong>Qui</strong></span> <span class='ocrx_word' id='word_1_587' title='bbox 825 4321 966 4375; x_wconf 88' lang='lat' dir='ltr'><strong>hunc</strong></span> <span class='ocrx_word' id='word_1_588' title='bbox 996 4321 1228 4390; x_wconf 89' lang='lat' dir='ltr'><strong>primum</strong></span> <span class='ocrx_word' id='word_1_589' title='bbox 1258 4322 1516 4392; x_wconf 89' lang='lat' dir='ltr'><strong>impetum</strong></span> <span class='ocrx_word' id='word_1_590' title='bbox 1552 4320 1780 4386; x_wconf 89' lang='lat' dir='ltr'><strong>fuderit,</strong></span> <span class='ocrx_word' id='word_1_591' title='bbox 1811 4321 1966 4375; x_wconf 92' lang='lat' dir='ltr'><strong>illum</strong></span> <span class='ocrx_word' id='word_1_592' title='bbox 2008 4337 2122 4377; x_wconf 89' lang='lat' dir='ltr'><strong>me-</strong></span> 
     </span>
    </p>
   </div>
   <div class='ocr_carea' id='block_1_75' title="bbox 524 4414 2124 4486">
    <p class='ocr_par' dir='ltr' id='par_1_75' title="bbox 524 4414 2124 4486">
     <span class='ocr_line' id='line_1_75' title="bbox 524 4414 2124 4486; baseline 0 -17"><span class='ocrx_word' id='word_1_593' title='bbox 524 4414 752 4469; x_wconf 85' lang='lat' dir='ltr'><strong>rebitnr.</strong></span> <span class='ocrx_word' id='word_1_594' title='bbox 805 4414 1096 4469; x_wconf 89' lang='lat' dir='ltr'><strong>Descendit</strong></span> <span class='ocrx_word' id='word_1_595' title='bbox 1141 4416 1319 4470; x_wconf 88' lang='lat' dir='ltr'><strong>oculis</strong></span> <span class='ocrx_word' id='word_1_596' title='bbox 1365 4416 1479 4470; x_wconf 91' lang='lat' dir='ltr'><strong>suis</strong></span> <span class='ocrx_word' id='word_1_597' title='bbox 1515 4415 1568 4471; x_wconf 90' lang='lat' dir='ltr'><strong>in</strong></span> <span class='ocrx_word' id='word_1_598' title='bbox 1605 4415 1705 4469; x_wconf 90' lang='lat' dir='ltr'><strong>hos</strong></span> <span class='ocrx_word' id='word_1_599' title='bbox 1740 4414 1932 4469; x_wconf 88' lang='lat' dir='ltr'><strong>ductus</strong></span> <span class='ocrx_word' id='word_1_600' title='bbox 1958 4430 2124 4486; x_wconf 86' lang='lat' dir='ltr'><strong>aqua-</strong></span> 
     </span>
    </p>
   </div>
   <div class='ocr_carea' id='block_1_76' title="bbox 522 4505 2125 4578">
    <p class='ocr_par' dir='ltr' id='par_1_76' title="bbox 522 4505 2125 4578">
     <span class='ocr_line' id='line_1_76' title="bbox 522 4505 2125 4578; baseline 0.002 -19"><span class='ocrx_word' id='word_1_601' title='bbox 522 4520 661 4571; x_wconf 89' lang='lat' dir='ltr'><strong>rum,</strong></span> <span class='ocrx_word' id='word_1_602' title='bbox 698 4521 817 4575; x_wconf 71' lang='lat' dir='ltr'><strong>qua:</strong></span> <span class='ocrx_word' id='word_1_603' title='bbox 848 4505 1103 4578; x_wconf 82' lang='lat' dir='ltr'><strong>lacrymis</strong></span> <span class='ocrx_word' id='word_1_604' title='bbox 1138 4507 1190 4562; x_wconf 90' lang='lat' dir='ltr'><strong>in</strong></span> <span class='ocrx_word' id='word_1_605' title='bbox 1234 4506 1530 4578; x_wconf 83' lang='lat' dir='ltr'><strong>Evangelio</strong></span> <span class='ocrx_word' id='word_1_606' title='bbox 1569 4507 1761 4578; x_wconf 88' lang='lat' dir='ltr'><strong>rigavit</strong></span> <span class='ocrx_word' id='word_1_607' title='bbox 1787 4505 2002 4562; x_wconf 88' lang='lat' dir='ltr'><strong>Domini</strong></span> <span class='ocrx_word' id='word_1_608' title='bbox 2030 4521 2125 4578; x_wconf 82' lang='lat' dir='ltr'><strong>pe-</strong></span> 
     </span>
    </p>
   </div>
   <div class='ocr_carea' id='block_1_77' title="bbox 2215 3285 3794 3369">
    <p class='ocr_par' dir='ltr' id='par_1_77' title="bbox 2215 3285 3794 3369">
     <span class='ocr_line' id='line_1_77' title="bbox 2215 3285 3794 3369; baseline -0.011 -13"><span class='ocrx_word' id='word_1_609' title='bbox 2215 3301 2270 3356; x_wconf 92' lang='lat' dir='ltr'><strong>in</strong></span> <span class='ocrx_word' id='word_1_610' title='bbox 2302 3298 2580 3369; x_wconf 70' lang='lat' dir='ltr'><strong>pomiferis</strong></span> <span class='ocrx_word' id='word_1_611' title='bbox 2616 3296 2831 3352; x_wconf 89' lang='lat' dir='ltr'><strong>virtutis</strong></span> <span class='ocrx_word' id='word_1_612' title='bbox 2857 3304 2942 3351; x_wconf 88' lang='lat' dir='ltr'><strong>est</strong></span> <span class='ocrx_word' id='word_1_613' title='bbox 2979 3294 3205 3350; x_wconf 89' lang='lat' dir='ltr'><strong>fructus.</strong></span> <span class='ocrx_word' id='word_1_614' title='bbox 3234 3290 3390 3347; x_wconf 82' lang='lat' dir='ltr'><strong>Venit</strong></span> <span class='ocrx_word' id='word_1_615' title='bbox 3426 3306 3593 3360; x_wconf 79' lang='lat' dir='ltr'><strong>ergo,</strong></span> <span class='ocrx_word' id='word_1_616' title='bbox 3624 3296 3676 3344; x_wconf 90' lang='lat' dir='ltr'><strong>et</strong></span> <span class='ocrx_word' id='word_1_617' title='bbox 3700 3285 3794 3340; x_wconf 80' lang='lat' dir='ltr'><strong>sive</strong></span> 
     </span>
    </p>
   </div>
   <div class='ocr_carea' id='block_1_78' title="bbox 2220 3378 3795 3459">
    <p class='ocr_par' dir='ltr' id='par_1_78' title="bbox 2220 3378 3795 3459">
     <span class='ocr_line' id='line_1_78' title="bbox 2220 3378 3795 3459; baseline -0.011 -11"><span class='ocrx_word' id='word_1_618' title='bbox 2220 3393 2536 3459; x_wconf 82' lang='lat' dir='ltr'><strong>inattduccs,</strong></span> <span class='ocrx_word' id='word_1_619' title='bbox 2560 3393 2680 3447; x_wconf 82' lang='lat' dir='ltr'><strong>sive</strong></span> <span class='ocrx_word' id='word_1_620' title='bbox 2712 3390 2884 3454; x_wconf 81' lang='lat' dir='ltr'><strong>bibas,</strong></span> <span class='ocrx_word' id='word_1_621' title='bbox 2910 3390 2953 3444; x_wconf 86' lang='lat' dir='ltr'><strong>si</strong></span> <span class='ocrx_word' id='word_1_622' title='bbox 2980 3386 3257 3444; x_wconf 85' lang='lat' dir='ltr'><strong>Christum</strong></span> <span class='ocrx_word' id='word_1_623' title='bbox 3289 3388 3510 3441; x_wconf 79' lang='lat' dir='ltr'><strong>invocas</strong></span> <span class='ocrx_word' id='word_1_624' title='bbox 3527 3426 3543 3451; x_wconf 97' lang='lat'><strong>,</strong></span> <span class='ocrx_word' id='word_1_625' title='bbox 3567 3382 3709 3438; x_wconf 85' lang='lat' dir='ltr'><strong>adest</strong></span> <span class='ocrx_word' id='word_1_626' title='bbox 3726 3378 3795 3433; x_wconf 83' lang='lat' dir='ltr'><strong>di-</strong></span> 
     </span>
    </p>
   </div>
   <div class='ocr_carea' id='block_1_79' title="bbox 2218 3474 3792 3553">
    <p class='ocr_par' dir='ltr' id='par_1_79' title="bbox 2218 3474 3792 3553">
     <span class='ocr_line' id='line_1_79' title="bbox 2218 3474 3792 3553; baseline -0.012 -11"><span class='ocrx_word' id='word_1_627' title='bbox 2218 3502 2348 3542; x_wconf 90' lang='lat' dir='ltr'><strong>cens</strong></span> <span class='ocrx_word' id='word_1_628' title='bbox 2374 3504 2387 3541; x_wconf 91' lang='lat'>:</span> <span class='ocrx_word' id='word_1_629' title='bbox 2435 3484 2643 3552; x_wconf 84' lang='lat' dir='ltr'><strong>Venite,</strong></span> <span class='ocrx_word' id='word_1_630' title='bbox 2674 3484 2978 3538; x_wconf 76' lang='lat' dir='ltr'><strong>manducata</strong></span> <span class='ocrx_word' id='word_1_631' title='bbox 3009 3497 3166 3553; x_wconf 87' lang='lat' dir='ltr'><strong>panes</strong></span> <span class='ocrx_word' id='word_1_632' title='bbox 3196 3495 3334 3535; x_wconf 87' lang='lat' dir='ltr'><strong>meos</strong></span> <span class='ocrx_word' id='word_1_633' title='bbox 3355 3519 3372 3547; x_wconf 93' lang='lat'><strong>,</strong></span> <span class='ocrx_word' id='word_1_634' title='bbox 3404 3488 3452 3532; x_wconf 88' lang='lat' dir='ltr'><strong>et</strong></span> <span class='ocrx_word' id='word_1_635' title='bbox 3477 3477 3625 3532; x_wconf 82' lang='lat' dir='ltr'><strong>bibite</strong></span> <span class='ocrx_word' id='word_1_636' title='bbox 3648 3474 3792 3530; x_wconf 77' lang='lat' dir='ltr'><strong>riuum</strong></span> 
     </span>
    </p>
   </div>
   <div class='ocr_carea' id='block_1_80' title="bbox 2221 3576 2817 3652">
    <p class='ocr_par' dir='ltr' id='par_1_80' title="bbox 2221 3576 2817 3652">
     <span class='ocr_line' id='line_1_80' title="bbox 2221 3576 2817 3652; baseline -0.003 -18"><span class='ocrx_word' id='word_1_637' title='bbox 2221 3597 2388 3635; x_wconf 85' lang='lat' dir='ltr'><strong>meum</strong></span> <span class='ocrx_word' id='word_1_638' title='bbox 2415 3578 2598 3652; x_wconf 82' lang='lat' dir='ltr'><strong>(Prov.</strong></span> <span class='ocrx_word' id='word_1_639' title='bbox 2625 3595 2677 3633; x_wconf 81' lang='lat' dir='ltr'><strong>rx</strong></span> <span class='ocrx_word' id='word_1_640' title='bbox 2694 3619 2710 3645; x_wconf 92' lang='lat'><strong>,</strong></span> <span class='ocrx_word' id='word_1_641' title='bbox 2739 3576 2817 3649; x_wconf 86' lang='lat'><strong>5).</strong></span> 
     </span>
    </p>
   </div>
   <div class='ocr_carea' id='block_1_81' title="bbox 2289 3661 3791 3743">
    <p class='ocr_par' dir='ltr' id='par_1_81' title="bbox 2289 3661 3791 3743">
     <span class='ocr_line' id='line_1_81' title="bbox 2289 3661 3791 3743; baseline -0.009 -14"><span class='ocrx_word' id='word_1_642' title='bbox 2289 3675 2378 3731; x_wconf 77' lang='grc'><strong>53.</strong></span> <span class='ocrx_word' id='word_1_643' title='bbox 2412 3674 2439 3710; x_wconf 76' lang='grc' dir='ltr'>ά</span> <span class='ocrx_word' id='word_1_644' title='bbox 2464 3672 2722 3743; x_wconf 80' lang='lat' dir='ltr'><strong>Exsurge,</strong></span> <span class='ocrx_word' id='word_1_645' title='bbox 2748 3670 2944 3742; x_wconf 89' lang='lat' dir='ltr'><strong>inquit,</strong></span> <span class='ocrx_word' id='word_1_646' title='bbox 2977 3669 3176 3739; x_wconf 82' lang='lat' dir='ltr'><strong>aquilo,</strong></span> <span class='ocrx_word' id='word_1_647' title='bbox 3208 3678 3256 3723; x_wconf 89' lang='lat' dir='ltr'><strong>et</strong></span> <span class='ocrx_word' id='word_1_648' title='bbox 3273 3661 3791 3734; x_wconf 75' lang='lat' dir='ltr'><strong>veni,auster;aspim</strong></span> 
     </span>
    </p>
   </div>
   <div class='ocr_carea' id='block_1_82' title="bbox 2221 3754 3791 3840">
    <p class='ocr_par' dir='ltr' id='par_1_82' title="bbox 2221 3754 3791 3840">
     <span class='ocr_line' id='line_1_82' title="bbox 2221 3754 3791 3840; baseline -0.011 -15"><span class='ocrx_word' id='word_1_649' title='bbox 2221 3770 2427 3825; x_wconf 83' lang='lat' dir='ltr'><strong>hortum</strong></span> <span class='ocrx_word' id='word_1_650' title='bbox 2457 3783 2646 3833; x_wconf 87' lang='lat' dir='ltr'><strong>meum,</strong></span> <span class='ocrx_word' id='word_1_651' title='bbox 2671 3778 2717 3821; x_wconf 89' lang='lat' dir='ltr'><strong>et</strong></span> <span class='ocrx_word' id='word_1_652' title='bbox 2746 3768 3004 3840; x_wconf 79' lang='lat' dir='ltr'><strong>per/luant</strong></span> <span class='ocrx_word' id='word_1_653' title='bbox 3026 3773 3263 3819; x_wconf 88' lang='lat' dir='ltr'><strong>aromata</strong></span> <span class='ocrx_word' id='word_1_654' title='bbox 3291 3777 3424 3817; x_wconf 88' lang='lat' dir='ltr'><strong>mea.</strong></span> <span class='ocrx_word' id='word_1_655' title='bbox 3460 3762 3536 3816; x_wconf 80' lang='lat' dir='ltr'><strong>Ex</strong></span> <span class='ocrx_word' id='word_1_656' title='bbox 3572 3754 3791 3815; x_wconf 86' lang='lat' dir='ltr'><strong>omnibus</strong></span> 
     </span>
    </p>
   </div>
   <div class='ocr_carea' id='block_1_83' title="bbox 2221 3846 3785 3932">
    <p class='ocr_par' dir='ltr' id='par_1_83' title="bbox 2221 3846 3785 3932">
     <span class='ocr_line' id='line_1_83' title="bbox 2221 3846 3785 3932; baseline -0.006 -12"><span class='ocrx_word' id='word_1_657' title='bbox 2221 3861 2364 3920; x_wconf 84' lang='lat' dir='ltr'><strong>enim</strong></span> <span class='ocrx_word' id='word_1_658' title='bbox 2394 3860 2635 3932; x_wconf 83' lang='lat' dir='ltr'><strong>partibus</strong></span> <span class='ocrx_word' id='word_1_659' title='bbox 2664 3859 2847 3913; x_wconf 86' lang='lat' dir='ltr'><strong>mundi</strong></span> <span class='ocrx_word' id='word_1_660' title='bbox 2873 3858 3007 3914; x_wconf 88' lang='lat' dir='ltr'><strong>odor</strong></span> <span class='ocrx_word' id='word_1_661' title='bbox 3044 3871 3214 3912; x_wconf 60' lang='lat' dir='ltr'><strong>sacrit:</strong></span> <span class='ocrx_word' id='word_1_662' title='bbox 3247 3855 3529 3925; x_wconf 82' lang='lat' dir='ltr'><strong>religionis</strong></span> <span class='ocrx_word' id='word_1_663' title='bbox 3553 3846 3785 3910; x_wconf 59' lang='lat' dir='ltr'><strong>adolevit:</strong></span> 
     </span>
    </p>
   </div>
   <div class='ocr_carea' id='block_1_84' title="bbox 2222 3937 3789 4026">
    <p class='ocr_par' dir='ltr' id='par_1_84' title="bbox 2222 3937 3789 4026">
     <span class='ocr_line' id='line_1_84' title="bbox 2222 3937 3789 4026; baseline -0.009 -19"><span class='ocrx_word' id='word_1_664' title='bbox 2222 3971 2329 4026; x_wconf 89' lang='lat' dir='ltr'><strong>quo</strong></span> <span class='ocrx_word' id='word_1_665' title='bbox 2355 3954 2568 4009; x_wconf 65' lang='lat' dir='ltr'><strong>dilectae</strong></span> <span class='ocrx_word' id='word_1_666' title='bbox 2595 3951 2820 4024; x_wconf 86' lang='lat' dir='ltr'><strong>virginis</strong></span> <span class='ocrx_word' id='word_1_667' title='bbox 2847 3950 3087 4006; x_wconf 88' lang='lat' dir='ltr'><strong>membra</strong></span> <span class='ocrx_word' id='word_1_668' title='bbox 3114 3950 3443 4019; x_wconf 85' lang='lat' dir='ltr'><strong>fragrarunt.</strong></span> <span class='ocrx_word' id='word_1_669' title='bbox 3464 3944 3615 4003; x_wconf 77' lang='lat' dir='ltr'><strong>[inde</strong></span> <span class='ocrx_word' id='word_1_670' title='bbox 3636 3953 3679 3998; x_wconf 88' lang='lat' dir='ltr'><strong>et</strong></span> <span class='ocrx_word' id='word_1_671' title='bbox 3708 3937 3789 3994; x_wconf 82' lang='lat' dir='ltr'><strong>Ec-</strong></span> 
     </span>
    </p>
   </div>
   <div class='ocr_carea' id='block_1_85' title="bbox 2223 4035 3787 4115">
    <p class='ocr_par' dir='ltr' id='par_1_85' title="bbox 2223 4035 3787 4115">
     <span class='ocr_line' id='line_1_85' title="bbox 2223 4035 3787 4115; baseline -0.007 -10"><span class='ocrx_word' id='word_1_672' title='bbox 2223 4048 2388 4106; x_wconf 86' lang='lat' dir='ltr'><strong>clesia</strong></span> <span class='ocrx_word' id='word_1_673' title='bbox 2413 4045 2750 4103; x_wconf 88' lang='lat' dir='ltr'><strong>altitudinem</strong></span> <span class='ocrx_word' id='word_1_674' title='bbox 2795 4059 3020 4099; x_wconf 83' lang='lat' dir='ltr'><strong>servans</strong></span> <span class='ocrx_word' id='word_1_675' title='bbox 3056 4042 3441 4115; x_wconf 83' lang='lat' dir='ltr'><strong>mysteriorum</strong></span> <span class='ocrx_word' id='word_1_676' title='bbox 3474 4035 3787 4096; x_wconf 62' lang='lat' dir='ltr'><strong>t&#39;mlestiumi</strong></span> 
     </span>
    </p>
   </div>
   <div class='ocr_carea' id='block_1_86' title="bbox 2225 4133 3787 4213">
    <p class='ocr_par' dir='ltr' id='par_1_86' title="bbox 2225 4133 3787 4213">
     <span class='ocr_line' id='line_1_86' title="bbox 2225 4133 3787 4213; baseline -0.014 -14"><span class='ocrx_word' id='word_1_677' title='bbox 2225 4143 2401 4213; x_wconf 73' lang='lat' dir='ltr'><strong>reiicit</strong></span> <span class='ocrx_word' id='word_1_678' title='bbox 2428 4158 2456 4196; x_wconf 91' lang='lat' dir='ltr'><strong>a</strong></span> <span class='ocrx_word' id='word_1_679' title='bbox 2489 4157 2548 4197; x_wconf 89' lang='lat' dir='ltr'><strong>se</strong></span> <span class='ocrx_word' id='word_1_680' title='bbox 2575 4143 2852 4213; x_wconf 70' lang='lat' dir='ltr'><strong>graviores</strong></span> <span class='ocrx_word' id='word_1_681' title='bbox 2881 4137 3026 4194; x_wconf 83' lang='lat' dir='ltr'><strong>venti</strong></span> <span class='ocrx_word' id='word_1_682' title='bbox 3058 4137 3358 4208; x_wconf 88' lang='lat' dir='ltr'><strong>procellas,</strong></span> <span class='ocrx_word' id='word_1_683' title='bbox 3392 4144 3448 4189; x_wconf 86' lang='lat' dir='ltr'><strong>ct</strong></span> <span class='ocrx_word' id='word_1_684' title='bbox 3481 4133 3657 4189; x_wconf 86' lang='lat' dir='ltr'><strong>invitat</strong></span> <span class='ocrx_word' id='word_1_685' title='bbox 3689 4139 3787 4180; x_wconf 80' lang='lat' dir='ltr'><strong>ver-</strong></span> 
     </span>
    </p>
   </div>
   <div class='ocr_carea' id='block_1_87' title="bbox 2227 4226 3787 4305">
    <p class='ocr_par' dir='ltr' id='par_1_87' title="bbox 2227 4226 3787 4305">
     <span class='ocr_line' id='line_1_87' title="bbox 2227 4226 3787 4305; baseline -0.013 -12"><span class='ocrx_word' id='word_1_686' title='bbox 2227 4236 2409 4293; x_wconf 84' lang='lat' dir='ltr'><strong>nantis</strong></span> <span class='ocrx_word' id='word_1_687' title='bbox 2436 4239 2621 4305; x_wconf 70' lang='lat' dir='ltr'><strong>gratize</strong></span> <span class='ocrx_word' id='word_1_688' title='bbox 2659 4234 3019 4297; x_wconf 86' lang='lat' dir='ltr'><strong>suavitatem;</strong></span> <span class='ocrx_word' id='word_1_689' title='bbox 3048 4241 3103 4285; x_wconf 90' lang='lat' dir='ltr'><strong>et</strong></span> <span class='ocrx_word' id='word_1_690' title='bbox 3141 4230 3321 4285; x_wconf 88' lang='lat' dir='ltr'><strong>sciens</strong></span> <span class='ocrx_word' id='word_1_691' title='bbox 3349 4227 3492 4299; x_wconf 89' lang='lat' dir='ltr'><strong>quod</strong></span> <span class='ocrx_word' id='word_1_692' title='bbox 3525 4233 3662 4281; x_wconf 87' lang='lat' dir='ltr'><strong>ortus</strong></span> <span class='ocrx_word' id='word_1_693' title='bbox 3681 4226 3787 4273; x_wconf 84' lang='lat' dir='ltr'><strong>suus</strong></span> 
     </span>
    </p>
   </div>
   <div class='ocr_carea' id='block_1_88' title="bbox 2223 4321 3783 4401">
    <p class='ocr_par' dir='ltr' id='par_1_88' title="bbox 2223 4321 3783 4401">
     <span class='ocr_line' id='line_1_88' title="bbox 2223 4321 3783 4401; baseline -0.01 -15"><span class='ocrx_word' id='word_1_694' title='bbox 2223 4331 2444 4386; x_wconf 87' lang='lat' dir='ltr'><strong>Christo</strong></span> <span class='ocrx_word' id='word_1_695' title='bbox 2470 4330 2756 4401; x_wconf 88' lang='lat' dir='ltr'><strong>displicere</strong></span> <span class='ocrx_word' id='word_1_696' title='bbox 2770 4343 2874 4381; x_wconf 91' lang='lat' dir='ltr'><strong>non</strong></span> <span class='ocrx_word' id='word_1_697' title='bbox 2893 4324 3080 4396; x_wconf 89' lang='lat' dir='ltr'><strong>possit,</strong></span> <span class='ocrx_word' id='word_1_698' title='bbox 3097 4325 3323 4379; x_wconf 83' lang='lat' dir='ltr'><strong>advocat</strong></span> <span class='ocrx_word' id='word_1_699' title='bbox 3345 4321 3610 4394; x_wconf 89' lang='lat' dir='ltr'><strong>Sponsum</strong></span> <span class='ocrx_word' id='word_1_700' title='bbox 3630 4324 3783 4371; x_wconf 66' lang='lat' dir='ltr'><strong>suum:</strong></span> 
     </span>
    </p>
   </div>
   <div class='ocr_carea' id='block_1_89' title="bbox 2228 4403 3785 4495">
    <p class='ocr_par' dir='ltr' id='par_1_89' title="bbox 2228 4403 3785 4495">
     <span class='ocr_line' id='line_1_89' title="bbox 2228 4403 3785 4495; baseline -0.011 -19"><span class='ocrx_word' id='word_1_701' title='bbox 2228 4420 2489 4495; x_wconf 82' lang='lat' dir='ltr'><strong>Exsurge,</strong></span> <span class='ocrx_word' id='word_1_702' title='bbox 2514 4419 2708 4490; x_wconf 89' lang='lat' dir='ltr'><strong>inquit,</strong></span> <span class='ocrx_word' id='word_1_703' title='bbox 2733 4416 2930 4486; x_wconf 82' lang='lat' dir='ltr'><strong>aquilo,</strong></span> <span class='ocrx_word' id='word_1_704' title='bbox 2946 4427 2994 4473; x_wconf 80' lang='lat' dir='ltr'><strong>et</strong></span> <span class='ocrx_word' id='word_1_705' title='bbox 3019 4415 3151 4484; x_wconf 84' lang='lat' dir='ltr'><strong>veni,</strong></span> <span class='ocrx_word' id='word_1_706' title='bbox 3180 4422 3374 4469; x_wconf 84' lang='lat' dir='ltr'><strong>auster.</strong></span> <span class='ocrx_word' id='word_1_707' title='bbox 3397 4411 3671 4480; x_wconf 66' lang='lat' dir='ltr'><strong>°Pleriquc</strong></span> <span class='ocrx_word' id='word_1_708' title='bbox 3693 4403 3785 4455; x_wconf 65' lang='lat' dir='ltr'><strong>lucc</strong></span> 
     </span>
    </p>
   </div>
   <div class='ocr_carea' id='block_1_90' title="bbox 2228 4499 3780 4585">
    <p class='ocr_par' dir='ltr' id='par_1_90' title="bbox 2228 4499 3780 4585">
     <span class='ocr_line' id='line_1_90' title="bbox 2228 4499 3780 4585; baseline -0.014 -15"><span class='ocrx_word' id='word_1_709' title='bbox 2228 4516 2302 4570; x_wconf 88' lang='lat' dir='ltr'><strong>ita</strong></span> <span class='ocrx_word' id='word_1_710' title='bbox 2332 4514 2603 4585; x_wconf 87' lang='lat' dir='ltr'><strong>accipiunt</strong></span> <span class='ocrx_word' id='word_1_711' title='bbox 2634 4555 2647 4578; x_wconf 90' lang='lat'><strong>,</strong></span> <span class='ocrx_word' id='word_1_712' title='bbox 2678 4512 2830 4582; x_wconf 84' lang='lat' dir='ltr'><strong>quasi</strong></span> <span class='ocrx_word' id='word_1_713' title='bbox 2865 4510 3182 4582; x_wconf 83' lang='lat' dir='ltr'><strong>projiciatnr</strong></span> <span class='ocrx_word' id='word_1_714' title='bbox 3231 4506 3414 4578; x_wconf 90' lang='lat' dir='ltr'><strong>aquilo</strong></span> <span class='ocrx_word' id='word_1_715' title='bbox 3436 4548 3451 4571; x_wconf 89' lang='lat'><strong>,</strong></span> <span class='ocrx_word' id='word_1_716' title='bbox 3484 4516 3540 4561; x_wconf 88' lang='lat' dir='ltr'><strong>et</strong></span> <span class='ocrx_word' id='word_1_717' title='bbox 3568 4499 3780 4559; x_wconf 79' lang='lat' dir='ltr'><strong>invitetur</strong></span> 
     </span>
    </p>
   </div>
   <div class='ocr_carea' id='block_1_91' title="bbox 522 4585 3783 4675">
    <p class='ocr_par' dir='ltr' id='par_1_91' title="bbox 522 4585 3783 4675">
     <span class='ocr_line' id='line_1_91' title="bbox 522 4585 3783 4675; baseline -0.004 -23"><span class='ocrx_word' id='word_1_718' title='bbox 522 4596 620 4651; x_wconf 88' lang='lat' dir='ltr'><strong>des</strong></span> <span class='ocrx_word' id='word_1_719' title='bbox 667 4595 821 4671; x_wconf 84' lang='lat' dir='ltr'><strong>(Luc.</strong></span> <span class='ocrx_word' id='word_1_720' title='bbox 875 4613 978 4666; x_wconf 87' lang='lat' dir='ltr'><strong>vn,</strong></span> <span class='ocrx_word' id='word_1_721' title='bbox 1021 4598 1114 4671; x_wconf 78' lang='lat'><strong>38)</strong></span> <span class='ocrx_word' id='word_1_722' title='bbox 1140 4639 1155 4664; x_wconf 91' lang='lat'><strong>,</strong></span> <span class='ocrx_word' id='word_1_723' title='bbox 1197 4610 1253 4655; x_wconf 92' lang='lat' dir='ltr'><strong>et</strong></span> <span class='ocrx_word' id='word_1_724' title='bbox 1296 4601 1419 4655; x_wconf 88' lang='lat' dir='ltr'><strong>ideo</strong></span> <span class='ocrx_word' id='word_1_725' title='bbox 1465 4599 1588 4655; x_wconf 82' lang='lat' dir='ltr'><strong>fidei</strong></span> <span class='ocrx_word' id='word_1_726' title='bbox 1630 4614 1742 4655; x_wconf 65' lang='lat' dir='ltr'><strong>sua:</strong></span> <span class='ocrx_word' id='word_1_727' title='bbox 1786 4600 1962 4671; x_wconf 89' lang='lat' dir='ltr'><strong>pretio</strong></span> <span class='ocrx_word' id='word_1_728' title='bbox 1992 4602 2123 4656; x_wconf 84' lang='lat' dir='ltr'><strong>emit</strong></span> <span class='ocrx_word' id='word_1_729' title='bbox 2148 4593 2431 4663; x_wconf 79' lang='lat' dir='ltr'><strong>Dauster.</strong></span> <span class='ocrx_word' id='word_1_730' title='bbox 2455 4605 2611 4675; x_wconf 84' lang='lat' dir='ltr'><strong>Quod</strong></span> <span class='ocrx_word' id='word_1_731' title='bbox 2640 4606 2685 4660; x_wconf 88' lang='lat' dir='ltr'><strong>si</strong></span> <span class='ocrx_word' id='word_1_732' title='bbox 2713 4603 2783 4659; x_wconf 85' lang='lat' dir='ltr'><strong>ita</strong></span> <span class='ocrx_word' id='word_1_733' title='bbox 2810 4600 3465 4673; x_wconf 77' lang='lat' dir='ltr'><strong>accipiunt,exturbatur</strong></span> <span class='ocrx_word' id='word_1_734' title='bbox 3490 4597 3557 4652; x_wconf 90' lang='lat' dir='ltr'><strong>ab</strong></span> <span class='ocrx_word' id='word_1_735' title='bbox 3584 4585 3783 4651; x_wconf 81' lang='lat' dir='ltr'><strong>Ecclesia</strong></span> 
     </span>
    </p>
   </div>
   <div class='ocr_carea' id='block_1_92' title="bbox 519 4693 2120 4766">
    <p class='ocr_par' dir='ltr' id='par_1_92' title="bbox 519 4693 2120 4766">
     <span class='ocr_line' id='line_1_92' title="bbox 519 4693 2120 4766; baseline 0.002 -21"><span class='ocrx_word' id='word_1_736' title='bbox 519 4693 719 4746; x_wconf 76' lang='lat' dir='ltr'><strong>anima:</strong></span> <span class='ocrx_word' id='word_1_737' title='bbox 746 4708 857 4748; x_wconf 76' lang='lat' dir='ltr'><strong>sua:</strong></span> <span class='ocrx_word' id='word_1_738' title='bbox 889 4702 943 4747; x_wconf 91' lang='lat' dir='ltr'><strong>et</strong></span> <span class='ocrx_word' id='word_1_739' title='bbox 969 4695 1186 4764; x_wconf 90' lang='lat' dir='ltr'><strong>corpori</strong></span> <span class='ocrx_word' id='word_1_740' title='bbox 1215 4696 1526 4760; x_wconf 87' lang='lat' dir='ltr'><strong>sanitatem,</strong></span> <span class='ocrx_word' id='word_1_741' title='bbox 1550 4693 1664 4766; x_wconf 86' lang='lat' dir='ltr'><strong>jam</strong></span> <span class='ocrx_word' id='word_1_742' title='bbox 1697 4710 1802 4749; x_wconf 92' lang='lat' dir='ltr'><strong>non</strong></span> <span class='ocrx_word' id='word_1_743' title='bbox 1836 4693 2120 4765; x_wconf 88' lang='lat' dir='ltr'><strong>sanguinis</strong></span> 
     </span>
    </p>
   </div>
   <div class='ocr_carea' id='block_1_93' title="bbox 525 4785 1875 4857">
    <p class='ocr_par' dir='ltr' id='par_1_93' title="bbox 525 4785 1875 4857">
     <span class='ocr_line' id='line_1_93' title="bbox 525 4785 1875 4857; baseline 0.001 -18"><span class='ocrx_word' id='word_1_744' title='bbox 525 4785 754 4857; x_wconf 88' lang='lat' dir='ltr'><strong>proﬂua,</strong></span> <span class='ocrx_word' id='word_1_745' title='bbox 781 4785 878 4840; x_wconf 89' lang='lat' dir='ltr'><strong>sed</strong></span> <span class='ocrx_word' id='word_1_746' title='bbox 906 4786 1094 4856; x_wconf 75' lang='lat' dir='ltr'><strong>gratiae</strong></span> <span class='ocrx_word' id='word_1_747' title='bbox 1118 4787 1401 4857; x_wconf 89' lang='lat' dir='ltr'><strong>spiritalis.</strong></span> <span class='ocrx_word' id='word_1_748' title='bbox 1870 4830 1875 4833; x_wconf 84' lang='lat'><strong>.</strong></span> 
     </span>
    </p>
   </div>
   <div class='ocr_carea' id='block_1_94' title="bbox 599 4878 2123 4952">
    <p class='ocr_par' dir='ltr' id='par_1_94' title="bbox 599 4878 2123 4952">
     <span class='ocr_line' id='line_1_94' title="bbox 599 4878 2123 4952; baseline 0.001 -17"><span class='ocrx_word' id='word_1_749' title='bbox 599 4878 834 4952; x_wconf 76' lang='lat'><strong>1589.</strong></span> <span class='ocrx_word' id='word_1_750' title='bbox 866 4878 955 4936; x_wconf 82' lang='lat'><strong>50.</strong></span> <span class='ocrx_word' id='word_1_751' title='bbox 989 4879 1275 4935; x_wconf 89' lang='lat' dir='ltr'><strong>Descendit</strong></span> <span class='ocrx_word' id='word_1_752' title='bbox 1297 4895 1427 4952; x_wconf 86' lang='lat' dir='ltr'><strong>ergo</strong></span> <span class='ocrx_word' id='word_1_753' title='bbox 1460 4879 1623 4936; x_wconf 87' lang='lat' dir='ltr'><strong>David</strong></span> <span class='ocrx_word' id='word_1_754' title='bbox 1666 4881 1925 4952; x_wconf 89' lang='lat' dir='ltr'><strong>propheta</strong></span> <span class='ocrx_word' id='word_1_755' title='bbox 1951 4924 1967 4948; x_wconf 93' lang='lat'><strong>,</strong></span> <span class='ocrx_word' id='word_1_756' title='bbox 1998 4880 2123 4937; x_wconf 91' lang='lat' dir='ltr'><strong>ideo</strong></span> 
     </span>
    </p>
   </div>
   <div class='ocr_carea' id='block_1_95' title="bbox 521 4972 2124 5047">
    <p class='ocr_par' dir='ltr' id='par_1_95' title="bbox 521 4972 2124 5047">
     <span class='ocr_line' id='line_1_95' title="bbox 521 4972 2124 5047; baseline 0.001 -18"><span class='ocrx_word' id='word_1_757' title='bbox 521 4972 589 5029; x_wconf 85' lang='lat' dir='ltr'><strong>de</strong></span> <span class='ocrx_word' id='word_1_758' title='bbox 619 4985 839 5045; x_wconf 86' lang='lat' dir='ltr'><strong>peccato</strong></span> <span class='ocrx_word' id='word_1_759' title='bbox 863 4975 1089 5045; x_wconf 85' lang='lat' dir='ltr'><strong>gratiam</strong></span> <span class='ocrx_word' id='word_1_760' title='bbox 1121 4975 1326 5031; x_wconf 90' lang='lat' dir='ltr'><strong>retulit.</strong></span> <span class='ocrx_word' id='word_1_761' title='bbox 1340 4974 1632 5031; x_wconf 82' lang='lat' dir='ltr'><strong>Descendit</strong></span> <span class='ocrx_word' id='word_1_762' title='bbox 1661 4977 1712 5030; x_wconf 92' lang='lat' dir='ltr'><strong>in</strong></span> <span class='ocrx_word' id='word_1_763' title='bbox 1740 4991 2002 5047; x_wconf 88' lang='lat' dir='ltr'><strong>aquarum</strong></span> <span class='ocrx_word' id='word_1_764' title='bbox 2026 4975 2124 5032; x_wconf 87' lang='lat' dir='ltr'><strong>du-</strong></span> 
     </span>
    </p>
   </div>
   <div class='ocr_carea' id='block_1_96' title="bbox 523 5066 2123 5139">
    <p class='ocr_par' dir='ltr' id='par_1_96' title="bbox 523 5066 2123 5139">
     <span class='ocr_line' id='line_1_96' title="bbox 523 5066 2123 5139; baseline 0.003 -20"><span class='ocrx_word' id='word_1_765' title='bbox 523 5073 665 5130; x_wconf 89' lang='lat' dir='ltr'><strong>ctus,</strong></span> <span class='ocrx_word' id='word_1_766' title='bbox 697 5066 799 5121; x_wconf 92' lang='lat' dir='ltr'><strong>hoc</strong></span> <span class='ocrx_word' id='word_1_767' title='bbox 824 5077 925 5131; x_wconf 89' lang='lat' dir='ltr'><strong>est,</strong></span> <span class='ocrx_word' id='word_1_768' title='bbox 962 5068 1189 5137; x_wconf 83' lang='lat' dir='ltr'><strong>replevit</strong></span> <span class='ocrx_word' id='word_1_769' title='bbox 1215 5081 1332 5133; x_wconf 80' lang='lat' dir='ltr'><strong>eos,</strong></span> <span class='ocrx_word' id='word_1_770' title='bbox 1358 5078 1411 5122; x_wconf 88' lang='lat' dir='ltr'><strong>et</strong></span> <span class='ocrx_word' id='word_1_771' title='bbox 1431 5066 1836 5124; x_wconf 80' lang='lat' dir='ltr'><strong>decurrentium</strong></span> <span class='ocrx_word' id='word_1_772' title='bbox 1863 5083 2123 5139; x_wconf 87' lang='lat' dir='ltr'><strong>aquarum</strong></span> 
     </span>
    </p>
   </div>
   <div class='ocr_carea' id='block_1_97' title="bbox 526 5157 2125 5230">
    <p class='ocr_par' dir='ltr' id='par_1_97' title="bbox 526 5157 2125 5230">
     <span class='ocr_line' id='line_1_97' title="bbox 526 5157 2125 5230; baseline 0.004 -20"><span class='ocrx_word' id='word_1_773' title='bbox 526 5157 779 5230; x_wconf 87' lang='lat' dir='ltr'><strong>lacrymis</strong></span> <span class='ocrx_word' id='word_1_774' title='bbox 807 5160 919 5214; x_wconf 91' lang='lat' dir='ltr'><strong>suis</strong></span> <span class='ocrx_word' id='word_1_775' title='bbox 942 5158 1139 5214; x_wconf 87' lang='lat' dir='ltr'><strong>ﬂuenta</strong></span> <span class='ocrx_word' id='word_1_776' title='bbox 1170 5161 1488 5228; x_wconf 89' lang='lat' dir='ltr'><strong>cumulavit,</strong></span> <span class='ocrx_word' id='word_1_777' title='bbox 1520 5170 1611 5214; x_wconf 87' lang='lat' dir='ltr'><strong>aut</strong></span> <span class='ocrx_word' id='word_1_778' title='bbox 1637 5160 1825 5217; x_wconf 75' lang='lat' dir='ltr'><strong>inanes</strong></span> <span class='ocrx_word' id='word_1_779' title='bbox 1846 5170 1899 5216; x_wconf 88' lang='lat' dir='ltr'><strong>et</strong></span> <span class='ocrx_word' id='word_1_780' title='bbox 1925 5175 2125 5216; x_wconf 85' lang='lat' dir='ltr'><strong>vacuos</strong></span> 
     </span>
    </p>
   </div>
   <div class='ocr_carea' id='block_1_98' title="bbox 526 5249 2124 5327">
    <p class='ocr_par' dir='ltr' id='par_1_98' title="bbox 526 5249 2124 5327">
     <span class='ocr_line' id='line_1_98' title="bbox 526 5249 2124 5327; baseline 0.002 -22"><span class='ocrx_word' id='word_1_781' title='bbox 526 5249 720 5307; x_wconf 76' lang='lat' dir='ltr'><strong>ductus</strong></span> <span class='ocrx_word' id='word_1_782' title='bbox 769 5253 898 5307; x_wconf 65' lang='lat' dir='ltr'><strong>solis</strong></span> <span class='ocrx_word' id='word_1_783' title='bbox 939 5253 1168 5324; x_wconf 89' lang='lat' dir='ltr'><strong>replevit</strong></span> <span class='ocrx_word' id='word_1_784' title='bbox 1201 5253 1437 5309; x_wconf 88' lang='lat' dir='ltr'><strong>ﬂetibus.</strong></span> <span class='ocrx_word' id='word_1_785' title='bbox 1469 5253 1578 5309; x_wconf 89' lang='lat' dir='ltr'><strong>Aut</strong></span> <span class='ocrx_word' id='word_1_786' title='bbox 1621 5256 1764 5327; x_wconf 93' lang='lat' dir='ltr'><strong>quod</strong></span> <span class='ocrx_word' id='word_1_787' title='bbox 1805 5255 2124 5310; x_wconf 90' lang='lat' dir='ltr'><strong>elocutionis</strong></span> 
     </span>
    </p>
   </div>
   <div class='ocr_carea' id='block_1_99' title="bbox 527 5345 2125 5418">
    <p class='ocr_par' dir='ltr' id='par_1_99' title="bbox 527 5345 2125 5418">
     <span class='ocr_line' id='line_1_99' title="bbox 527 5345 2125 5418; baseline 0.002 -20"><span class='ocrx_word' id='word_1_788' title='bbox 527 5345 747 5401; x_wconf 88' lang='lat' dir='ltr'><strong>moralis</strong></span> <span class='ocrx_word' id='word_1_789' title='bbox 773 5346 1031 5416; x_wconf 84' lang='lat' dir='ltr'><strong>quosdam</strong></span> <span class='ocrx_word' id='word_1_790' title='bbox 1062 5363 1254 5402; x_wconf 59' lang='lat' dir='ltr'><strong>sensus</strong></span> <span class='ocrx_word' id='word_1_791' title='bbox 1285 5347 1522 5403; x_wconf 79' lang='lat' dir='ltr'><strong>Ostendit</strong></span> <span class='ocrx_word' id='word_1_792' title='bbox 1547 5389 1561 5415; x_wconf 95' lang='lat'><strong>,</strong></span> <span class='ocrx_word' id='word_1_793' title='bbox 1585 5347 1866 5404; x_wconf 88' lang='lat' dir='ltr'><strong>descendit</strong></span> <span class='ocrx_word' id='word_1_794' title='bbox 1885 5349 1938 5403; x_wconf 89' lang='lat' dir='ltr'><strong>in</strong></span> <span class='ocrx_word' id='word_1_795' title='bbox 1960 5362 2125 5418; x_wconf 58' lang='lat' dir='ltr'><strong>aqnar</strong></span> 
     </span>
    </p>
   </div>
   <div class='ocr_carea' id='block_1_100' title="bbox 528 5438 2124 5512">
    <p class='ocr_par' dir='ltr' id='par_1_100' title="bbox 528 5438 2124 5512">
     <span class='ocr_line' id='line_1_100' title="bbox 528 5438 2124 5512; baseline 0.004 -22"><span class='ocrx_word' id='word_1_796' title='bbox 528 5451 648 5492; x_wconf 90' lang='lat' dir='ltr'><strong>rum</strong></span> <span class='ocrx_word' id='word_1_797' title='bbox 664 5438 877 5505; x_wconf 88' lang='lat' dir='ltr'><strong>ductus,</strong></span> <span class='ocrx_word' id='word_1_798' title='bbox 906 5440 1154 5494; x_wconf 88' lang='lat' dir='ltr'><strong>transivit</strong></span> <span class='ocrx_word' id='word_1_799' title='bbox 1175 5455 1289 5497; x_wconf 87' lang='lat' dir='ltr'><strong>eos.</strong></span> <span class='ocrx_word' id='word_1_800' title='bbox 1320 5440 1382 5495; x_wconf 86' lang='lat' dir='ltr'><strong>Et</strong></span> <span class='ocrx_word' id='word_1_801' title='bbox 1406 5455 1689 5512; x_wconf 86' lang='lat' dir='ltr'><strong>possemus</strong></span> <span class='ocrx_word' id='word_1_802' title='bbox 1712 5440 1896 5497; x_wconf 88' lang='lat' dir='ltr'><strong>dicere</strong></span> <span class='ocrx_word' id='word_1_803' title='bbox 1916 5481 1930 5509; x_wconf 93' lang='lat'><strong>,</strong></span> <span class='ocrx_word' id='word_1_804' title='bbox 1976 5452 2124 5496; x_wconf 86' lang='lat' dir='ltr'><strong>tran—</strong></span> 
     </span>
    </p>
   </div>
   <div class='ocr_carea' id='block_1_101' title="bbox 598 5643 1865 5716">
    <p class='ocr_par' dir='ltr' id='par_1_101' title="bbox 598 5643 1865 5716">
     <span class='ocr_line' id='line_1_101' title="bbox 598 5643 1865 5716; baseline 0.001 -17"><span class='ocrx_word' id='word_1_805' title='bbox 598 5650 625 5716; x_wconf 69' lang='grc' dir='ltr'><strong>ξι</strong></span> <span class='ocrx_word' id='word_1_806' title='bbox 659 5643 805 5716; x_wconf 78' lang='lat' dir='ltr'><strong>Psal.</strong></span> <span class='ocrx_word' id='word_1_807' title='bbox 835 5662 1018 5712; x_wconf 72' lang='lat' dir='ltr'><strong>cxvnt,</strong></span> <span class='ocrx_word' id='word_1_808' title='bbox 1046 5645 1224 5702; x_wconf 81' lang='lat' dir='ltr'><strong>Serm.</strong></span> <span class='ocrx_word' id='word_1_809' title='bbox 1254 5647 1341 5713; x_wconf 82' lang='lat' dir='ltr'><strong>i7,</strong></span> <span class='ocrx_word' id='word_1_810' title='bbox 1376 5660 1527 5701; x_wconf 90' lang='lat' dir='ltr'><strong>num.</strong></span> <span class='ocrx_word' id='word_1_811' title='bbox 1562 5646 1627 5702; x_wconf 77' lang='grc'><strong>51</strong></span> <span class='ocrx_word' id='word_1_812' title='bbox 1663 5654 1720 5702; x_wconf 93' lang='lat' dir='ltr'><strong>et</strong></span> <span class='ocrx_word' id='word_1_813' title='bbox 1747 5659 1865 5716; x_wconf 89' lang='lat' dir='ltr'><strong>seq.</strong></span> 
     </span>
    </p>
   </div>
   <div class='ocr_carea' id='block_1_102' title="bbox 602 5710 1369 5781">
    <p class='ocr_par' dir='ltr' id='par_1_102' title="bbox 602 5710 1369 5781">
     <span class='ocr_line' id='line_1_102' title="bbox 602 5710 1369 5781; baseline 0.003 -12"><span class='ocrx_word' id='word_1_814' title='bbox 602 5710 629 5749; x_wconf 66' lang='grc' dir='ltr'>δ</span> <span class='ocrx_word' id='word_1_815' title='bbox 658 5715 775 5772; x_wconf 91' lang='lat' dir='ltr'><strong>Lib.</strong></span> <span class='ocrx_word' id='word_1_816' title='bbox 802 5718 871 5773; x_wconf 89' lang='lat' dir='ltr'><strong>de</strong></span> <span class='ocrx_word' id='word_1_817' title='bbox 899 5710 1165 5781; x_wconf 84' lang='lat' dir='ltr'><strong>Nabuthe,</strong></span> <span class='ocrx_word' id='word_1_818' title='bbox 1195 5732 1246 5772; x_wconf 92' lang='lat' dir='ltr'><strong>c.</strong></span> <span class='ocrx_word' id='word_1_819' title='bbox 1282 5710 1369 5772; x_wconf 68' lang='grc'><strong>12.</strong></span> 
     </span>
    </p>
   </div>
   <div class='ocr_carea' id='block_1_103' title="bbox 609 5783 1783 5870">
    <p class='ocr_par' dir='ltr' id='par_1_103' title="bbox 609 5783 1783 5870">
     <span class='ocr_line' id='line_1_103' title="bbox 609 5783 1783 5870; baseline 0.011 -32"><span class='ocrx_word' id='word_1_820' title='bbox 609 5792 629 5819; x_wconf 73' lang='grc' dir='ltr'>ε</span> <span class='ocrx_word' id='word_1_821' title='bbox 655 5783 772 5865; x_wconf 88' lang='lat' dir='ltr'><strong>Lib.</strong></span> <span class='ocrx_word' id='word_1_822' title='bbox 797 5787 866 5870; x_wconf 84' lang='lat' dir='ltr'><strong>de</strong></span> <span class='ocrx_word' id='word_1_823' title='bbox 893 5788 1232 5860; x_wconf 79' lang='lat' dir='ltr'><strong>Vlrginitate,</strong></span> <span class='ocrx_word' id='word_1_824' title='bbox 1260 5799 1381 5860; x_wconf 75' lang='lat' dir='ltr'><strong>cap.</strong></span> <span class='ocrx_word' id='word_1_825' title='bbox 1418 5788 1507 5856; x_wconf 83' lang='lat' dir='ltr'><strong>l0,</strong></span> <span class='ocrx_word' id='word_1_826' title='bbox 1536 5800 1684 5847; x_wconf 83' lang='lat' dir='ltr'><strong>num.</strong></span> <span class='ocrx_word' id='word_1_827' title='bbox 1711 5787 1783 5851; x_wconf 71' lang='grc'><strong>54</strong></span> 
     </span>
    </p>
   </div>
   <div class='ocr_carea' id='block_1_104' title="bbox 2230 4684 3783 4769">
    <p class='ocr_par' dir='ltr' id='par_1_104' title="bbox 2230 4684 3783 4769">
     <span class='ocr_line' id='line_1_104' title="bbox 2230 4684 3783 4769; baseline -0.013 -13"><span class='ocrx_word' id='word_1_828' title='bbox 2230 4698 2469 4769; x_wconf 73' lang='lat' dir='ltr'><strong>perfidia:</strong></span> <span class='ocrx_word' id='word_1_829' title='bbox 2491 4695 2731 4769; x_wconf 80' lang='lat' dir='ltr'><strong>glacialis</strong></span> <span class='ocrx_word' id='word_1_830' title='bbox 2762 4696 3047 4763; x_wconf 75' lang='lat' dir='ltr'><strong>asperitas.</strong></span> <span class='ocrx_word' id='word_1_831' title='bbox 3075 4709 3143 4749; x_wconf 91' lang='lat' dir='ltr'><strong>ne</strong></span> <span class='ocrx_word' id='word_1_832' title='bbox 3167 4692 3258 4747; x_wconf 87' lang='lat' dir='ltr'><strong>ﬂat</strong></span> <span class='ocrx_word' id='word_1_833' title='bbox 3279 4691 3398 4762; x_wconf 84' lang='lat' dir='ltr'><strong>fuga</strong></span> <span class='ocrx_word' id='word_1_834' title='bbox 3429 4697 3606 4746; x_wconf 88' lang='lat' dir='ltr'><strong>nostra</strong></span> <span class='ocrx_word' id='word_1_835' title='bbox 3625 4684 3783 4755; x_wconf 78' lang='lat' dir='ltr'><strong>hyeme</strong></span> 
     </span>
    </p>
   </div>
   <div class='ocr_carea' id='block_1_105' title="bbox 2230 4785 3782 4859">
    <p class='ocr_par' dir='ltr' id='par_1_105' title="bbox 2230 4785 3782 4859">
     <span class='ocr_line' id='line_1_105' title="bbox 2230 4785 3782 4859; baseline -0.01 -13"><span class='ocrx_word' id='word_1_836' title='bbox 2230 4793 2313 4847; x_wconf 87' lang='lat' dir='ltr'><strong>vel</strong></span> <span class='ocrx_word' id='word_1_837' title='bbox 2363 4792 2618 4859; x_wconf 86' lang='lat' dir='ltr'><strong>sabbato,</strong></span> <span class='ocrx_word' id='word_1_838' title='bbox 2675 4798 2729 4845; x_wconf 89' lang='lat' dir='ltr'><strong>et</strong></span> <span class='ocrx_word' id='word_1_839' title='bbox 2788 4787 3048 4844; x_wconf 77' lang='lat' dir='ltr'><strong>invitatur</strong></span> <span class='ocrx_word' id='word_1_840' title='bbox 3100 4785 3349 4841; x_wconf 87' lang='lat' dir='ltr'><strong>australis</strong></span> <span class='ocrx_word' id='word_1_841' title='bbox 3401 4799 3563 4840; x_wconf 86' lang='lat' dir='ltr'><strong>verna</strong></span> <span class='ocrx_word' id='word_1_842' title='bbox 3612 4786 3782 4843; x_wconf 80' lang='lat' dir='ltr'><strong>tempe-</strong></span> 
     </span>
    </p>
   </div>
   <div class='ocr_carea' id='block_1_106' title="bbox 2231 4886 2358 4940">
    <p class='ocr_par' dir='ltr' id='par_1_106' title="bbox 2231 4886 2358 4940">
     <span class='ocr_line' id='line_1_106' title="bbox 2231 4886 2358 4940; baseline -0.008 0"><span class='ocrx_word' id='word_1_843' title='bbox 2231 4886 2358 4940; x_wconf 84' lang='lat' dir='ltr'><strong>rios.</strong></span> 
     </span>
    </p>
   </div>
   <div class='ocr_carea' id='block_1_107' title="bbox 2302 4954 3783 5045">
    <p class='ocr_par' dir='ltr' id='par_1_107' title="bbox 2302 4954 3783 5045">
     <span class='ocr_line' id='line_1_107' title="bbox 2302 4954 3783 5045; baseline -0.011 -14"><span class='ocrx_word' id='word_1_844' title='bbox 2302 4978 2391 5033; x_wconf 72' lang='grc'><strong>54.</strong></span> <span class='ocrx_word' id='word_1_845' title='bbox 2428 4980 2535 5031; x_wconf 82' lang='lat' dir='ltr'><strong>Aut</strong></span> <span class='ocrx_word' id='word_1_846' title='bbox 2560 4986 2708 5031; x_wconf 91' lang='lat' dir='ltr'><strong>certe</strong></span> <span class='ocrx_word' id='word_1_847' title='bbox 2733 4991 2745 5028; x_wconf 91' lang='lat'><strong>:</strong></span> <span class='ocrx_word' id='word_1_848' title='bbox 2777 4971 3035 5045; x_wconf 76' lang='lat' dir='ltr'><strong>Exsurge,</strong></span> <span class='ocrx_word' id='word_1_849' title='bbox 3059 4971 3254 5043; x_wconf 86' lang='lat' dir='ltr'><strong>aquilo,</strong></span> <span class='ocrx_word' id='word_1_850' title='bbox 3285 4968 3385 5024; x_wconf 89' lang='lat' dir='ltr'><strong>hoc</strong></span> <span class='ocrx_word' id='word_1_851' title='bbox 3416 4978 3520 5031; x_wconf 91' lang='lat' dir='ltr'><strong>est,</strong></span> <span class='ocrx_word' id='word_1_852' title='bbox 3545 4954 3783 5036; x_wconf 54' lang='grc' dir='ltr'><strong>θωμασιιὶ</strong></span> 
     </span>
    </p>
   </div>
   <div class='ocr_carea' id='block_1_108' title="bbox 2233 5048 3781 5143">
    <p class='ocr_par' dir='ltr' id='par_1_108' title="bbox 2233 5048 3781 5143">
     <span class='ocr_line' id='line_1_108' title="bbox 2233 5048 3781 5143; baseline -0.01 -20"><span class='ocrx_word' id='word_1_853' title='bbox 2233 5069 2451 5136; x_wconf 86' lang='lat' dir='ltr'><strong>dormis,</strong></span> <span class='ocrx_word' id='word_1_854' title='bbox 2485 5078 2532 5123; x_wconf 86' lang='lat' dir='ltr'><strong>et</strong></span> <span class='ocrx_word' id='word_1_855' title='bbox 2558 5082 2773 5143; x_wconf 83' lang='lat' dir='ltr'><strong>exsurge</strong></span> <span class='ocrx_word' id='word_1_856' title='bbox 2797 5083 2828 5120; x_wconf 90' lang='lat' dir='ltr'><strong>a</strong></span> <span class='ocrx_word' id='word_1_857' title='bbox 2858 5066 3073 5119; x_wconf 87' lang='lat' dir='ltr'><strong>mortuis</strong></span> <span class='ocrx_word' id='word_1_858' title='bbox 3099 5062 3331 5135; x_wconf 81' lang='lat' dir='ltr'><strong>(Ephes.</strong></span> <span class='ocrx_word' id='word_1_859' title='bbox 3356 5076 3409 5127; x_wconf 86' lang='lat' dir='ltr'><strong>v,</strong></span> <span class='ocrx_word' id='word_1_860' title='bbox 3440 5058 3560 5134; x_wconf 73' lang='grc'><strong>14).</strong></span> <span class='ocrx_word' id='word_1_861' title='bbox 3590 5048 3781 5125; x_wconf 69' lang='lat' dir='ltr'><strong>Populus</strong></span> 
     </span>
    </p>
   </div>
   <div class='ocr_carea' id='block_1_109' title="bbox 2231 5144 3781 5231">
    <p class='ocr_par' dir='ltr' id='par_1_109' title="bbox 2231 5144 3781 5231">
     <span class='ocr_line' id='line_1_109' title="bbox 2231 5144 3781 5231; baseline -0.011 -15"><span class='ocrx_word' id='word_1_862' title='bbox 2231 5162 2506 5216; x_wconf 90' lang='lat' dir='ltr'><strong>nationum</strong></span> <span class='ocrx_word' id='word_1_863' title='bbox 2537 5159 2630 5231; x_wconf 88' lang='lat' dir='ltr'><strong>qui</strong></span> <span class='ocrx_word' id='word_1_864' title='bbox 2655 5159 2745 5214; x_wconf 87' lang='lat' dir='ltr'><strong>diu</strong></span> <span class='ocrx_word' id='word_1_865' title='bbox 2770 5166 2896 5214; x_wconf 88' lang='lat' dir='ltr'><strong>ante</strong></span> <span class='ocrx_word' id='word_1_866' title='bbox 2916 5153 3187 5221; x_wconf 87' lang='lat' dir='ltr'><strong>dormisti,</strong></span> <span class='ocrx_word' id='word_1_867' title='bbox 3213 5153 3412 5225; x_wconf 84' lang='lat' dir='ltr'><strong>evigila</strong></span> <span class='ocrx_word' id='word_1_868' title='bbox 3445 5144 3781 5223; x_wconf 78' lang='lat' dir='ltr'><strong>aliquando,el</strong></span> 
     </span>
    </p>
   </div>
   <div class='ocr_carea' id='block_1_110' title="bbox 2227 5243 3778 5310">
    <p class='ocr_par' dir='ltr' id='par_1_110' title="bbox 2227 5243 3778 5310">
     <span class='ocr_line' id='line_1_110' title="bbox 2227 5243 3778 5310; baseline -0.013 -1"><span class='ocrx_word' id='word_1_869' title='bbox 2227 5255 2509 5310; x_wconf 85' lang='lat' dir='ltr'><strong>illucescet</strong></span> <span class='ocrx_word' id='word_1_870' title='bbox 2550 5253 2646 5308; x_wconf 90' lang='lat' dir='ltr'><strong>tibi</strong></span> <span class='ocrx_word' id='word_1_871' title='bbox 2692 5251 2959 5307; x_wconf 88' lang='lat' dir='ltr'><strong>Christus.</strong></span> <span class='ocrx_word' id='word_1_872' title='bbox 2988 5251 3268 5305; x_wconf 78' lang='lat' dir='ltr'><strong>Postremo</strong></span> <span class='ocrx_word' id='word_1_873' title='bbox 3308 5260 3502 5303; x_wconf 89' lang='lat' dir='ltr'><strong>omnes</strong></span> <span class='ocrx_word' id='word_1_874' title='bbox 3538 5243 3778 5298; x_wconf 81' lang='lat' dir='ltr'><strong>invitantur</strong></span> 
     </span>
    </p>
   </div>
   <div class='ocr_carea' id='block_1_111' title="bbox 2229 5331 3775 5421">
    <p class='ocr_par' dir='ltr' id='par_1_111' title="bbox 2229 5331 3775 5421">
     <span class='ocr_line' id='line_1_111' title="bbox 2229 5331 3775 5421; baseline -0.014 -20"><span class='ocrx_word' id='word_1_875' title='bbox 2229 5348 2295 5401; x_wconf 90' lang='lat' dir='ltr'><strong>ad</strong></span> <span class='ocrx_word' id='word_1_876' title='bbox 2330 5346 2625 5402; x_wconf 84' lang='lat' dir='ltr'><strong>Ecclesiam</strong></span> <span class='ocrx_word' id='word_1_877' title='bbox 2654 5386 2670 5411; x_wconf 94' lang='lat'><strong>,</strong></span> <span class='ocrx_word' id='word_1_878' title='bbox 2723 5354 2773 5399; x_wconf 92' lang='lat' dir='ltr'><strong>et</strong></span> <span class='ocrx_word' id='word_1_879' title='bbox 2804 5344 3106 5415; x_wconf 74' lang='lat' dir='ltr'><strong>Synagogae</strong></span> <span class='ocrx_word' id='word_1_880' title='bbox 3142 5340 3368 5411; x_wconf 77' lang='grc' dir='ltr'><strong>ρυνυιυε</strong></span> <span class='ocrx_word' id='word_1_881' title='bbox 3404 5348 3457 5393; x_wconf 80' lang='lat' dir='ltr'><strong>et</strong></span> <span class='ocrx_word' id='word_1_882' title='bbox 3493 5331 3775 5421; x_wconf 78' lang='lat' dir='ltr'><strong>gentilium</strong></span> 
     </span>
    </p>
   </div>
   <div class='ocr_carea' id='block_1_112' title="bbox 2228 5410 3773 5509">
    <p class='ocr_par' dir='ltr' id='par_1_112' title="bbox 2228 5410 3773 5509">
     <span class='ocr_line' id='line_1_112' title="bbox 2228 5410 3773 5509; baseline -0.012 -11"><span class='ocrx_word' id='word_1_883' title='bbox 2228 5439 2323 5495; x_wconf 88' lang='lat' dir='ltr'><strong>sed</strong></span> <span class='ocrx_word' id='word_1_884' title='bbox 2356 5439 2506 5509; x_wconf 88' lang='lat' dir='ltr'><strong>prius</strong></span> <span class='ocrx_word' id='word_1_885' title='bbox 2534 5410 2863 5509; x_wconf 69' lang='lat' dir='ltr'><strong>Synagogae,</strong></span> <span class='ocrx_word' id='word_1_886' title='bbox 2887 5410 3015 5506; x_wconf 82' lang='lat' dir='ltr'><strong>quia</strong></span> <span class='ocrx_word' id='word_1_887' title='bbox 3030 5410 3248 5506; x_wconf 77' lang='lat' dir='ltr'><strong>priores</strong></span> <span class='ocrx_word' id='word_1_888' title='bbox 3269 5447 3339 5487; x_wconf 79' lang='lat' dir='ltr'><strong>ex</strong></span> <span class='ocrx_word' id='word_1_889' title='bbox 3367 5428 3566 5486; x_wconf 75' lang='lat' dir='ltr'><strong>.ludteis</strong></span> <span class='ocrx_word' id='word_1_890' title='bbox 3591 5410 3773 5494; x_wconf 66' lang='lat' dir='ltr'><strong>apole“</strong></span> 
     </span>
    </p>
   </div>
   <div class='ocr_carea' id='block_1_113' title="bbox 3538 5586 3566 5601">
    <p class='ocr_par' dir='ltr' id='par_1_113' title="bbox 3538 5586 3566 5601">
     <span class='ocr_line' id='line_1_113' title="bbox 3538 5586 3566 5601; baseline 0 0"><span class='ocrx_word' id='word_1_891' title='bbox 3538 5586 3566 5601; x_wconf 57' lang='grc' dir='ltr'><strong><em>ρ</em></strong></span> 
     </span>
    </p>
   </div>
   <div class='ocr_carea' id='block_1_114' title="bbox 2306 5640 3357 5716">
    <p class='ocr_par' dir='ltr' id='par_1_114' title="bbox 2306 5640 3357 5716">
     <span class='ocr_line' id='line_1_114' title="bbox 2306 5640 3357 5716; baseline -0.01 -12"><span class='ocrx_word' id='word_1_892' title='bbox 2306 5644 2330 5685; x_wconf 72' lang='grc' dir='ltr'>ἀ</span> <span class='ocrx_word' id='word_1_893' title='bbox 2368 5648 2488 5704; x_wconf 90' lang='lat' dir='ltr'><strong>Lib.</strong></span> <span class='ocrx_word' id='word_1_894' title='bbox 2517 5664 2535 5703; x_wconf 93' lang='grc' dir='ltr'>ι</span> <span class='ocrx_word' id='word_1_895' title='bbox 2564 5645 2633 5703; x_wconf 93' lang='lat' dir='ltr'><strong>de</strong></span> <span class='ocrx_word' id='word_1_896' title='bbox 2654 5644 2825 5716; x_wconf 81' lang='lat' dir='ltr'><strong>Virg.,</strong></span> <span class='ocrx_word' id='word_1_897' title='bbox 2853 5658 2973 5714; x_wconf 92' lang='lat' dir='ltr'><strong>cap.</strong></span> <span class='ocrx_word' id='word_1_898' title='bbox 2998 5641 3234 5716; x_wconf 80' lang='lat' dir='ltr'><strong>8,_t_ium.</strong></span> <span class='ocrx_word' id='word_1_899' title='bbox 3265 5640 3357 5716; x_wconf 60' lang='grc' dir='ltr'><strong>4⁸7Σ</strong></span> 
     </span>
    </p>
   </div>
   <div class='ocr_carea' id='block_1_115' title="bbox 2313 5711 3425 5787">
    <p class='ocr_par' dir='ltr' id='par_1_115' title="bbox 2313 5711 3425 5787">
     <span class='ocr_line' id='line_1_115' title="bbox 2313 5711 3425 5787; baseline -0.009 -11"><span class='ocrx_word' id='word_1_900' title='bbox 2313 5732 2336 5758; x_wconf 73' lang='grc' dir='ltr'><strong>ι’</strong></span> <span class='ocrx_word' id='word_1_901' title='bbox 2369 5721 2426 5787; x_wconf 84' lang='lat' dir='ltr'><strong>ln</strong></span> <span class='ocrx_word' id='word_1_902' title='bbox 2455 5720 2596 5776; x_wconf 85' lang='lat' dir='ltr'><strong>Psal.</strong></span> <span class='ocrx_word' id='word_1_903' title='bbox 2628 5711 2819 5785; x_wconf 72' lang='lat' dir='ltr'><strong>cxvtit,</strong></span> <span class='ocrx_word' id='word_1_904' title='bbox 2850 5711 3017 5771; x_wconf 82' lang='lat' dir='ltr'><strong>serm.</strong></span> <span class='ocrx_word' id='word_1_905' title='bbox 3047 5713 3136 5780; x_wconf 69' lang='lat' dir='ltr'><strong>l2,</strong></span> <span class='ocrx_word' id='word_1_906' title='bbox 3162 5724 3311 5769; x_wconf 76' lang='lat' dir='ltr'><strong>nam.</strong></span> <span class='ocrx_word' id='word_1_907' title='bbox 3332 5711 3425 5779; x_wconf 63' lang='lat' dir='ltr'><strong>ﬁt,</strong></span> 
     </span>
    </p>
   </div>
  </div>
