3920 6308
85 295 217 353 1917

985 290 1026 345 Ε
1070 285 1375 346 δοιιιντιε
1413 287 1472 344 S.
1516 285 1839 344 AMBROSH
1877 283 2300 344 COILECTUS.

3243 279 3378 347 tota

79 413 421 470 crediderunt
447 421 504 467 et
523 425 616 480 per
635 410 783 480 ipsos
805 419 990 480 postea
1013 410 1291 466 nationum
1321 409 1504 479 populi
1533 422 1668 464 cou-
1699 414 1750 474 Α
1777 407 2064 463 tnortillcet
2093 415 2385 478 peccatum
2428 423 2618 474 suum,
2653 407 2926 464 oblitteret
2961 408 3173 478 culpam
3201 422 3376 474 suam,

75 508 267 579 gregati
298 515 450 560 sunt.
487 501 618 559 Vide
641 519 772 575 ergo
795 504 1100 558 venientem
1127 503 1298 558 solem
1325 512 1568 558 nostrum
1601 501 1668 558 ad

73 609 328 664 austrum,
345 607 541 670 postea
566 606 848 669 gyrantem
869 596 935 651 ad
954 595 1286 665 aquilonem.
1319 595 1666 662 Hierusalem,

75 692 389 746 Hierusalem
414 705 434 746 :
459 692 608 746 venit
633 691 818 759 utique
841 688 907 744 ad
936 704 1077 755 eam,
1095 705 1254 760 quam
1282 688 1445 744 etiam
1475 704 1670 744 vocare

71 788 308 856 dignatas
336 795 423 838 est
450 801 465 838 :
499 781 597 837 sed
635 782 756 837 haec
785 781 1122 836 Hierusalem
1152 791 1369 836 terrena
1398 790 1511 848 est,
1545 796 1670 851 quas

75 877 258 933 occidit
307 877 639 946 prophetas,
675 874 778 929 hoc
804 883 890 930 est
915 915 929 940 ,
974 873 1253 946 Synagoga
1293 873 1605 929 Judtrorum
1651 891 1664 928 :

79 971 297 1035 Quoties,
327 967 529 1038 inquit,
561 967 700 1021 volui
725 982 1037 1037 congregare
1061 967 1201 1036 ﬁlios
1222 977 1358 1031 tuos,
1391 967 1522 1020 sicut
1550 966 1667 1035 gal-

77 1067 174 1119 lina
205 1064 372 1134 pullos
409 1080 534 1118 suos
561 1105 571 1123 ,
601 1073 647 1116 et
679 1062 926 1116 uoluisti?
963 1061 1095 1116 Ecce
1129 1062 1446 1130 relinquetur
1481 1059 1668 1113 domus

77 1169 230 1212 vestro
259 1156 462 1211 deserta
495 1154 707 1225 (Matth.
736 1169 868 1210 χχιιι
887 1193 904 1222 ,
936 1155 1002 1210 37
1032 1166 1078 1208 et
1104 1154 1176 1211 '58
1195 1153 1234 1224 ).
1260 1153 1482 1224 Gyravit
1509 1152 1666 1222 igitur

75 1251 135 1306 ad
157 1261 342 1321 gentes
375 1267 388 1302 :
416 1247 660 1320 gyrando
689 1257 868 1304 autem
899 1250 1113 1318 gyravit
1141 1247 1378 1316 Spiritus
1399 1244 1516 1312 Dei,
1535 1254 1590 1300 et
1610 1244 1664 1299 in

76 1359 221 1417 gyros
255 1358 386 1400 suos
431 1359 732 1401 conversus
769 1354 890 1408 est,
939 1353 996 1397 ut
1043 1342 1200 1398 tieret
1235 1341 1373 1397 Deus
1405 1339 1585 1396 omnia
1610 1339 1663 1394 in

76 1440 330 1496 erunibus.

557 1551 785 1609 CAPUT
814 1551 1150 1621 QUINTUM.

137 1691 180 1744 l.
227 1687 409 1760 (Vers.
459 1687 544 1759 l.)
586 1697 611 1727 λ
653 1686 836 1744 Veniat
884 1688 1102 1743 dilectus
1155 1703 1296 1744 meus
1348 1687 1402 1740 in
1455 1684 1660 1740 hortum

1775 501 2002 571 sepeliat
2040 511 2203 573 atque
2241 501 2563 558 abolefaciat
2606 503 2915 573 iniquitates
2960 517 3115 568 suas;
3163 502 3383 574 myrrha

1773 594 1916 647 enim
1970 606 2054 650 est
2109 597 2386 664 sepultura
2465 603 2798 649 mortuorum
2836 637 2851 663 ,
2917 607 3130 650 mortua
3195 607 3380 652 autem

1775 694 1992 754 peccata
2026 695 2173 751 sunt,
2197 703 2315 756 qua:
2339 689 2461 740 vitie
2483 688 2804 741 suavitatem
2843 689 3042 744 habere
3100 706 3202 742 non
3251 705 3380 759 pos-

1771 786 1916 833 sunt.
1969 779 2376 834 Perfunduntur
2458 791 2638 836 autem
2707 782 2872 835 divini
2945 783 3214 836 sermonis
3272 799 3378 837 un-

1771 873 2005 942 guentis,
2031 885 2085 928 et
2111 873 2322 928 fortiori
2350 874 2472 929 cibo
2503 875 2650 929 verbi
2678 875 2822 929 velut
2847 890 2986 945 pane
3013 917 3026 941 ,
3057 887 3110 930 et
3138 876 3381 932 suaviori

1771 980 2024 1021 sermone
2065 968 2210 1021 velut
2239 968 2399 1022 meite
2425 977 2686 1022 curantur
2717 968 2960 1036 qundam
2991 970 3211 1024 vulnera
3244 969 3381 1025 deli-

1770 1070 2000 1113 Ctorum.
2036 1060 2328 1115 Sermones
2372 1073 2551 1116 autem
2595 1060 2744 1116 cibos
2787 1078 2908 1116 esse
2953 1063 3112 1119 docet
3150 1075 3204 1119 et
3247 1064 3379 1120 alibi

1771 1151 2060 1219 Salomon,
2083 1154 2270 1209 dicens
2305 1173 2318 1209 :
2353 1153 2483 1208 Favi
2513 1155 2681 1208 mellis
2717 1171 2974 1210 sermones
3017 1157 3132 1210 boni
3167 1158 3182 1226 (
3211 1155 3371 1211 Prov.

1771 1259 1878 1310 xvr,
1907 1246 2024 1317 2i).
2057 1246 2116 1301 In
2137 1246 2235 1302 illo
2255 1261 2384 1318 ergo
2416 1249 2574 1301 horto
2601 1261 2881 1301 sermoin
2915 1248 3038 1302 boui
3063 1258 3208 1313 sunt,
3240 1251 3377 1304 alius

1767 1337 1857 1408 qui
1889 1339 2100 1407 culpam
2131 1349 2404 1400 eoerceat,
2435 1338 2573 1392 alius
2600 1340 2688 1408 qui
2723 1339 3059 1409 iniquitatem
3089 1341 3373 1410 corripiat,

1766 1431 1904 1486 alius
1943 1432 2033 1501 qui
2082 1429 2220 1486 mori
2261 1431 2423 1486 faciat
2466 1433 2810 1487 insolentiam
2834 1474 2847 1497 ,
2883 1445 2939 1486 ct
2968 1433 3117 1506 velut
3143 1432 3377 1503 sepeliat

1765 1539 1908 1586 eam.
1933 1523 2150 1594 quando
2178 1531 2464 1594 correptus
2492 1525 2687 1594 aliquis
2721 1525 2998 1580 erroribus
3024 1525 3138 1581 suis
3169 1541 3371 1581 renuu-

1767 1616 1882 1671 tiat.

1837 1714 1888 1763 4.
1920 1708 2017 1765 Est
2043 1709 2205 1764 etiam
2237 1724 2417 1763 sermo
2447 1709 2636 1763 fortior
2659 1750 2674 1776 ,
2704 1709 2795 1780 qui
2837 1710 3121 1765 confirmat
3146 1726 3241 1765 cor
3269 1709 3372 1766 ho-

73 1798 240 1848 meum,
268 1791 314 1836 et
335 1781 570 1836 comedat
592 1785 817 1854 fructum
836 1797 1104 1851 pomorum
1125 1797 1356 1835 suorum.
1376 1780 1514 1835 llinc
1532 1781 1649 1834 bor-

1765 1802 1925 1857 minis
1953 1801 2308 1856 Validioribus
2338 1803 2634 1872 Scriptum
2658 1803 2895 1859 caelestis
2937 1805 3232 1860 alimentis.
3267 1805 3370 1860 Co-

76 1884 168 1926 lutu
192 1874 334 1927 illum
364 1873 470 1928 sibi
503 1874 658 1928 Plato
686 1875 990 1944 composuit
1016 1914 1030 1938 ,
1062 1889 1218 1943 quem
1249 1870 1404 1928 Jovis
1440 1873 1652 1927 hortum

72 1967 201 2030 alibi,
228 1965 352 2026 alibi
385 1965 605 2020 hortum
633 1966 832 2021 mentis
859 1966 1180 2036 appellavit;
1209 1964 1399 2022 Jovem
1431 1966 1574 2021 enim
1597 1974 1650 2021 et

76 2057 218 2111 Deum
248 2066 300 2113 et
327 2067 568 2114 tuentem
592 2057 742 2114 dixit.
778 2059 834 2114 In
874 2058 1018 2114 hunc
1041 2059 1356 2114 introivisse
1388 2060 1650 2128 animam,

73 2166 210 2221 quam
242 2151 511 2208 Venerem
538 2163 838 2222 nuncupat,
871 2163 926 2206 ut
947 2167 1005 2206 se
1032 2152 1356 2208 abundantia
1377 2163 1429 2207 et
1451 2152 1654 2206 divitiis

75 2242 197 2297 horti
219 2244 472 2314 repleret,
499 2245 554 2300 in
587 2259 698 2316 quo
726 2245 964 2315 repletus
989 2253 1116 2316 potu
1136 2246 1343 2315 jacerct
1367 2286 1381 2310 ,
1414 2256 1538 2314 potu
1564 2244 1654 2311 qui

76 2346 237 2392 nectar
267 2336 592 2395 eﬂ'uuderet.
650 2339 762 2394 lloc
804 2339 966 2410 igitur
1005 2355 1070 2394 ex
1120 2339 1259 2394 libro
1303 2337 1653 2394 Canticorum

75 2433 347 2502 composuit
373 2447 389 2498 ;
419 2447 486 2487 eo
515 2432 664 2503 quod
695 2433 875 2487 anima
903 2433 1010 2487 Deo
1037 2431 1328 2488 adhaerens
1360 2435 1411 2486 in
1438 2431 1654 2486 hortum

79 2526 246 2579 mentis
275 2525 514 2597 ingressa
550 2525 660 2594 sit,
689 2525 744 2580 in
773 2541 881 2597 quo
907 2536 1051 2580 esset
1071 2525 1400 2580 abundantia
1444 2525 1658 2598 1590

80 2613 387 2672 diversarum
420 2618 708 2686 virtutum,
738 2618 1011 2690 ﬂoresque
1041 2634 1377 2674 sermonum.
1409 2621 1540 2684 Quis
1563 2634 1658 2670 au-

83 2716 171 2761 tem
201 2708 400 2779 ignorat
425 2711 572 2780 quod
615 2726 678 2765 ex
723 2711 974 2781 paradiso
1018 2711 1113 2765 illo
1146 2725 1305 2780 quem
1349 2711 1573 2779 legimus
1604 2710 1657 2766 in

82 2797 248 2858 Genesi
271 2801 462 2858 habere
491 2803 702 2874 lignum
727 2804 852 2858 vita:
878 2811 932 2857 et
959 2804 1158 2872 lignum
1187 2802 1426 2856 scientiae
1452 2801 1575 2856 boni
1604 2810 1660 2857 et

84 2892 185 2945 ntali
211 2891 352 2964 (Gen.
383 2911 442 2960 tt,
466 2896 552 2966 8),
580 2907 633 2949 et
654 2895 794 2966 ligna
823 2903 1040 2960 caetera,
1068 2894 1455 2948 abundantiam
1483 2895 1657 2947 virtu-

85 2994 174 3039 tum
203 2989 458 3056 putaverit
483 2986 916 3045 transferendam
946 3030 957 3053 ,
990 2997 1043 3044 et
1092 2989 1144 3043 in
1196 2987 1412 3042 hortum
1461 2986 1660 3041 mentis

87 3094 186 3134 esse
207 3083 534 3151 plantandatu
549 3084 576 3138 ?

140 3175 183 3229 2.
207 3175 362 3244 Quem
389 3178 441 3232 in
466 3177 713 3234 Canticis
735 3179 1075 3234 Canticorum
1111 3176 1326 3234 hortum
1354 3177 1548 3232 anima:
1581 3177 1654 3230 si-

1759 1895 1893 1949 medi
1924 1895 2094 1964 favum
2118 1912 2235 1949 cum
2264 1896 2415 1950 melle
2440 1912 2568 1961 meo,
2594 1895 2695 1950 bibi
2719 1898 2891 1950 vinum
2913 1913 3078 1951 meum
3101 1915 3217 1952 cum
3245 1899 3376 1953 lacte

1758 2005 1890 2043 meo.
1923 1989 2020 2043 Est
2043 1990 2185 2044 enim
2227 2005 2410 2044 seruio
2450 1991 2729 2044 suasorius
2759 1991 2935 2045 dulcis
2959 2002 3014 2046 ut
3045 1993 3182 2060 mel,
3216 2004 3268 2047 et
3293 2001 3375 2048 ta-

1759 2098 1882 2138 men
1916 2085 2217 2153 peccatoris
2241 2082 2626 2138 conscientiam
2660 2085 2710 2136 in
2752 2084 2866 2154 ipsa
2909 2088 3174 2139 suavitate
3213 2099 3370 2139 cotu-

1758 2191 2021 2246 pungens.
2059 2177 2148 2230 Est
2183 2177 2346 2231 etiam
2385 2176 2734 2231 ferventioris
2760 2177 2984 2245 spiritus
3030 2191 3244 2242 sermo,
3278 2177 3370 2247 qui

1758 2268 1991 2324 inebriat
2031 2270 2170 2324 sicut
2214 2269 2397 2324 vinum
2429 2311 2442 2334 ,
2473 2279 2524 2324 et
2574 2285 2669 2323 cor
2707 2271 2942 2342 hominis
2987 2271 3246 2325 lartilicat.
3279 2273 3374 2327 list

1759 2362 1994 2431 denique
2021 2363 2228 2417 lacteus
2258 2377 2460 2426 sermo,
2487 2378 2656 2433 purus
2681 2373 2736 2416 et
2761 2363 3050 2419 candidus.
3079 2365 3188 2419 llos
3218 2366 3370 2420 cibos

1760 2453 1995 2509 dulcium
2045 2455 2365 2524 utiliumque
2413 2470 2724 2510 sermonum
2776 2457 3078 2524 epulandos
3122 2456 3369 2527 Sponsus

1761 2547 2020 2615 proximis
2050 2548 2163 2600 suis
2188 2546 2319 2600 dicit
2351 2564 2364 2599 :
2394 2545 2566 2614 Edite,
2595 2549 2816 2616 proximi
2857 2553 2985 2614 mei,
3015 2560 3060 2603 et
3100 2549 3250 2603 bibite
3273 2593 3286 2615 ,
3319 2559 3366 2604 et

1759 2637 2104 2703 inebriamiui,
2135 2639 2322 2708 fratres
2345 2640 2460 2692 mei.
2489 2639 2722 2694 Proximi
2748 2649 2924 2694 autem
2956 2652 3082 2695 sunt
3116 2642 3205 2710 qui
3239 2658 3361 2697 eum

1759 2742 2080 2799 sequuntur,
2105 2741 2153 2786 et
2179 2733 2295 2800 ejus
2319 2733 2520 2802 nuptiis
2545 2734 2834 2788 intersunt.
2859 2736 2976 2802 Quo
3003 2736 3126 2790 cibo
3155 2746 3208 2790 et
3233 2747 3361 2806 potu

1760 2824 1922 2894 (bibit
1952 2825 2094 2878 enim
2119 2826 2488 2895 unusquisque
2519 2824 2702 2897 (Prov.
2738 2843 2791 2891 v,
2831 2826 2917 2897 15)
2947 2842 3137 2897 aquam
3161 2827 3228 2882 de
3249 2827 3365 2883 Suis

1759 2916 1922 2976 vasis,
1939 2925 1993 2970 et
2014 2916 2082 2970 de
2107 2927 2390 2983 puteorum
2419 2933 2638 2970 suorum
2659 2916 2921 2988 fontibus)
2939 2918 3138 2986 repleta
3155 2917 3358 2986 anima,

1759 3021 1921 3078 atque
1952 3010 2239 3076 inebriato,
2271 3017 2474 3065 smculo
2499 3011 2824 3074 dormiebat,
2851 3011 3101 3082 vigilabat
3134 3012 3264 3067 Deo.
3294 3013 3363 3067 Et

1758 3101 1882 3157 ideo
1916 3102 2057 3158 sicut
2085 3101 2382 3172 posteriora
2415 3102 2612 3157 docent
2639 3143 2654 3169 ,
2685 3105 2884 3174 aperiri
2912 3103 3014 3158 sibi
3043 3104 3184 3160 Dens
3226 3103 3358 3158 Ver-

1762 3195 1886 3248 bum
1919 3195 2035 3265 ejus
2061 3195 2281 3266 jauuam
2311 3196 2643 3265 postulabat,
2671 3206 2726 3250 ut
2748 3211 2865 3252 eam
2896 3212 2994 3251 suo
3023 3197 3257 3265 repleret
3280 3196 3360 3250 iit-

84 3265 300 3334 gnilicat,
341 3272 420 3325 vel
451 3271 628 3340 ipsam
657 3270 892 3325 animam
917 3286 931 3336 ;
954 3270 1032 3326 sic
1061 3270 1204 3325 enim
1235 3269 1492 3338 scriptum
1523 3279 1606 3324 est
1638 3287 1651 3324 :
1681 3296 1726 3358 C
1757 3303 1967 3359 gressu.

91 3354 251 3412 llortus
279 3363 478 3418 clausus
507 3379 724 3434 sponsa,
749 3379 898 3417 soror
918 3379 1050 3427 mea,
1080 3361 1259 3416 hortus
1283 3363 1508 3427 clausus,
1529 3365 1646 3433 fons

84 3452 299 3518 signatus.
319 3455 377 3509 Et
410 3454 546 3511 inira
581 3457 655 3510 ait
680 3456 860 3512 anima
889 3473 903 3509 :
937 3455 1195 3526 Exsurge,
1222 3456 1419 3526 aquilo,
1444 3465 1490 3510 et
1511 3455 1644 3519 veni,

86 3556 248 3612 aitster;
270 3551 429 3620 per/la
456 3549 666 3604 hortum
697 3566 888 3614 meum,
917 3561 963 3604 et
992 3550 1218 3620 defluant
1245 3561 1508 3622 unguenta
1535 3561 1644 3617 tua,

86 3638 321 3696 descendat
362 3649 521 3715 frater
573 3662 713 3700 meus
759 3645 812 3699 in
866 3647 1070 3698 hortum
1116 3661 1265 3699 suum
1316 3645 1500 3717 (Cant.
1556 3661 1643 3712 tv,

90 3730 140 3784 t2
181 3745 222 3786 et
275 3738 396 3806 l5).
447 3739 664 3807 Quanto
713 3740 814 3796 hoc
877 3738 1194 3810 pulchrius,
1255 3741 1397 3809 quod
1463 3739 1644 3794 anima

84 3838 240 3880 ornata
287 3831 534 3887 virtutum
591 3833 857 3903 ﬂoribus,
908 3835 1096 3889 hortus
1145 3835 1264 3899 sit;
1314 3834 1397 3889 vel
1451 3835 1646 3891 habeat

86 3917 127 3971 in
177 3936 228 3976 se
267 3926 567 3994 paradisum
612 3929 1046 3999 germinantem,
1098 3930 1150 3984 in
1207 3945 1367 3998 quem
1423 3929 1640 3984 hortum

86 4012 243 4074 invitat
305 4019 531 4078 Verbum
599 4024 690 4078 Dei
749 4023 1125 4090 descendere;
1189 4031 1246 4077 ut
1305 4024 1481 4078 anima
1550 4024 1640 4078 illa

87 4103 216 4162 Verbi
278 4111 440 4169 imbre
497 4116 774 4182 caelestis,
841 4125 898 4171 et
962 4116 1080 4184 ejus
1154 4116 1325 4186 copiis
1419 4115 1639 4185 irrigata

86 4195 365 4264 fructilicet!
429 4209 669 4266 Verbum
731 4220 909 4268 autem
981 4211 1072 4267 Dei
1138 4213 1377 4282 pascitur
1443 4212 1639 4272 animae

86 4291 360 4367 virtutibus,
389 4306 602 4372 quoties
648 4305 883 4360 animam
918 4305 1262 4360 obedientem
1295 4305 1396 4360 sibi
1428 4315 1483 4361 et
1515 4307 1636 4374 cpi-

88 4396 204 4440 lnam
245 4388 498 4451 invenerit
528 4415 541 4452 :
573 4405 630 4452 et
651 4398 824 4466 carpit
856 4395 1064 4453 fructus
1091 4398 1231 4465 ejus,
1261 4405 1316 4452 et
1355 4396 1438 4454 his
1481 4398 1639 4456 dele-

86 4483 246 4534 ctatur.
273 4484 397 4540 Cum
428 4497 606 4545 autem
644 4488 986 4546 descenderit
1011 4491 1062 4543 in
1090 4505 1208 4544 eam
1249 4489 1340 4545 Dei
1373 4489 1632 4555 Verbum,

87 4566 291 4629 defluunt
312 4596 372 4634 ex
401 4598 460 4636 ea
483 4584 780 4639 salubrium
815 4595 1084 4655 unguenta
1119 4585 1438 4652 verborum,
1469 4597 1519 4642 et
1553 4587 1636 4642 di—

1822 3380 1878 3435 5.
1914 3379 2053 3436 Hinc
2081 3395 2211 3451 ergo
2248 3381 2558 3452 epulatores
2582 3382 2657 3436 illi
2683 3383 2940 3441 Platonici
2971 3425 2982 3448 ,
3017 3382 3142 3438 hinc
3175 3392 3363 3438 nectar

1751 3474 1881 3528 illud
1915 3490 1980 3529 ex
2021 3475 2148 3529 vino
2174 3485 2226 3530 et
2255 3477 2417 3530 tnelle
2449 3477 2768 3547 prophetico
2795 3521 2808 3543 ,
2852 3478 2979 3533 hinc
3019 3495 3241 3533 somnus
3270 3480 3362 3534 ille

1751 3568 2043 3622 translatus
2091 3578 2208 3633 est,
2252 3569 2379 3623 hinc
2423 3571 2528 3623 vita
2580 3570 2668 3624 illa
2716 3580 2977 3641 perpetua
3021 3588 3180 3641 quam
3225 3571 3359 3627 deos

1748 3674 1876 3714 suos
1905 3661 2043 3716 dixit
2071 3662 2298 3731 epulari,
2331 3664 2453 3733 quia
2483 3663 2729 3717 Christus
2759 3665 2861 3718 vita
2893 3677 2992 3720 est.
3015 3666 3244 3735 Ideoque
3277 3675 3359 3718 ta-

1749 3751 1878 3805 lium
1908 3767 2220 3806 serntonuut
2249 3754 2546 3809 seminibus
2577 3797 2587 3818 ,
2621 3755 2816 3807 anima:
2846 3756 2965 3824 ejus
3000 3756 3234 3824 repletus
3272 3766 3354 3811 est

1750 3855 1957 3910 venter,
1992 3855 2151 3914 atque
2184 3846 2294 3914 ipsa
2335 3846 2502 3900 exivit
2550 3847 2600 3899 in
2629 3845 2807 3900 Verbo
2838 3864 2850 3900 :
2881 3863 3002 3913 quae
3030 3860 3208 3902 autem
3241 3850 3354 3902 exit

1745 3939 1923 3993 anima
1956 3958 1982 3991 a
2009 3941 2233 3994 servitio
2259 3942 2388 4007 isto,
2411 3951 2466 3995 et
2499 3943 2671 3995 elevat
2701 3957 2758 3996 se
2786 3957 2815 3994 a
2847 3957 3095 4011 corpore,
3115 3941 3350 3996 Verbum

1744 4035 2013 4104 sequitur.
2049 4034 2240 4098 Aliter.
2270 4045 2327 4088 ut
2355 4035 2608 4103 superius
2641 4034 2840 4108 (Sup..
2871 4052 2983 4105 cap.
3019 4036 3049 4090 4
3071 4037 3087 4102 )
3112 4035 3356 4104 aliquau-

1745 4129 1912 4184 lulum
1969 4139 2276 4198 repetamus
2323 4147 2335 4182 :
2385 4129 2412 4168 δ
2468 4128 2660 4184 Hortus
2719 4131 2991 4183 conclusus
3021 4145 3170 4184 soror
3217 4145 3349 4196 meo,

1741 4238 1950 4294 sponsa,
1983 4223 2158 4277 hortus
2188 4225 2485 4288 conclusus,
2514 4223 2630 4294 fons
2657 4224 2914 4293 signatus.
2944 4223 3062 4292 Quo
3088 4223 3358 4292 signiﬁcat

1741 4313 2010 4381 signatura
2035 4314 2238 4370 debere
2267 4315 2405 4384 apud
2434 4327 2484 4370 te
2519 4331 2742 4370 manere
2772 4317 3120 4387 mysterium,
3147 4332 3214 4371 ne
3245 4317 3360 4370 vio-

1743 4410 1882 4466 letur
1909 4408 2170 4477 operibus
2203 4409 2358 4465 maltc
2390 4411 2537 4474 vitae,
2569 4419 2730 4479 atque
2761 4410 3026 4463 adulterio
3051 4410 3313 4464 castitatis
3339 4427 3354 4465 :

1740 4515 1806 4554 ne
1834 4498 2143 4572 divulgetttr
2172 4503 2365 4570 quibus
2411 4516 2517 4556 non
2574 4503 2869 4568 convenit,
2903 4519 2971 4555 ne
3021 4503 3235 4572 garrula
3277 4503 3356 4554 lo-

1738 4592 2009 4660 quacitate
2031 4593 2371 4663 dispergatur
2399 4595 2450 4647 in
2478 4593 2734 4662 perﬁdos.

87 4673 322 4759 versatum
345 4672 567 4743 ﬂagrant
591 4677 747 4746 longe
775 4677 988 4747 lateque
1011 4677 1314 4734 redolentia
1341 4681 1636 4747 gratiarum

1812 4691 1866 4746 6.
1898 4691 2041 4744 Bona
2065 4690 2229 4745 debet
2251 4705 2379 4759 ergo
2411 4689 2532 4744 ﬁdei
2566 4698 2672 4744 tum
2703 4704 2824 4744 esse
2854 4687 3101 4742 custodia
3133 4731 3147 4754 ,
3178 4700 3230 4743 ut
3265 4689 3348 4743 in-

88 4753 360 4840 §Piramina.
387 4765 535 4823 Unde
565 4769 636 4824 ait
661 4767 906 4838 Sponsus
929 4771 1198 4840 (Sponsus
1227 4779 1402 4826 autem
1431 4773 1628 4827 animae

89 4837 206 4900 Deus
235 4848 450 4910 Verbum
481 4869 598 4926 est,
627 4862 712 4915 cui
741 4863 917 4917 anima
949 4861 1188 4932 legitimo
1219 4862 1452 4934 quodam
1499 4878 1634 4918 con-

89 4933 207 4990 nubii
237 4939 424 5002 {cedere
453 4952 756 5022 copulatur)
791 4970 805 5008 ³

147 5025 190 5078 3.
218 5030 377 5099 (Vers.
397 5038 476 5111 2.)
498 5040 766 5113 Ingressus
804 5062 919 5100 sum
946 5047 1000 5102 in
1023 5046 1230 5102 hortum
1261 5063 1450 5113 meum,
1489 5065 1636 5103 soror

90 5130 178 5213 mea
196 5140 386 5197 sponsa;
407 5134 707 5192 vindemiavi
736 5140 998 5210 myrrham
1020 5158 1185 5194 meam
1217 5159 1330 5195 cum
1359 5148 1636 5213 unguentis

90 5211 210 5280 ""53,
232 5225 518 5280 monducavi
547 5247 728 5296 partem
760 5249 926 5286 meum
957 5251 1072 5287 cum
1101 5236 1252 5290 melle
1280 5252 1412 5300 meo,
1437 5237 1539 5290 bibi
1562 5238 1632 5291 vi-

90 5317 189 5400 num
216 5327 367 5369 meum
390 5335 498 5374 cum
525 5323 655 5380 lacte
681 5343 809 5383 meo.
830 5327 998 5389 Edite,
1017 5332 1240 5400 proximi
1271 5333 1388 5400 mei,
1415 5343 1458 5386 et
1485 5333 1637 5389 bibite

91 5403 128 5493 ’ξ
148 5401 436 5493 ’ξξθθτίαητὶηἱ
456 5457 469 5476 .
497 5415 681 5483 fratres
707 5421 828 5477 mei.
869 5418 982 5493 Ego
1009 5424 1236 5486 dormio.
1265 5434 1314 5479 et
1347 5442 1436 5479 cor
1469 5443 1637 5480 meum

90 5488 253 5586 illidat.
274 5493 659 5569 Cognoscamus
683 5525 817 5580 quos
847 5488 1052 5568 l'rtictus
1083 5514 1166 5569 vel
1199 5513 1350 5570 cibos
1385 5516 1639 5586 epuletur

94 5574 244 5647 Deus,
269 5592 348 5646 vel
373 5598 559 5664 quibus
586 5601 904 5663 delectetur.
943 5607 1258 5666 Delectatur
1285 5627 1353 5666 eo
1373 5654 1386 5673 ,
1423 5574 1474 5664 Isi
1515 5615 1638 5682 quis

151 5751 171 5781 '
199 5747 301 5812 Lib.
329 5757 392 5818 de
413 5761 558 5824 Bono
579 5769 783 5841 mortis,
812 5786 862 5830 ο.
895 5772 950 5842 8,
974 5781 1126 5829 nutu.
1151 5771 1234 5835 ιθ.

1742 4789 1999 4836 temerata
2033 4783 2155 4835 vita‘
2183 4797 2246 4836 ac
2272 4781 2470 4836 silentii
2504 4782 2787 4850 integritas
2833 4791 3164 4851 perseveret.
3199 4781 3352 4836 Unde

1743 4883 1798 4928 ct
1828 4873 2068 4928 Ecclesia
2097 4873 2434 4928 altitudinem
2500 4888 2724 4928 servans
2753 4875 3138 4946 mysteriorum
3180 4875 3352 4928 cccle-

1742 4968 1926 5033 stium,
1954 4969 2129 5038 rejicit
2155 4983 2183 5023 a
2216 4983 2273 5022 so
2292 4967 2570 5037 graviores
2594 4970 2737 5023 venti
2771 4968 3058 5036 procellas,
3083 4976 3137 5021 et
3165 4967 3355 5022 invitat

1746 5061 2019 5114 vernantis
2050 5061 2238 5130 gratia:
2270 5059 2620 5113 suavitatem.
2651 5059 2714 5114 Et
2758 5060 2937 5114 sciens
2983 5058 3126 5128 quod
3163 5057 3352 5112 hortus

1745 5170 1872 5208 suus
1903 5154 2120 5209 Christo
2170 5152 2464 5222 displicere
2503 5170 2608 5207 non
2651 5155 2855 5223 possit,
2905 5153 3131 5207 advocat
3172 5153 3348 5222 ipsum

1737 5263 1994 5317 Sponsum
2014 5247 2198 5302 dicens
2223 5265 2234 5302 :
2269 5246 2520 5317 Exsurge,
2546 5249 2739 5317 aquilo,
2765 5258 2810 5300 et
2839 5249 2970 5313 veni,
3000 5258 3210 5300 auster:
3234 5263 3352 5315 per-

1740 5340 1812 5408 fla
1838 5338 2042 5392 hortum
2073 5355 2240 5392 meum
2266 5379 2280 5403 ,
2317 5348 2362 5391 et
2389 5339 2555 5405 fluant
2592 5351 2852 5410 unguenta
2898 5356 3009 5392 mea
3045 5338 3226 5409 (Cant.
3257 5354 3306 5391 tv
3332 5379 3348 5405 ,

1747 5433 1831 5505 l0)
1859 5450 1872 5486 :
1904 5433 2114 5504 1591
2173 5432 2445 5486 descendat
2476 5437 2638 5504 frater
2670 5450 2809 5487 meus
2847 5436 2899 5487 in
2929 5433 3132 5487 hortum
3161 5447 3311 5485 suum
3331 5471 3348 5496 ,

1740 5535 1788 5580 et
1809 5526 1924 5580 edat
1953 5526 2182 5595 fructum
2205 5526 2575 5594 pomiferarum
2601 5541 2814 5580 suarum
2842 5525 3019 5597 (Cant.
3048 5539 3102 5588 v,
3136 5520 3222 5592 l);
3253 5527 3350 5578 bo-

1743 5632 1837 5672 nas
1884 5616 2028 5671 enim
2077 5618 2300 5671 arbores
2346 5625 2402 5670 et
2449 5614 2754 5671 fructiferas
2803 5615 2988 5680 habet,
3035 5614 3352 5685 radicesque

1815 5777 1841 5820 δ
1872 5777 1990 5844 Lib.
2019 5778 2091 5839 de
2122 5778 2409 5856 Mysteriis,
2439 5793 2559 5853 cap.
2588 5778 2644 5850 9,
2678 5795 2826 5836 num.
2853 5778 2942 5838 55.
