3920 6346
431 2478 462 2506 ο

531 251 675 312 1919

1530 251 2088 310 COMMENTARIUS
2125 252 2193 309 IN
2231 251 2533 310 CANTICA
2572 251 2844 338 CANTIC.

3709 256 3816 311 I920

525 383 654 428 suas
679 385 814 443 quas
842 371 1074 430 tinxerat
1100 371 1152 427 in
1179 369 1320 426 sacri
1349 367 1509 425 fontis
1539 369 1764 440 irriguo,
1789 377 1843 425 et
1871 370 1922 424 in
1953 370 2129 426 bonos
2156 382 2210 444 Α
2235 371 2406 426 ηιεάαι
2439 375 2667 442 fructum
2689 369 3069 445 pomiferarum
3107 387 3337 427 suarum.
3378 371 3510 441 Qua:
3555 380 3686 429 sunt
3727 373 3817 430 ista

525 463 735 522 fructus
775 481 928 521 novae
967 462 1312 520 fecunditatis
1342 461 1588 533 germine
1621 461 2046 531 pullulaverint;
2080 469 2140 516 ut

529 571 640 614 non
674 557 786 628 jam
820 556 1136 628 prophetica
1163 554 1442 611 caedantur
1464 553 1662 620 securi,
1694 553 1788 608 sed
1829 553 2140 623 evangelica

529 651 778 707 ubertate
823 649 1201 706 fecundentur.
1238 648 1480 720 Denique
1520 647 1792 704 fertilitate
1821 661 2006 703 earum
2034 646 2141 702 Do-

530 745 713 801 minus
737 743 1036 800 delectatus
1062 743 1357 814 respondet
1388 760 1403 798 :

540 891 547 898 ,
605 839 659 893 7.
686 835 962 909 Ingressus
991 855 1106 893 sum
1127 839 1180 893 in
1211 839 1417 892 hortum
1444 853 1640 903 meum,
1671 854 1819 892 soror
1849 853 1960 891 mea
1988 852 2145 906 spon-

506 905 588 1004 ;sa
620 944 639 984 :
665 929 971 984 vindemiavi
998 930 1262 1001 myrrham
1284 947 1399 984 cum
1427 930 1699 1000 unguentis
1728 930 1884 995 meis,
1919 928 2147 982 mandu-

530 1023 645 1076 cavi
666 1038 852 1093 panem
890 1038 1060 1077 meum
1104 1039 1221 1076 cum
1266 1023 1419 1078 melle
1446 1040 1556 1077 meo
1590 1022 1734 1079 :bibi
1765 1033 1943 1089 potum
1979 1039 2146 1077 nteant

532 1131 652 1170 cum
679 1114 811 1170 lacte
840 1130 976 1172 meo.
998 1115 1178 1184 Quare
1217 1131 1412 1186 panem
1443 1125 1498 1171 et
1524 1115 1708 1170 viuum
1735 1115 1989 1183 dixerim,
2015 1113 2148 1169 lide-

535 1207 620 1265 les
651 1209 980 1279 intelligunt.
1016 1209 1152 1265 Illud
1192 1219 1377 1266 autem
1411 1227 1516 1266 non
1549 1211 1796 1281 dubium,
1818 1210 1964 1281 quod
1990 1209 2148 1265 nobis

534 1299 653 1372 ipse
683 1303 972 1358 manducat
999 1312 1054 1358 et
1083 1304 1234 1369 bibit,
1267 1304 1405 1358 sicut
1434 1306 1487 1359 in
1516 1306 1670 1360 nobis
1703 1305 1904 1377 legisti,
1939 1305 2065 1377 quia
2093 1303 2148 1358 in

538 1407 766 1450 cnrcere
791 1408 912 1450 esse
939 1409 998 1450 se
1028 1395 1165 1450 dixit
1196 1395 1422 1466 (Matth.
1459 1413 1586 1464 xxv,
1619 1398 1688 1454 36
1711 1397 1752 1470 ).
1779 1397 1933 1455 Unde
1962 1409 2018 1454 et
2046 1399 2148 1454 Ec.

543 1483 709 1538 clesia
745 1484 933 1540 videns
979 1494 1182 1540 tantam
1228 1488 1456 1557 gratiam
1479 1530 1493 1552 ,
1534 1488 1782 1544 hortatur
1819 1489 1958 1546 ﬁlios
1989 1506 2148 1558 suos,

545 1574 795 1632 Itortatur
824 1579 1125 1648 proximos,
1152 1591 1209 1634 ut
1237 1581 1303 1637 ad
1331 1595 1672 1640 sacramenta
1698 1597 2047 1652 concurrant,
2071 1587 2151 1643 di-

543 1685 676 1727 cens
709 1688 724 1727 :
751 1670 921 1742 Edite,
946 1675 1169 1744 proximi
1194 1675 1560 1743 mei,etbibite,
1585 1688 1633 1732 et
1663 1679 2010 1746 inebriamini,
2043 1685 2154 1753 frn-

2241 464 2565 536 pomileree?
2591 465 2816 536 Lignum
2855 465 3065 520 aridum
3114 464 3288 520 factus
3319 479 3382 520 es
3422 464 3474 520 in
3499 464 3682 521 Adam
3703 507 3718 532 ,
3747 468 3818 522 sed

2241 573 2386 614 nunc
2431 573 2526 628 per
2567 559 2794 628 gratiam
2817 557 3017 613 Christi
3050 556 3311 628 pomifera
3345 557 3511 612 arbor
3552 556 3819 626 pullulasti.

2241 650 2500 707 Libenter
2520 650 2728 720 accepit
2751 650 3013 705 Dominus
3040 649 3217 717 Jesus,
3249 659 3303 705 et
3327 649 3652 720 dignatione
3683 651 3824 706 etule-

2242 743 2313 799 Sti
2345 742 2620 813 respondit
2644 743 2904 798 Ecclesiae
2925 758 3038 808 stite
3064 761 3076 796 :
3113 741 3389 808 Descendi,
3417 741 3624 812 inquit,
3653 743 3706 798 in
3735 743 3826 796 hor-

2246 846 2349 891 tum
2388 853 2582 904 meum,
2610 837 2914 892 vindemiavi
2947 835 3208 908 myrrham
3240 852 3359 889 cum
3387 837 3670 906 unguentis
3694 838 3826 902 meis,

2247 932 2554 985 manducavi
2578 947 2765 1000 panem
2794 947 2959 985 meum
2989 947 3103 984 cum
3131 929 3279 984 melle
3310 946 3443 996 meo,
3473 939 3524 984 et
3553 930 3660 985 bibi
3687 931 3828 986 trinum

2249 1039 2414 1078 meum
2441 1041 2557 1078 cum
2585 1023 2716 1078 lacte
2744 1039 2880 1080 meo.

2323 1116 2409 1171 10.
2445 1117 2622 1186 Edite,
2678 1117 2874 1188 inquit,
2931 1115 3128 1172 fratres
3184 1116 3324 1183 mei,
3360 1124 3417 1170 ct
3461 1115 3830 1172 inebriamini:

2258 1208 2579 1263 Vindemiavi
2630 1208 2892 1280 myrrham
2935 1225 3051 1262 cum
3099 1209 3374 1281 unguentis
3423 1210 3558 1264 meis
3612 1207 3829 1280 (Psalm.

2251 1319 2416 1359 utth
2429 1344 2442 1368 ,
2459 1303 2533 1375 9).
2553 1302 2684 1368 Quae
2711 1313 2793 1358 est
2821 1304 2921 1357 ista
2951 1303 3218 1358 vindemia
3234 1303 3257 1357 ?
3271 1303 3608 1372 Cognoscite
3624 1303 3831 1368 vineam,

2251 1404 2308 1449 et
2335 1396 2643 1466 agnoscetis
2675 1395 3021 1452 vindemiam.
3049 1395 3285 1461 Vineam,
3312 1396 3512 1466 inquit,
3536 1413 3606 1452 ex
3629 1395 3832 1468 ίΕςῃριο

2254 1490 2561 1544 transtulisti
2582 1531 2595 1555 ,
2629 1488 2732 1544 hoc
2758 1499 2842 1545 cst
2865 1531 2880 1556 ,
2917 1488 3172 1560 populum
3215 1489 3331 1544 Dei.
3364 1488 3475 1544 Vos
3519 1491 3655 1545 estis
3681 1492 3832 1556 vinea,

2257 1595 2350 1634 vos
2380 1579 2512 1636 estis
2539 1579 2808 1636 vindemia
2848 1597 2861 1633 :
2893 1581 3044 1651 quasi
3075 1581 3235 1634 vinea
3268 1579 3497 1648 plantati
3521 1621 3536 1646 ,
3569 1579 3720 1650 quasi
3743 1582 3833 1634 vin-

2255 1671 2432 1728 demia
2483 1673 2715 1728 fructum
2765 1672 3012 1729 dedistis.
3066 1672 3386 1727 Vindemiavi
3436 1673 3704 1743 myrrham
3741 1689 3833 1725 sunt

547 1771 654 1822 tres
679 1765 798 1820 mei.
833 1767 971 1833 Quid
1001 1767 1228 1824 edamus
1252 1811 1267 1836 ,
1299 1768 1429 1840 quid
1463 1770 1708 1828 bibamus
1731 1814 1745 1839 ,
1772 1772 1904 1828 alibi
1933 1775 2027 1830 tibi
2056 1790 2153 1846 per
2182 1781 2231 1842 B
2259 1767 2529 1840 unguentis
2559 1767 2684 1821 meis
2703 1807 2719 1834 ,
2752 1765 2856 1821 hoc
2901 1775 2986 1822 est
3010 1808 3025 1834 ,
3067 1767 3120 1821 in
3169 1765 3393 1822 odorem
3445 1779 3614 1836 quem
3659 1765 3835 1836 accepi-

545 1857 866 1930 prophetam
910 1859 1146 1930 Spiritus
1189 1873 1409 1918 sanctus
1447 1865 1746 1934 expressit,
1782 1865 1968 1922 dicens
2004 1884 2017 1922 :
2049 1867 2156 1923 Gu-

548 1961 700 2018 stata,
731 1963 780 2007 et
809 1953 973 2008 videte
993 1956 1239 2026 quoniam
1269 1957 1440 2010 suavis
1466 1967 1541 2012 est
1573 1957 1848 2025 Dominus;
1876 1959 2052 2015 beatus
2081 1962 2158 2016 vir

551 2047 640 2116 qui
663 2055 837 2116 sperat
867 2049 919 2102 in
947 2065 1006 2103 eo
1031 2049 1257 2136 (P‘salm.
1286 2067 1481 2117 χχχιιι,
1509 2052 1588 2124 9).
1612 2053 1668 2108 In
1696 2055 1788 2110 illo
1815 2067 2159 2113 sacramento

553 2137 807 2194 Christus
832 2151 939 2207 est,
967 2143 1088 2212 quia
1117 2157 1317 2213 corpus
1348 2154 1430 2200 est
1457 2143 1660 2201 Christi
1694 2164 1708 2200 :
1739 2162 1845 2203 non
1881 2164 2011 2220 ergo
2035 2163 2160 2206 eor-

553 2233 757 2302 poralis
783 2248 928 2302 esca,
959 2236 1055 2292 sed
1083 2237 1344 2306 Spiritalis
1372 2249 1475 2294 est.
1509 2239 1661 2296 Unde
1688 2252 1742 2296 et
1772 2242 2068 2312 Apostolus
2094 2242 2163 2300 de

511 2354 531 2368 -
557 2330 689 2396 typo
717 2324 835 2395 ejus
854 2327 932 2381 ait
956 2345 968 2382 :
989 2327 1125 2394 Quia
1140 2339 1314 2398 patres
1341 2334 1500 2385 nostri
1523 2349 1687 2386 escam
1711 2334 1998 2406 spiritalem
2019 2352 2161 2390 man-

557 2415 896 2486 ducaverunt,
931 2431 976 2474 et
998 2431 1174 2492 potum
1200 2423 1485 2494 spiritalem
1513 2425 1745 2481 biberunt
1779 2426 1822 2500 (I
1843 2419 1961 2482 Cor.
1994 2443 2049 2492 x,
2080 2429 2162 2498 5).

557 2510 773 2582 Corpus
802 2515 947 2570 enim
979 2515 1073 2571 Dei
1095 2531 1293 2586 corpus
1320 2527 1404 2574 est
1433 2520 1704 2590 spiritale.
1735 2536 1933 2592 corpus
1963 2519 2166 2577 Christi

558 2618 758 2675 corpus
784 2615 868 2662 est
898 2606 1064 2663 divini
1095 2611 1348 2680 spiritus;
1373 2613 1502 2683 quia
1530 2614 1755 2684 Spiritus
1785 2624 1869 2669 est
1893 2613 2164 2682 Christus,

559 2706 622 2752 ut
673 2698 901 2769 legimus
940 2717 954 2755 :
995 2701 1228 2770 Spiritus
1277 2713 1396 2759 ante
1431 2707 1613 2776 faciem
1653 2716 1882 2760 nostram
1932 2707 2169 2762 Christus

562 2789 818 2848 Dominus
843 2794 862 2866 (
884 2794 1076 2850 Thren.
1110 2813 1165 2853 tv
1185 2839 1199 2863 ,
1229 2798 1360 2870 20).
1396 2799 1464 2853 Et
1493 2800 1542 2853 in
1575 2800 1718 2855 Petri
1746 2801 1976 2872 epistola
2000 2801 2169 2858 habe-

505 2911 534 2934 .
565 2899 687 2938 mus
717 2903 731 2940 :
756 2885 994 2941 Christus
1027 2905 1123 2959 pro
1153 2890 1297 2944 nobis
1333 2903 1566 2947 mortuus
1601 2902 1674 2946 est
1698 2894 1715 2963 (
1742 2891 1758 2945 I
1785 2892 1903 2948 Pet.
1936 2910 1970 2948 II
1995 2935 2011 2961 ,
2035 2894 2101 2947 21
2129 2893 2168 2964 ).

565 2977 810 3051 Denique
858 2996 955 3036 cor
1001 2993 1247 3038 nostrum
1289 3000 1413 3039 esca
1453 2987 1556 3040 ista
1583 2986 1904 3054 conﬁrmat,
1933 2998 1987 3042 et
2014 2995 2173 3057 potus

565 3071 670 3128 iste
726 3072 969 3130 laetiﬁcat
1024 3091 1120 3131 cor
1168 3076 1402 3134 hominis
1425 3120 1440 3146 ,
1463 3087 1522 3133 ut
1558 3078 1821 3149 propheta
1852 3080 2176 3136 memoravit

485 3168 501 3182 '
564 3165 743 3237 (Psal.
773 3183 888 3236 CIII,
920 3169 1035 3242 25).

639 3258 692 3315 8.
722 3269 746 3297 ιι
777 3258 974 3316 Hortus
1003 3263 1276 3318 conclusus
1301 3280 1452 3319 soror
1474 3281 1586 3319 mea
1603 3281 1814 3336 sponsa,
1847 3266 2027 3321 hortus
2051 3282 2175 3321 con-

564 3351 761 3418 clusus,
794 3356 912 3423 fons
943 3355 1214 3426 signatus;
1241 3373 1308 3411 ne
1337 3357 1494 3412 facile
1527 3359 1739 3427 aperiat
1764 3371 1825 3414 os
1853 3374 2044 3426 suum,
2080 3373 2179 3415 nec

564 3441 774 3512 vulgari
805 3445 1046 3516 resignet
1081 3448 1351 3518 alloquio;
1385 3465 1560 3522 neque
1588 3451 1734 3507 enim
1765 3453 1831 3507 de
1871 3453 2003 3524 ipsis
2042 3453 2179 3507 divi-

569 3534 656 3588 nis
693 3534 872 3602 decet,
918 3538 1021 3593 nisi
1070 3542 1238 3596 verbo
1282 3543 1377 3597 Dei
1430 3544 1771 3614 interpellata
1824 3547 2175 3615 respondeas.

567 3625 707 3693 Quid
750 3628 846 3682 tibi
873 3645 994 3684 cum
1028 3633 1275 3688 exteris?
1301 3633 1416 3690 Soli
1441 3635 1655 3690 Christo
1683 3637 1937 3706 loquere,
1966 3638 2068 3692 soli
2099 3642 2177 3692 la-

571 3720 760 3776 bulare
781 3721 1018 3780 Christo.
1048 3725 1107 3782 Si
1129 3728 1272 3782 enim
1307 3738 1362 3782 ut
1385 3729 1644 3785 mulieres
1673 3739 1889 3785 taceant
1909 3730 1962 3784 in
1992 3731 2180 3786 Eccle-

570 3815 649 3870 sia
691 3816 950 3887 scriptum
981 3831 1062 3876 est
1096 3819 1149 3894 (I
1172 3821 1292 3878 Cor.
1326 3839 1436 3891 xxv,
1462 3822 1554 3894 54)
1593 3842 1607 3878 :
1637 3834 1843 3896 quanto
1870 3826 2043 3896 magis
2072 3843 2178 3882 non

569 3907 726 3965 decet
750 3922 938 3980 patere
962 3915 1186 3985 virginis
1211 3916 1453 3986 ianuam,
1475 3934 1582 3973 non
1599 3918 1761 3975 decet
1787 3921 1962 3975 vidua:
1993 3928 2180 3989 patere

571 4002 751 4061 fores!
785 4007 906 4062 Cito
950 4008 1239 4065 insidiator
1269 4012 1491 4081 pudoris
1519 4014 1776 4084 obrepit,
1811 4017 1921 4070 cito
1953 4014 2176 4072 verbum

568 4097 792 4168 excipit,
817 4100 961 4169 quod
987 4118 1246 4159 revocare
1275 4105 1582 4163 desideres.
1602 4109 1658 4163 Si
1689 4109 1818 4164 Eva:
1844 4110 2027 4165 clausa
2053 4109 2180 4165 fuis-

571 4199 657 4244 set
689 4190 854 4258 janua
879 4231 895 4258 ,
930 4209 1030 4248 nec
1056 4195 1227 4250 Adam
1258 4196 1520 4268 deceptus
1551 4199 1782 4269 fuisset,
1819 4217 1920 4258 nec
1947 4218 2178 4274 respon-

573 4280 744 4338 disset
796 4283 1128 4358 interrogata
1165 4293 1431 4359 serpenti.
1469 4291 1718 4348 Introivit
1758 4310 1907 4350 mors
1957 4311 2055 4366 per
2097 4297 2180 4352 fe-

574 4387 839 4446 nestram,
876 4378 979 4436 hoc
1009 4393 1093 4438 est
1114 4423 1128 4448 ,
1157 4399 1250 4453 per
1277 4384 1407 4440 Eva:
1453 4387 1675 4442 ostium.
1700 4387 2007 4459 Ingreditur
2032 4404 2180 4447 mors

572 4485 670 4543 per
696 4474 892 4529 ostimn
927 4483 1112 4546 tuum,
1154 4479 1200 4532 si
1229 4475 1426 4534 falsum
1456 4479 1727 4550 loquaris,
1757 4483 1803 4538 si
1835 4485 2087 4554 turpiter,
2133 4485 2178 4539 si

2257 1861 2377 1917 stis.

2334 1957 2419 2010 Η.
2443 1955 2760 2012 Manducavi
2781 1969 2972 2026 panem
2998 1969 3176 2010 meum
3203 1969 3325 2010 cum
3351 1953 3522 2009 melle
3547 1966 3687 2008 meo.
3705 1949 3833 2006 Vides

2260 2050 2402 2120 quod
2460 2049 2512 2104 in
2557 2049 2658 2103 hoc
2699 2064 2834 2118 pane
2887 2048 3035 2103 nulla
3079 2048 3149 2103 sit
3179 2047 3526 2112 amaritudo,
3560 2045 3654 2101 sed
3693 2042 3836 2098 omnis

2262 2143 2508 2199 suavitas
2534 2143 2625 2199 sit.
2660 2142 2778 2198 Bibi
2803 2145 2978 2196 vinum
3016 2159 3181 2197 meum
3219 2159 3334 2196 cum
3375 2142 3522 2196 lacte-
3544 2157 3687 2205 meo,
3717 2137 3833 2192 vides

2265 2236 2577 2306 hujusmodi
2606 2253 2727 2293 esse
2755 2237 2996 2292 Itetitiam
3020 2277 3034 2301 ,
3065 2251 3187 2308 qua:
3220 2235 3424 2290 nullius
3462 2234 3670 2306 peccati
3698 2230 3834 2286 sordi-

2265 2330 2366 2386 bus
2393 2331 2699 2401 polluatur?
2723 2329 3182 2400 Quotiescumque
3205 2329 3348 2382 enim
3383 2327 3533 2382 bibis
3551 2368 3565 2391 ,
3590 2323 3830 2382 remissio-

2267 2441 2392 2482 nem
2423 2425 2624 2496 accipis
2659 2434 3000 2495 pcccatorum
3022 2465 3035 2488 ,
3070 2432 3126 2477 ct
3159 2421 3450 2478 inebriaris
3479 2420 3690 2491 spiritu.
3715 2415 3834 2472 Unde

2268 2531 2324 2576 et
2349 2519 2642 2590 Apostolus
2673 2519 2750 2572 ait
2779 2536 2791 2573 :
2829 2517 3008 2572 Nolite
3032 2516 3278 2571 inebriari
3306 2516 3555 2570 vino.....
3578 2511 3666 2568 sed
3689 2511 3829 2579 imple-

2270 2614 2396 2667 ntini
2445 2613 2650 2684 Spiritu
2691 2623 2868 2666 sancto
2899 2609 3121 2683 (Ephes.
3155 2626 3206 2678 ν,
3241 2609 3372 2680 18).
3395 2607 3545 2663 Vino
3599 2606 3727 2661 enim
3765 2601 3831 2670 qui

2272 2707 2594 2774 inebriatur,
2621 2707 2835 2761 vacillat
2863 2715 2918 2760 et
2949 2705 3143 2759 titubat
3172 2719 3186 2759 :
3217 2703 3410 2772 spiritu
3441 2700 3535 2772 qui
3561 2696 3826 2758 inebriatur,

2273 2800 2543 2856 radicatus
2577 2801 2631 2854 in
2659 2799 2875 2854 Christo
2902 2808 3021 2864 est,
3057 2805 3112 2852 et
3147 2796 3271 2852 ideo
3305 2794 3576 2865 pnecIara
3603 2790 3828 2853 ebrietas,

2275 2909 2396 2964 qua:
2423 2893 2772 2948 sobrietatem
2805 2893 3002 2946 mentis
3026 2901 3303 2961 operatur.

2353 2987 2583 3060 1592.
2614 2989 2702 3043 1:2.
2733 2999 2752 3024 ε
2784 2986 2956 3054 Edite,
2990 2984 3185 3054 inquit,
3212 2984 3367 3037 amici
3397 2983 3524 3048 ntei,
3554 2990 3600 3035 et
3627 2978 3774 3040 bibite,
3797 2982 3829 3027 et

2277 3079 2628 3133 inebriamini.
2660 3079 2806 3133 Bona
2827 3077 3062 3133 ebrietas
3098 3091 3218 3146 qurc
3245 3074 3313 3130 ad
3348 3075 3582 3130 meliora
3613 3079 3755 3140 atque
3769 3065 3831 3137 ju-

2201 3176 2247 3239 C
2280 3173 2454 3229 cunda
2486 3172 2611 3228 facit
2640 3170 2926 3242 quemdam
2959 3171 3155 3225 mentis
3177 3185 3491 3233 excessum,
3522 3179 3577 3222 ut
3599 3168 3830 3221 immemor

2281 3266 2706 3324 sollicitudinum
2738 3267 2952 3320 animus
2976 3274 3183 3332 noster,
3211 3264 3335 3320 vino
3361 3261 3710 3334 jucunditatis
3729 3255 3831 3310 hila-

2282 3373 2452 3417 retur.
2479 3361 2625 3415 Bona
2656 3375 2857 3414 incussu
2888 3358 3144 3430 spiritalis
3175 3359 3447 3424 ebrietas;
3471 3356 3691 3425 denique
3713 3365 3831 3421 ροειιο

2281 3454 2384 3510 lum
2416 3453 2675 3508 inebrians
2701 3469 2854 3518 quant
2891 3452 3201 3520 praeclarum
3234 3449 3481 3524 (Psalm.
3511 3463 3647 3510 χιιι,
3673 3441 3757 3516 5)!
3783 3439 3830 3494 Et

2280 3546 2408 3600 alibi
2437 3545 2605 3600 habes
2635 3563 2646 3598 :
2675 3545 2831 3599 Rivos
2856 3543 3200 3617 ejusinebria,
3220 3543 3513 3614 multiplica
3539 3535 3830 3613 generationes

2279 3638 2393 3707 ejus
2419 3635 2641 3705 (Psalm.
2668 3652 2813 3698 sxw,
2849 3633 2973 3707 Ii);
3001 3651 3066 3690 eo
3095 3635 3237 3705 quod
3283 3636 3525 3690 ebrietas
3567 3643 3712 3687 terra:
3740 3637 3829 3680 cum

2281 3729 2454 3784 inlusa
2484 3730 2642 3784 fuerit
2669 3729 2842 3785 imbre
2869 3729 3386 3791 cmlesti,suscitare
3417 3727 3642 3791 semina,
3671 3721 3830 3776 fructus

2282 3825 2644 3894 multiplicare
2679 3825 3047 3880 consueverit.
3081 3823 3266 3892 Itaque
3306 3821 3399 3876 ubi
3453 3819 3677 3876 Verbum
3725 3806 3829 3882 quell

2283 3917 2427 3972 sicut
2455 3917 2630 3986 pluvia
2655 3915 2939 3973 descendit
2969 3916 3036 3971 de
3067 3917 3208 3972 coelo
3232 3957 3246 3981 ,
3277 3929 3445 3970 venas
3476 3924 3626 3968 terra:
3653 3916 3828 3964 nostra.

2286 4009 2338 4065 id
2371 4019 2472 4076 est,
2504 4010 2699 4064 anima:
2739 4024 2801 4063 ac
2843 4010 3042 4064 mentis
3071 4007 3362 4063 inebriavit
3394 4002 3750 4077 prtedicatione
3769 3992 3830 4047 di-

2284 4102 2432 4169 vina,
2457 4103 2765 4158 excitantur
2786 4102 3042 4157 virtutum
3072 4101 3247 4155 studia
3275 4093 3828 4162 diversaruerucws-

2283 4212 2388 4268 que
2417 4196 2542 4250 fidei
2565 4237 2580 4263 ,
2609 4207 2664 4252 et
2702 4206 2870 4250 casta:
2921 4194 3227 4250 devotionis
3258 4191 3560 4258 adolescit,
3585 4185 3830 4248 meritoque

2283 4288 2334 4343 ei
2365 4289 2563 4343 dicitur
2593 4306 2605 4342 :
2643 4288 2874 4343 Visitasti
2896 4299 3106 4355 terram,
3139 4297 3186 4342 et
3216 4286 3484 4342 inebriasti
3510 4299 3614 4340 eam
3640 4273 3826 4348 (Ρδαλιιισ

2285 4396 2436 4448 LXIV,
2472 4380 2583 4453 10).
2617 4381 2978 4451 Susceptione
3014 4383 3216 4435 etenim
3253 4379 3503 4448 corporis
3527 4367 3762 4430 visitavit.
3787 4369 3828 4414 ut

2287 4484 2505 4530 sanaret
2531 4475 2775 4530 inlirmos
2801 4491 2816 4531 :
2840 4474 3129 4530 inebriavit
3149 4474 3321 4544 gratia
3353 4469 3598 4543 spiritali,
3614 4472 3665 4522 ut
3683 4457 3829 4516 anxios

575 4568 919 4637 procaciter,
951 4584 1231 4642 postremo
1275 4574 1321 4628 si
1369 4576 1462 4630 ubi
1495 4590 1602 4631 non
1632 4585 1882 4649 oportet,
1918 4579 2160 4651 loquaris

2286 4567 2625 4640 jucunditatc
2664 4571 2951 4625 mulceret.

576 4658 789 4716 Clausa:
803 4662 911 4718 sint
931 4665 1096 4735 igitur
1109 4665 1374 4723 labiorum
1395 4677 1606 4724 tuorum
1624 4669 1789 4738 fores,
1803 4680 1860 4728 et
1874 4672 2184 4728 obseratum

579 4757 964 4813 maneatvocis
991 4761 1338 4828 vestibulum,
1368 4773 1498 4817 tunc
1528 4761 1764 4820 lortasse
1791 4767 2147 4822 reserandum
2169 4807 2184 4833 ,

579 4861 701 4904 cum
731 4849 972 4907 audieris
995 4853 1095 4910 Dei
1125 4870 1336 4922 vocem,
1368 4871 1492 4912 cum
1535 4859 1774 4915 audieris
1801 4860 1897 4916 Dei
1935 4862 2183 4920 verbum.

2366 4664 2454 4719 15.
2487 4661 2514 4701 ἀ
2543 4662 2656 4735 Ego
2685 4663 2919 4728 dormio,
2949 4672 2996 4718 et
3019 4678 3108 4716 cor
3129 4677 3295 4716 meum
3317 4660 3516 4733 vigilat.
3550 4657 3637 4713 Est
3662 4653 3830 4707 sanch

2292 4773 2412 4812 rum
2445 4772 2670 4812 somnus
2696 4757 2859 4811 etiam
2889 4755 3171 4825 Operarius
3194 4798 3208 4822 ,
3243 4754 3540 4811 secundum
3571 4743 3695 4821 quod
3730 4735 3832 4795 scri-

2295 4860 2446 4922 ptum
2477 4859 2599 4905 est:
2627 4849 2736 4920 Ego
2766 4849 2986 4915 dormio,
3011 4857 3057 4902 et
3081 4864 3168 4902 cor
3193 4863 3363 4902 meum
3393 4847 3582 4920 vigilat.
3609 4840 3665 4896 Et
3682 4845 3829 4892 secun-

2295 4945 2422 5001 dum
2456 4944 2600 5015 quod
2639 4944 2809 5000 Jacob
2848 4952 3071 4998 sanctus
3110 4941 3292 4997 divina
3351 4941 3615 4996 dormiens
3661 4926 3830 4985 videbat

2301 5040 2581 5110 mysteria,
2609 5052 2731 5107 qua:
2752 5037 2984 5106 vigilans
3015 5052 3120 5090 non
3147 5035 3389 5100 viderat;
3432 5035 3498 5089 de
3521 5027 3646 5086 ctelo
3671 5021 3725 5076 ad
3747 5027 3826 5072 ter-

2299 5149 2388 5190 ras
2418 5149 2598 5189 aeretn
2633 5131 2893 5203 praevium
2924 5130 3151 5194 sanctis,
3180 5130 3555 5199 reSpieientem
3581 5116 3824 5208 Dominum,

2298 5238 2353 5284 et
2379 5228 2724 5298 pollicentem
2757 5238 2916 5281 terra:
2934 5225 3053 5294 ejus
3085 5222 3500 5292 possessionem.
3531 5218 3692 5284 Itaque
3713 5207 3823 5262 brevi

2297 5337 2494 5379 somno
2549 5321 2860 5386 dormiens,
2909 5317 3225 5389 impetravit
3272 5315 3415 5386 quod
3465 5322 3644 5382 magno
3687 5298 3824 5358 labore

2299 5428 2487 5490 postea
2541 5417 2852 5488 acquisivit,
2895 5414 3184 5470 bacreditas
3212 5412 3358 5468 enim
3389 5411 3502 5480 ejus
3547 5411 3622 5460 est
3657 5398 3820 5490 somniis

2299 5489 2645 5581 sanctorum,
2678 5510 2904 5569 feriatus
2942 5511 3011 5566 ab
3056 5507 3309 5565 omnibus
3339 5497 3574 5575 corporis
3600 5489 3821 5556 volupmu‘

575 4939 730 4997 Tunc
761 4943 856 4998 tibi
888 4949 1112 5016 myrrha
1135 4947 1372 5018 sudabit,
1397 4958 1524 5006 tunc
1551 4953 1643 5007 tibi
1678 4952 2018 5024 baptismatis
2041 4955 2189 5024 aspi-

579 5034 721 5090 rabit
748 5039 946 5108 gratia,
967 5049 1024 5095 ut
1044 5043 1112 5097 ab
1139 5043 1429 5101 elementis
1459 5048 1643 5102 mundi
1673 5050 2034 5104 commoriare
2063 5064 2187 5104 cum

578 5125 892 5194 Christo,ct
918 5147 1037 5188 cum
1065 5133 1286 5190 Christo
1313 5153 1585 5208 resurgas.
1611 5139 1752 5207 Quid
1775 5141 1968 5206 adhuc,
1995 5141 2189 5212 inquit,

580 5221 718 5276 velut
747 5225 1068 5304 uiuentes,de
1097 5228 1196 5283 hoc
1222 5233 1416 5286 mundo
1442 5231 1760 5289 decernitis?
1791 5233 1876 5288 Ne
1898 5235 2189 5306 tetigeritis,

580 5328 644 5366 ne
669 5317 1115 5387 attaminaveritis,
1147 5338 1209 5376 ne
1227 5326 1722 5398 gustaveritisfguw
1749 5335 1870 5382 sunt
1912 5327 1981 5381 ad
2010 5344 2192 5382 corru-

583 5406 812 5474 ptionem
830 5409 946 5479 ipso
977 5427 1074 5466 usu
1103 5411 1328 5484 (Coloss.
1358 5433 1430 5484 Il,
1453 5417 1525 5472 20
1551 5427 1596 5472 et
1623 5420 1777 5492 scq.).

658 5497 711 5556 9.
751 5497 775 5537 δ
803 5497 1106 5581 Descendat
1122 5509 1283 5578 frater
1317 5526 1459 5566 meus
1483 5511 1536 5566 in
1562 5510 1770 5568 hortum
1796 5530 1949 5569 suum
1975 5555 1990 5582 ,
2018 5522 2072 5570 ut
2100 5530 2191 5570 co-

655 5727 684 5796 f
705 5718 824 5796 ιλιι).
849 5720 1293 5796 de_Virginitate,
1324 5739 1445 5796 cap.
1478 5727 1566 5794 I5,
1593 5743 1745 5796 nun).
1774 5727 1864 5785 80.

754 5721 824 5801 ib.
849 5721 1293 5801 de_Vi_rg_initate,
1324 5739 1445 5801 cap.
1478 5727 1566 5794 I5,
1593 5743 1745 5801 num.
1774 5727 1864 5785 80.
2371 5735 2399 5801 ς
2427 5726 2486 5801 In
2508 5725 2715 5801 psalm.
2733 5739 2919 5801 ρινιιι,
2947 5737 3113 5782 serm.
3137 5721 3194 5790 8,
3218 5735 3373 5801 pum.

653 5785 683 5826 δ
705 5789 826 5846 Lib.
858 5807 889 5846 v
911 5792 980 5848 de
1005 5785 1356 5857 Sicrartt..c.
1383 5785 1438 5865 3,
1470 5785 1617 5853 num.
1652 5791 1741 5860 Isi.

2368 5793 2392 5831 ει
2426 5787 2595 5865 Epist.
2629 5796 2694 5853 ad
2719 5787 3002 5868 Anysium,
3038 5787 3188 5851 num.
3218 5787 3306 5850 34.
