3920 6376
91 409 220 466 19ξ1

1098 413 1142 468 Ε
1182 409 1486 469 SCRIPTIS
1525 413 1582 468 S.
1618 409 1954 468 AMBROSII
1993 409 2416 470 COLLECTUS.

3253 417 3396 475 1922

91 527 211 590 bus,
243 523 312 579 ab
356 521 501 579 omni
551 522 714 578 animi
761 523 1198 594 perturbatione,
1243 527 1691 598 tranquillitatem
1721 533 1769 592 Λ
1798 542 2120 598 consurgas,
2159 529 2426 583 internam
2471 527 2806 584 orationibus
2835 541 3106 599 prmpares
3134 539 3394 600 mentem,

93 619 255 674 menti
287 619 569 682 invehens,
616 619 982 689 placiditatem
1031 622 1264 687 animm;
1319 630 1377 676 ut
1409 629 1681 691 tamquam

94 714 262 768 soluta
290 727 434 766 nexu
459 712 705 782 corporis
729 727 788 768 se
813 714 1121 781 ablevet,et
1140 714 1363 771 Christo
1385 714 1682 772 adhaereat.

95 805 189 860 llic
210 814 292 861 est
322 819 546 860 somnus
574 805 695 860 vitae
722 814 1060 862 sanctorum.

163 899 251 954 M.
279 907 304 934 ιι
342 897 460 952 Vox
487 898 664 952 dilecti
700 900 800 953 mei
841 901 1115 969 pulsantis,
1150 903 1295 973 aperi
1341 903 1493 969 mihi,
1539 918 1687 958 soror

97 1009 220 1046 mea.
245 993 310 1047 Et
340 991 386 1046 si
417 992 694 1059 dormias',
726 1003 780 1048 et
805 994 854 1048 si
900 995 1062 1049 modo
1099 995 1443 1051 devotionem
1492 997 1688 1052 animae

99 1094 198 1140 tute
222 1084 435 1139 noverit
465 1082 713 1139 Christus
740 1126 754 1148 ,
777 1086 928 1140 venit
953 1127 966 1150 ,
995 1095 1050 1141 et
1075 1087 1254 1157 pulsat
1281 1088 1398 1158 ejus
1421 1087 1642 1158 januam
1667 1129 1682 1153 ,

98 1186 148 1231 et
191 1176 360 1232 dicit:
393 1175 550 1243 Aperi
576 1176 723 1241 mihi,
775 1193 924 1231 soror
963 1195 1095 1233 mea.
1131 1179 1278 1233 Bene
1323 1195 1502 1246 soror,
1564 1180 1688 1249 quia

99 1268 287 1340 nuptia:
335 1267 607 1339 spiritales
655 1277 782 1324 sunt
820 1268 983 1326 Verbi
1034 1278 1198 1340 atque
1250 1271 1482 1335 animae;
1511 1286 1688 1342 neque

99 1365 232 1421 enim
259 1363 455 1418 animae
481 1374 680 1418 norunt
697 1363 1072 1434 conjugiorum
1105 1363 1329 1429 foedera,
1357 1372 1414 1419 et
1439 1379 1570 1419 usus
1597 1379 1691 1419 co-

101 1462 230 1533 pula:
256 1459 560 1530 corporalis
580 1501 594 1524 ,
623 1459 720 1514 sed
750 1469 874 1514 sunt
905 1459 1042 1514 sicut
1073 1460 1255 1530 angeli
1292 1459 1388 1515 Dei
1428 1460 1482 1514 in
1523 1459 1685 1516 coelo.

102 1555 264 1624 Aperi,
292 1554 488 1623 inquit,
523 1553 670 1619 mihi,
700 1553 793 1607 sed
819 1554 1098 1609 extraneis
1124 1554 1338 1610 claude.
1361 1553 1563 1609 Claude
1590 1569 1693 1610 str-

101 1650 242 1711 culo,
271 1647 462 1704 claude
491 1647 714 1702 mundo.
741 1646 928 1718 Neque
974 1647 1088 1718 ipsa
1116 1649 1267 1702 loras
1307 1646 1375 1701 ad
1403 1647 1493 1702 illa
1522 1655 1694 1702 mate-

103 1742 244 1797 rialia
273 1740 506 1812 prodeas
525 1782 539 1806 ,
571 1755 747 1810 neque
777 1748 927 1795 tuum
959 1739 1273 1810 relinquens
1304 1739 1491 1796 lumen
1517 1780 1532 1805 ,
1561 1740 1694 1796 alie-

104 1853 219 1892 num
243 1836 523 1907 requiras;
556 1835 679 1906 quia
723 1835 1000 1890 materiale
1024 1834 1206 1890 lumen
1235 1835 1580 1890 tenebrosam
1612 1835 1694 1890 in-

1789 620 1915 674 dum
1949 621 2162 690 snrgis;
2190 632 2245 674 ut
2279 637 2343 675 ex
2379 621 2670 676 humilibus
2710 621 2777 675 ad
2817 636 3048 692 superna
3077 623 3397 689 contendas,

1787 722 1844 768 et
1886 713 2107 769 studeas
2159 715 2304 770 fores
2353 715 2428 770 tui
2478 716 2661 771 cordis
2719 714 2952 788 aperire.
3013 718 3144 772 Dum
3183 717 3393 789 1593

1790 824 1985 863 manus
2032 817 2152 864 tuas
2186 809 2362 864 tendis
2400 809 2468 864 ad
2500 809 2799 877 Christum,
2830 810 3043 866 ﬁdelem
3101 822 3190 866 tua
3247 821 3400 883 gesta

1791 900 2076 970 Spirabunt
2097 899 2344 956 odorem.

1865 993 1954 1050 18.
1993 1006 2013 1033 ε
2039 994 2201 1065 Aperi
2231 995 2378 1062 mihi,
2413 1013 2562 1050 soror
2590 1012 2721 1050 mea.
2747 995 2939 1053 Nonne
2984 1011 3106 1052 cum
3153 996 3393 1068 aliquem

1790 1087 1857 1142 de
1883 1086 2156 1157 primariis
2183 1088 2314 1142 viris
2335 1087 2620 1145 desideras
2641 1091 2957 1157 convenire,
2981 1090 3156 1159 primo
3181 1090 3246 1146 ad
3273 1091 3392 1162 ejus

1790 1178 2006 1234 dommn
2058 1180 2461 1250 appropinquas
2489 1197 2504 1235 :
2535 1191 2718 1251 postea
2750 1183 2954 1252 qumris
2995 1174 3392 1239 informarih-

1791 1287 1898 1343 que
1930 1271 2156 1338 instrui,
2187 1281 2246 1327 nt
2270 1288 2571 1344 cognoscas
2603 1282 2844 1330 mentem
2895 1276 3062 1346 patris
3111 1276 3346 1334 familias
3378 1293 3394 1334 :

1792 1363 1991 1420 deinde
2037 1376 2094 1420 ut
2141 1365 2260 1436 ejus
2305 1365 2525 1422 domum
2579 1367 2936 1438 ingrediaris,
2991 1368 3283 1440 imploras,
3328 1384 3398 1426 ne

1793 1459 1914 1529 quis
1943 1467 1997 1514 te
2027 1459 2248 1529 abjiciat
2273 1471 2327 1516 et
2356 1461 2633 1518 excludat.
2662 1462 2818 1518 Pulsa
2852 1479 2984 1535 ergo
3015 1472 3073 1519 et
3105 1473 3157 1519 tu
3191 1463 3394 1534 regiam

1793 1549 1943 1604 illam
1972 1551 2285 1618 emlestem,
2325 1553 2476 1622 pulsa
2504 1570 2609 1608 non
2640 1569 2804 1609 manu
2835 1554 3117 1626 corporis,
3140 1556 3235 1612 sed
3261 1571 3396 1628 qua-

1795 1641 1920 1697 dam
1943 1643 2208 1698 orationis
2238 1653 2343 1700 tua:
2371 1645 2621 1702 dextera.
2646 1646 2766 1704 Non
2793 1648 2906 1704 sola
2937 1665 3128 1704 manus
3145 1651 3396 1720 corporis

1797 1737 2008 1806 pulsat,
2036 1738 2213 1807 pulsat
2238 1751 2292 1792 et
2321 1753 2462 1805 vox;
2498 1741 2758 1812 scriptum
2790 1752 2874 1797 est
2915 1743 3059 1798 enim
3092 1759 3105 1795 :
3135 1742 3253 1798 νοω
3288 1745 3402 1817 fra-

1800 1830 1892 1883 tris
1922 1831 2019 1884 mei
2053 1831 2226 1899 pulsat
2255 1832 2325 1886 ad
2365 1834 2611 1903 januam.
2654 1834 2942 1892 Pulsamus
2987 1846 3042 1892 et
3070 1836 3256 1909 digito.
3293 1838 3401 1894 De-

105 1928 264 1984 lundit
290 1927 600 1999 caliginem,
630 1937 688 1981 ut
715 1941 823 1982 non
848 1926 1094 1981 videatur
1116 1927 1298 1982 lumen
1318 1942 1464 1982 verae
1485 1927 1690 1998 glorim.
1722 1939 1771 2001 Β
1802 1924 1962 1994 niqne
1985 1923 2293 1980 etThomas
2318 1925 2488 1996 digito
2517 1927 2710 1982 meruit
2729 1927 2950 1998 januam
2983 1929 3401 1987 resurrectionis

106 2022 247 2092 Aperi
273 2038 392 2095 ergo
423 2020 702 2086 milii,uoli
729 2020 1016 2084 coarctari,
1041 2019 1136 2075 sed
1160 2019 1326 2075 dilata
1361 2028 1431 2087 te,
1449 2029 1504 2075 et
1525 2021 1696 2076 adim-

108 2115 252 2185 plebo
279 2125 348 2170 te.
377 2113 451 2168 Et
478 2113 609 2184 quia
630 2113 862 2168 decurso
887 2113 1020 2168 orbe
1049 2121 1314 2166 terrarum
1336 2154 1350 2177 ,
1376 2113 1496 2183 plus
1525 2113 1696 2168 mole-

108 2210 318 2264 stiarum
341 2216 397 2263 et
428 2205 756 2262 ollensionis
787 2205 988 2276 reperi,
1012 2219 1114 2261 nec
1135 2203 1295 2261 facile
1323 2204 1483 2260 habui
1506 2205 1595 2261 ubi
1612 2222 1699 2261 re-

111 2303 472 2370 quiescerem;
506 2299 630 2355 ideo
660 2309 715 2354 tu
751 2301 934 2369 aperi,
980 2309 1038 2353 ut
1081 2298 1132 2353 iu
1182 2307 1235 2353 te
1282 2298 1425 2354 illius
1469 2298 1702 2354 hominis

112 2394 321 2451 reclinet
347 2402 546 2464 caput,
574 2393 658 2448 cui
691 2408 797 2449 non
836 2401 921 2448 est
948 2390 1166 2462 requies
1193 2390 1300 2447 nisi
1330 2405 1494 2462 super
1521 2391 1700 2446 humi-

117 2489 208 2545 lem
230 2499 280 2545 et
302 2497 669 2544 mansuetum.

181 2587 263 2642 l5.
289 2585 318 2626 ι’
351 2586 511 2657 Aperi
557 2585 704 2649 mihi,
751 2601 897 2639 soror
920 2600 1056 2651 mea,
1087 2600 1256 2656 surge,
1285 2583 1522 2646 proxima
1551 2599 1662 2638 mea
1688 2624 1702 2649 ,

121 2680 336 2734 columba
367 2695 480 2734 mea
506 2721 523 2745 ,
555 2682 780 2749 perfecta
817 2694 951 2734 mea.
983 2676 1262 2732 Charitate
1301 2677 1546 2747 proxima
1569 2718 1582 2740 ,
1615 2691 1708 2731 co-

122 2771 284 2827 lumba
339 2769 732 2842 simplicitate,
785 2770 984 2824 virtute
1049 2767 1307 2839 perleCIa.
1365 2768 1502 2836 Quia
1553 2775 1709 2838 caput

125 2881 272 2918 meum
300 2865 512 2936 plenum
539 2872 611 2918 est
638 2878 789 2927 rore;
820 2861 962 2918 sicut
983 2863 1126 2916 enim
1155 2877 1246 2917 ros
1267 2861 1391 2917 coeli
1415 2870 1710 2916 nocturnas

126 2967 322 3014 amovet
348 2959 652 3024 siccitates,
679 2956 749 3010 ita
778 2972 869 3012 ros
900 2955 1110 3012 Domini
1152 2955 1324 3010 nostri
1352 2954 1480 3010 Jesu
1509 2952 1712 3009 Christi

128 3052 383 3107 nocturnis
413 3057 469 3106 et
489 3049 851 3106 smcularibus
882 3048 1120 3104 tenebris
1147 3057 1366 3102 aeterna:
1394 3047 1519 3101 vita:
1541 3045 1714 3100 stilla-

127 3147 192 3202 vit
217 3147 516 3204 humorem.
549 3145 661 3200 iioc
689 3154 768 3201 est
804 3153 964 3215 caput
988 3143 1130 3216 quod
1161 3150 1295 3198 aestu
1327 3142 1509 3198 mundi
1539 3141 1715 3197 nesci-

131 3242 195 3296 vit
219 3257 481 3308 arescere,
519 3240 662 3296 nnde
682 3239 790 3294 ait:
812 3238 947 3307 Quia
968 3239 1013 3292 si
1041 3239 1095 3291 in
1118 3237 1329 3291 humido
1355 3235 1466 3291 lucc
1493 3235 1712 3307 faciunt,

1800 2017 2014 2085 aperire
2041 2034 2054 2071 :
2081 2025 2134 2072 et
2161 2018 2256 2073 tibi
2288 2018 2422 2073 dicit
2449 2018 2608 2076 Jesus
2635 2037 2648 2072 :
2675 2017 2826 2092 Infer
2851 2021 3073 2094 digitum
3105 2031 3252 2077 tuum
3276 2024 3400 2092 huc,

1800 2117 1848 2162 et
1879 2110 2022 2163 mitte
2050 2110 2102 2164 in
2135 2128 2317 2166 manus
2341 2128 2479 2167 meas
2505 2123 2553 2167 et
2581 2114 2716 2168 latus
2741 2130 2942 2182 meum,
2974 2125 3021 2170 et
3053 2117 3158 2170 noli
3191 2133 3300 2172 esse
3321 2118 3405 2172 in-

1801 2205 2063 2272 credulus,
2090 2206 2179 2260 sed
2201 2205 2370 2276 ﬁdelis
2396 2206 2582 2279 (Joan.
2610 2224 2701 2276 xx,
2727 2209 2846 2280 27).
2873 2209 3032 2265 Pulsa
3057 2226 3187 2281 ergo
3210 2211 3403 2283 digito,

1803 2298 1847 2352 si
1882 2313 1989 2353 non
2023 2311 2178 2370 petes
2209 2309 2315 2355 tota
2350 2315 2543 2366 manu,
2580 2303 2733 2372 pulsa
2762 2302 3008 2373 januam.
3043 2305 3294 2362 Christus
3321 2315 3408 2363 est

1800 2391 1965 2461 janua
1998 2395 2087 2463 qui
2135 2395 2253 2450 ait:
2291 2393 2398 2449 Per
2428 2412 2507 2450 me
2554 2395 2600 2450 si
2641 2397 2760 2467 quis
2799 2398 3078 2467 introierit,
3124 2400 3408 2455 salvabitur

1806 2483 1990 2557 (Joan.
2021 2503 2076 2553 Χ,
2101 2485 2180 2560 9).

1881 2577 1969 2633 19.
1999 2577 2136 2633 Cum
2169 2580 2308 2634 hanc
2335 2580 2738 2652 igiturjanuam
2767 2582 3103 2654 pulsaveris,
3124 2583 3245 2639 vide
3273 2598 3410 2655 quo-

1808 2669 1972 2725 modo
2017 2671 2381 2741 ingrediaris;
2417 2689 2486 2729 ne
2538 2673 2679 2731 forte
2708 2675 2872 2729 etiam
2905 2675 3215 2746 ingressus,
3251 2687 3407 2734 extra

1808 2773 2162 2834 conspectum
2197 2767 2340 2837 regis
2367 2767 2467 2822 sis.
2502 2767 2653 2822 Multi
2685 2767 3065 2840 ingrediuntur
3093 2770 3323 2840 palatia,
3357 2778 3414 2829 et

1811 2871 1921 2911 non
1958 2857 2140 2912 statim
2189 2873 2374 2930 regem
2408 2859 2569 2914 istum
2603 2870 2762 2917 terra:
2791 2862 3006 2928 vident,
3035 2863 3132 2918 sed
3161 2864 3418 2935 frequen-

1813 2959 1895 3005 ter
1920 2949 2239 3019 observant,
2274 2960 2332 3006 ut
2371 2952 2668 3024 aliquando
2719 2953 2906 3010 videre
2937 2965 3267 3010 mereantur.
3300 2955 3415 3013 Nec

1814 3055 2153 3114 praesumunt
2173 3043 2394 3102 videndi
2423 3035 2635 3118 c0piam
2655 3087 2671 3114 ,
2693 3047 2789 3103 sed
2814 3046 2970 3118 jussu
3012 3057 3416 3118 reprmsentan-

1816 3145 1924 3204 tur,
1954 3147 2008 3194 et
2037 3154 2252 3208 precem
2282 3138 2548 3207 fundunt;
2577 3147 2634 3194 ut
2664 3155 2786 3196 cum
2835 3141 3214 3198 benevolentia
3243 3144 3416 3199 susci-

1816 3230 2052 3300 piantur,
2086 3241 2342 3287 caventes
2389 3231 2593 3303 primos
2633 3234 2716 3288 sui
2763 3235 3035 3290 sermonis
3095 3237 3411 3307 ingressus;

131 3335 175 3388 in
199 3336 333 3389 arido
362 3335 486 3405 quid
516 3333 747 3404 [acient(
775 3329 901 3387 Luc.
936 3347 1085 3398 χχιιι,
1119 3331 1250 3401 5t)?
1276 3330 1387 3386 lloc
1423 3331 1584 3400 igitur
1625 3344 1714 3384 ca-
1739 3328 1784 3392 C
1818 3340 1888 3381 ne
1918 3325 2046 3396 quid
2077 3327 2294 3392 titubet,
2324 3341 2392 3382 ne
2423 3327 2550 3398 quid
2584 3327 2823 3384 oti'endat
2853 3347 2867 3382 :
2898 3340 3100 3402 quanto
3131 3329 3302 3402 magis
3329 3346 3422 3387 ro-

135 3439 213 3498 put
237 3441 377 3486 rorat
401 3430 551 3496 aliis,
585 3429 684 3484 sibi
717 3426 976 3482 abundat.
1003 3425 1074 3480 Et
1105 3425 1246 3480 bene
1275 3423 1518 3479 abundat
1555 3431 1717 3493 caput

133 3520 340 3587 Christi;
369 3525 491 3594 quia
529 3531 691 3592 caput
719 3530 868 3575 tuum
899 3519 1148 3573 Christus
1173 3525 1276 3583 est,
1305 3517 1392 3587 qui
1417 3516 1606 3586 plenus
1634 3523 1718 3571 est

136 3631 346 3686 semper,
379 3631 480 3672 nec
514 3611 941 3670 liberalitatibus
964 3611 1213 3665 hauritur
1234 3610 1365 3675 suis,
1391 3619 1483 3662 aut
1507 3607 1718 3662 diutina

137 3707 297 3763 delicit
323 3709 598 3779 largitate.
629 3705 686 3762 In
729 3706 833 3761 hoc
863 3713 1031 3776 caput
1078 3705 1280 3759 ferrum
1310 3719 1415 3758 non
1447 3701 1715 3768 ascendit,

138 3803 264 3873 quod
288 3812 368 3859 est
386 3804 809 3859 instrumentum
838 3800 990 3865 belli,
1012 3799 1219 3870 insigne
1239 3797 1549 3854 discordiae.
1567 3795 1720 3851 Nunc

139 3905 322 3966 specta,
340 3908 391 3954 et
413 3897 539 3954 vide
565 3911 654 3952 ros
683 3896 776 3952 ille
797 3895 975 3967 qualis
1006 3894 1101 3960 sit,
1119 3893 1325 3949 scilicet
1355 3908 1460 3948 non
1481 3889 1720 3962 vulgaris

141 3987 384 4045 humoris.

205 4082 283 4137 16.
301 4082 540 4138 Cinciuni
561 4090 730 4136 autem
755 4081 854 4138 mei
881 4089 1144 4153 guttarum
1169 4079 1350 4133 noctis.
1373 4077 1514 4143 Noli,
1541 4075 1724 4148 proxi—

144 4191 217 4231 ma
241 4193 374 4246 mea,
393 4177 644 4250 accipere
669 4178 953 4232 cincinnos
973 4174 1337 4246 corporalium
1360 4172 1679 4243 capillorum
1707 4187 1721 4225 :

145 4283 238 4326 non
266 4269 354 4326 illa
383 4279 726 4336 ornamenta,
755 4269 852 4326 sed
883 4269 1111 4325 erimina
1135 4274 1296 4323 sunt:
1324 4265 1592 4322 lenocinia
1616 4263 1727 4320 for-

147 4379 256 4432 mm,
277 4383 377 4422 non
406 4377 676 4438 praecepta
699 4363 933 4420 virtutis.
954 4363 1102 4417 Alios
1131 4360 1415 4416 cincinnos
1438 4358 1727 4414 Nazarams

151 4456 321 4524 habet,
351 4460 627 4533 inquibus
669 4459 868 4516 ferrum
902 4473 1009 4514 non
1057 4455 1343 4522 ascendit,
1384 4471 1520 4527 quos
1564 4468 1728 4511 nemo

153 4552 410 4621 praecidit:
435 4554 526 4625 qui
557 4569 665 4610 non
687 4552 1012 4609 calamistris
1038 4550 1324 4620 compositi
1355 4557 1448 4604 aut
1486 4556 1605 4604 arte
1641 4547 1726 4603 di-

153 4647 309 4713 gesti,
339 4647 432 4703 sed
463 4646 748 4718 multiplici
791 4645 1096 4714 erisnantes
1145 4643 1406 4698 virtutum
1440 4641 1726 4697 nitentium

1817 3419 2025 3488 gandus
2055 3429 2139 3474 est
2164 3420 2325 3486 Deus,
2357 3428 2415 3474 ut
2439 3421 2642 3477 ostium
2675 3422 3067 3479 misericordia:
3099 3439 3209 3479 sua:
3231 3435 3420 3482 nostra

1817 3509 2156 3582 ingrediatur
2179 3513 2385 3568 oratio!

1887 3603 1979 3659 20.
2009 3603 2034 3640 ἀ
2078 3603 2196 3659 Vox
2229 3606 2408 3677 fratris
2449 3606 2546 3660 mei
2595 3607 2769 3679 pulsat
2807 3608 2876 3662 ad
2896 3611 3142 3682 januam.
3187 3609 3419 3667 Januam

1819 3711 2034 3767 quoque
2077 3704 2220 3752 tuam
2268 3697 2446 3765 disce,
2489 3714 2522 3754 ο
2565 3714 2763 3769 sponsa
2805 3699 3040 3770 Christi,
3085 3704 3422 3774 temporibus

1821 3788 2084 3845 obserare
2135 3792 2447 3857 nocturnis;
2497 3808 2563 3847 ne
2603 3792 2762 3848 facile
2811 3794 3096 3865 quisquam
3147 3804 3421 3866 patentem

1823 3883 2087 3952 reperiat.
2131 3883 2376 3952 Sponsus
2405 3885 2522 3954 ipse
2550 3884 2664 3939 vult
2695 3885 2934 3940 clausam
2965 3901 3111 3956 esse,
3144 3902 3266 3944 cum
3301 3889 3423 3959 pul-

1824 3983 1928 4028 sat.
1954 3973 2127 4028 Janua
2158 3983 2343 4029 nostra
2371 3990 2434 4030 os
2466 3983 2709 4031 nostrum
2739 3984 2854 4043 est,
2878 3975 3102 4033 Christo
3133 3993 3426 4049 propemo-

1825 4065 1953 4122 dum
1981 4068 2082 4122 soli
2114 4067 2274 4124 debet
2306 4069 2506 4139 aperiri
2532 4111 2545 4136 ,
2580 4084 2682 4126 nec
2709 4071 2988 4141 aperiatur
3020 4072 3123 4127 nisi
3153 4082 3279 4128 ante
3308 4073 3428 4144 pul-

1827 4161 1962 4216 sarit
1985 4160 2081 4216 Dei
2105 4161 2365 4217 Verbum.
2403 4162 2516 4218 Vox
2544 4163 2723 4233 fratris
2765 4165 2863 4218 mei
2893 4167 3066 4236 pulsat
3093 4165 3162 4220 ad
3188 4169 3425 4238 januam.

1827 4253 1969 4310 Audi
2004 4254 2342 4324 pulsantem,
2372 4255 2496 4310 andi
2529 4256 2756 4312 introire
2782 4258 3117 4329 cupientem.

1827 4351 1872 4416 σε
1899 4347 2217 4420 21."(Vers.
2232 4349 2287 4402 2.
2299 4349 2362 4420 )A
2370 4350 2479 4420 peri
2493 4350 2796 4419 mihi,soror
2810 4367 2942 4420 mea,
2959 4370 3172 4423 sponsa,
3189 4352 3428 4409 columba

1832 4458 1967 4507 mea,
1990 4447 2217 4514 perfecta
2243 4459 2378 4510 mea;
2396 4444 2520 4514 quia
2532 4454 2686 4517 caput
2706 4462 2874 4500 meum
2895 4446 3106 4516 plenum
3123 4459 3194 4502 est
3215 4465 3350 4515 rore,
3379 4456 3428 4502 et

1832 4538 1998 4589 crines
2042 4537 2143 4589 mei
2180 4536 2339 4605 guttis
2369 4537 2553 4592 noctis.
2605 4536 2903 4593 Considera
2945 4539 3162 4609 quando
3193 4541 3430 4597 maxime

1833 4629 2013 4700 pulsat
2056 4629 2278 4700 januam
2312 4640 2459 4686 tuam
2507 4631 2648 4687 Deus
2693 4631 2966 4700 Verbum,
3007 4647 3129 4688 cum
3161 4633 3428 4704 repletum

151 4738 309 4806 gratia
335 4739 684 4796 refulserunt.
708 4739 869 4794 Disce
898 4737 949 4792 in
975 4734 1201 4791 historia
1233 4734 1421 4805 quales
1443 4733 1731 4788 Nazarmns
1758 4720 1808 4782 D
1835 4731 1919 4778 est
1963 4731 2127 4794 caput
2171 4723 2294 4793 ejus
2335 4738 2462 4781 rore
2494 4735 2783 4781 nocturno.
2817 4724 2871 4780 in
2905 4724 3255 4784 tribulatione
3283 4729 3430 4784 enim

154 4828 648 4897 ciueinnoshabeat,
681 4845 817 4902 quos
843 4827 1096 4902 quamdiu
1143 4827 1372 4882 Samson
1417 4825 1604 4880 habuit
1642 4826 1726 4880 in-

158 4927 330 4990 tactos,
354 4939 642 4994 numquam
671 4923 812 4977 vinci
843 4922 1040 4992 potuit.
1065 4918 1361 4975 Cincinnos
1391 4915 1648 4988 perdidit,
1676 4924 1732 4972 et

159 5013 390 5070 meritum
413 5015 623 5070 virtutis
647 5013 826 5069 amisit
854 5011 1005 5086 (Iud.
1030 5028 1139 5079 xvi,
1173 5009 1282 5083 17).
1318 5085 1322 5089 ,

223 5105 302 5160 17.
321 5106 496 5177 (Vers.
520 5109 602 5180 '5.)
623 5108 815 5164 Audita
848 5107 1008 5178 igitur
1035 5121 1168 5162 voce
1183 5103 1540 5182 Verbi,quam
1562 5116 1733 5158 exue-

161 5211 240 5254 ras
267 5202 494 5258 tunicam
527 5212 703 5270 nocte,
738 5217 806 5258 ne
832 5201 1115 5272 quaesieris
1160 5197 1615 5271 quemadmodum
1652 5196 1737 5252 in-

163 5287 283 5346 duas
309 5307 458 5361 eam;
489 5295 792 5350 ostenditur
830 5293 1010 5359 enim,
1059 5301 1114 5348 et
1159 5292 1471 5363 frequenter
1515 5290 1741 5346 offertur

167 5395 252 5450 per
292 5385 582 5456 nequitiam
633 5386 931 5458 spiritalem
979 5384 1463 5456 quemadmodum,
1496 5383 1738 5453 inquam,

167 5471 340 5534 induas
357 5494 496 5549 eam,
521 5481 856 5537 obliviscaris
882 5489 936 5536 et
959 5480 1206 5545 nescias;
1237 5478 1390 5548 quasi
1414 5477 1525 5547 jam
1562 5476 1743 5531 Domi-

167 5579 257 5625 nus
281 5572 512 5641 assistat,
547 5588 734 5630 exsors
762 5573 1126 5646 corporalium
1158 5571 1502 5628 vinculorum
1531 5569 1742 5625 turbata

236 5775 396 5850 LL?!)-
421 5776 491 5850 (ξε
515 5777 686 5850 Isaae,
709 5793 832 5850 cap.
856 5779 912 5845 5,
942 5793 1097 5850 num.
1117 5777 1208 5833 51.

235 5842 263 5882 ι’
281 5845 398 5903 Lib.
427 5848 495 5905 de
524 5842 866 5922 Virginita'te,
886 5842 1007 5951 cap.
1039 5848 1128 5915 12,
1152 5863 1304 5904 num.
1332 5847 1403 5904 70
1432 5855 1489 5904 et
1517 5862 1633 5920 seq.

241 5925 262 5954 ε
292 5917 344 5972 In
375 5920 506 5972 nsal.
539 5935 722 5972 cxvm.
749 5936 912 5972 serm.
945 5921 1032 5972 2‘2.
1055 5935 1204 5972 num.
1233 5920 1322 5972 12.
1347 5917 1490 5972 med.

313 5935 344 5974 n
374 5920 506 5991 psal.
539 5917 722 5990 cxvm,
749 5936 912 5979 serm.
940 5917 1032 5988 ‘22,
1055 5935 1204 5977 num.
1233 5920 1322 5987 12,
1347 5917 1490 5978 med.

1829 4829 1886 4875 et
1931 4817 2325 4874 tentationibus
2371 4819 2580 4890 positos
2609 4820 2831 4875 visitare
2877 4819 3166 4890 dignatur;
3198 4837 3266 4877 ne
3309 4821 3432 4892 quis

1835 4915 1973 4971 forte
1997 4914 2316 4972 succumbat
2336 4918 2512 4973 victus
2535 4917 2814 4972 :erumuis.
2840 4916 3103 4988 Repletnr
3126 4932 3258 4990 ergo
3273 4928 3436 4990 caput

1836 5010 1954 5080 ejus
2004 5025 2127 5066 rore
2156 5009 2243 5067 vel
2287 5011 2489 5082 guttis,
2518 5009 2737 5082 quando
2783 5025 2982 5082 corpus
3033 5010 3150 5081 ejus
3202 5011 3434 5068 laborat.

1837 5101 1994 5159 Tunc
2039 5118 2169 5174 ergo
2214 5101 2584 5174 vigilandum,
2631 5117 2700 5159 ne
2743 5117 2866 5158 cum
2910 5101 3121 5158 venerit
3159 5101 3436 5174 Sponsus,

1842 5197 2066 5253 recedat
2101 5196 2374 5252 exclusus.
2403 5196 2463 5253 Si
2490 5197 2632 5252 enim
2657 5195 2917 5260 dormias,
2945 5203 3001 5252 et
3027 5210 3123 5251 cor
3147 5203 3296 5251 tuum
3327 5210 3436 5252 non

1841 5292 2049 5364 vigilet,
2089 5291 2329 5348 discedit
2357 5299 2646 5363 antequam
2699 5290 2921 5361 pulset:
2958 5290 3004 5345 si
3053 5303 3152 5345 cor
3184 5299 3332 5346 tuum
3360 5290 3443 5346 vi-

1840 5387 1997 5458 gilet,
2027 5387 2232 5460 pulsat,
2263 5396 2317 5444 et
2349 5387 2547 5458 aperiri
2577 5385 2680 5442 sibi
2705 5387 2929 5457 januam
2959 5387 3150 5458 poscit.

1915 5479 2006 5534 22.
2042 5479 2316 5536 Habemus
2345 5495 2476 5551 ergo
2502 5479 2700 5534 anima:
2747 5488 2947 5536 nostra:
2987 5479 3241 5550 januam,
3277 5478 3443 5537 habe-

1847 5587 1969 5628 mus
1999 5581 2056 5629 et
2081 5583 2267 5645 portas
2294 5573 2363 5629 de
2412 5573 2610 5644 quibus
2653 5572 2858 5630 dictum
2889 5583 3013 5630 est:
3041 5571 3227 5629 Tollite
3272 5584 3448 5647 portas

1925 5773 1952 5814 ἀ
1979 5774 2100 5849 Lib.
2146 5777 2216 5835 de
2235 5776 2557 5848 Virginitate
2581 5791 2705 5848 cap.
2748 5779 2817 5837 15
2835 5821 2852 5849 ,
2878 5795 3028 5838 num.
3065 5778 3157 5840 80.

1930 5857 1954 5886 ο
2005 5848 2065 5907 in
2113 5864 2196 5923 ps.
2231 5865 2417 5916 cxvm,
2467 5850 2744 5920 seruuli,
2771 5848 2919 5910 num.
2955 5852 3045 5910 M.
