3920 6374
102 328 245 389 193‘)“

1090 327 1132 383 ιε
1170 324 1479 388 εοιιιιηοιε
1518 330 1576 388 s.
1617 314 1953 388 Aunncsu
1988 330 2417 391 COLLECTUS.

3252 325 3391 394 tceo

96 444 375 504 admodum
420 444 606 499 induat
654 458 774 501 eam
794 486 809 507 .
857 442 926 498 de
954 443 1254 514 Scripturis
1280 446 1326 500 si
1359 460 1673 515 possumus,
1703 456 1754 515 Α
1781 446 1953 514 quitas
1983 453 2089 506 tua.
2118 446 2231 515 ﬁlia
2257 444 2425 511 Sion,
2456 463 2558 502 non
2579 447 2791 518 adjiciat
2822 457 2871 503 te
2899 446 3158 517 expellere
3182 447 3386 503 adhuc:

98 540 412 596 revelemus.
444 539 540 592 Est
557 536 699 592 enim
724 536 971 607 quaedam
998 537 1174 592 tunica
1205 539 1534 608 corporalis,
1558 549 1682 592 sunt

96 630 440 702 cupiditatum
471 627 718 701 quiedam
768 629 974 685 intexta
1021 630 1291 685 velamina
1317 648 1333 697 ;
1363 639 1419 686 et
1450 630 1573 686 ideo
1603 632 1686 685 in-

100 725 294 779 terdum
328 721 525 776 melius
551 729 637 776 est
662 720 865 775 nudum
895 736 1020 777 esse
1045 736 1299 793 corpore,
1330 737 1491 791 quam
1516 722 1686 778 corde

98 818 339 874 velatum.
375 814 533 872 Unde
576 815 739 870 etiam
787 815 987 871 Paulus
1016 831 1116 870 nos
1155 816 1434 882 admonet,
1473 816 1685 889 1595

100 909 373 980 exspoliari
400 909 576 963 multo
600 908 795 963 melius
822 922 947 964 esse
975 924 1136 977 quam
1177 910 1535 978 stipervestiri
1559 949 1574 974 ,
1603 911 1686 963 di-

100 1016 220 1059 cens
256 1001 382 1057 alibi
416 1017 431 1055 :
473 998 840 1073 Ezspoliantes
868 1017 957 1055 vos
999 1011 1215 1055 veterem
1263 1001 1520 1055 hominm
1567 1018 1686 1055 cum

103 1098 289 1159 actibus
326 1096 457 1162 suis,
484 1097 683 1151 induite
719 1113 906 1151 novum
944 1097 1033 1167 qui
1080 1108 1357 1152 renouatur
1381 1098 1435 1151 in
1464 1097 1685 1169 agnitio-

106 1206 236 1256 nem,
263 1189 541 1246 secundum
582 1191 861 1261 imaginem
890 1190 1002 1257 eius
1028 1190 1116 1258 qui
1162 1191 1351 1244 creavit
1378 1206 1512 1245 eum.
1545 1192 1686 1262 Ergo

105 1301 212 1354 qtae
230 1284 529 1352 exspoliata
546 1294 651 1348 est,
666 1293 723 1338 et
741 1282 907 1353 pedes
928 1282 1071 1340 lotos
1085 1285 1268 1352 habet,
1295 1284 1470 1339 nescit
1495 1298 1686 1353 quem-

105 1377 373 1433 admodum
430 1376 705 1447 inquinari
747 1391 856 1432 non
913 1376 1124 1447 possit;
1154 1377 1498 1434 obliviscitur
1538 1378 1685 1432 enim

106 1487 191 1543 per
214 1472 460 1542 gratiam,
490 1470 632 1542 quod
668 1471 922 1526 hauserat
952 1487 1049 1542 per
1079 1482 1351 1527 naturam.

163 1567 247 1622 5|.
278 1574 303 1603 ι
325 1564 456 1619 Lavi
500 1564 653 1635 pedes
693 1581 853 1631 meos,
879 1566 1138 1637 quomodo
1186 1567 1471 1639 inquinabo
1509 1567 1633 1623 illos
1660 1567 1689 1621 ει

107 1656 330 1713 Didicisti
378 1660 433 1713 in
460 1658 786 1730 Evangelio,
812 1660 956 1730 quod
989 1659 1153 1730 pedes
1184 1661 1365 1717 lavare
1414 1661 1541 1716 lidei
1569 1676 1686 1734 my-

104 1753 334 1819 sterium,
368 1752 695 1808 humilitatis
717 1753 929 1825 insigne
959 1753 1222 1824 sit,juxta
1245 1756 1389 1826 quod
1418 1757 1683 1825 scriptum

1789 539 2009 593 uisitauit
2051 539 2344 609 iniquitates
2386 550 2528 605 tuas,
2578 541 2689 610 ﬁlia
2733 539 2933 608 Edont,
2968 543 3209 596 reuelauit
3238 557 3395 609 super

1790 641 1997 700 peccata
2039 643 2128 685 tua
2172 629 2387 702 (Thren.
2421 649 2494 696 tv,
2525 633 2641 706 2|).
2695 634 2952 690 Advertis
2982 634 3239 703 quoniam
3288 634 3393 689 ini-

1786 727 1967 798 quitas
2012 742 2120 781 non
2170 725 2345 797 potuit
2388 729 2508 783 sine
2533 728 2627 783 Dei
2660 728 2973 784 visitatione
3002 727 3259 795 deﬁcere,
3294 743 3396 785 nec

1790 817 1951 888 plena
1995 833 2118 874 esse
2156 819 2450 885 correctio,
2498 821 2598 875 nisi
2648 836 2744 889 per
2775 822 3002 890 gratiam
3030 820 3246 875 Domini
3277 821 3397 878 Sal-

1786 915 1992 968 vatoris
2013 916 2037 965 'l
2065 914 2353 982 Quomodo
2382 924 2564 969 autem
2595 915 2813 970 deﬁciat
2853 916 3132 987 iniquitas,
3161 916 3284 970 audi
3315 916 3398 970 di-

1788 1014 2002 1061 centem
2054 1006 2352 1062 Ecclesium
2387 1022 2400 1060 :
2432 1007 2567 1061 Επιιὶ
2618 1008 2844 1062 tunicam
2894 1024 3086 1072 meam,
3135 1008 3394 1078 quantodo

1786 1099 2000 1153 induam
2042 1115 2153 1153 eam
2177 1100 2203 1152 ?
2234 1099 2362 1153 Lavi
2409 1100 2562 1169 pedes
2604 1114 2765 1165 meos,
2810 1099 3068 1170 quomodo
3112 1099 3395 1169 inquinabo

1788 1207 1875 1246 eos
1894 1191 1922 1245 ?
1949 1190 2162 1247 Veteris
2191 1190 2354 1262 igitur
2381 1191 2620 1247 hominis
2649 1193 3035 1248 vestimentum
3058 1191 3204 1247 vitiis
3242 1207 3396 1248 erro-

1790 1286 1866 1340 ris
1913 1286 2179 1340 intextum
2199 1328 2212 1349 ,
2258 1283 2314 1339 in
2365 1285 2568 1339 lavacri
2597 1284 3014 1355 regeneratione
3043 1284 3355 1355 depositum
3376 1326 3391 1351 ,

1788 1381 1964 1437 nescit
1990 1380 2269 1451 quomodo
2298 1380 2468 1451 possit
2497 1381 2722 1436 induere
2748 1399 2763 1448 ;
2798 1381 2981 1435 studio
3007 1381 3152 1435 enim
3178 1394 3396 1438 correc-

1790 1474 1955 1530 tionis
1986 1474 2291 1529 inoleverat
2318 1473 2523 1528 oblivio
2551 1483 2922 1543 peccatorum.
2951 1473 3127 1528 Tanta
3154 1472 3237 1528 vis
3259 1487 3393 1528 con-

1789 1579 2073 1625 summatae
2101 1568 2500 1624 emendationis
2530 1576 2633 1634 est,
2660 1576 2716 1623 ut
2745 1569 2796 1623 itt
2824 1567 3116 1639 quamdam
3145 1567 3391 1637 pueritiae

1789 1662 1978 1718 redeat
2006 1661 2267 1731 spiritalis
2307 1671 2522 1717 atatem
2545 1703 2559 1727 ,
2591 1676 2713 1732 quae
2740 1661 2854 1716 vias
2881 1660 3089 1716 erroris
3138 1660 3349 1731 ignoret
3374 1674 3390 1723 ;

1789 1757 1995 1813 crimen
2026 1757 2239 1812 etiamsi
2268 1755 2420 1819 velit,
2450 1771 2557 1810 non
2590 1757 2761 1822 possit
2782 1754 3107 1819 admittere;
3138 1754 3263 1825 quia
3290 1752 3391 1808 de-

104 1855 175 1902 est
201 1865 212 1899 :
238 1846 299 1901 Si
327 1863 421 1919 ego
449 1846 553 1900 lavi
596 1848 755 1919 pedes
791 1856 985 1903 uestros
1032 1848 1284 1904 Dominus
1330 1860 1379 1905 et
1406 1851 1676 1921 magister,
1711 1859 1759 1921 Β
1786 1853 2026 1906 suevcrit
2052 1865 2181 1907 usus
2210 1864 2373 1906 nosse
2403 1849 2685 1920 peccandi.

102 1951 274 2005 quanto
315 1940 482 2011 magis
524 1957 613 1995 vos
652 1941 846 1996 debetis
886 1942 1021 1997 alter
1050 1942 1265 1999 alterius
1315 1943 1468 2010 pedes
1512 1944 1686 1998 lavare

108 2032 268 2102 (Joun.
299 2049 415 2100 xm,
454 2031 581 2104 l4)!
627 2033 732 2090 Sed
781 2033 883 2090 hoc
910 2035 976 2091 ad
1010 2036 1376 2092 humilitatem
1427 2038 1682 2107 pertinet.

104 2127 349 2195 Quantum
398 2142 534 2181 vero
581 2126 649 2181 ad
696 2128 1047 2200 mysterium,
1084 2128 1249 2196 pedes
1292 2128 1455 2184 debet
1502 2128 1687 2185 lavare

106 2236 236 2285 suos,
264 2220 356 2293 qui
383 2223 506 2277 vult
535 2233 748 2290 partem
777 2223 981 2277 habere
1025 2237 1150 2278 cum
1177 2220 1401 2277 Christo
1423 2239 1436 2275 :
1462 2222 1523 2277 Si
1553 2221 1689 2276 enim

106 2332 195 2370 non
222 2317 406 2381 lavero,
431 2316 631 2388 inquit,
655 2317 745 2371 tibi
774 2322 949 2387 pedes,
977 2334 1077 2371 non
1106 2317 1316 2373 habebis
1356 2329 1554 2389 partem
1585 2335 1688 2373 me-

109 2424 210 2462 cunt
236 2406 393 2481 (Ibid.
417 2408 505 2479 8).
525 2407 661 2464 Cum
688 2410 795 2464 hoc
829 2410 991 2465 Petro
1019 2408 1242 2476 dicitur,
1269 2409 1399 2481 quid
1429 2408 1499 2466 de
1530 2411 1691 2466 nobis

108 2502 375 2558 censetur?
398 2503 506 2571 Qui
538 2502 668 2556 lavit
698 2503 863 2573 igitur
891 2502 1079 2572 pedes,
1111 2518 1218 2558 non
1248 2517 1477 2559 necesse
1527 2504 1693 2560 habet

111 2594 284 2649 iterum
313 2595 506 2651 lavare
529 2612 545 2661 ;
566 2606 621 2650 et
650 2594 773 2651 ideo
798 2605 989 2651 caveat
1020 2611 1089 2651 ne
1112 2596 1362 2667 inquinet
1383 2611 1501 2652 eos.

170 2687 251 2743 ΕΞ.
294 2687 358 2743 Et
399 2688 546 2744 bene
600 2697 784 2743 sancta
839 2688 1086 2746 Ecclesia
1140 2689 1311 2745 dicit:
1353 2689 1482 2745 Lavi
1539 2692 1696 2761 pedes

112 2796 263 2847 meos;
289 2797 392 2839 non
433 2782 600 2845 dicit,
646 2780 926 2851 quomodo
966 2782 1163 2837 lterum
1217 2783 1407 2838 lavabo
1433 2798 1557 2849 eos,
1593 2784 1692 2839 sed

112 2874 344 2941 quomodo
386 2876 581 2930 iterum
626 2874 906 2945 inquinabo
970 2891 1061 2929 eos
1107 2873 1526 2942 l'Quasioblita
1574 2890 1696 2930 ma-

113 2965 233 3019 culat
255 2966 476 3032 veteris,
515 2966 686 3023 oblita
726 2966 993 3037 contagii,
1031 2964 1290 3023 admonet
1336 2966 1612 3039 quomodo
1640 2968 1693 3022 itt

114 3060 388 3117 ministerio
433 3060 715 3131 corporali
788 3062 1075 3132 spiritnate
1123 3062 1420 3118 debeamus
1474 3070 1695 3117 actuum

114 3162 398 3209 nostrorum
440 3153 663 3209 diluere
694 3155 1005 3224 vestigium.
1039 3155 1226 3225 itaque
1256 3155 1427 3224 pedes
1450 3171 1575 3209 cum
1602 3171 1692 3211 sc-

1862 1947 1952 2003 ‘55.
1987 1945 2171 2021 (Vers.
2195 1944 2278 2017 4.)
2308 1942 2335 1984 ἀ
2360 1943 2549 2000 Frater
2579 1962 2724 2002 meus
2754 1945 2889 1999 misit
2916 1960 3124 1999 manum
3154 1959 3301 1998 suam
3333 1942 3398 1996 de

1790 2051 2090 2113 prospectu,
2120 2050 2170 2096 et
2199 2051 2369 2096 venter
2412 2056 2556 2094 meus
2598 2040 2930 2094 conturbatus
2965 2048 3038 2094 est
3067 2052 3225 2107 super
3254 2052 3389 2091 eum.

1790 2133 2079 2191 Επαινεπὶ
2109 2151 2201 2206 ego
2229 2134 2430 2204 aperire
2454 2134 2605 2205 fratri
2635 2149 2766 2187 meo.
2796 2129 2984 2186 Manus
3015 2145 3143 2185 mete
3169 2127 3398 2183 distilla-

1788 2237 1970 2284 verunt
2018 2227 2311 2298 myrrham,
2345 2227 2496 2297 digiti
2543 2226 2643 2281 mei
2694 2225 2907 2296 myrrha
2956 2223 3116 2297 pleni.
3149 2222 3393 2278 Primum

1790 2334 1921 2391 ergo
1965 2329 2239 2387 tamquam
2284 2334 2312 2373 a
2356 2328 2651 2390 prospectu
2706 2317 2875 2373 mittit
2928 2330 3151 2372 manum
3194 2328 3350 2370 suam
3384 2352 3400 2380 ,

1791 2415 2010 2486 quando
2037 2414 2182 2469 Dens
2223 2428 2288 2469 ex
2333 2411 2594 2483 operibus
2639 2410 2964 2476 mstimatur,
3006 2408 3151 2463 unde
3180 2407 3259 2461 ait
3290 2422 3303 2458 :
3333 2405 3398 2460 Si

1793 2507 1921 2562 milii
1956 2523 2056 2563 non
2095 2506 2341 2574 creditis,
2376 2505 2616 2577 operibus
2663 2504 2861 2559 credite
2909 2502 3103 2575 (Joan.
3153 2515 3206 2565 ιι,
3257 2496 3393 2568 58).

1798 2601 2004 2658 Deinde
2031 2610 2262 2672 augetur
2298 2613 2473 2665 amor,
2513 2606 2568 2653 et
2598 2597 2804 2653 intimis
2835 2594 3136 2651 visceribus
3166 2606 3400 2660 concep-

1795 2704 1881 2751 tns
1920 2694 2186 2751 inolescit.
2235 2692 2366 2749 lude
2394 2690 2722 2759 intelligibili
2770 2701 2945 2753 utero,
2977 2688 3030 2742 in
3060 2699 3169 2757 quo
3196 2694 3279 2739 est
3307 2698 3397 2740 re-

1793 2791 2131 2859 ceptaculum
2178 2787 2374 2855 Verbi,
2416 2786 2714 2843 seminibus
2744 2785 2865 2856 ejus
2906 2783 3125 2845 infusis,
3160 2781 3399 2851 plenitu-

1795 2882 1979 2938 dinem
2008 2881 2126 2952 ejus
2150 2880 2508 2950 corporaliter
2539 2879 2934 2935 inhabitantent
2969 2875 3189 2931 haurire
3216 2872 3395 2929 anima

1797 2988 1977 3032 noetra
2006 2974 2322 3038 desiderat;
2356 2988 2460 3027 non
2490 2971 2634 3028 enim
2672 2971 2921 3027 turbatur
2949 2976 3137 3025 uterus
3168 2967 3401 3022 femina-

1796 3087 1946 3133 rum,
1982 3070 2082 3125 nisi
2112 3084 2233 3140 qurc
2266 3067 2464 3123 fuerint
2489 3067 2611 3123 alvo
2634 3080 2848 3138 graves.
2873 3064 3057 3137 Surgit
3096 3062 3262 3135 igitur
3283 3060 3405 3115 ani-

1798 3177 1882 3218 ma
1907 3171 1966 3218 ut
1996 3163 2209 3230 aperiat
2235 3159 2329 3216 Dei
2358 3158 2560 3225 Verbo,
2583 3159 2677 3215 sed
2711 3158 2836 3213 dum
2864 3173 2924 3213 se
2951 3156 3210 3227 expandit
3239 3161 3405 3223 atque

116 3247 207 3302 mel
234 3250 422 3306 laveris
451 3249 650 3305 aeterni
682 3248 844 3308 fontis
865 3249 1088 3320 irriguo,
1114 3260 1167 3304 et
1198 3250 1438 3321 mysterii
1469 3249 1695 3305 mnuda-
1722 3252 1767 3315 C
1799 3254 1994 3327 aperit,
2018 3261 2079 3309 ιιι
2106 3267 2271 3322 opera
2303 3250 2491 3307 mundi
2537 3250 2696 3306 istius
2719 3249 2881 3306 Verbi
2912 3247 3228 3318 receptione
3254 3261 3409 3301 mor-

118 3342 239 3398 veris
273 3353 642 3407 sacramento,
667 3357 802 3398 eave
828 3343 1020 3398 iterum
1072 3358 1357 3413 corporeae
1382 3343 1696 3414 cupiditatis

118 3435 351 3506 illuviem,
380 3456 446 3494 ne
477 3438 740 3493 lutulenti
769 3447 926 3493 actus
970 3437 1202 3493 terrenis
1231 3436 1489 3493 sordibus
1516 3438 1696 3508 inqui-

117 3541 292 3587 nentur
353 3531 445 3589 Isti
489 3541 624 3586 sunt
668 3530 836 3601 pedes
862 3546 1001 3603 quos
1028 3530 1195 3586 David
1224 3532 1356 3587 lavit
1386 3531 1439 3586 in
1469 3531 1688 3603 spiritu,

117 3626 193 3694 qui
220 3635 269 3681 te
293 3626 451 3683 docet
474 3626 937 3697 quemadmodum
965 3641 1064 3681 eos
1109 3627 1396 3697 inquinare
1424 3642 1530 3680 non
1564 3640 1693 3696 pos-

119 3718 201 3787 sis,
230 3719 445 3777 dicens:
472 3718 688 3776 Stantes
704 3729 850 3774 erant
882 3719 1041 3788 pedes
1068 3719 1259 3786 nostri,
1293 3720 1346 3773 in
1376 3719 1524 3774 atriis
1555 3720 1658 3773 luis
1677 3760 1692 3785 ,

126 3809 423 3868 Hierusalem
453 3812 632 3886 (Psal.
658 3828 805 3880 cm,
833 3811 911 3883 2).
946 3812 1143 3883 Utique
1174 3812 1262 3867 hic
1290 3828 1397 3868 non
1423 3812 1695 3884 corporis,

122 3904 206 3959 sed
233 3905 395 3961 animi
439 3905 685 3977 intelligo
726 3904 935 3976 pedes;
981 3904 1260 3976 quomodo
1316 3905 1463 3962 enim
1522 3914 1702 3961 terre-

124 4013 214 4054 nus
241 4002 398 4056 homo
427 4002 482 4057 in
512 3999 656 4057 ratio
685 3999 908 4056 haberet
938 4000 1185 4070 corporis
1212 3998 1415 4070 pedes?
1448 3998 1702 4055 Hierusa-

125 4087 239 4157 lem,
266 4093 402 4149 sicut
427 4093 633 4149 Paulus
658 4099 712 4147 te
736 4092 945 4160 docuit,
994 4093 1047 4147 in
1070 4092 1215 4148 creto
1243 4101 1366 4148 est:
1392 4100 1448 4148 et
1471 4090 1617 4148 idem
1647 4100 1702 4147 te

125 4179 292 4238 docuit
331 4184 791 4255 quemadmodum
841 4185 893 4240 in
940 4184 1082 4241 coelo
1131 4193 1281 4240 stare
1330 4185 1527 4254 possis,
1573 4198 1701 4239 cum

126 4271 242 4328 dicit
267 4292 281 4328 :
305 4275 504 4331 Nostra
545 4287 716 4333 autem
755 4277 1076 4332 conversatio
1100 4277 1157 4331 in
1185 4277 1328 4332 caelis
1354 4286 1429 4332 est
1470 4276 1700 4347 (Philip.

127 4380 194 4430 tu.
220 4367 327 4442 20).
358 4371 717 4427 Conversatio
756 4385 969 4426 morum
988 4413 1003 4438 ,
1028 4370 1377 4427 conversatio
1404 4371 1699 4439 laetorum,

126 4470 447 4525 conversatio
477 4468 622 4524 fidei.

188 4559 272 4616 55.
300 4559 479 4617 hFeci
498 4561 764 4636 judicium
810 4570 857 4615 et
895 4559 1191 4633 justitiam,
1245 4574 1351 4613 non
1395 4559 1573 4614 tradas
1626 4572 1705 4611 me

1801 3348 2001 3416 tilicet,
2026 3348 2165 3402 sicut
2191 3346 2282 3403 ille
2307 3345 2397 3417 qui
2421 3346 2495 3400 ait
2528 3362 2541 3399 :
2568 3343 3022 3413 Morti/ientionem
3049 3341 3259 3398 Domini
3279 3341 3404 3398 Jesu

1798 3445 1854 3498 in
1884 3458 2101 3508 corpore
2129 3451 2306 3496 nostro
2336 3439 2747 3509 circumferimus
2777 3436 2852 3510 (ll
2884 3435 3005 3491 Cor.
3029 3451 3108 3502 tv,
3136 3432 3408 3506 i9).Ergo

1799 3537 1926 3593 dum
1971 3537 2175 3605 aperit,
2224 3525 2417 3590 transit
2490 3533 2776 3602 Sponsus;
2818 3531 2934 3585 vult
2987 3532 3136 3586 enim
3189 3542 3409 3599 semper

1798 3629 2000 3702 quaeri,
2037 3628 2374 3699 frequentius
2407 3626 2660 3681 inveniri.
2685 3623 2755 3680 Et
2785 3624 2831 3679 si
2863 3624 3103 3678 clausam
3138 3623 3411 3678 invenerit

1796 3722 2051 3793 januam,
2085 3721 2300 3791 pulsat;
2331 3728 2387 3775 et
2419 3719 2463 3772 si
2497 3733 2594 3788 per
2620 3732 2826 3772 moram
2861 3714 3076 3789 1596
3121 3714 3283 3769 luerit
3311 3730 3408 3770 es-

1801 3815 2006 3879 clusus,
2032 3813 2278 3878 recedit;
2312 3810 2409 3867 sed
2444 3811 2556 3865 cito
2594 3808 2767 3872 redit,
2794 3808 2842 3863 ei
2875 3809 3077 3863 iterum
3106 3808 3314 3877 pulsat,
3348 3816 3409 3862 ut

1801 3907 1885 3964 vel
1923 3916 2114 3976 postea
2142 3904 2412 3974 Sponsam
2441 3917 2597 3957 suam
2626 3900 2869 3957 inveniat
2899 3909 3279 3969 praeparatam.

1872 4001 1963 4058 56.
2008 4001 2192 4055 Potest
2236 3997 2455 4069 quidem
2521 4005 2575 4053 et
2632 3998 2714 4051 sic
2761 3994 2972 4064 accipi,
3028 3991 3219 4048 Frater
3267 4006 3413 4047 meus

1802 4094 2036 4151 transivit
2066 4108 2085 4148 :
2115 4093 2255 4148 sicut
2286 4091 2521 4161 legimus
2551 4088 2694 4159 quod
2737 4086 3043 4159 penetravit
3086 4084 3299 4141 dilectae
3329 4084 3414 4138 in-

1805 4190 1934 4246 tima
1958 4186 2317 4243 medullarum
2334 4228 2349 4253 ,
2378 4183 2836 4256 quemadmodum
2861 4182 2927 4238 ad
2956 4182 3179 4239 Mariam
3202 4180 3407 4238 dictum

1806 4292 1887 4341 est
1917 4301 1929 4337 :
1955 4281 2025 4338 Et
2054 4292 2195 4337 tuam
2242 4279 2410 4353 ipsius
2455 4278 2683 4334 animam
2710 4276 3041 4352 pertramibit
3070 4275 3278 4346 gladius
3298 4316 3313 4341 ,
3357 4282 3417 4330 ut

1806 4375 2093 4432 revelentur
2113 4373 2397 4430 multorum
2416 4372 2651 4427 cordinm
2672 4372 3011 4445 cogitationes
3037 4367 3188 4440 (an.
3221 4382 3280 4436 tt,
3296 4367 3417 4436 διε).

1808 4470 2050 4541 Denique
2094 4466 2305 4525 addidit
2350 4465 2598 4536 Sponsa,
2645 4465 2883 4520 animam
2929 4476 3082 4517 suam
3132 4462 3316 4516 exisse
3359 4461 3413 4513 in

1809 4564 1980 4619 verbo
2025 4561 2176 4632 eius,
2222 4559 2367 4628 quod
2400 4559 2460 4614 lit
2497 4556 2718 4629 quando
2747 4558 2927 4610 anima
2959 4553 3343 4624 peregrinatur
3379 4565 3413 4605 ιι

126 4652 540 4710 calumniantibus
567 4670 667 4708 me.
697 4652 803 4711 Ubi
825 4652 1061 4722 iustitia,
1089 4651 1165 4707 ibi
1189 4650 1583 4706 misericordia.
1603 4649 1703 4705 Mi-
1730 4641 1787 4702 D
1810 4672 2064 4727 cor-pare.
2091 4666 2145 4710 ει
2177 4653 2290 4710 Deo
2321 4667 2568 4724 pra-gens
2595 4662 2698 4706 est.
2733 4650 2976 4706 Audiens
3009 4648 3125 4702 huic
3169 4646 3418 4714 Sponsus

127 4748 405 4805 sericordia
435 4765 465 4805 a
491 4759 712 4820 peccato
742 4749 953 4804 liberat.
989 4746 1276 4816 Quomodo
1299 4761 1431 4816 ergo
1459 4751 1706 4812 peccato—

1807 4749 1956 4806 misit
1994 4748 2372 4819 operationem
2395 4760 2549 4801 suam
2575 4743 2818 4800 Verbum
2839 4785 2853 4808 ,
2897 4751 3173 4813 tamquam
3200 4755 3294 4809 per
3323 4752 3416 4793 ca-

128 4841 263 4897 ribus
288 4843 515 4901 trador?
555 4843 750 4900 Simile
787 4856 867 4899 est
897 4841 1029 4897 illud
1060 4842 1115 4897 in
1142 4839 1386 4897 Canticis
1420 4856 1433 4893 :
1460 4834 1601 4894 Enni
1626 4849 1710 4894 tu-
1806 4857 2031 4899 vernam
2051 4883 2065 4908 ,
2094 4856 2200 4895 non
2223 4839 2401 4896 adhuc
2427 4837 2567 4893 facie
2591 4837 2657 4893 ad
2688 4836 2885 4891 faciem
2913 4850 2928 4889 :
2959 4833 3105 4888 misit
3135 4842 3411 4900 tamquam

128 4936 282 4991 nicum
306 4954 499 5005 meum,
522 4939 776 5008 quomodo
802 4937 1015 4992 induam
1042 4936 1191 4992 eam?
1218 4933 1346 4991 Lavi
1372 4933 1526 5002 pedes
1542 4949 1705 5001 meos,

127 5031 364 5094 quomodo
405 5031 681 5103 inquinabo
721 5030 849 5086 eos?
894 5029 1032 5085 Exul
1087 5030 1323 5085 tunicam
1372 5027 1709 5099 peccatoris,

129 5127 471 5199 velamenqtte
502 5130 737 5195 terreni;
771 5144 870 5186 cur
906 5128 1062 5199 quasi
1092 5136 1348 5200 peccator
1387 5135 1550 5192 atque
1598 5131 1707 5178 ter-

130 5234 284 5278 renus
326 5224 649 5295 adjntlicor?
700 5223 827 5278 Lavi
877 5223 1044 5293 pedes
1093 5234 1281 5287 meos,
1314 5235 1383 5277 ne
1438 5235 1543 5289 qua
1574 5231 1708 5289 pec—

131 5320 225 5373 cati
261 5335 378 5377 sors
419 5328 606 5392 posset
656 5317 938 5374 adbterere
967 5314 1235 5388 vestigio;
1266 5329 1365 5371 cur
1398 5312 1497 5369 das
1537 5312 1591 5366 in
1620 5325 1709 5367 me

130 5408 555 5484 delinquentibus
587 5420 914 5483 potestatem
931 5410 961 5464 ἲ

194 5502 281 5559 54.
310 5516 333 5547 ι’
358 5504 658 5563 Hieremias
699 5506 755 5561 in
798 5503 914 5561 suis
949 5500 1185 5559 Threnis
1227 5499 1339 5556 ait:
1367 5496 1569 5573 Defecit
1607 5495 1710 5551 ini-

204 5735 227 5811 :
253 5727 367 5811 μὴ.
398 5730 468 5811 d_e
497 5727 843 5799 Virginitate,
1180 5738 1337 5811 qvi-nt.
1362 5721 1452 5811 ig.

202 5796 227 5836 δ
249 5795 308 5871 in
329 5801 469 5871 psal.
485 5793 669 5859 cxvftt.
696 5793 859 5857 serat.
890 5793 1163 5871 Mittam.
1194 5794 1267 5853 ﬂ”
1291 5796 1347 5871 in
1369 5793 1493 5849 line.

203 5879 223 5908 ε
249 5868 308 5926 In
334 5865 489 5942 'psal.
540 5885 721 5936 cxvut,
771 5886 935 5929 serm.
967 5865 1053 5925 '22
1079 5908 1093 5936 ,
1118 5882 1266 5924 num.
1294 5865 1348 5921 4.

1810 4950 2030 4992 manum
2049 4976 2064 5000 ,
2100 4932 2164 4988 Et
2188 4943 2382 4999 venter,
2408 4930 2604 4999 inquit,
2628 4944 2772 4983 mens
2793 4927 3127 4982 conturbatus
3154 4934 3229 4979 est
3258 4936 3419 4992 super

1811 5043 1949 5083 eum.
1980 5024 2237 5093 Quisquis
2262 5028 2342 5078 sic
2368 5021 2523 5087 vivit,
2556 5027 2736 5090 potest
2761 5019 2945 5074 dicere
2971 5035 2986 5073 :

1887 5119 1975 5174 37.
2006 5127 2030 5155 ο
2056 5114 2245 5170 Frater
2281 5130 2428 5169 meus
2458 5112 2598 5167 misit
2621 5126 2837 5165 manum
2878 5124 3033 5164 suam
3063 5122 3158 5181 per
3197 5121 3415 5179 prospe-

1813 5223 1971 5276 ctum,
2000 5220 2049 5265 et
2078 5215 2249 5263 venter
2267 5222 2413 5261 meus
2428 5203 2768 5260 conturbatus
2788 5210 2863 5256 est
2885 5199 2957 5254 ad
2983 5198 3134 5253 illum
3150 5214 3173 5253 :
3206 5197 3431 5253 attraxi.

1816 5305 2019 5378 aperire
2043 5302 2196 5373 fratri
2220 5317 2350 5356 meo.
2376 5300 2582 5356 Bonum
2609 5305 2693 5352 est
2710 5303 2769 5350 ut
2786 5293 2857 5349 ad
2877 5292 3175 5348 adventura
3201 5287 3419 5346 Domini

1814 5400 2072 5457 interiora
2121 5397 2424 5452 turbentur.
2467 5393 2527 5451 Si
2558 5391 2625 5447 ad
2675 5388 2852 5459 angeli
2894 5387 3194 5444 adventum
3249 5383 3421 5440 Maria

1818 5492 2036 5550 turbata
2068 5498 2174 5559 est,
2208 5496 2415 5562 quanto
2439 5485 2614 5556 magis
2649 5482 2717 5539 ad
2754 5481 2965 5538 Christi
3002 5496 3103 5537 nos
3131 5478 3429 5535 turbet-sur

1770 5691 1794 5715 ’
1894 5712 1920 5751 ι¹
1966 5715 2056 5787 Ain.
2086 5713 2410 5787 psal.ngt_tt,
2460 5724 2626 5767 set-nt.
2658 5707 2925 5787 ti,_nun.
2959 5705 3053 5787 i6:

1898 5795 1928 5824 ο
1963 5755 2987 5857 ίέἱ.”5ἓ’ῧίῑᾷἰὶἱῖιιῖἱξ’ἓὲρῖἲιζίἷιίζ
3000 5755 3105 5837 's'v.
3198 5755 3207 5761 ’
