3920 6352
545 304 687 364 I927

1541 297 2091 360 COMMENTARIUS
2131 297 2200 359 IN
2237 299 2537 360 CANTlCA
2576 296 2846 359 CANTIC.

3687 298 3798 359 {928

539 421 838 478 adventum
860 419 874 475 ε
893 417 1252 478 Influentibus
1271 415 1470 492 quippe
1490 417 1712 486 divinis,
1733 433 2030 488 corporeus
2053 432 2145 488 pe-
2171 424 2227 486 Α
2320 418 2410 474 si.
2454 417 2704 474 Surrexit
2732 414 2948 487 aperire
2966 452 2982 481 ,
3009 418 3064 469 et
3098 423 3263 484 opera
3285 409 3403 482 ejus
3440 417 3499 468 et
3533 411 3665 469 facta
3689 431 3795 470 mor-

538 515 842 587 regrinatnr
883 513 1139 576 affectus,
1167 520 1222 566 et
1270 525 1399 566 usus
1442 509 1533 565 ille
1568 509 1858 565 exterioris
1901 508 2137 564 hominis

537 606 818 666 exolescit.
847 604 917 658 Et
962 612 1020 658 tu
1052 604 1301 668 turbare,
1334 612 1388 657 tu
1417 601 1632 658 festina.
1683 601 2029 658 Festinantcs
2056 599 2135 654 illi

531 715 730 773 agnum
778 695 1106 753 manducare
1145 695 1556 767 praecipiuntur.
1607 693 1815 765 Surge,
1848 693 2032 764 aperi,
2067 691 2134 746 ad

529 793 750 864 januam
796 789 1048 847 Christus
1077 795 1193 850 est.
1223 787 1490 844 vestibula
1532 786 1727 842 domus
1772 796 1875 841 tua:
1919 785 2136 856 pulsat:

531 887 576 943 si
605 885 904 957 aperueris,
955 881 1233 946 introibit,
1268 889 1324 936 et
1353 879 1600 935 introibit
1647 893 1768 933 cum
1799 877 1978 932 Patre.
2025 873 2137 930 Nec

531 977 708 1036 solum
750 991 872 1032 eum
921 975 1199 1047 ingressus
1249 971 1434 1035 fuerit,
1481 969 1790 1028 mercedem
1839 966 2132 1038 relinquit:

533 1073 630 1130 sed
681 1073 844 1128 etiam
885 1069 1200 1142 priusquam
1231 1065 1598 1136 ingrediatur,
1643 1063 1954 1119 mercedem
1996 1078 2134 1133 pra:-

534 1165 722 1224 mittit.
754 1163 948 1222 Adhuc
973 1162 1152 1217 anima
1169 1159 1438 1226 turbatur,
1469 1157 1646 1212 adhuc
1679 1156 1912 1228 parietes
1941 1154 2136 1210 domus

539 1273 651 1316 suae
688 1255 873 1328 palpat
897 1297 912 1322 ,
935 1253 1114 1310 adhuc
1166 1251 1367 1309 ostium
1399 1249 1594 1320 quatrit
1625 1248 1713 1304 ubi
1744 1247 1988 1305 Christus
2015 1253 2134 1310 est,

533 1351 714 1408 adhuc
742 1351 904 1408 solvit
937 1349 1209 1406 vinculum
1241 1346 1422 1402 carnis
1449 1353 1504 1402 et
1529 1345 1778 1417 corporis
1798 1345 2098 1400 claustrum
2119 1384 2134 1409 ,

536 1444 711 1501 adhuc
739 1442 990 1498 Christus
1015 1441 1146 1497 foris
1176 1439 1378 1510 pulsat.

626 1538 720 1595 '58.
752 1547 777 1573 η
809 1537 941 1605 Qu:e
983 1543 1070 1591 est
1113 1533 1354 1590 fenestra
1409 1541 1620 1600 nostra,
1672 1531 1779 1587 nisi
1829 1545 1927 1602 per
1971 1545 2134 1601 quam

535 1646 703 1704 opera
755 1629 958 1686 Christi
1000 1626 1287 1693 videmus,
1341 1625 1532 1682 oculus
1593 1623 1804 1680 scilicet
1852 1621 2019 1678 animi
2083 1631 2139 1677 et

537 1723 737 1780 mentis
770 1721 992 1778 obtutus
1019 1721 1042 1774 i
1070 1721 1134 1774 Et
1158 1718 1282 1775 ideo
1303 1760 1319 1785 ,
1345 1719 1520 1790 virgo,
1547 1733 1648 1788 per
1670 1717 1962 1774 fenestram
1990 1726 2134 1769 tuam

2247 510 2450 566 tilicata
2484 519 2613 565 sunt
2639 509 2861 565 mundo.
2897 507 3050 563 Talis
3082 505 3226 563 enim
3277 505 3438 562 debet
3463 521 3588 563 esse
3615 507 3795 574 animi,

2241 619 2363 673 qua:
2402 602 2640 658 Verbum
2664 611 2749 658 est
2792 610 3074 670 receptura
3095 640 3110 666 ,
3143 607 3201 653 ut
3225 598 3492 654 moriatur
3536 598 3738 665 mundo,
3760 609 3797 655 et

2240 696 2642 768 consepeliatur
2685 695 2739 750 in
2764 695 2986 750 Christo
3013 709 3030 759 ;
3059 693 3138 748 sic
3167 691 3314 748 enim
3348 692 3601 747 Christus
3629 693 3796 748 inveni-

2243 799 2360 856 tur,
2391 799 2447 845 et
2475 789 2584 845 tale
2606 789 2709 845 sibi
2741 787 2939 860 qumrit
2984 785 3306 858 hospitium.
3368 784 3574 840 Deinde
3599 785 3702 856 ipsa
3725 787 3800 842 mi-

2240 881 2463 938 nisteria
2493 881 2893 951 operationum,
2924 877 2975 933 id
3000 885 3104 942 est,
3125 892 3317 931 manus
3341 887 3398 932 et
3421 875 3603 946 digiti,
3641 878 3800 948 quibus

2239 972 2723 1043 comprehenditur
2741 970 3007 1035 Christus,
3033 968 3428 1024 mortificamur
3452 974 3623 1039 :‘quos
3642 969 3801 1040 digitos

2240 1068 2708 1124 veluteminentia
2759 1066 3024 1122 factorum
3073 1073 3385 1120 nostrorum
3431 1077 3595 1134 opera
3629 1062 3798 1136 1597

2240 1176 2530 1233 possumus
2590 1159 2887 1216 aestimare.
2932 1158 3119 1228 Itaque
3152 1156 3298 1211 velut
3340 1171 3372 1212 c
3407 1156 3686 1226 complexu
3723 1171 3799 1213 suo

2241 1272 2362 1311 cum
2410 1255 2519 1328 jam
2542 1255 2856 1311 extenderet
2885 1251 3252 1324 intelligibiles
3290 1267 3484 1308 manus
3509 1267 3631 1308 snas
3656 1262 3705 1308 et
3738 1253 3800 1308 di-

2238 1351 2413 1422 gitos,
2453 1357 2513 1405 ut
2561 1348 3055 1418 comprehenderet
3100 1345 3377 1412 Verbum,
3426 1347 3681 1402 transisse
3721 1348 3798 1402 sibi

2241 1443 2395 1508 illud,
2427 1457 2532 1498 non
2560 1451 2739 1498 tamen
2769 1440 2947 1496 adhuc
2975 1439 3342 1511 pertransisse
3371 1439 3551 1494 anima
3572 1438 3652 1509 pia
3677 1439 3797 1494 dicit.

2239 1533 2307 1590 Et
2331 1533 2472 1588 hunc
2491 1549 2804 1604 processum
2830 1533 3013 1597 habet,
3028 1531 3244 1603 quando
3272 1531 3468 1586 transit
3491 1543 3545 1587 ct
3568 1541 3799 1602 pertrans~

2240 1627 2281 1682 it
2305 1627 2541 1682 animam
2576 1625 2813 1683 Verbum
2862 1626 2978 1692 Dei,
3019 1625 3141 1696 quia
3175 1625 3436 1695 scriptum
3459 1625 3666 1681 est-.Et
3689 1635 3798 1680 tuam

2239 1719 2406 1791 ipsius
2420 1721 2644 1774 animum
2664 1718 2999 1789 pet-transibit
3021 1719 3252 1792 gladius,
3266 1728 3324 1773 ut
3341 1719 3628 1774 revelantur
3648 1720 3798 1772 multo-

531 1817 778 1874 Christus
804 1816 1056 1879 introeat,
1096 1811 1349 1868 Christus
1368 1827 1584 1866 manum
1615 1826 1769 1868 suam
1801 1810 2012 1866 mittat:
2039 1823 2136 1879 per
2166 1819 2215 1881 Β
2241 1831 2360 1869 rum
2388 1813 2623 1869 cordium
2661 1814 2998 1885 cogitationes
3046 1811 3198 1882 (Luc.
3230 1828 3289 1878 tt,
3335 1813 3454 1883 55).
3489 1812 3620 1868 Hinc
3655 1811 3798 1867 adhuc

533 1912 827 1970 fenestram
854 1909 950 1965 tibi
980 1907 1146 1964 Verbi
1189 1907 1400 1974 veniat,
1447 1921 1554 1961 non
1596 1905 1845 1974 corporis
1867 1917 2045 1958 amor.
2077 1899 2134 1958 Si

531 2004 693 2076 igitur
719 2018 813 2074 per
843 2001 1134 2058 fenestram
1156 2009 1300 2055 tuam
1317 2013 1535 2054 manum
1557 1997 1722 2053 mittit
1749 1995 1842 2050 Dei
1866 1995 2129 2060 Verbum,

540 2095 664 2151 vide
685 2092 1147 2166 quemadmodum
1182 2092 1448 2148 fenestras
1495 2099 1614 2145 tuas
1643 2102 1918 2160 pracpares
1944 2127 1960 2154 ,
2009 2087 2136 2141 vide

541 2188 1000 2264 quemadmodum
1075 2188 1143 2242 ab
1185 2187 1332 2241 omni
1388 2184 1615 2256 pulvere
1661 2183 1989 2238 delictorum
2041 2178 2134 2234 de-

536 2291 754 2354 tergere
789 2279 1010 2336 debeas.
1038 2277 1184 2333 Nihil
1213 2286 1414 2333 tetrum
1447 2275 1705 2341 habeant,
1738 2271 1872 2327 nihil
1923 2270 2135 2325 adulte-

529 2375 710 2431 rinum
730 2372 983 2431 fenestrae
1031 2371 1276 2442 virginis.
1321 2369 1519 2426 Procul
1551 2367 1773 2424 stibium
1822 2377 1876 2422 et
1902 2371 2133 2420 caeteras

529 2469 767 2527 affectati
792 2483 962 2540 nugas
988 2465 1225 2531 decoris,
1251 2463 1439 2536 procul
1466 2460 1756 2520 adulterini
1778 2458 1983 2515 amoris
2013 2456 2134 2512 ille-

527 2564 740 2621 cebras.
775 2560 982 2619 Similis
1038 2559 1248 2615 aurium
1305 2557 1554 2614 clausura
1605 2564 1729 2619 est,
1782 2553 1978 2624 quibus
2023 2566 2132 2606 non

527 2654 911 2728 suspendenda
941 2667 1143 2720 onera,
1185 2665 1295 2708 non
1317 2650 1529 2722 ﬁgenda
1571 2648 1797 2704 vulnera
1819 2687 1833 2712 ,
1865 2643 1963 2701 sed
1995 2658 2132 2699 unus

525 2761 754 2808 ornatus
783 2757 890 2814 est,
923 2747 1114 2803 audire
1150 2744 1295 2818 quod
1324 2744 1520 2816 prosit.

597 2842 891 2916 39.(Vers.
920 2837 1304 2911 6.)bAperui,
1347 2837 1544 2907 inquit,
1575 2833 1729 2907 fratri
1776 2847 1912 2897 meo;
1968 2833 2132 2903 frater

526 2951 670 2991 meus
701 2932 952 2988 transivit.
998 2929 1280 2998 Quomodo
1333 2928 1616 2995 transivit,
1659 2925 1712 2981 id
1751 2933 1872 2992 est,
1931 2921 2131 2978 mentis

528 3031 743 3087 interna
771 3024 1097 3097 penetravit,
1119 3024 1260 3077 sicut
1285 3021 1489 3078 dictum
1515 3030 1599 3077 est
1638 3019 1852 3075 Mariae:
1887 3014 1955 3071 Et
1985 3026 2129 3070 tuam

521 3125 684 3198 ipsius
710 3123 938 3178 animam
969 3116 1296 3190 pertransibit
1333 3116 1563 3188 gladius.
1605 3111 1798 3168 Vivum
1830 3111 1978 3167 enim
2029 3107 2128 3164 Dei

2241 1908 2524 1973 transitur,
2554 1923 2661 1963 non
2691 1907 3080 1978 pertransitur;
3116 1914 3176 1961 ut
3201 1907 3254 1961 in
3285 1905 3455 1961 Maria
3480 1907 3534 1962 in
3568 1906 3794 1975 posterio-

2237 2002 2388 2058 ribus
2426 2001 2564 2057 forte
2608 2002 2991 2073 pertransitur,
3043 1999 3131 2055 tibi
3175 2007 3454 2071 tamquam
3503 1998 3794 2072 signaculum

2235 2097 2457 2165 ponitur
2487 2093 2540 2148 in
2573 2093 2751 2150 medio
2781 2093 2898 2164 ejus
2931 2094 3190 2148 Dominus
3220 2092 3406 2148 Jesus.

2304 2189 2397 2244 42.
2433 2189 2678 2260 Denique
2723 2193 2906 2245 statim
2960 2186 3102 2243 alius
3159 2187 3446 2258 profectus
3499 2186 3655 2244 Verbi
3703 2201 3798 2257 per-

2238 2282 2596 2347 transeuntis,
2638 2282 2762 2351 quia
2792 2279 2963 2336 exivit
3015 2279 3196 2335 anima
3250 2279 3307 2335 in
3338 2277 3525 2335 Verbo
3549 2278 3693 2350 ejus;
3719 2276 3795 2331 hoc

2235 2387 2342 2442 est,
2372 2375 2614 2432 Verbum
2644 2375 2764 2446 ejus
2791 2383 2977 2430 secuta
3018 2372 3191 2430 exivit
3239 2371 3309 2428 de
3335 2386 3594 2444 corpore,
3619 2371 3794 2428 elevans

2234 2485 2295 2526 se
2319 2468 2387 2526 de
2439 2469 2559 2540 ejus
2587 2467 2925 2534 habitaculo,
2957 2475 3013 2522 et
3058 2465 3405 2538 peregrinam
3451 2480 3512 2521 se
3538 2465 3720 2520 faciens
3739 2461 3791 2527 ei,

2233 2571 2296 2618 ut
2323 2561 2542 2618 adesset
2565 2562 2698 2628 Deo,
2723 2570 2778 2617 et
2804 2559 3099 2617 essetcivis
3127 2569 3470 2614 sanctorum.
3503 2557 3661 2615 Simul
3679 2555 3790 2612 enim

2233 2667 2291 2712 et
2316 2655 2500 2711 carnis
2533 2653 2818 2710 domestici
2863 2663 2918 2709 et
2949 2651 3043 2708 Dei
3073 2666 3196 2708 esse
3227 2668 3333 2707 non
3365 2666 3667 2722 possumus.
3685 2648 3790 2717 Ergo

2234 2751 2288 2806 in
2320 2749 2424 2805 hoc
2445 2749 2566 2806 loco
2597 2749 2748 2804 exire
2769 2747 3125 2818 significatur,
3141 2755 3198 2800 ut
3223 2744 3364 2812 dixi,
3399 2741 3789 2814 anima,quando

2233 2843 2453 2899 abducit
2501 2857 2562 2898 se
2604 2857 2633 2896 a
2665 2842 2910 2910 corporis
2937 2838 3328 2910 voluptatibus.
3362 2838 3608 2910 Denique
3656 2836 3788 2905 scrip-

2237 2947 2348 2992 tum
2377 2945 2461 2993 est
2491 2953 2504 2989 :
2543 2935 2642 2990 Exi
2671 2934 2735 2989 de
2763 2932 3048 3005 Babylone,
3079 2932 3285 3007 fugiens
3310 2949 3342 2986 a
3365 2931 3623 2986 Chaldaeis
3649 2926 3784 3000 (Esai.

2235 3047 2424 3095 vaut,
2457 3029 2576 3103 20).
2624 3029 2742 3085 Non
2784 3029 2968 3100 utique
3021 3037 3078 3082 ut
3126 3027 3380 3098 regiones
3412 3024 3690 3098 Babylonis
3710 3022 3789 3077 lle.

2234 3123 2414 3180 brzeus
2447 3124 2634 3194 fugiat,
2687 3121 2784 3178 sed
2815 3137 3021 3188 mores,
3055 3130 3113 3176 ut
3163 3119 3488 3191 prophetico
3517 3118 3788 3174 admonetur

522 3220 775 3285 verbum:
803 3215 945 3272 δίουι
973 3211 1183 3284 gladius
1207 3219 1420 3276 “cuius:
1447 3217 1738 3281 Penemns
1755 3203 2126 3275 corporalium
2155 3208 2199 3272 C
2233 3216 2512 3288 alloquio:
2539 3215 2808 3286 siquidem
2829 3213 3114 3284 sintquiin
3131 3212 3413 3285 Babylone
3441 3220 3566 3268 sunt
3595 3207 3786 3266 Hebrei.

523 3312 780 3385 repagula
825 3307 1253 3381 cogitationum',
1287 3303 1470 3362 cordis
1514 3303 1726 3358 interna
1771 3300 2020 3355 rimatur.
2067 3297 2127 3352 In

521 3408 690 3466 cubili
715 3421 846 3477 ergo
874 3415 966 3460 tuo
1001 3411 1057 3459 et
1094 3409 1366 3458 nocturno
1399 3399 1452 3453 in
1497 3408 1744 3467 tempore
1795 3392 2124 3459 constituta,

521 3514 740 3570 seraper
777 3496 1042 3553 meditare
1063 3493 1364 3560 Christum,
1394 3499 1450 3546 et
1477 3490 1596 3559 ejus
1629 3487 1921 3543 adventum
1952 3483 2130 3540 omni-

523 3591 625 3650 bus
643 3599 862 3662 sperato
885 3586 1194 3644 momentis.
1222 3585 1278 3640 Si
1309 3583 1528 3638 tardare
1553 3579 1648 3638 tibi
1674 3579 1912 3643 videtur,
1936 3591 2125 3633 exsur-

521 3699 610 3758 ge.
649 3682 890 3739 Tardare
916 3679 1155 3746 videtur,
1181 3691 1304 3733 cum
1335 3675 1426 3731 diu
1453 3673 1694 3730 dormis:
1737 3669 1953 3726 tardare
1979 3667 2126 3724 vide-

520 3786 630 3845 tur,
677 3790 800 3832 cum
824 3774 893 3831 ab
919 3773 1164 3828 oratione
1211 3783 1409 3826 vacas:
1454 3765 1670 3823 tardare
1711 3761 1960 3826 videtur,
1995 3774 2119 3815 cum

521 3887 714 3930 vocem
752 3885 876 3928 -non
933 3867 1139 3926 excitas
1190 3862 1434 3938 psalmis.
1493 3859 1769 3918 Primitias
1818 3855 2126 3928 vigiliarum

524 3975 739 4023 tuarum
795 3962 1017 4020 Christo
1045 3961 1257 4026 dicato,
1316 3955 1588 4028 primitias
1631 3963 1851 4010 actuum
1910 3959 2126 4004 tuorum

522 4058 743 4117 Christo
773 4057 1019 4114 immola.

594 4152 686 4206 40.
719 4148 911 4222 (Vers.
955 4144 1056 4217 5.)
1102 4155 1124 4184 ε
1160 4143 1380 4200 Surrexi
1426 4157 1518 4214 ego
1556 4139 1759 4211 aperire
1797 4135 1951 4209 fratri
1977 4149 2126 4200 meo;

520 4259 704 4300 manus
735 4257 861 4298 mea:
889 4241 1272 4296 distillaverunt
1291 4237 1576 4308 myrrham,
1609 4233 1758 4305 digiti
1788 4231 1886 4285 mei
1914 4228 2126 4302 myrrha

523 4337 660 4411 pleni
688 4345 808 4392 sunt
837 4350 991 4407 super
1022 4349 1208 4388 manus
1235 4331 1512 4387 clausura.
1536 4328 1675 4396 Quid
1706 4326 1810 4382 hoc
1829 4323 2122 4394 signiﬁcet,

523 4430 958 4488 consideremus.
989 4427 1228 4484 Primum
1267 4423 1526 4494 operibus
1552 4421 1665 4477 suis
1695 4418 1931 4481 videtur,
1963 4426 2019 4472 ut
2045 4415 2126 4472 di-

522 4525 750 4594 xi,Deus
775 4524 999 4582 verbum
1028 4531 1304 4593 tamquam
1345 4533 1443 4590 per
1463 4531 1777 4580 cavernam,
1826 4528 1932 4569 non
1966 4513 2124 4584 plene

2232 3320 2287 3366 et
2307 3310 2377 3366 de
2410 3309 2687 3381 Babylone
2735 3307 2917 3364 exisse
2947 3306 3192 3362 moribus
3221 3305 3482 3361 doceant.
3513 3303 3639 3360 Nam
3661 3308 3708 3357 et
3727 3295 3786 3354 illi

2232 3403 2302 3460 de
2332 3402 2527 3473 quibus
2555 3400 2689 3456 dicit
2714 3400 3004 3472 prapheta,
3035 3396 3183 3470 quod
3239 3397 3488 3452 sedebant
3541 3410 3682 3464 super
3703 3392 3786 3462 flu-

2233 3497 2373 3551 mina
2398 3493 2682 3566 Babylonis
2731 3493 2851 3565 (Ps.
2875 3507 3095 3558 cxxxvt,
3126 3489 3200 3562 1),
3230 3488 3499 3546 sedebant
3539 3486 3726 3561 quidem
3748 3483 3787 3535 in

2232 3589 2456 3658 regione
2483 3585 2799 3658 Babylonis,
2827 3583 2925 3640 sed
2957 3584 3010 3638 in
3068 3583 3187 3654 ejus
3244 3597 3352 3636 non
3405 3590 3565 3638 erant
3604 3576 3728 3634 vitiis
3747 3582 3788 3628 et

2231 3680 2573 3739 confusione.
2608 3679 2742 3734 Nam
2792 3677 3067 3750 quomodo
3121 3687 3272 3734 erant
3308 3677 3361 3733 in
3395 3677 3489 3733 illa
3517 3672 3786 3732 confusione

2231 3773 2513 3836 vitiorum,
2545 3771 2636 3842 qui
2667 3769 2870 3826 ﬂebant
2892 3778 3146 3841 gerentes
3171 3768 3573 3840 paenitentiam,
3597 3762 3718 3836 quod
3737 3760 3786 3814 de

2232 3881 2357 3923 arca
2375 3864 2686 3922 devotionis
2743 3879 2805 3919 ac
2833 3862 2976 3929 fidei,
3010 3871 3068 3918 et
3089 3862 3305 3917 virtutis
3351 3871 3591 3932 paterna:
3620 3851 3786 3912 meritis

2233 3957 2606 4016 excidissent?
2637 3955 2767 4022 Quae
2822 3963 3008 4012 autem
3040 3954 3093 4009 in
3125 3953 3291 4009 verbo
3331 3953 3448 4009 exit
3477 3953 3664 4016 anima,
3686 3945 3785 4000 Ver-

2234 4053 2360 4109 bum
2394 4049 2622 4123 requirit
2650 4065 2665 4115 ;
2691 4047 2835 4104 unde
2864 4055 2920 4103 et
2949 4047 3050 4103 ista
3080 4045 3206 4102 dum
3239 4053 3535 4116 quazrerct,
3560 4039 3724 4098 incidit
3746 4036 3782 4089 in

2232 4147 2488 4204 custodes
2512 4145 2602 4216 qui
2630 4146 2972 4200 circumeunt
2999 4141 3298 4198 civitatem.

2309 4239 2490 4313 (Vers.
2512 4237 2594 4311 7.)
2620 4235 2646 4275 ἀ
2678 4236 2999 4292 Invenerunt
3029 4251 3108 4290 me
3131 4235 3371 4290 custodes
3397 4236 3491 4306 qui
3513 4232 3784 4288 circumeunt

2234 4335 2511 4399 civitatem,
2566 4339 2927 4406 percusserunt
2967 4346 3066 4396 me,
3099 4338 3149 4384 et
3204 4330 3596 4384 vulneraverunt
3642 4327 3782 4385 me,el

2232 4426 2458 4480 tulerunt
2481 4424 2698 4496 pallium
2730 4440 2903 4478 meum
2927 4440 2959 4476 a
2987 4439 3065 4478 me
3093 4420 3331 4476 custodes
3354 4433 3640 4474 murorum.
3670 4412 3782 4467 Bene

2232 4520 2452 4592 quidem
2503 4519 2659 4592 quasi
2689 4533 2890 4589 sponsa
2917 4515 3172 4574 veniebat
3218 4530 3341 4571 cum
3373 4515 3559 4584 pallio,
3588 4521 3685 4581 quo
3703 4505 3781 4559 ob-

518 4629 683 4692 atque
727 4620 962 4690 perfecte
988 4635 1002 4672 :
1056 4613 1255 4672 deinde
1297 4619 1528 4683 augetur
1569 4624 1724 4666 amor
1752 4615 1810 4664 et
1834 4613 2128 4676 conceptus
2154 4612 2207 4675 Ι)
2235 4614 2464 4669 nuberet,
2491 4620 2654 4682 caput
2677 4627 2857 4677 suum,
2885 4626 3008 4667 cum
3039 4623 3276 4681 sponsus
3303 4613 3610 4664 occurreret
3633 4619 3645 4666 ;
3671 4599 3783 4656 sicut

518 4713 804 4779 adolescit,
827 4721 990 4784 atque
1007 4726 1075 4768 ex
1101 4707 1397 4766 seminibus
1418 4705 1538 4776 ejus
1567 4718 1690 4774 quae
1710 4700 1945 4774 quodam
1967 4707 2122 4755 utero

515 4806 845 4880 intelligibili
892 4805 1196 4876 susceperit
1224 4801 1442 4864 anima,
1503 4807 1673 4854 totam
1727 4794 2118 4867 plenitudinem

519 4899 819 4958 divinitatis
859 4897 978 4969 ejus
1028 4894 1364 4950 habitantem
1395 4892 1451 4947 in
1497 4905 1564 4946 eo
1620 4887 2012 4959 corporaliter,
2064 4897 2120 4941 ut

518 4992 768 5066 legimus,
781 4990 966 5047 videre
977 4988 1271 5046 desiderat.
1289 4983 1540 5042 Surrexit
1556 4990 1614 5037 ut
1629 4979 1852 5053 propius
1870 4977 2001 5035 illud
2023 4977 2118 5035 Dei

517 5085 756 5143 Verbum
787 5084 1020 5152 videret,
1044 5092 1101 5139 et
1129 5082 1182 5137 in
1204 5079 1311 5136 hoc
1333 5079 1454 5150 ipso
1488 5091 1782 5149 processus
1803 5074 1923 5147 ejus
1949 5073 2117 5146 signi-

515 5178 729 5247 ﬁcatur,
757 5175 902 5250 quod
939 5173 1178 5232 surrexit
1207 5186 1306 5244 per
1327 5171 1570 5242 vigorem
1619 5177 1782 5238 atque
1829 5167 2114 5230 virtutem;

513 5273 803 5349 praesentia
833 5272 980 5328 enim
1010 5267 1176 5325 Verbi
1200 5265 1381 5322 hausit
1409 5264 1604 5320 anima:
1636 5263 1890 5318 virtutem
1917 5303 1932 5327 ,
1977 5259 2120 5316 sicut

510 5367 804 5442 przesentia
848 5363 1032 5422 Mariae
1069 5379 1194 5419 cum
1241 5369 1402 5418 utero
1443 5357 1626 5431 gravis
1649 5367 1828 5423 esset,
1883 5355 2118 5414 erudivit

508 5463 775 5522 Joannem
801 5463 856 5518 in
887 5468 1046 5516 utero
1087 5458 1471 5513 constitutum:
1499 5451 1637 5509 adeo
1668 5460 1727 5507 ut
1770 5451 2020 5508 exsiliret
2045 5465 2114 5504 ex

504 5567 666 5620 utero
685 5565 740 5614 et
753 5553 1078 5618 exsultaret,
1094 5549 1308 5606 Domini
1327 5546 1673 5620 praesentiam
1690 5557 2109 5617 recognoscens.

579 5704 608 5733 ι
640 5693 762 5750 Lib.
783 5691 852 5749 de
878 5685 1218 5760 Virginitate,
1240 5685 1477 5760 cap._l5,
1501 5680 1766 5760 num.__7_8.

579 5764 610 5805 1³
629 5763 750 5820 Lib.
775 5762 848 5822 de
863 5750 1336 5832 Virginitate,’cap.
1361 5757 1448 5823 li,
1463 5750 1629 5812 vnum.
1656 5754 1746 5820 67,
1763 5761 1817 5811 et
1837 5750 1998 5824 paulo
2025 5751 2108 5805 in-

507 5833 698 5900 terius.

2227 4705 2495 4773 Rebecca,
2527 4721 2647 4776 qua:
2669 4705 2890 4776 cognito
2916 4703 3061 4775 quod
3086 4701 3233 4758 Isaac
3261 4701 3365 4757 sibi
3391 4693 3778 4757 veniretohvius,

2222 4796 2508 4854 descendit
2534 4795 2604 4852 de
2633 4796 2866 4860 camelo,
2892 4801 2946 4850 et
2973 4794 3138 4866 pallio
3163 4808 3224 4850 se
3251 4791 3468 4863 operuit
3494 4808 3507 4843 :
3536 4789 3604 4844 ita
3623 4794 3670 4841 et
3688 4782 3779 4837 hac

2221 4891 2400 4946 anima
2428 4931 2441 4956 ,
2489 4887 2748 4960 nuptialis
2803 4887 2972 4943 vestis
3021 4883 3389 4957 prtemittebat
3427 4879 3678 4952 insignia.
3724 4885 3777 4926 ne

2222 4981 2366 5038 forte
2415 4981 2736 5053 rejiceretur
2765 4979 2918 5053 quasi
2947 4988 3154 5036 vestem
3215 4992 3323 5033 non
3372 4976 3574 5032 habens
3596 4966 3775 5038 nuptia-

2224 5078 2330 5135 lem
2365 5095 2379 5143 ς
2409 5079 2496 5135 vel
2543 5087 2600 5134 ut
2651 5087 2814 5149 caput
2841 5077 3050 5132 velaret
3082 5083 3304 5146 propter
3323 5073 3560 5146 angelos.
3591 5064 3688 5126 Sed
3711 5059 3774 5118 illi

2226 5180 2614 5243 percusserunt
2641 5186 2785 5238 eam,
2809 5179 2868 5226 ut
2893 5169 3127 5240 amplius
3159 5167 3484 5239 probaretur
3510 5180 3524 5230 ;
3553 5167 3774 5218 exemti-

2220 5273 2310 5322 tur
2341 5266 2485 5322 enim
2529 5264 2725 5320 animae
2756 5263 3171 5320 tentationibus.
3206 5258 3538 5317 Tuleruntei
3566 5251 3767 5327 pallium,

2218 5367 2530 5429 quaerentes
2559 5358 2602 5413 si
2624 5372 2812 5413 verum
2841 5355 3097 5412 decorem
3129 5353 3285 5410 nudae
3339 5351 3546 5408 virtutis
3571 5345 3769 5403 aﬂ'errel.

2218 5450 2304 5505 vel
2325 5450 2455 5522 quia
2482 5450 2600 5505 sine
2629 5449 3007 5521 integumento
3024 5448 3146 5520 quis
3175 5447 3230 5502 in
3260 5445 3406 5500 illam
3435 5442 3689 5500 caelestem
3708 5430 3770 5487 οἱ·

2217 5541 2437 5598 vitatem
2467 5541 2664 5599 debeat
2717 5540 2966 5608 introire,
2993 5539 3141 5596 nulla
3189 5536 3440 5595 deferens
3471 5546 3642 5593 secum
3665 5538 3768 5598 ope-

2291 5690 2313 5754 εξ
2343 5681 2466 5754 Lib.
2505 5683 2575 5742 de
2601 5682 2772 5749 Isaac,
2796 5695 2918 5754 cap.
2943 5679 2998 5751 6,
3025 5673 3301 5748 num.§53.

2287 5747 2315 5788 ἀ
2344 5753 2444 5810 Ubi
2471 5769 2630 5827 supra
2683 5747 3099 5825 conseriuentcr.
