3920 6328
132 265 285 324 19Ξ9
1142 278 1183 334 Ε
1224 276 1532 338 SCRIPTIS
1572 278 1631 333 S.
1674 277 1995 338 AMBROSII
2034 278 2458 339 COLLECTUS.
3335 280 3480 341 I930

126 385 401 441 rimenta
432 385 709 444 fucorum.
743 387 879 445 Sunt
919 390 1081 447 etiam
1108 395 1197 463 qui
1232 398 1536 467 requirant,
1572 413 1639 454 ne
1667 412 1769 468 qua
1799 414 1845 470 Α
1878 396 2241 451 tabulationes
2271 411 2376 451 non
2410 401 2574 450 amet.
2608 392 2837 463 Aperuit
2881 393 3033 466 virgo
3059 393 3146 451 illa
3178 407 3303 452 suas
3334 398 3477 455 fores

126 475 329 531 anima
366 480 611 535 exuvias
654 494 841 537 secum
891 482 1058 537 vehat
1108 486 1345 541 carnalis
1389 488 1685 557 illecebrae,
1719 499 1772 545 et
1881 488 1976 543 Dei
2009 489 2188 545 Verbo
2220 506 2232 542 :
2266 488 2359 545 sed
2387 487 2642 551 transivit,
2673 488 2866 557 inquit,
2898 498 2945 542 et
2974 490 3130 543 exivit
3160 489 3336 543 anima
3367 506 3481 545 mea

126 570 679 641 concupiscentiam
718 576 1085 645 corporalem.
1131 576 1380 634 Nudatur
1431 582 1617 651 pallio,
1649 597 1771 638 cum
1876 584 1929 637 in
1958 583 2107 637 verbo
2143 586 2257 656 ejus
2286 582 2465 655 (Vera.
2497 580 2574 653 6).
2611 582 2787 637 Exivit
2814 598 2843 636 a
2873 584 3095 649 mundo,
3129 584 3295 639 exivit
3320 598 3351 638 a
3378 597 3482 639 sm-

127 663 259 731 ejus
306 666 670 721 conscientia
722 666 1123 723 manifestatur.
1177 669 1286 725 Sed
1340 680 1427 726 est
1473 688 1593 742 quae
1635 672 1772 729 bene
1875 678 2020 739 culo,
2056 678 2319 733 remansit
2352 678 2404 731 in
2456 676 2693 732 Christo.
2728 676 2980 745 Qumsiui,
3038 677 3237 750 inquit,
3289 692 3404 733 eum
3431 687 3482 733 et

129 756 416 825 nudatur,
434 761 532 815 cui
565 760 691 815 licet
721 760 919 816 imitari
948 761 1219 818 dicentem
1255 780 1268 816 :
1294 763 1447 819 Venit
1472 766 1605 819 enini
1627 766 1773 836 prin-
1875 786 1979 824 non
2005 771 2173 824 inveni
2199 787 2335 825 eum.
2367 770 2528 826 Amat
2556 770 2700 825 enim
2744 768 2992 827 Christus
3015 771 3109 827 diu
3136 771 3365 843 requiri.

129 866 260 920 cepa
293 850 479 925 hujus
515 853 712 917 mundi,
744 863 791 908 et
842 853 897 908 in
922 870 1002 908 me
1051 855 1243 909 invenit
1288 856 1421 911 nihil
1455 855 1635 929 (Joan.
1660 872 1773 925 xtv,
1944 864 2034 919 47.
2066 862 2401 919 Invenerunt
2427 862 2574 919 illam
2600 862 2857 919 custodes
2879 878 3185 919 murorum.
3218 862 3481 923 Fortasse

130 940 231 1013 30)
258 959 275 1008 ;
311 944 455 1014 quia
491 956 643 1003 certe
670 946 724 1002 in
776 946 872 1002 illo
896 947 1015 1004 solo
1042 946 1174 1003 nihil
1207 948 1434 1019 invenit,
1462 950 1554 1019 qui
1581 965 1775 1021 pecca-
1876 963 2083 1009 suntet
2113 954 2205 1009 alii
2244 953 2518 1019 custodes,
2548 969 2689 1025 quos
2720 955 2892 1025 magis
2923 954 3233 1026 intelligere
3271 955 3479 1013 debea-

136 1045 254 1091 tnm
288 1052 410 1092 non
448 1038 608 1096 fecit.
1876 1060 2016 1101 mus.
2049 1045 2146 1101 Est
2170 1045 2312 1101 enim
2340 1045 2533 1100 civitas
2561 1060 2682 1115 quae
2710 1052 2898 1115 portas
2949 1061 3232 1102 murorum
3262 1047 3479 1103 clausas

208 1131 310 1186 44.
346 1132 534 1190 Beata
580 1143 636 1190 et
666 1135 756 1192 illa
784 1146 867 1193 est
916 1138 968 1192 in
1014 1152 1117 1209 qua
1144 1154 1250 1194 non
1281 1141 1467 1209 gravia
1490 1149 1586 1196 aut
1608 1140 1773 1197 multa
1877 1154 1984 1195 non
2017 1138 2200 1203 habet,
2230 1138 2299 1194 de
2345 1153 2449 1209 qua
2498 1138 2699 1193 dictum
2728 1147 2849 1193 est:
2881 1137 2947 1192 Et
3005 1149 3169 1207 parite
3235 1139 3344 1210 ejus
3376 1156 3481 1193 non

138 1224 389 1291 invenit,
425 1225 533 1281 sed
563 1226 769 1282 invenit
800 1228 853 1282 in
910 1243 972 1283 ea
1003 1229 1261 1284 amictum
1305 1230 1426 1285 fidei
1456 1240 1511 1285 et
1553 1230 1772 1301 sapien-
1876 1232 2185 1287 claudentur
2213 1248 2302 1301 per
2353 1233 2490 1285 diem
2518 1231 2706 1302 (Apoc.
2742 1247 2854 1296 XXI,
2884 1231 2978 1301 25)
3010 1248 3023 1295 ;
3058 1246 3166 1285 nox
3198 1232 3341 1285 enim
3372 1246 3481 1287 non

136 1316 229 1371 tia:
262 1315 661 1387 disciplinam.
687 1318 872 1389 Itaque
915 1319 1034 1376 sine
1074 1320 1363 1390 dispendio
1415 1323 1497 1376 sui
1546 1323 1689 1393 (quia
1721 1331 1777 1379 et
1875 1322 2238 1393 eritamplius
2270 1323 2322 1378 in
2354 1338 2443 1388 ea,
2471 1322 2705 1377 all'erent
2726 1320 2950 1391 gloriam
2974 1334 3027 1376 et
3056 1322 3319 1377 honorem
3348 1338 3483 1391 gen-

140 1412 185 1465 si
219 1411 383 1467 volet
413 1413 571 1482 quis,
619 1428 726 1469 non
766 1424 945 1485 potest
973 1416 1189 1472 auferre
1215 1432 1399 1473 veram
1432 1418 1774 1489 sapientiam)
1877 1426 1961 1472 tes
1990 1418 2041 1472 in
2075 1417 2242 1472 illam.
2270 1415 2363 1470 Illa
2411 1426 2493 1472 est
2522 1430 2654 1486 ergo
2699 1416 2891 1471 civitas
2919 1414 3260 1470 Hierusalem
3285 1430 3404 1484 qure
3425 1414 3479 1469 in

140 1503 245 1558 etsi
269 1502 646 1561 adversarius
678 1506 1001 1578 obstrepat;
1032 1508 1120 1564 ubi
1165 1519 1343 1564 tamen
1376 1524 1501 1564 vera
1537 1508 1777 1565 innoxiae
1876 1512 2019 1569 ccelo
2046 1520 2151 1575 est,
2186 1511 2329 1565 intra
2374 1525 2536 1577 quam
2579 1508 2689 1579 jam
2721 1509 2873 1579 quasi
2929 1510 3166 1578 perfecta
3205 1515 3264 1564 et
3294 1508 3486 1562 imma-

143 1601 612 1656 conversationis
640 1601 821 1657 elucet
866 1600 1173 1673 integritas,
1206 1603 1454 1659 transivit
1496 1604 1772 1673 custodes,
1877 1605 2053 1661 culata
2077 1603 2343 1668 servaris;
2375 1617 2482 1657 non
2513 1600 2660 1656 enim
2712 1600 2882 1655 intrat
2909 1600 2960 1654 in
2989 1613 3107 1653 eam
3140 1614 3303 1655 omne
3328 1612 3481 1655 com-

142 1699 201 1747 et
232 1691 472 1748 filiabus
507 1693 654 1750 illius
696 1694 936 1750 ccelestis
974 1695 1212 1750 civitatis
1242 1694 1503 1762 admixta,
1533 1694 1774 1752 Verbum
1878 1711 2063 1751 mune.
2088 1694 2408 1750 Communis
2459 1691 2682 1747 castitas
2731 1700 2967 1755 nonest,
2998 1691 3304 1746 communis
3326 1688 3487 1761 pudi-

146 1785 390 1858 requirit
424 1804 440 1853 ;
474 1797 532 1843 et
569 1788 865 1859 quazrendo
895 1789 1014 1860 ejus
1042 1790 1097 1843 in
1117 1805 1178 1846 se
1202 1791 1403 1845 excitat
1427 1790 1771 1857 charitatem,
1804 1800 1853 1861 Β
1879 1789 2007 1846 cilia
2038 1803 2145 1844 non
2176 1796 2281 1855 est,
2305 1802 2425 1858 qua:
2452 1786 2504 1842 in
2535 1785 2675 1841 libro
2699 1785 2823 1838 vitae
2851 1783 3127 1839 scribitur.

147 1888 204 1935 et
233 1880 333 1936 ubi
366 1880 623 1937 Verbum
669 1891 901 1953 quaerat,
927 1882 1198 1953 agnoscit.
1225 1893 1249 1920 α
1296 1881 1414 1939 Non
1443 1882 1641 1953 injuria
1674 1895 1781 1939 tan-
1954 1883 2043 1939 48.
2076 1882 2134 1940 Si
2167 1883 2332 1953 igitur
2362 1879 2670 1936 invenimus
2708 1878 3012 1943 civitatem,
3037 1877 3404 1948 ingrediamur
3429 1877 3486 1934 in

152 1975 453 2033 tummodo
474 1986 564 2033 est
586 1992 693 2033 non
723 1977 1001 2033 invenisse
1040 1992 1199 2049 quem
1235 1992 1472 2047 quaeras,
1499 1977 1593 2033 sed
1614 1978 1777 2033 etiam
1881 1992 2025 2041 eam,
2057 1976 2338 2032 videamus
2365 1975 2549 2030 lumen
2586 1973 2730 2042 eius,
2755 1970 3037 2027 videamus
3065 1985 3271 2038 muros,
3303 1969 3488 2026 videa-

151 2068 503 2139 plerumque
554 2068 647 2125 ubi
701 2084 809 2124 non
841 2076 1079 2139 oportet,
1116 2070 1379 2140 quaesisse
1425 2070 1622 2125 vulnus
1648 2080 1733 2126 est
1764 2088 1777 2124 :
1884 2084 2005 2125 mus
2035 2066 2382 2123 fundamenta
2429 2063 2687 2129 muralia,
2712 2061 2997 2118 videamus
3034 2060 3197 2116 etiam
3232 2059 3488 2116 custodes

153 2158 430 2229 quaesisse
471 2160 531 2214 in
579 2157 831 2215 domibus
857 2159 1096 2214 virorum
1144 2160 1238 2231 qui
1286 2159 1391 2215 sibi
1424 2161 1560 2217 falso
1582 2176 1778 2218 nomen
1883 2174 2186 2216 murorum.
2216 2157 2325 2215 Sed
2379 2156 2655 2228 quomodo
2698 2154 3071 2225 ingrediamur
3116 2152 3172 2207 in
3222 2152 3392 2207 eam?
3430 2150 3492 2208 In

154 2247 456 2305 doctorum
516 2260 823 2316 assumunt,
854 2251 1115 2321 quaesisse
1158 2253 1440 2322 procacius
1481 2269 1642 2324 quam
1692 2270 1781 2311 ve-
1883 2253 1988 2308 hac
2009 2253 2230 2308 civitate
2251 2252 2360 2306 vita
2393 2258 2501 2316 est,
2526 2260 2580 2305 et
2624 2264 2730 2303 una
2756 2256 2841 2304 est
2864 2248 2948 2302 via
2972 2262 3093 2317 quae
3122 2246 3273 2301 ducit
3314 2245 3383 2302 ad
3412 2245 3495 2302 vi-

160 2344 494 2401 reconditis.
541 2344 685 2417 Ergo
730 2360 1025 2401 caveamus
1067 2347 1320 2418 exemplo
1347 2346 1514 2415 illius,
1562 2364 1631 2405 ne
1680 2362 1781 2405 nos
1884 2353 2013 2400 tam.
2046 2345 2142 2401 Via
2176 2358 2307 2414 ergo
2333 2341 2585 2398 Christus
2639 2348 2746 2406 est,
2775 2354 2909 2410 ergo
2963 2336 3241 2394 Christum
3288 2351 3493 2408 sequa-

156 2437 422 2494 custodes
452 2438 741 2495 inveniant
766 2439 856 2509 qui
900 2439 1241 2495 circumeunt
1265 2440 1561 2498 civitatem.
1885 2457 2025 2497 mur.
2053 2438 2160 2496 Sed
2189 2439 2306 2510 ipsa
2353 2437 2406 2491 in
2436 2436 2575 2492 caelo
2599 2442 2685 2490 est
2710 2433 2903 2488 civitas
2935 2448 2951 2496 ;
3001 2431 3273 2501 quomodo
3328 2430 3492 2500 igitur

229 2528 323 2586 ιδ.
352 2527 707 2597 Invenerunt,
742 2530 938 2602 inquit,
966 2548 1046 2586 me
1082 2532 1321 2587 custodes
1349 2534 1435 2603 qui
1464 2534 1783 2589 circumeunt
1883 2535 2241 2594 ascendamus
2262 2534 2328 2589 ad
2350 2532 2769 2591 ccelum‘mocet
2796 2530 3162 2600 Evangelista,
3195 2526 3436 2600 quidicit
3468 2545 3485 2582 :

158 2621 419 2676 civitatem
456 2637 476 2677 :
518 2633 883 2694 percusserunt
913 2633 961 2677 et
1005 2626 1403 2679 vulneraverunt
1448 2642 1550 2691 me,
1576 2636 1624 2680 et
1649 2626 1784 2682 tule-
1883 2630 1953 2685 Et
1977 2631 2159 2687 eduas't
2188 2645 2267 2682 me
2295 2628 2349 2682 in
2376 2628 2567 2696 spiritu
2608 2626 2663 2679 in
2705 2634 2928 2679 montem
2958 2639 3200 2694 magnum
3223 2630 3270 2677 at
3296 2620 3494 2685 altum,

162 2724 282 2769 runt
334 2715 573 2786 pallium
598 2732 769 2770 meum
795 2732 827 2769 a
856 2732 937 2770 me
967 2717 1207 2771 custodes
1252 2733 1540 2772 murorum.
1573 2716 1692 2772 Non
1727 2717 1780 2772 in
1880 2732 1929 2777 et
1957 2720 2178 2776 ostendit
2204 2719 2332 2773 mihi
2366 2718 2620 2772 civitatem
2648 2724 2879 2771 sanetant
2914 2712 3242 2769 Hierusalem
3271 2714 3487 2768 descen-

164 2820 244 2871 se,
291 2806 449 2872 ﬁliae,
501 2806 597 2863 sed
642 2807 695 2863 in
751 2808 906 2864 nobis
943 2808 1260 2865 vulneratur
1286 2808 1550 2865 Ecclesia.
1576 2808 1784 2866 Cavea-
1883 2814 2086 2870 dentem
2133 2813 2197 2867 de
2243 2810 2369 2866 cmlo
2396 2810 2581 2883 (Apoc.
2628 2808 2723 2874 21,
2771 2808 2886 2878 10).
2941 2806 3317 2862 Ascendamus
3352 2820 3487 2876 ergo

166 2913 284 2954 tnus
315 2899 495 2971 igitur
526 2915 593 2956 ne
622 2900 806 2970 lapsus
829 2910 1035 2963 noster.
1066 2901 1261 2956 vulnus
1286 2901 1548 2957 Ecclesiae
1572 2901 1685 2967 fiat,
1714 2916 1784 2958 ne
1885 2909 2102 2977 spiritu,
2153 2905 2282 2976 quia
2331 2918 2461 2960 caro
2507 2900 2805 2957 ascendere
2856 2898 2924 2954 ad
2977 2914 3096 2954 eam
3138 2913 3243 2953 non
3286 2904 3493 2968 potest.

167 2990 287 3061 quis
333 3006 364 3045 ³
402 2992 574 3048 “oms
620 2992 843 3063 Paulum
894 2992 1141 3059 δαίεται,
1202 2992 1308 3048 hoc
1354 3002 1474 3059 εει,
1523 2993 1781 3049 amicum
1885 2999 2260 3057 Ascendamus
2308 3011 2408 3053 nos
2435 2995 2649 3051 interim
2673 2994 2727 3048 in
2760 2992 2984 3057 caelum,
3014 3000 3072 3046 ut
3102 2990 3170 3047 ad
3202 3005 3303 3046 nos
3340 2998 3495 3062 post-

170 3084 510 3153 prudentiaa,
542 3085 755 3157 insigne
801 3087 1097 3156 patientiae,
1147 3101 1256 3157 quo
1294 3086 1557 3142 mollioris
1604 3086 1718 3141 aml

1945 3120 1947 3146 ι
1992 3091 2060 3147 de
2090 3090 2230 3147 caelo
2276 3088 2365 3144 illa
2393 3085 2708 3151 descendat,
2761 3085 2814 3139 in
2844 3100 2948 3155 qua
2970 3084 3151 3139 lumen
3182 3091 3268 3139 est
3313 3082 3493 3139 simile

175 3176 247 3231 tio
266 3180 438 3234 vestis
462 3177 689 3234 exuitur
719 3196 733 3232 :
767 3177 870 3245 Qui
897 3178 1041 3234 enim
1091 3178 1411 3233 mollioribus
1444 3179 1663 3233 vestibus
1692 3178 1777 3231 in-
1804 3185 1849 3247 C
1884 3183 2075 3254 lapidis
2090 3179 2488 3253 pretiosissimi,
2511 3187 2567 3232 ut
2589 3175 2790 3246 lapidis
2807 3174 3037 3246 jaspidis
3058 3185 3111 3231 et
3132 3174 3375 3246 crystalli
3406 3173 3497 3231 ha-

175 3266 426 3336 duuntur,
461 3268 523 3322 in
550 3266 788 3322 domibus
814 3283 989 3337 regum
1018 3278 1136 3322 sunt
1162 3266 1379 3339 (Matth.
1403 3284 1478 3335 st,
1504 3268 1584 3339 8).
1620 3266 1785 3323 Nobis
1887 3278 1983 3335 bet
2002 3291 2215 3332 murum
2243 3288 2495 3346 magnum
2515 3270 2771 3327 etaltum.

176 3366 353 3414 autem
382 3357 616 3431 pallium
650 3358 800 3417 dedit
824 3359 1099 3424 Christus,
1129 3373 1236 3429 quo
1274 3360 1554 3429 apostolos
1582 3374 1711 3415 suos
1731 3368 1787 3415 et
1961 3368 2053 3425 t9.
2084 3364 2329 3422 Didiciin
2353 3360 2811 3428 lumen,didicisti
2836 3374 3085 3425 murum;
3110 3357 3260 3414 disce
3284 3365 3497 3428 portas,

177 3465 375 3524 corpus
429 3468 599 3510 suum
639 3453 759 3524 ipse
806 3455 1044 3519 vesﬁvit.
1074 3454 1219 3526 quod
1269 3454 1506 3524 denique
1550 3456 1787 3525 jubette
1888 3460 2328 3520 discecustodes.
2357 3458 2547 3523 Habet,
2576 3456 2771 3527 inquit,
2815 3464 2993 3523 portas
3040 3453 3337 3514 duodecim,
3365 3453 3500 3507 etin

183 3543 332 3612 dare,
354 3546 400 3602 Si
428 3546 557 3618 quS
583 3561 613 3601 ³
647 3553 699 3602 ιθ
728 3546 964 3601 illlllcalll
993 3546 1148 3617 βθῑίῑι
1179 3556 1236 3601 lli
1258 3545 1500 3602 dlmlllas
1522 3547 1569 3602 θῘ
1594 3557 1647 3601 el
1668 3546 1787 3618 Pa"
1892 3557 2052 3626 portis
2078 3553 2292 3625 angelos
2311 3550 2608 3615 duodecim,
2652 3550 2706 3602 in
2743 3549 2927 3615 quibus
2956 3546 3230 3601 duodecim
3267 3545 3497 3600 tribuum

185 3635 311 3692 lium
340 3636 563 3711 (Matth.
594 3654 651 3704 v,
681 3636 814 3708 40);
846 3637 899 3692 id
928 3647 1035 3701 est,
1063 3638 1271 3709 insigne
1293 3638 1650 3710 phil050pltiae
1681 3648 1733 3694 tu

1953 3650 2120 3704 iarum
2150 3645 2318 3701 Israel
2369 3644 2724 3712 superscripta
2752 3650 2873 3695 sunt
2916 3639 3131 3694 nomina
3159 3636 3348 3706 (Ibid.,
3384 3635 3501 3707 12).

190 3729 389 3798 tradas,
414 3739 473 3786 et
501 3730 657 3800 quasi
705 3730 906 3786 amictu
954 3729 1254 3801 prudetttize
1290 3730 1505 3803 1598
1533 3740 1638 3787 tuae
1663 3746 1738 3787 eui

1995 3740 2168 3811 portis
2210 3736 2644 3810 patriarcharum
2720 3732 2938 3786 nomina
3002 3731 3380 3793 continentur,
3440 3728 3498 3782 in

192 3821 277 3891 qui
304 3831 436 3879 ante
457 3823 640 3879 nudus
669 3822 868 3889 fuerat,
909 3823 1342 3879 circumvestias.

1949 3846 2050 3888 uro
2076 3828 2489 3899 apostolorum;
2514 3824 2870 3880 fundamenta
2899 3822 3046 3876 enim
3076 3820 3336 3885 civitatis,
3360 3833 3494 3889 apo-

260 3914 351 3971 46.
381 3916 464 3973 lbi
494 3916 843 3987 igitttr,ﬁliae,
868 3914 1147 3972 Christum
1166 3931 1499 3986 quaeramus,
1521 3917 1612 3973 ubi
1644 3932 1792 3989 quae-
1892 3924 2043 3990 stoli,
2077 3932 2131 3978 et
2158 3920 2298 3992 lapis
2332 3918 2612 3990 angularis
2649 3922 2735 3970 est
2762 3911 3039 3976 Christus,
3076 3911 3131 3965 in
3160 3925 3288 3981 .quo
3314 3910 3500 3966 omnis

196 4008 264 4063 ill
306 4008 662 4076 E¢0188l3.itl
713 4010 985 4064 montibus
1014 4008 1140 4064 boni
1170 4008 1377 4075 οάοΐίεν
1406 4008 1495 4079 (Illi
1540 4009 1790 4064 excelso-
1890 4024 2163 4074 structura
2215 4010 2517 4081 consurgit.
2565 4009 2706 4063 Deus
2744 4018 2921 4071 extra,
2956 4004 3101 4060 Deus
3147 4001 3318 4065 intus,
3350 4001 3499 4058 Deus

199 4115 313 4158 Tum
342 4104 685 4161 δυδιῖῐηίιδιϐ
734 4106 1025 4171 τεοιοτιιῐη.
1053 4118 1271 4159 suavem
1296 4103 1423 4158 νῖιεῐὶ
1445 4102 1668 4158 Odorem
1694 4118 1793 4174 1)ΐο
1894 4110 2097 4180 ubique
2127 4115 2212 4163 est
2256 4122 2269 4158 :
2318 4101 2489 4158 Habet
2512 4100 2668 4164 enim,
2693 4098 2887 4169 inquit.
2936 4095 3113 4149 civitas
3177 4094 3501 4165 majestatem

200 4192 516 4249 meritorum
542 4194 839 4251 verticibus
884 4194 1161 4250 exhalant.
1197 4192 1224 4233 ι)
1253 4194 1329 4249 Ea
1371 4210 1491 4265 quae
1518 4195 1793 4251 Christum
1899 4202 1995 4258 Dei
2034 4200 2225 4275 (tbid.,
2256 4198 2370 4270 ll).
2417 4196 2558 4267 Ergo
2611 4203 2666 4249 et
2695 4207 2814 4258 vos,
2871 4199 3075 4245 sanctas
3131 4188 3393 4259 virgines,
3444 4195 3503 4243 et

203 4286 446 4356 requirit,
478 4303 585 4344 non
613 4288 778 4344 debet
807 4301 931 4345 esse
968 4287 1226 4358 vulgaris,
1260 4302 1369 4343 non
1397 4286 1559 4344 debet
1583 4303 1710 4344 esse
1739 4288 1793 4342 in
1896 4294 2224 4368 quicumque
2249 4290 2379 4362 justi
2405 4288 2561 4354 estis,
2594 4294 2649 4343 et
2676 4284 3081 4342 immaculatam
3135 4282 3332 4337 animae
3358 4280 3502 4351 geri-

206 4375 338 4445 foro,
370 4396 479 4437 non
521 4382 576 4438 in
608 4382 826 4453 plateis,
856 4396 992 4438 voce
1016 4381 1243 4452 querula
1270 4424 1285 4449 ,
1334 4398 1526 4453 gressu
1562 4382 1793 4449 lubrica,
1898 4390 1969 4445 tis
2014 4386 2349 4451 castitatem,
2399 4382 2549 4438 cives
2594 4388 2907 4436 sanctorum
2951 4376 3090 4431 estis
3135 4384 3190 4431 et
3215 4372 3508 4431 domestici

206 4466 374 4528 facilis
400 4474 572 4541 aditu,
603 4476 729 4532 vilis
770 4482 1018 4546 aspectu.
1047 4474 1347 4531 Terrenum
1378 4475 1475 4533 tibi
1503 4475 1799 4546 Apostolus
1897 4484 2018 4540 Dei.
2053 4481 2163 4540 sed
2186 4489 2314 4536 tunc
2341 4475 2681 4533 nobilitatem
2710 4473 2870 4529 istam
2908 4469 3101 4541 patriae
3124 4465 3504 4539 possidebitis,

208 4565 529 4621 consortium
552 4575 737 4638 negat,
769 4575 826 4622 et
854 4567 995 4622 ultra
1031 4575 1236 4622 natura:
1266 4566 1656 4638 propemodum
1690 4575 1756 4621 tet

1976 4575 2251 4633 Christum
2284 4572 2427 4626 intra
2456 4565 2694 4623 civitatis
2720 4563 2877 4619 istius
2922 4570 3079 4630 septa
3110 4556 3391 4627 quieratis,
3424 4556 3505 4612 in-

211 4654 405 4724 minos,
436 4658 538 4715 alis
566 4626 860 4717 advctelum
888 4659 1047 4716 docet
1084 4660 1417 4729 spiritalibus
1444 4657 1796 4715 evolandum.
1824 4626 1877 4686 D
1900 4666 2077 4740 gressi
2106 4680 2203 4736 per
2231 4662 2391 4719 (idem
2426 4668 2691 4728 actusque
2721 4655 3015 4727 pretiosos,
3064 4648 3505 4721 patriarcbarum

217 4745 338 4813 Qua:
359 4768 563 4807 sursum
586 4764 729 4821 sunt,
761 4754 955 4825 inquit,
987 4754 1171 4825 sapite,
1200 4771 1303 4809 non
1350 4770 1465 4825 quia
1508 4770 1667 4824 super
1693 4764 1765 4808 ter

1961 4756 2185 4817 arificati
2238 4752 2466 4820 lumine,
2499 4747 2713 4806 fundati
2763 4761 2930 4818 super
2955 4742 3253 4815 apostolos,
3283 4755 3509 4799 versan-

215 4854 318 4894 ram
344 4842 539 4913 (Colos.
562 4863 645 4912 ut,
674 4847 755 4919 2).
800 4846 907 4902 Sed
953 4847 1078 4919 quia
1107 4846 1211 4902 hoc
1241 4845 1578 4917 impossibile
1598 4854 1717 4902 erat
1743 4844 1799 4901 in
1903 4866 1983 4913 tes
2011 4854 2153 4911 inter
2178 4846 2424 4921 angelos.

219 4930 313 4989 hoc
333 4942 575 5008 corporis
600 4941 751 4998 velut
777 4941 1019 4997 claustro
1048 4941 1295 5007 reclusis,
1340 4948 1394 4996 et
1415 4940 1540 5011 quia
1574 4939 1799 4995 defuuc-
1977 4946 2072 5002 50.
2090 4939 2376 5012 Quomodo
2406 4937 2570 5008 igitur
2615 4936 2706 4991 isti
2758 4931 3012 4989 custodes
3038 4929 3216 5001 angeli
3237 4936 3385 4994 sunt,
3413 4926 3513 4998 qui

220 5023 283 5079 tis
310 5033 643 5101 corporibus,
670 5034 846 5089 anima
878 5035 1046 5091 fertur
1074 5033 1142 5088 ad
1198 5033 1478 5103 superiora
1526 5033 1797 5099 revelare,
1906 5046 2075 5098 casta:
2100 5036 2298 5093 animae
2328 5032 2551 5102 pallium
2585 5025 2825 5083 tollunt?
2871 5022 3032 5080 Aliud
3074 5022 3302 5092 pallium
3348 5020 3514 5092 virgi-

214 5117 416 5191 alligata
469 5126 597 5183 dum
649 5128 919 5195 vivimus,
978 5126 1209 5198 quadam
1274 5135 1478 5183 nostra:
1536 5126 1655 5198 lege
1716 5139 1806 5182 na-
1912 5147 2040 5190 num
2090 5138 2194 5193 est,
2249 5124 2397 5183 aliud
2437 5118 2857 5179 adolescentulze
2912 5113 3382 5171 circumforaneae.
3414 5111 3515 5169 Illa

210 5216 356 5279 iuras,
388 5216 518 5277 ideo
548 5221 792 5277 addidit:
826 5220 1025 5276 Μονιαὶ
1055 5222 1191 5276 enim
1210 5220 1355 5288 estis,
1386 5230 1435 5275 et
1487 5220 1590 5274 vita
1642 5229 1810 5275 vestra
1910 5239 2031 5298 quae
2056 5223 2110 5278 in
2140 5220 2262 5275 foro
2288 5217 2566 5274 Christum
2620 5210 2870 5281 requirit,
2914 5207 3138 5278 pallium
3169 5206 3333 5260 etiam
3366 5203 3519 5298 quod

214 5304 502 5369 abscondita
521 5325 597 5370 est
618 5331 736 5371 cum
756 5313 963 5370 Christo
982 5316 1035 5368 in
1058 5314 1167 5369 Deo
1190 5313 1472 5385 (Ibid.,3).
1499 5313 1557 5371 Si
1579 5313 1811 5369 abscon-
1914 5297 2172 5380 habebat,
2202 5310 2401 5367 amisit.
2433 5304 2728 5365 Prudentia
2750 5301 2896 5358 enim
2920 5315 3026 5355 non
3058 5299 3112 5353 in
3158 5299 3297 5363 foro,
3330 5297 3521 5353 nonin

217 5395 316 5453 dita
344 5413 425 5457 est
448 5420 576 5462 cum
622 5406 843 5463 Christo
870 5407 922 5462 in
975 5407 1105 5471 Deo,
1139 5420 1246 5462 non
1270 5414 1530 5479 appareat
1560 5405 1762 5463 mundo
1792 5446 1809 5474 ,
1916 5406 2131 5480 plateis,
2186 5402 2281 5460 sed
2330 5402 2387 5457 in
2440 5395 2683 5455 Ecclesia
2712 5390 3048 5495 possidetur.
3072 5389 3139 5446 Et
3188 5388 3423 5444 fortasse
3458 5396 3523 5446 ut

222 5487 456 5551 Christus
510 5500 651 5554 enim
684 5510 933 5555 mortuus
981 5506 1066 5554 est
1094 5499 1316 5568 mundo,
1354 5497 1484 5555 vivit
1508 5500 1642 5557 Deo.
1677 5498 1813 5559 Vide
1916 5514 2039 5557 cum
2088 5496 2221 5569 ipsis
2250 5506 2467 5567 quoque
2518 5488 2799 5545 veniamus
2826 5486 2882 5539 in
2911 5486 3166 5554 gratiam,
3195 5490 3357 5552 atque
3400 5493 3523 5536 om-

230 5598 361 5645 nunc
398 5596 843 5666 quemadmodum
892 5597 1193 5658 desiderari
1214 5608 1359 5657 amet
1387 5598 1657 5669 Christus,
1684 5614 1818 5659 con-
1920 5597 2071 5654 nium
2098 5589 2511 5651 misericordem
2556 5584 2725 5640 Deum
2776 5593 2901 5638 esse
2946 5574 3436 5648 doceamus;quia
3467 5580 3531 5633 et

304 5727 328 5758 ἰ
357 5721 473 5782 Lib.
492 5727 561 5786 de
587 5729 930 5801 Virginitate,
959 5746 1010 5787 c.
1041 5732 1132 5801 10,
1160 5749 1216 5790 n.
1240 5732 1331 5790 47.
1985 5726 2013 5769 δ
2040 5728 2162 5786 Lib.
2191 5726 2262 5784 de
2292 5722 2639 5796 Virginitate,
2672 5731 2795 5788 cap.
2835 5714 2903 5771 l3
2932 5724 2987 5770 et
3020 5714 3111 5782 ιι,
3144 5727 3295 5771 num.
3328 5710 3531 5772 83-92.

584 5820 856 5886 Panos.
904 5821 1049 5886 XV.
3000 5803 3082 5866 9³
