3964 6330
488 289 621 348 1951

1493 277 2038 337 COMMENTARIUS
2076 278 2140 335 IN
2169 277 2466 337 CANTICA
2507 277 2778 337 CANTIC.

3662 275 3790 336 {952

481 410 564 467 illi
587 409 860 464 Christum
907 404 1198 478 aliquando
1245 401 1548 472 reperiunt,
1583 402 1629 456 si
1672 411 1851 456 tamen
1879 400 2080 472 jugiter
2107 403 2159 462 A
2259 401 2347 456 55.
2397 411 2424 440 ι
2470 401 2719 456 Tale-runt
2768 401 2892 456 mihi
2935 401 3152 474 pallium
3198 417 3388 456 meum.
3443 399 3634 455 Bonus
3673 402 3795 454 ami-

487 511 756 576 qumrant,
815 501 1034 572 pallium
1066 501 1170 552 hoc
1224 497 1453 550 amictus
1507 504 1591 549 est
1641 494 1910 564 corporis.
1943 493 2089 564 Ergo

489 598 581 668 qui
606 595 854 670 quaesivit
883 592 1158 649 Christum
1205 590 1260 646 in
1290 589 1478 656 cubili,
1519 587 1569 642 si
1593 598 1772 642 tamen
1795 588 1873 640 sic
1893 585 2093 656 quaesi-

487 691 584 752 vit.
611 689 752 747 sicut
778 686 868 741 ille
895 685 984 755 qui
1004 683 1139 738 dixit
1167 701 1183 736 :
1217 683 1308 737 Sic
1336 697 1528 736 memor
1553 681 1630 752 fui
1672 681 1750 734 tui
1777 694 1933 748 super
1952 687 2090 731 stra-

487 793 596 836 tum
647 795 815 846 meum
865 775 989 846 (Ps.
1039 791 1168 842 an,
1201 775 1258 845 7)
1290 790 1304 840 ;
1337 774 1382 827 si
1413 771 1663 844 qutnsivit
1705 771 1757 824 in
1818 769 2084 833 noctibus,

481 871 637 944 juxta
661 869 804 942 quod
837 870 1102 940 scriptum
1133 876 1255 923 est:
1290 865 1355 920 In
1379 865 1618 920 noctibus
1645 862 1880 918 extollite
1907 876 2092 913 manus

484 974 684 1018 vestras
704 964 760 1018 in
800 970 980 1016 sancta
1007 959 1127 1032 (Ps.
1151 975 1354 1024 cxxsn,
1382 956 1441 1029 9.)
1472 975 1484 1010 :
1517 957 1564 1011 si
1593 954 1842 1026 quaesivit
1872 955 1925 1008 in
1953 953 2088 1008 civi-

486 1066 618 1124 tate,
651 1058 702 1111 in
733 1055 850 1112 foro
881 1063 936 1110 et
963 1055 1015 1108 in
1049 1053 1268 1124 plateis,
1299 1053 1353 1105 in
1397 1051 1621 1106 civitate
1651 1048 1744 1104 Dei
1797 1046 1968 1104 nostri
1994 1061 2008 1098 :
2035 1045 2089 1100 in

483 1150 606 1208 foro
635 1149 886 1215 fortasse,
915 1147 1132 1220 1599
1153 1146 1206 1200 in
1251 1161 1360 1217 quo
1385 1145 1548 1214 judex
1601 1145 1694 1198 ille
1733 1142 1902 1198 divini
1951 1141 2091 1212 juris

484 1243 663 1310 sedet,
697 1242 748 1296 in
809 1241 1002 1312 plateis
1049 1239 1192 1296 unde
1212 1238 1428 1294 collecti
1460 1247 1588 1292 sunt
1618 1237 1709 1306 qui
1764 1235 1832 1290 ad
1875 1250 2089 1291 cmnam

485 1335 821 1392 Dominicam
853 1342 1262 1398 convenerunt;
1325 1339 1501 1400 potest
1551 1329 1985 1385 custodientibus
2015 1328 2092 1383 ci—

479 1427 705 1482 vitalem
743 1424 838 1480 Dei
863 1425 1088 1496 angelis,
1117 1425 1244 1478 dum
1272 1422 1362 1476 diu
1388 1420 1601 1491 quaerit,
1634 1419 2091 1488 occurrere.Quin

483 1521 651 1578 etiam
681 1537 746 1574 ex
779 1519 989 1576 caelesti
1020 1517 1308 1572 custodum
1364 1527 1577 1581 natura,
1608 1514 1886 1570 cmleStem
1931 1513 2092 1566 intel-

485 1611 655 1684 ligere
705 1598 999 1682 possumus
1049 1608 1348 1672 civitatem,
1379 1607 1605 1662 caeleste
1645 1605 1820 1661 forum
1865 1604 2093 1675 justitite

482 1705 858 1776 sempiternae,
891 1717 999 1760 non
1030 1701 1170 1756 viles
1211 1700 1442 1770 plateas,
1490 1698 1586 1753 sed
1639 1698 1943 1755 fortassein
1971 1697 2094 1766 qui-

2195 505 2315 550 etus
2346 495 2620 551 mternitas
2641 496 2785 561 vitae,
2811 495 2914 549 hoc
2966 495 3188 565 pallium
3227 495 3456 565 Sponsae
3509 494 3792 548 voluerunt

2193 585 2410 642 auferre
2453 587 2710 644 custodes
2743 603 3050 654 murorum,
3096 603 3203 660 quo
3243 587 3455 658 primus
3487 585 3657 640 homo
3687 584 3790 640 lue-

2194 691 2279 734 rat
2333 691 2572 746 exutus;
2627 679 2723 734 sed
2769 681 2948 736 anima
2986 681 3101 736 Deo
3143 680 3342 736 devota
3383 678 3684 750 quaesitum
3713 678 3791 734 diu

2196 771 2454 839 tenendo,
2476 782 2532 827 et
2563 789 2667 828 non
2710 772 3032 830 dimittenda
3077 771 3357 836 dilectum,
3401 773 3650 844 pretioso
3674 771 3793 828 eba—

2194 861 2377 918 ritatis
2429 863 2623 918 divinze
2663 879 2722 918 se
2761 865 2980 920 vestivit
3005 863 3304 920 involucro.
3355 862 3508 920 Beati
3549 877 3683 934 ergo
3712 864 3792 936 qui

2198 953 2291 1008 tali
2315 955 2478 1024 pallio
2510 955 2842 1022 vcstiuntur,
2869 963 2926 1010 et
2952 956 3207 1009 amictum
3237 953 3506 1024 ejusmodi
3545 956 3686 1026 legis
3707 956 3794 1009 ob-

2198 1051 2508 1102 servatione
2554 1059 2909 1115 meruerunt;
2951 1049 3078 1120 quia
3117 1063 3226 1104 non
3284 1057 3414 1109 sunt
3455 1050 3594 1122 legis
3623 1048 3790 1115 obliti,

2198 1138 2294 1194 sed
2325 1155 2443 1210 qua:
2470 1147 2628 1194 erant
2659 1139 2796 1210 legis
2838 1141 3044 1210 operati
3075 1147 3222 1197 sunt.

2271 1231 2360 1288 54.
2386 1230 2568 1302 (Vers.
2594 1231 2677 1300 8.)
2706 1229 2734 1268 ι’
2757 1231 2958 1302 Adjuro
2985 1248 3094 1300 vos,
3125 1231 3249 1299 [ilita
3272 1230 3626 1299 Hierusalem,
3651 1233 3697 1285 si
3719 1232 3794 1286 in-

2197 1322 2434 1376 veneritis
2455 1323 2698 1376 dilecttun
2724 1339 2914 1390 meum,
2955 1331 3011 1376 ut
3041 1323 3362 1377 annuntietis
3389 1323 3458 1388 ei,
3487 1327 3608 1392 quia
3631 1339 3793 1377 amore

2198 1415 2438 1484 langueo.
2473 1413 2606 1480 Quis
2636 1424 2718 1469 est
2746 1426 2926 1469 autem
2953 1415 3040 1468 hic
3068 1415 3263 1468 anima:
3293 1413 3530 1484 languor
3551 1413 3574 1468 ἲ
3595 1413 3790 1468 Μιιτειιθ

2196 1505 2441 1562 historia:
2471 1507 2672 1562 veteris
2697 1505 2828 1562 facit
2850 1522 2950 1562 nos
2983 1507 3297 1562 meminisse
3313 1506 3534 1574 debere,
3567 1521 3684 1578 qua:
3713 1515 3791 1561 est

2198 1599 2268 1656 de
2293 1610 2483 1656 sancto
2521 1600 2705 1672 Moyse
2730 1602 2820 1670 qui
2852 1601 3064 1672 rogavit
3090 1602 3261 1657 Deum
3288 1610 3344 1656 ιιι
3383 1615 3444 1660 se
3470 1601 3790 1658 demonstra-

2197 1701 2283 1747 ret
2310 1695 2381 1758 ei,
2405 1699 2463 1748 et
2486 1691 2624 1748 facie
2673 1692 2740 1748 ad
2775 1693 2967 1750 faciem
3014 1709 3137 1749 eum
3165 1692 3395 1750 videret.
3420 1693 3659 1750 Noverat
3687 1692 3787 1747 uli-

481 1801 586 1858 bus
609 1797 947 1868 superﬂuere
973 1794 1098 1850 fons
1127 1793 1220 1850 ille
1259 1792 1565 1856 consuevit,
1593 1790 1660 1845 de
1690 1805 1798 1861 quo
1825 1790 2086 1858 scriptum
2121 1789 2168 1851 Β
2197 1801 2302 1856 que
2329 1795 2551 1840 sanctus
2595 1795 2746 1842 vates
2791 1787 3024 1852 Domini,
3058 1786 3203 1856 quod
3259 1785 3586 1841 iuvisibilem
3627 1786 3784 1843 Deum

481 1901 568 1946 εει
601 1906 618 1944 :
651 1887 995 1959 Superﬂuant
1025 1885 1118 1941 tibi
1159 1901 1308 1956 aqua:
1349 1884 1413 1938 de
1453 1894 1542 1938 tuo
1563 1885 1728 1954 fonte,
1755 1893 1800 1936 et
1832 1882 1885 1935 in
1913 1880 2095 1950 plateis

477 1983 584 2036 tuis
607 1981 977 2049 diﬂ'ttntlantur
998 1989 1100 2036 tuae
1126 1995 1272 2048 aqua:
1295 1977 1480 2050 (Prov.
1507 1993 1561 2043 v,
1585 1975 1696 2049 16).
1730 1976 1833 2045 Qui
1861 1975 1942 2031 sic
1965 1989 2096 2046 ergo

485 2071 762 2132 Christum
795 2075 1050 2144 requirit,
1077 2073 1145 2130 ad
1173 2073 1396 2142 angelos
1426 2071 1700 2142 pervenit.

557 2168 648 2224 51.
680 2165 788 2222 Sed
816 2168 861 2221 si
885 2167 1042 2223 bonis
1097 2166 1163 2220 ad
1204 2164 1428 2235 angelos
1471 2163 1677 2218 meritis
1731 2161 2092 2234 pervenitur:

483 2275 583 2316 cur
611 2260 702 2331 qui
737 2260 1070 2330 pervenerit,
1123 2255 1490 2312 vulneratur?
1519 2257 1614 2310 Est
1654 2262 1709 2309 et
1751 2253 1964 2326 gladius
1997 2251 2094 2305 bo-

487 2368 614 2420 nus,
640 2351 797 2422 cujus
851 2349 1016 2422 gladii
1049 2349 1250 2404 bonum
1296 2347 1512 2401 vulnus.
1553 2345 1814 2399 Vulnerat
1852 2343 1945 2398 Dei
1973 2359 2098 2398 ver-

487 2444 642 2510 bum,
671 2443 766 2498 sed
801 2457 908 2496 non
942 2440 1172 2495 ulcerat.
1206 2440 1304 2493 Est
1333 2438 1530 2493 vulnus
1562 2436 1688 2492 boni
1719 2437 1946 2502 amoris,
1973 2445 2100 2490 sunt

484 2535 712 2594 vulnera
749 2533 1074 2598 cbaritatis;
1108 2531 1339 2601 ideoque
1391 2529 1572 2584 dixit:
1615 2527 1919 2583 Vulnerata:
1971 2527 2098 2580 cha-

483 2629 656 2684 ritatis
680 2645 773 2698 ego
797 2644 914 2682 sum
943 2625 1121 2699 (Cant.
1156 2641 1215 2690 tt,
1267 2623 1343 2695 5).
1369 2623 1499 2692 Qua:
1547 2621 1790 2695 perfecta
1841 2629 1946 2686 est,
1978 2619 2097 2674 γυι-

487 2735 678 2782 nerata
708 2722 974 2779 cbaritate
998 2728 1102 2776 est.
1129 2719 1281 2778 Bona
1305 2729 1430 2776 sunt
1463 2718 1628 2789 igitur
1655 2716 1823 2772 Verbi
1853 2716 2094 2784 vulnera,

485 2819 632 2878 bona
659 2828 786 2874 sunt
816 2817 1049 2874 amantis
1104 2818 1328 2871 vulnera
1363 2835 1376 2870 :
1412 2814 1640 2870 Utiliora
1695 2814 1832 2869 enim
1886 2812 2101 2868 vulnera

485 2911 668 2978 amici,
698 2927 852 2977 quam
880 2910 1177 2964 voluntaria
1216 2907 1398 2962 oscula
1440 2907 1639 2960 inimici
1697 2905 1882 2978 (Prov.
1929 2920 2100 2968 xxvrt,

489 3006 568 3079 6).
601 3004 906 3060 Vulnerata:
956 3001 1240 3057 cbaritatis
1287 2999 1536 3055 Rebecca
1565 3007 1671 3063 est,
1729 3013 1849 3066 qua:
1894 2997 2102 3053 relictis

491 3097 816 3172 parentibus
841 3138 856 3163 ,
888 3093 1142 3167 migravit
1193 3093 1260 3146 ad
1310 3108 1591 3163 sponsum.
1625 3091 1938 3147 Vulnerata:
1965 3092 2098 3146 cha-

2199 1879 2336 1934 facie
2363 1879 2429 1934 ad
2455 1880 2640 1936 faciem
2669 1879 2853 1936 videre
2881 1896 2986 1935 non
3017 1891 3220 1952 posset.
3251 1879 3358 1937 Sed
3375 1880 3594 1935 devotio
3612 1889 3786 1936 sancta

2201 1987 2512 2028 mensuram
2554 1974 2982 2045 supergreditur,
3015 1985 3069 2031 et
3115 1974 3322 2046 putavit
3369 1974 3484 2029 Deo
3509 1975 3663 2029 etiam
3691 1973 3786 2029 hoc

2202 2083 2329 2124 esse
2356 2069 2634 2140 possibile,
2656 2081 2714 2124 ut
2733 2072 3016 2142 corporeis
3045 2073 3218 2128 oculis
3245 2072 3453 2128 faceret
3475 2071 3531 2127 id
3551 2071 3687 2146 quod
3713 2083 3787 2127 est

2203 2160 2584 2232 incorporeum
2638 2165 3052 2234 comprehendi.
3085 2163 3201 2221 Non
3234 2165 3678 2237 reprehensibilis
3703 2165 3785 2220 hic

2203 2268 2380 2323 error,
2405 2255 2500 2308 sed
2535 2255 2699 2310 etiam
2744 2267 2896 2329 grata
2923 2257 3193 2328 cupiditas
3243 2267 3408 2328 atque
3435 2257 3782 2332 inexplebilis,

2203 2345 2346 2414 quod
2375 2348 2656 2402 Dominum
2686 2363 2842 2402 suum
2873 2349 3021 2404 velut
3072 2365 3234 2404 manu
3273 2358 3480 2418 tenere,
3510 2359 3566 2406 et
3610 2351 3782 2406 obtutu

2203 2437 2487 2493 oculorum
2519 2438 2704 2496 videre
2749 2441 3020 2512 capiebat.
3063 2441 3278 2498 Sciebat
3310 2442 3456 2498 enim
3499 2441 3564 2502 ad
3607 2441 3781 2511 imagi-

2203 2546 2328 2586 nem
2373 2540 2430 2586 et
2478 2533 2886 2589 similitudinem
2939 2535 3030 2592 Dei
3079 2537 3278 2592 factum
3315 2551 3442 2594 esse
3495 2535 3778 2599 hominem;

2203 2621 2420 2692 quando
2441 2624 2587 2678 enim
2629 2625 2832 2680 electus
2865 2640 2894 2680 a
2943 2625 3176 2682 Domino
3203 2627 3316 2683 Deo
3356 2629 3424 2684 ad
3457 2629 3697 2700 populum
3725 2628 3781 2682 li-

2203 2715 2528 2786 berandum,
2573 2720 2814 2790 repletus
2863 2730 2946 2776 est
3000 2721 3194 2790 spiritu
3242 2721 3549 2794 sapientius,
3594 2723 3781 2778 viderat

2205 2811 2458 2882 angelum
2513 2811 2664 2867 illum
2692 2853 2707 2878 ,
2756 2823 2810 2868 et
2854 2813 3046 2868 faciem
3098 2813 3216 2884 ejus
3247 2814 3303 2870 in
3353 2816 3542 2886 gloria,
3569 2815 3778 2884 denique

2205 2905 2447 2976 fulgente
2479 2907 2597 2976 ejus
2627 2907 2834 2963 lumine
2862 2907 3177 2978 pavefactus
3203 2919 3308 2972 est,
3356 2919 3414 2964 et
3452 2907 3583 2966 vidit
3607 2908 3777 2963 rubum

2205 3011 2291 3064 ari
2317 3021 2374 3064 et
2401 3026 2508 3066 non
2538 3011 2715 3066 exuri.
2747 3009 2878 3064 Visu
2918 3010 3082 3078 etrapit
3111 3009 3404 3081 fulgorem,
3435 3023 3592 3082 quem
3631 3008 3778 3062 mira-

2208 3112 2297 3158 tus
2323 3104 2549 3159 accessit
2577 3119 2594 3170 ;
2622 3103 2918 3173 cupiditate
2961 3111 3018 3160 et
3059 3103 3232 3174 gratia
3260 3111 3606 3173 provocatus,
3635 3112 3686 3158 ut
3707 3098 3781 3152 di-

490 3193 672 3250 ritatis
693 3191 921 3254 Rachel,
942 3205 1062 3260 qua:
1089 3187 1286 3242 zelavit
1307 3201 1579 3252 sororem,
1598 3186 1799 3239 amavit
1825 3185 2101 3250 maritum;
2130 3176 2176 3238 C
2211 3194 2466 3264 ιῖεθηιίιιε
2516 3193 2782 3265 fulgorem
2825 3195 2974 3250 mum
3005 3193 3058 3250 ίι,
3109 3195 3246 3251 mbo
3273 3195 3657 3254 consideraret.
3687 3191 3778 3246 pa-

493 3285 671 3342 sorori
697 3285 844 3342 enim
874 3281 1017 3352 quod
1047 3279 1352 3338 abundaret
1379 3278 1525 3346 tiliis,
1557 3279 1673 3348 ipsa
1697 3277 1898 3334 sterilis
1923 3275 2102 3332 adhuc

491 3379 792 3446 invidebat,
821 3375 949 3448 quia
975 3387 1162 3448 typum
1187 3373 1410 3445 gerebat
1436 3371 1722 3437 Ecclesim,
1746 3372 1833 3426 cui
1862 3369 2059 3426 dicitur
2084 3387 2096 3422 :

491 3471 701 3528 Laetare
745 3469 938 3525 sterilis
967 3484 1082 3535 qua:
1120 3483 1224 3534 non
1249 3463 1392 3534 paris
1413 3505 1429 3531 ,
1458 3480 1670 3535 erumpe
1712 3473 1761 3520 et
1787 3463 1956 3517 clama
1987 3477 2104 3532 qua:

493 3580 601 3619 non
623 3562 854 3634 parturit
879 3559 1051 3633 (Esai.
1080 3558 1174 3628 55,
1202 3556 1278 3629 1).

570 3657 662 3714 52.
704 3657 1036 3712 Invenerunt
1089 3669 1220 3725 ergo
1278 3653 1532 3710 custodes
1579 3659 1634 3708 et
1679 3650 2106 3706 vulneraverunt

495 3767 642 3817 eam,
672 3761 726 3808 et
757 3751 999 3806 tulerunt
1043 3750 1092 3804 ei
1125 3748 1372 3818 pallium,
1431 3747 1538 3803 hoc
1593 3757 1696 3812 est,
1732 3756 1884 3800 actus
1911 3759 2105 3816 corpo—

495 3845 630 3902 ralis
677 3843 1015 3899 involucrum
1067 3842 1437 3908 sustulerunt,
1469 3849 1528 3896 ut
1571 3840 1714 3896 nuda
1749 3839 1949 3894 mentis
1975 3837 2108 3892 sint-

499 3937 716 4010 plicitas
767 3947 1037 4008 quaereret
1105 3935 1382 3990 Christum
1439 3952 1454 3998 ;
1509 3937 1634 4002 quia
1687 3949 1848 3988 nemo
1927 3939 2108 4004 potest

499 4031 701 4086 amiCtu
731 4029 961 4086 vestitus
1012 4028 1390 4097 philosophia,
1439 4027 1494 4082 in
1548 4027 1734 4082 habitu
1778 4025 1990 4080 scilicet
2019 4039 2107 4080 sa-

503 4121 722 4191 pientia:
778 4119 1055 4173 saecularis
1104 4117 1380 4172 Christum
1427 4119 1632 4172 videre.
1672 4117 1739 4172 Et
1790 4117 1928 4174 bene
1969 4117 2110 4170 tolli-

503 4227 592 4275 tur
620 4221 668 4273 ei
697 4217 930 4272 amictus
971 4213 1357 4284 philoSopbite,
1392 4229 1458 4272 ne
1479 4213 1600 4282 quis
1632 4229 1749 4266 eam
1809 4227 1903 4282 per
1934 4211 2112 4281 philo-

501 4309 753 4379 sophiam
784 4306 1157 4376 deprendatur.
1184 4305 1332 4360 Bene
1366 4305 1577 4360 tollitur
1630 4305 1678 4359 ei
1715 4305 1959 4374 pallium,
1989 4320 2112 4370 qute

505 4403 575 4458 ad
628 4401 906 4457 Christum
965 4397 1316 4469 prapinqnat,
1350 4406 1408 4454 ut
1461 4398 1626 4452 Deum
1677 4397 1878 4458 visura,
1909 4396 2112 4451 mundo

501 4495 670 4554 corde
717 4493 1042 4564 gradiatur:
1091 4490 1242 4548 Beati
1289 4492 1433 4547 enim
1498 4489 1694 4544 mundo
1745 4488 1899 4544 corde
1929 4531 1944 4556 ,
1991 4489 2114 4558 quia

2207 3301 2314 3355 que
2335 3285 2385 3340 si
2411 3293 2616 3340 tantum
2641 3287 2850 3354 accepit
2869 3285 3144 3354 ardorem,
3178 3295 3383 3342 tantam
3412 3285 3574 3342 subiit
3595 3281 3776 3356 cupidi-

2207 3385 2398 3446 tatem,
2417 3393 2540 3432 cum
2569 3379 2821 3450 angelum
2839 3379 3132 3436 vidissetin
3159 3378 3374 3434 ﬂamma
3398 3379 3536 3451 ignis
3555 3378 3617 3436 de
3639 3375 3771 3441 rubo,

2209 3480 2271 3527 ut
2298 3473 2425 3528 licet
2457 3488 2656 3543 pavore
2696 3474 3076 3544 apprehensus
3119 3475 3470 3532 considerare
3509 3488 3612 3531 non
3636 3471 3778 3530 aude-

2211 3573 2322 3630 ret,
2351 3565 2708 3621 considerare
2739 3553 2918 3622 tamen
2949 3567 3148 3622 vellet:
3182 3577 3386 3637 quanto
3413 3567 3582 3637 magis
3602 3565 3774 3621 vultum

2211 3659 2430 3712 Domini
2459 3659 2822 3733 corporaliter
2849 3659 3035 3715 videre
3061 3659 3431 3729 desiderabat,
3465 3661 3640 3716 dicens
3657 3659 3772 3714 intra

2213 3767 2274 3808 se
2304 3768 2318 3803 :
2351 3751 2568 3806 Vulttnn
2603 3753 2753 3807 illum
2787 3753 3007 3822 plenum
3034 3753 3192 3820 lueis,
3215 3753 3428 3825 1m
3447 3753 3651 3824 plenum
3671 3764 3774 3822 gra-

2213 3845 2325 3912 tite,
2355 3846 2570 3912 plenum
2621 3847 2858 3908 virtutis,
2901 3845 3120 3916 plenum
3147 3845 3476 3914 divinitatis,
3503 3861 3652 3916 quem
3673 3856 3772 3896 esse

2215 3935 2438 3993 dicam?
2463 3937 2577 3992 Non
2609 3954 2826 4008 possum
2871 3937 2992 4006 plus
3016 3938 3200 3994 dicere
3221 3940 3304 3997 Vel
3329 3940 3533 3996 sentire
3559 3938 3623 3994 de
3646 3937 3770 3998 Deo;

2213 4047 2335 4088 cum
2355 4031 2500 4086 enim
2529 4033 2992 4086 consummaverit
3021 4031 3208 4097 homo,
3235 4041 3364 4088 tunc
3387 4033 3589 4102 incipit;
3609 4039 3770 4086 etcum

2215 4123 2434 4188 (inierit,
2463 4133 2588 4180 tunc
2603 4125 2956 4196 aporiabitur,
2974 4135 3032 4180 ut
3053 4126 3314 4194 scriptum
3343 4135 3450 4192 est,
3476 4124 3770 4196 quiaiacout-

2213 4217 2572 4290 preltensibilis
2593 4227 2668 4274 est
2689 4216 2788 4272 Dei
2805 4230 3002 4274 azterna
3023 4221 3266 4291 majestas
3291 4217 3517 4289 (Eccles.
3549 4231 3681 4282 um,
3709 4211 3770 4280 ὃ).

2290 4311 2384 4366 55.
2419 4311 2608 4366 Irritus
2623 4310 2842 4382 quidem
2883 4321 3006 4366 erat
3037 4311 3418 4381 posmlationis
3445 4309 3673 4370 clientum
3697 4301 3774 4360 sed

2219 4401 2449 4458 aﬂ'ectus
2494 4403 2790 4473 probabilis
2819 4403 2962 4458 servi
2997 4419 3011 4468 ;
3041 4403 3166 4474 quia
3207 4403 3350 4457 ultra
3387 4413 3620 4458 naturam
3647 4409 3772 4453 suam

2219 4496 2509 4550 devtttione
2529 4510 2851 4566 progressus
2885 4495 2952 4550 de
2995 4495 3206 4550 Domini
3236 4495 3444 4566 angi-lis
3491 4490 3770 4550 aastimabal.

501 4590 606 4662 ipsi
657 4587 827 4642 Deum
872 4587 1113 4642 videbunt
1159 4583 1376 4655 (Matth.
1434 4599 1467 4638 v
1497 4624 1511 4653 ,
1551 4584 1630 4648 8,).
1701 4583 1945 4652 Denique
2024 4583 2115 4638 ubi
2143 4569 2198 4630 D
2223 4596 2479 4656 quantum
2510 4584 2579 4642 de
2603 4586 2814 4640 Domini
2839 4585 2994 4640 vultu
3025 4584 3146 4654 plus
3197 4584 3548 4650 desideraret,
3578 4599 3672 4650 quo
3693 4594 3770 4635 cu.

509 4680 790 4738 mandavit
813 4695 930 4745 cor,
964 4677 1198 4734 Verbum
1247 4677 1474 4748 reperit,
1517 4677 1688 4730 Deum
1735 4676 1890 4730 vidit.
1921 4674 2116 4744 Quaere

510 4789 641 4845 ergo
692 4773 870 4838 illum,
922 4773 1096 4842 virgo,
1155 4772 1322 4826 immo
1367 4786 1676 4842 qureramus
1726 4786 1954 4832 omnes;
1997 4770 2116 4823 ani-

509 4883 598 4926 ma
645 4867 790 4922 enim
819 4881 1008 4921 sexum
1057 4881 1163 4919 non
1213 4863 1393 4922 habet.
1417 4864 1523 4920 Sed
1575 4865 1696 4920 ideo
1754 4865 1983 4920 fortasse
2039 4861 2116 4917 fe-

511 4961 752 5018 mineam
776 4974 979 5016 nomen
1027 4957 1262 5026 accepit,
1313 4957 1456 5027 quod
1490 4972 1609 5014 eam
1636 4957 1925 5012 violentior
1948 4964 2114 5010 :rstus

509 5055 760 5125 corporis
789 5052 935 5122 agit:
977 5053 1092 5122 ipsa
1122 5062 1302 5106 autem
1333 5051 1591 5120 impetum
1618 5055 1798 5105 carnis
1836 5048 2108 5104 etamoris

502 5147 590 5204 sui
622 5145 768 5202 molli
803 5144 1036 5216 quadam
1075 5152 1131 5198 et
1153 5143 1350 5198 blanda
1379 5145 1593 5198 ratione
1631 5143 1924 5198 demulcet.
1967 5142 2110 5210 Ergo

509 5239 849 5296 orationibus
879 5247 935 5294 et
959 5237 1428 5294 obsecrationibus
1456 5237 1622 5292 Deum
1684 5237 1916 5291 invitare
1945 5235 2110 5292 debe-

510 5349 654 5398 mus,
681 5342 735 5388 ut
759 5331 918 5402 quasi
965 5332 1138 5387 bonus
1175 5340 1358 5386 auster
1373 5329 1560 5386 afﬂare
1598 5328 1872 5399 dignetur,
1917 5329 2111 5384 Verbi-

507 5439 617 5496 que
639 5424 800 5482 nobis
833 5439 1024 5480 auram
1055 5424 1294 5480 celestis
1346 5423 1590 5494 aspiret:
1633 5438 1754 5494 qua:
1805 5421 2115 5496 fructiferas

511 5518 740 5574 arbores
766 5533 872 5574 non
897 5516 1121 5574 turbare
1166 5527 1328 5574 vento
1355 5517 1528 5588 gravi,
1553 5515 1648 5573 sed
1675 5516 1783 5574 leni
1819 5515 2117 5587 spiramine
2142 5584 2152 5591 δ

512 5605 751 5677 ﬂatuque
797 5607 947 5663 molli
985 5607 1266 5665 consuevit
1292 5607 1517 5679 agitare.

588 5729 613 5756 ι
637 5719 692 5775 1η
713 5737 796 5792 ps.
827 5737 1010 5792 cavati,
1042 5735 1208 5778 serm.
1241 5721 1327 5776 14.

2225 4678 2502 4750 piditatem
2535 4692 2686 4734 suam
2713 4678 2940 4748 gestiret
2967 4677 3212 4748 explere.
3245 4677 3479 4734 Noverat
3501 4678 3550 4734 in
3579 4677 3680 4744 ipso
3696 4673 3774 4726 lto:

2224 4774 2369 4827 mine
2398 4771 2556 4826 aliam
2583 4781 2699 4840 post
2723 4779 2950 4826 mortem
2976 4769 3208 4824 futuram
3229 4762 3772 4841 gloriam,aliamclari-

2224 4873 2423 4919 tatem:
2453 4864 2600 4919 Sicut
2618 4863 2753 4918 enim
2781 4863 2930 4918 stella
2951 4881 2984 4918 a
3002 4864 3152 4918 stella
3179 4863 3356 4932 diﬂ’ert
3384 4865 3438 4918 in
3465 4863 3691 4924 claritate,
3711 4856 3771 4910 sic

2222 4970 2269 5014 et
2285 4959 2592 5014 resurrectio
2610 4968 2954 5022 mortuorum;
2971 4973 3085 5028 quia
3105 4966 3152 5012 et
3177 4957 3223 5011 si
3243 4959 3520 5012 seminatur
3533 4956 3770 5015 incumin:

2217 5052 2372 5114 tione,
2393 5058 2562 5120 surget
2575 5061 2744 5104 trunca
2767 5050 2819 5104 in
2839 5050 3419 5122 incorruptione,surget
3440 5053 3488 5106 in
3499 5050 3770 5124 gloria,sut-

2215 5154 2297 5216 get
2326 5146 2379 5198 in
2406 5146 2604 5208 virtute,
2623 5153 2797 5214 surget
2822 5161 3010 5212 corpus
3037 5145 3272 5215 spiritale
3293 5143 3338 5212 (l
3359 5132 3764 5210 Cor.xv,4l-M).

2215 5237 2318 5303 Qui
2333 5253 2462 5308 ergo
2482 5236 2598 5294 haec
2613 5239 2751 5293 scire
2774 5249 3005 5308 poterat,
3023 5240 3214 5294 merito
3239 5238 3592 5314 praesumebat
3608 5242 3658 5288 ut
3676 5224 3764 5282 vul-

2219 5337 2332 5384 tum
2359 5330 2570 5385 Domini
2599 5330 2786 5388 videre
2803 5340 3189 5401 cuperet,cum
3225 5341 3375 5390 esset
3397 5333 3537 5389 obita
3559 5318 3762 5394 corporis

2219 5433 2396 5480 morte
2428 5425 2668 5480 visurus.
2713 5425 2898 5480 Talem
2929 5435 3078 5481 certe
3107 5425 3273 5481 etiam
3307 5425 3526 5481 formam
3559 5420 3753 5488 copem.

2221 5515 2385 5571 talem
2416 5517 2678 5574 Dominus
2701 5518 2813 5588 jam
2849 5519 3131 5590 probabat,
3160 5531 3220 5576 ut
3247 5535 3356 5576 non
3376 5520 3588 5576 distaret
3603 5510 3664 5568 ab
3683 5519 3756 5560 an-

2221 5611 2358 5681 gelis
2387 5612 2629 5670 caelestis
2655 5615 2906 5672 minister
2945 5625 3000 5671 et
3022 5623 3312 5671 exsecutor
3330 5611 3544 5672 oraculi.
3565 5607 3625 5664 Et
3659 5598 3754 5657 ideo

2289 5721 2318 5762 ι’
2342 5723 2400 5780 In
2427 5724 2566 5796 psal.
2592 5742 2786 5795 axvttt,
2817 5741 2985 5785 serta.
3011 5727 3067 5798 8,
3087 5743 3237 5785 num.
3263 5727 3350 5802 i7.
