3964 6392
211 408 340 468 1935

1147 406 1189 463 Ε
1230 396 1540 466 ΒΟΒΙΡΤΪΞ
1581 407 1638 463 S.
1682 403 2006 464 AMBROSII
2042 400 2466 465 COLLECTUS.

3339 412 3482 472 1934

209 543 319 584 cum
365 524 542 591 sciret,
601 521 739 590 Quia
791 525 963 598 angeli
1013 527 1325 597 pusillorum
1356 528 1586 598 quotidie
1615 528 1790 583 vident
1817 525 1868 586 Α
1899 561 2065 599 meum
2095 542 2211 614 (ps.
2238 559 2386 608 cm,
2415 543 2450 598 5
2480 550 2528 598 ει
2555 540 2635 612 4),
2669 528 2881 593 Defecit
2908 527 3056 586 enim
3082 529 3203 603 ejus
3227 532 3487 612 spiritus;

205 623 375 694 faciem
402 616 566 671 Patris
596 617 683 684 qui
711 617 761 671 in
792 619 929 672 caelis
979 629 1055 674 est
1088 618 1307 685 (Matth.
1348 637 1503 688 xvttt,
1537 621 1653 691 10),
1682 638 1784 692 pu—

206 709 479 780 tavitquod
505 708 615 777 jam
644 724 762 764 eam
808 709 994 765 videre
1039 721 1224 781 posset
1253 722 1308 767 et
1366 714 1609 781 deberet,
1642 725 1783 769 tam-

205 818 348 875 quam
378 801 571 855 oblitus
598 803 865 868 corporis,
910 812 962 857 et
990 819 1153 860 carne
1180 805 1426 876 deposita
1454 824 1469 870 ;
1520 808 1667 862 sicut
1695 808 1783 863 ille

204 895 284 964 qui
306 895 356 947 in
381 907 610 961 corpore
640 893 817 948 adhuc
866 894 1097 963 positus,
1120 913 1244 952 cum
1290 909 1575 968 raperetur
1606 901 1658 955 in
1684 916 1780 970 pa-

186 985 445 1045 radisum,
475 984 616 1037 ultra
643 985 696 1038 in
728 999 981 1054 corpore,
1028 989 1147 1042 sive
1187 998 1339 1043 extra
1368 1006 1568 1059 corpus
1595 1001 1782 1061 raptus

200 1090 329 1132 esset
357 1076 422 1131 ad
472 1078 690 1133 tertium
719 1079 914 1135 caelum
944 1095 1003 1135 se
1030 1083 1248 1137 nescire
1278 1083 1411 1138 dixit
1439 1082 1503 1156 (Il
1533 1082 1655 1138 Cor.
1682 1100 1779 1150 xu,

200 1172 271 1242 5).
296 1170 468 1227 Sancti
500 1172 642 1225 enim
686 1173 848 1226 etiam
893 1187 1014 1228 cum
1053 1183 1250 1245 gerunt
1276 1191 1499 1245 corpus,
1524 1192 1630 1232 non
1659 1184 1785 1231 sunt

200 1273 364 1317 tamen
392 1265 440 1317 in
472 1279 660 1331 carne,
694 1265 786 1319 sed
820 1267 870 1319 in
921 1268 1112 1337 spiritu
1139 1285 1152 1333 ;
1182 1268 1437 1339 queniam
1493 1271 1587 1339 qui
1609 1271 1661 1325 in
1685 1286 1779 1326 cu-

201 1356 404 1431 piditate
447 1366 501 1411 et
544 1361 961 1415 conversatione
991 1363 1195 1415 carnali
1237 1372 1383 1426 sunt,
1413 1364 1521 1419 Deo
1562 1366 1781 1435 placere

198 1464 295 1505 non
321 1459 562 1519 possunt.
596 1450 784 1507 Sancti
838 1462 1021 1509 autem
1073 1458 1495 1514 conversatione
1528 1460 1579 1513 in
1618 1474 1783 1516 carne

200 1559 294 1597 non
318 1552 461 1610 sunt,
490 1544 586 1600 sed
636 1547 688 1600 in
719 1547 879 1604 etelo.

259 1638 340 1695 56.
373 1639 445 1693 Ex
474 1638 558 1693 his
581 1655 710 1711 ergo
750 1642 977 1712 Sponsae
1007 1644 1311 1713 languentis
1348 1649 1781 1719 comprehenda—

198 1747 305 1786 mus
326 1731 601 1787 affectum.
633 1734 832 1791 Videre
887 1737 983 1791 Dei
1043 1740 1255 1794 vultum
1312 1743 1465 1810 quasi
1497 1744 1778 1813 innocens,

196 1825 326 1880 velut
349 1816 580 1895 quodam
615 1829 767 1882 vultu
786 1830 1136 1886 conscientia:
1162 1832 1532 1899 desiderabat,
1564 1836 1781 1905 aperire

1888 637 2056 692 immo
2101 637 2169 692 ab
2196 652 2264 692 eo
2305 635 2504 692 defecit
2542 635 2787 704 spiritus,
2818 635 2908 707 qui
2956 636 3195 707 seipsum
3218 646 3399 709 negat,
3431 648 3491 692 ut

1888 729 2164 784 adhaereat
2185 725 2479 783 Christo.b
2511 728 2697 798 Itaque
2741 727 2894 799 quasi
2921 729 3123 783 amoris
3176 729 3485 798 impatiens,

1888 820 2377 888 circumcursabat,
2434 830 2487 877 et
2518 820 2799 891 quaerebat
2843 820 3045 892 ubique
3089 819 3181 875 Dei
3224 818 3485 888 Verbum,

1887 918 2011 986 quia
2035 916 2342 976 vulnerata,
2391 914 2513 984 quia
2564 914 2742 980 unda;
2782 924 2838 969 et
2867 914 3145 983 queerebat
3190 913 3490 969 adminicu-

1886 1010 1997 1067 lum
2022 1010 2252 1079 alicujus
2274 1024 2302 1062 a
2324 1024 2432 1078 quo
2458 1007 2708 1064 Christus
2729 1017 3011 1079 rogaretur
3032 1020 3091 1062 ut
3117 1006 3491 1063 veniret.Vide

1887 1113 2231 1166 :cstuantem,
2268 1101 2393 1158 vide
2413 1101 2819 1157 desiderantem
2846 1119 2858 1154 :
2903 1103 3129 1175 Adjuro,
3155 1102 3348 1171 inquit,
3374 1116 3485 1166 vos,

1890 1196 2013 1258 ﬁlia:
2074 1195 2420 1259 Hierusalem,
2473 1205 2614 1261 etc.;
2644 1193 2841 1251 deinde
2881 1193 3093 1249 ﬁliabus
3143 1193 3383 1250 etelestis
3422 1193 3490 1248 il-

1887 1284 1996 1339 lius
2018 1285 2257 1341 civitatis
2300 1286 2573 1352 admixta,
2634 1283 2875 1338 Verbum
2935 1284 3184 1354 requirit,
3238 1293 3292 1341 et
3340 1300 3495 1354 qure-

1888 1376 2080 1443 rendo,
2109 1386 2163 1430 et
2181 1377 2416 1445 Speciem
2444 1378 2562 1449 ejus
2587 1374 3031 1449 contemplando,
3056 1374 3174 1447 ejus
3222 1375 3277 1431 in
3305 1390 3367 1432 se
3392 1391 3490 1431 ex-

1888 1467 2017 1522 citat
2055 1467 2401 1523 charitatem.

1965 1559 2173 1632 160],
2207 1560 2296 1615 58.
2331 1559 2513 1630 (Vers.
2551 1558 2662 1631 IO.)
2689 1557 2949 1625 εῖναιεή
2969 1557 3158 1630 inquit,
3198 1573 3341 1613 meus
3368 1573 3494 1611 can-

1890 1650 2042 1704 didus
2100 1661 2146 1705 et
2172 1651 2387 1717 rubens,
2449 1652 2640 1707 electus
2665 1667 2729 1705 ea:
2787 1649 3033 1705 millibus.
3096 1649 3265 1705 Decet
3322 1648 3492 1716 enim,

1885 1740 2041 1813 virgo
2066 1784 2081 1809 ,
2132 1753 2186 1797 ut
2219 1745 2375 1813 plene
2428 1744 2647 1800 noveris
2671 1759 2831 1814 quem
2879 1743 3081 1814 diligis,
3114 1751 3278 1812 atque
3327 1755 3493 1797 omne

1888 1830 1941 1884 in
1975 1846 2040 1886 eo
2070 1843 2125 1887 et
2155 1834 2406 1905 ingenita:
2431 1835 2732 1889 divinitatis
2763 1842 2819 1889 et
2852 1844 3148 1903 assumptae
3170 1832 3489 1906 mysterium

196 1918 239 1973 ei
264 1918 445 1975 faciem
473 1922 674 1976 mentis
702 1922 952 1990 internte,
986 1933 1040 1979 et
1074 1929 1327 1997 cognosci
1354 1928 1568 1998 plenius
1587 1931 1781 2000 gestie-

1896 1923 2347 1996 iucorporationis
2368 1941 2656 1997 agnoscas.
2680 1924 2957 1983 Candidus
2983 1939 3116 1995 ergo
3146 1934 3230 1979 est
3274 1922 3489 1988 merito,

196 2010 294 2066 bat.
321 2012 483 2068 Amor
510 2015 828 2083 impatiens,
860 2017 951 2071 diu
980 2028 1247 2090 noctuque
1269 2023 1608 2078 meretricias
1639 2024 1785 2079 fores

196 2108 423 2173 pulsans,
447 2108 489 2162 si
511 2108 716 2163 diutius
742 2111 981 2178 potiendi
1004 2112 1275 2169 desideria
1300 2114 1647 2185 differuntur,
1670 2118 1784 2189 ipsa

194 2199 361 2256 deﬁcit
381 2204 808 2273 exspectatione.
835 2205 962 2260 dum
989 2215 1173 2275 sperat
1204 2209 1291 2263 :in
1319 2224 1425 2279 quo
1462 2212 1646 2281 utique
1675 2227 1782 2268 non

197 2293 309 2350 linis
336 2297 556 2361 amoris,
584 2295 678 2351 sed
714 2298 1108 2354 incrementum
1141 2310 1244 2354 est.
1271 2309 1296 2337 α
1332 2302 1394 2356 Et
1418 2302 1676 2374 quidquid
1703 2312 1786 2359 est

194 2387 559 2458 desiderabile,
596 2392 639 2446 si
672 2408 779 2447 non
826 2394 1104 2465 contingat
1141 2394 1499 2459 desideranti,
1525 2397 1784 2453 deﬁcitin

192 2483 334 2547 illud,
356 2494 409 2539 et
429 2487 582 2557 quasi
625 2488 795 2557 ipsam
829 2488 1050 2557 deponit
1078 2489 1313 2544 animam
1345 2492 1434 2562 qui
1468 2491 1783 2557 desiderat;

194 2577 233 2630 si
274 2587 442 2633 tamen
496 2593 627 2647 Spes
687 2580 934 2650 proprior
978 2593 1267 2653 assurgat,
1325 2583 1416 2637 dat
1462 2584 1610 2639 vires
1661 2599 1787 2655 spes

196 2675 461 2741 proxima;
505 2676 553 2730 si
588 2684 766 2730 autem
813 2677 1057 2732 absentia
1092 2679 1161 2732 sit
1200 2678 1407 2745 dilecti,
1434 2695 1499 2734 eo
1531 2680 1649 2750 ipso
1677 2694 1785 2750 quo

196 2767 456 2824 absentem
490 2770 791 2836 desiderat,
818 2786 938 2841 quae
959 2771 1295 2838 concupivit,
1322 2772 1516 2827 animae
1549 2788 1659 2826 sum
1690 2789 1784 2841 pa-

198 2859 313 2915 titur
341 2861 726 2918 defectionem.
776 2863 961 2934 Itaque
1005 2873 1207 2933 quanto
1263 2864 1472 2934 longius
1524 2875 1607 2919 est
1655 2864 1785 2920 illud

193 2953 323 3022 quod
346 2955 710 3021 desideratur,
750 2966 899 3011 tanto
932 2958 1102 3027 magis
1128 2957 1311 3011 deficit
1355 2958 1443 3028 qui
1482 2956 1781 3013 desiderat.

190 3042 241 3097 Id
263 3060 386 3118 ergo
413 3047 653 3103 deﬁcere
680 3056 784 3111 est,
812 3049 863 3102 in
914 3049 963 3102 id
997 3065 1438 3120 unumquemque
1493 3052 1622 3103 totis
1669 3059 1780 3103 stu-

192 3134 283 3190 diis
304 3139 549 3207 migrare,
578 3138 721 3209 quod
745 3138 969 3210 diligat;
1000 3140 1130 3194 illud
1161 3141 1381 3210 cogitat,
1414 3140 1491 3194 illi
1517 3141 1780 3203 adlueret,

193 3228 311 3285 illud
359 3243 662 3302 personat,
718 3234 862 3304 quod
903 3234 1173 3304 receperit
1223 3234 1592 3304 diligendum,
1645 3236 1695 3289 in
1729 3235 1779 3289 id

1891 2018 2013 2085 quia
2046 2019 2212 2086 patris
2237 2018 2499 2088 splendor
2531 2037 2543 2070 :
2578 2017 2931 2087 rubens,qnia
2966 2027 3156 2088 partus
3210 2024 3297 2071 est
3327 2015 3492 2085 virgis

1890 2110 1993 2164 nis.
2036 2110 2203 2167 Color
2246 2113 2297 2165 in
2339 2127 2406 2167 eo
2445 2110 2612 2181 fulget
2652 2118 2708 2168 et
2735 2111 2919 2167 rutilat
2949 2109 3236 2177 utriusque
3260 2114 3491 2163 naturte.

1890 2203 2160 2259 Memento
2185 2212 2365 2259 tamen
2395 2203 2702 2274 antiquiora
2726 2201 2780 2256 in
2808 2216 2881 2275 eo.
2905 2199 3212 2257 divinitatis
3236 2197 3489 2268 insignia,

1890 2313 2050 2367 quam
2066 2300 2313 2368 corporis
2358 2306 2723 2363 sacramenta;
2755 2296 2879 2367 quia
2908 2310 3018 2351 non
3052 2294 3222 2365 cmpit
3247 2307 3274 2347 a
3311 2292 3493 2364 Virgi-

1890 2411 1981 2461 ne,
2013 2395 2110 2451 sed
2135 2398 2224 2466 qui
2248 2407 2366 2452 erat
2398 2397 2545 2451 venit
2568 2397 2619 2451 in
2649 2394 2950 2467 Virginem:

1961 2486 2052 2542 59.
2086 2485 2113 2525 ἀ
2156 2487 2343 2544 Frater
2374 2505 2514 2543 meus
2556 2488 2813 2542 candidus
2860 2496 2908 2540 et
2952 2485 3159 2539 rubens.
3212 2481 3487 2539 Candidus

1892 2581 2140 2635 claritate.
2190 2592 2435 2647 aeterna,
2482 2582 2686 2636 rubens
2741 2581 2923 2649 Specie
2975 2578 3179 2635 coloris
3235 2576 3489 2642 humani,

1889 2690 2048 2743 quem
2067 2683 2410 2729 Sacramento
2434 2672 2828 2727 incarnationis
2846 2669 3160 2742 assumpsit.
3192 2668 3493 2740 Meritoque

1889 2776 1946 2821 et
1998 2769 2171 2839 ipsum
2220 2768 2368 2838 quod
2414 2777 2502 2824 est
2548 2768 2799 2833 rubeum,
2857 2766 2997 2822 bene
3023 2766 3153 2833 olet;
3193 2765 3320 2836 quia
3363 2779 3492 2821 caro

1889 2858 2091 2914 Christi
2120 2860 2239 2916 sine
2279 2869 2506 2930 peccato
2558 2871 2664 2923 est,
2707 2874 2867 2929 quam
2898 2857 3088 2928 perﬁdi
3144 2866 3495 2915 contrectan-

1893 2963 1996 3019 tes,
2040 2967 2232 3005 manus
2275 2967 2401 3007 suas
2438 2951 2880 3021 inquinaverunt:
2919 2948 3094 3004 sancti
3144 2956 3491 3015 venerantes,

1890 3045 2110 3115 pietatis
2131 3044 2300 3099 odore
2323 3044 2637 3114 ﬁagrarunt.

1962 3145 2052 3199 60.
2112 3153 2134 3181 θ
2183 3142 2396 3198 Electus
2444 3159 2506 3196 ea:
2556 3141 2808 3195 millibus.
2841 3139 3030 3199 Decem
3082 3140 3267 3205 millia,
3316 3136 3495 3211 inquit

1888 3235 2079 3306 Jacob,
2116 3234 2360 3306 Ephrwm
2402 3246 2447 3290 et
2489 3234 2654 3288 millia
2687 3232 2951 3298 Mauasse;
2985 3231 3036 3287 id
3060 3241 3163 3296 est.
3209 3240 3264 3287 et
3309 3229 3491 3287 δυόω-

192 3323 403 3393 quadam
434 3327 635 3380 animm
657 3324 961 3382 defectione
988 3326 1402 3382 transfunditur.
1434 3325 1502 3383 Ut
1534 3327 1579 3381 si
1604 3336 1779 3381 mater
1806 3294 1853 3357 Ο
1886 3347 2040 3387 orum
2075 3339 2131 3386 et
2158 3330 2403 3402 gentium
2444 3328 2774 3393 dominetur,
2807 3335 2864 3382 et
2892 3342 2959 3385 ex
3004 3335 3234 3396 utroque
3282 3325 3485 3396 pepulo

194 3416 573 3486 liliiexspectet
621 3421 989 3487 prmsentiam,
1042 3418 1498 3487 quemadmodum
1543 3434 1776 3487 exspec'

194 3507 323 3562 tabat
343 3509 525 3566 Tobiae
567 3527 709 3565 uxor
733 3510 900 3564 ﬁlium
944 3512 1380 3582 peregrinantem
1415 3509 1714 3576 ;deﬁciens
1747 3526 1777 3565 a

192 3598 473 3668 desiderio,
504 3602 639 3658 etin
663 3602 927 3671 angustiis
964 3601 1280 3666 constituta,
1310 3610 1363 3654 et
1388 3610 1660 3671 tamquam
1692 3618 1780 3657 re-

193 3694 349 3747 soluta
378 3696 666 3750 videbatur
693 3694 845 3768 (Tob.
872 3712 927 3757 x.
961 3696 996 3749 '5
1023 3706 1069 3748 et
1098 3695 1253 3766 δρψ).
1288 3693 1425 3764 Quid
1456 3695 1599 3749 enim
1631 3694 1776 3749 aliud

194 3784 287 3839 nisi
308 3786 580 3842 defectum
623 3787 911 3858 quemdam
954 3786 1072 3853 ejus
1099 3786 1264 3840 verba
1296 3785 1606 3858 signiﬁcant
1628 3787 1651 3839 ?
1673 3786 1777 3841 Sed

194 3887 291 3942 quo
318 3878 486 3948 magis
518 3878 756 3931 lassatur
781 3877 1028 3941 allectus,
1062 3893 1128 3931 eo
1160 3879 1391 3947 amplius
1437 3894 1591 3932 amor
1625 3894 1777 3933 cres—

192 3964 287 4029 cit;
315 3978 364 4020 et
387 3984 493 4034 quo
516 3967 722 4021 diutius
748 3966 905 4021 abest
933 3966 1025 4036 qui
1052 3966 1346 4032 desiderat,
1374 3982 1439 4021 eo
1456 3977 1779 4037 exspectan-

196 4059 258 4111 tis
282 4059 548 4116 desideria
609 4062 813 4130 majore
842 4060 1072 4130 quadam
1125 4062 1174 4114 vi
1226 4060 1427 4114 amoris
1470 4060 1777 4131 ignescunt.

191 4148 320 4206 Caro
344 4152 659 4218 deﬁcit,sed
686 4151 951 4223 cupiditas
982 4151 1145 4207 alitur
1167 4161 1220 4206 et
1244 4161 1489 4221 augetur.

261 4245 343 4299 57.
384 4245 568 4316 Itaque
611 4255 797 4299 sancta
828 4247 1004 4299 anima
1055 4246 1228 4300 nescit
1279 4243 1423 4298 aliud
1463 4243 1777 4299 desiderare

195 4352 341 4405 quam
365 4336 667 4407 Sponsum,
693 4339 783 4408 qui
830 4348 912 4393 est
943 4336 1190 4393 Christus
1228 4337 1425 4392 Jesus:
1460 4337 1607 4391 illum
1644 4352 1779 4392 con-

197 4428 431 4497 cupiscit,
463 4430 617 4485 illum
662 4430 956 4495 desiderat,
997 4430 1049 4483 in
1103 4430 1254 4484 illum
1283 4432 1409 4484 totis
1436 4428 1669 4484 intendit
1698 4430 1778 4482 vi—

195 4522 353 4583 ribus.
380 4524 529 4578 illum
583 4525 793 4594 gremio
826 4524 1021 4577 mentis
1073 4522 1240 4589 fovet,
1290 4523 1367 4578 illi
1396 4539 1456 4578 se
1497 4522 1670 4593 aperit
1725 4530 1779 4578 et

197 4614 430 4681 effundit,
462 4629 513 4674 et
547 4617 650 4674 hoc
674 4620 848 4674 solum
887 4628 1128 4683 veretur,
1160 4634 1227 4672 ne
1256 4617 1402 4671 illum
1425 4616 1778 4687 possitamit-

195 4714 320 4762 lere.
352 4708 537 4780 Itaque
567 4720 767 4779 quanto
797 4710 1003 4780 majore
1033 4709 1305 4764 desiderio
1349 4708 1584 4763 excitata
1617 4708 1780 4763 fuerit

196 4800 364 4855 anima
392 4844 405 4866 ,
451 4802 675 4873 cupiens
722 4803 1001 4859 adiuercre
1050 4804 1162 4859 Deo
1211 4803 1432 4857 salutari
1480 4818 1601 4869 suo,
1630 4812 1779 4857 tanto

197 4896 355 4965 magis
382 4897 586 4952 deﬁcit.
620 4898 759 4968 Ergo
802 4898 903 4952 ista
942 4896 1174 4953 defectio
1197 4897 1633 4951 imminutionem
1662 4897 1780 4965 qui-

196 4982 309 5040 dem
333 4986 659 5057 fragilitatis,
690 4989 784 5044 sed
808 4989 1234 5059 assumptionem
1257 4988 1475 5042 virtutis
1497 4998 1776 5056 operatur.

196 5072 637 5150 Concupiscebat,
672 5081 1036 5144 desiderabat,
1085 5081 1390 5146 deﬁciebat,
1443 5088 1557 5137 toto
1586 5081 1781 5136 dissol-

199 5172 413 5228 rebatur
463 5174 683 5242 affectu,
712 5188 766 5230 ut
816 5185 961 5231 totus
1010 5176 1156 5231 illius
1187 5177 1341 5231 ﬁeret
1380 5191 1541 5246 quem
1572 5175 1783 5231 deside-

196 5262 361 5332 rabat,
385 5268 525 5322 sicut
555 5271 715 5324 etiam
748 5264 912 5326 David
946 5272 1060 5342 ipse
1089 5271 1255 5326 dicit:
1311 5270 1544 5337 E/fundo
1573 5272 1627 5325 in
1658 5288 1783 5325 cou-

197 5370 359 5425 spectu
388 5366 500 5430 ejus
528 5366 809 5419 orationem
858 5382 1019 5419 meam
1055 5408 1070 5433 ,
1121 5376 1167 5420 et
1197 5366 1580 5420 tribulationem
1620 5383 1785 5420 meum

196 5458 306 5505 ante
340 5452 512 5523 ipsum
561 5458 858 5524 pronuntio,
910 5458 965 5512 in
1001 5458 1285 5528 deﬁeiendo
1331 5475 1396 5513 ea:
1441 5475 1519 5513 me
1544 5460 1784 5532 spiritum

199 5660 295 5774 sit;
316 5651 371 5708 In
402 5671 483 5727 ps.
517 5670 706 5725 cxvm,
748 5675 911 5716 serm.
940 5662 1029 5728 11.
1073 5678 1222 5718 num.
1254 5664 1288 5718 5
1318 5671 1372 5718 et
1397 5662 1628 5718 inferius
1658 5675 1786 5733 pas-

246 5738 479 5879 ηιῗβροΙ.
510 5799 677 5879 David
706 5819 762 5868 ιι,
782 5818 900 5873 cap.
932 5804 985 5879 9Σ
1019 5819 1167 5859 num.
1202 5805 1292 5879 41.

270 5875 290 5902 ε
316 5865 434 5923 Lib.
466 5886 484 5924 ι
513 5871 584 5928 de
612 5865 778 5944 Virg,
802 5865 920 5944 cap.
957 5875 1012 5940 8,
1035 5891 1180 5929 nunt.
1216 5870 1306 5933 47.

1881 3422 2238 3499 acquiratsibi
2254 3421 2514 3476 Ecclesiae
2539 3418 2950 3490 plenitudinem.
2964 3418 3195 3487 Ideoque
3206 3416 3486 3475 dexteram

1882 3533 2034 3573 suam
2062 3530 2228 3586 super
2259 3510 2513 3585 Ephriem
2542 3513 2721 3584 posuit
2760 3522 2979 3569 sanctus
3002 3511 3195 3577 Jacob;
3239 3526 3304 3567 eo
3343 3511 3485 3581 quod

1880 3610 2041 3681 legis,
2060 3609 2279 3663 dicente
2294 3606 2537 3661 Ecclesia
2560 3606 2614 3659 in
2635 3603 2876 3659 Canticis
2898 3603 3235 3658 canticorum
3258 3619 3271 3655 :
3300 3599 3486 3656 Frater

1882 3718 2022 3755 meus
2075 3699 2329 3755 candidus
2360 3708 2408 3755 et
2429 3697 2635 3762 rubens,
2683 3697 2874 3750 electus
2919 3696 3187 3755 exdecem
3234 3694 3487 3749 millibus.

1882 3794 2124 3863 Denique
2152 3793 2316 3846 etiam
2349 3790 2515 3845 David
2547 3788 2859 3859 juvenculae
2892 3787 3075 3844 Maria:
3105 3797 3382 3843 auctorem
3414 3800 3484 3840 ex

1881 3887 2034 3956 enjns
2074 3884 2422 3939 successione
2469 3880 2717 3936 Christus
2762 3888 2847 3935 est
2897 3888 3056 3933 natus
3109 3892 3206 3949 per
3251 3876 3490 3947 Virginis

1882 3990 2119 4051 partum,
2146 3978 2199 4032 in
2228 3976 2415 4032 decem
2449 3974 2691 4029 millibus
2722 3972 3121 4043 praedicabant:
3149 3969 3281 4028 Saul
3303 3981 3485 4025 autem

1884 4071 1935 4126 in
1973 4070 2238 4135 millibus,
2281 4083 2406 4123 eum
2468 4082 2674 4123 revere:
2703 4066 2793 4121 tia:
2841 4063 3071 4136 gratiam
3129 4063 3271 4120 circa
3301 4077 3484 4135 regem

1882 4165 2052 4235 magis
2076 4177 2395 4233 prteponere
2417 4160 2754 4216 debuissent.

1954 4256 2044 4311 6|.
2074 4254 2257 4328 (Vers.
2296 4251 2408 4326 ll.)
2433 4251 2635 4322 fCaput
2656 4254 2769 4324 ejus
2786 4266 2971 4304 aurum
2990 4249 3210 4318 Ceplias.
3231 4246 3386 4317 Quod
3413 4248 3487 4302 si-

1880 4348 2102 4421 gniﬁcat
2134 4347 2382 4403 stabilem
2422 4347 2866 4414 entiuentemque
2895 4341 3242 4413 sapientiam.
3276 4339 3488 4412 Corpus

1881 4444 2083 4498 Christi
2111 4443 2350 4497 Ecclesia
2370 4449 2476 4507 est,
2510 4439 2669 4509 hujus
2708 4446 2872 4508 caput
2901 4447 2959 4491 ut
2983 4451 3207 4502 aurum,
3246 4435 3367 4504 quia
3400 4449 3486 4488 sa-

1882 4538 2083 4608 pientia
2131 4536 2368 4604 pretiosa
2408 4538 2720 4588 sanctorum
2767 4539 2873 4594 est,
2919 4528 3025 4583 hoc
3060 4535 3176 4594 est,
3220 4525 3320 4580 viri
3350 4525 3486 4595 justi

1883 4638 2044 4701 atque
2059 4627 2373 4698 prudentes.

1960 4720 2049 4775 ϐᾶ.
2098 4716 2277 4772 Crines
2307 4717 2421 4781 eius
2445 4724 2498 4769 ut
2540 4713 2749 4777 abietes,
2801 4711 2963 4782 nigrae
3003 4711 3136 4764 sicut
3165 4723 3344 4763 corax.
3404 4706 3484 4762 De

1889 4812 1992 4868 hoc
2049 4811 2180 4865 alibi
2219 4809 2377 4877 dixit,
2420 4806 2854 4874 Capillamentum
2888 4814 3053 4869 tuum,
3103 4811 3160 4856 ut
3190 4816 3321 4874 grex
3366 4807 3482 4853 ton-

1886 4923 2081 4964 sarum.
2136 4904 2262 4959 Ideo
2312 4901 2776 4972 capillamentum,
2830 4896 2955 4966 quia
3002 4895 3175 4948 virtus
3237 4891 3479 4947 omnium

1885 5016 2143 5059 sensuum
2173 5000 2227 5053 in
2257 4995 2433 5067 capite
2459 5005 2561 5050 est:
2602 4990 2754 5047 Oculi
2783 4990 2929 5045 enim
2957 4986 3205 5056 sapientis
3235 4986 3289 5038 in
3312 4983 3482 5054 capite

1886 5095 2000 5168 ejus
2031 5091 2229 5166 (Eccle.
2273 5105 2335 5154 ιι,
2374 5086 2487 5158 lci).
2523 5082 2798 5140 Profunda
2831 5082 2991 5151 igitur
3021 5079 3304 5133 doctorum
3356 5089 3482 5145 pru-

1886 5188 2090 5252 dentia,
2122 5200 2241 5256 quae
2270 5187 2450 5253 potest
2476 5194 2538 5233 ea
2564 5193 2684 5249 quae
2714 5175 2940 5230 obscura
2972 5182 3099 5226 sunt
3129 5168 3396 5234 revelare,
3428 5174 3484 5222 et

1883 5282 1993 5335 alta
2045 5278 2259 5347 aperire
2309 5288 2591 5329 sensuum.
2652 5268 2715 5322 Et
2756 5265 3061 5336 IlUjUallIOdi
3117 5262 3483 5332 disputatores

1888 5372 2066 5427 crines
2096 5366 2349 5424 Ecclesia:
2375 5373 2521 5425 sunt,
2547 5360 2685 5414 sicut
2706 5358 2832 5427 pulli
2857 5371 3141 5412 corvorum
3175 5350 3487 5424 quibusDo-

1891 5468 2071 5520 minus
2101 5454 2585 5516 escamdat:sicut
2623 5450 2772 5506 dedit
2812 5456 2999 5504 sancto
3042 5445 3231 5511 Jacob,
3276 5453 3332 5500 et
3361 5456 3485 5499 eum

1963 5660 1988 5700 ἀ
2014 5662 2070 5717 In
2094 5660 2231 5730 psal.
2256 5668 2663 5730 cxvttt,_sertn..
2754 5666 2901 5730 num.
2928 5650 2983 5705 8.

1968 5744 1990 5771 ε
2016 5716 2140 5787 Lib.
2173 5731 2241 5785 de
2265 5716 2537 5783 Benedict.
2577 5721 2869 5791 patriarch.
2899 5736 3021 5788 cap.
3070 5720 3157 5787 ll,
3211 5733 3361 5775 num.
3392 5716 3488 5775 56.

1970 5803 1988 5841 τ
2018 5803 2076 5858 ln
2103 5803 2238 5872 ps:i|.
2266 5814 2451 5863 cxvm,
2480 5812 2645 5853 serui.
2675 5794 2773 5860 15,
2808 5809 2955 5848 ιιιιιιι.
2985 5792 3054 5855 12
3081 5803 3135 5846 et
3160 5792 3248 5848 i5.
