3964 6322
526 324 668 386 I955

1521 313 2072 378 COMMENTARIUS
2108 313 2174 374 ΙΝ
2214 314 2510 377 CANTICA
2549 314 2825 376 CANTIC.

3683 315 3802 374 i936

521 443 672 516 pavit
690 456 717 496 a
743 441 1028 514 iuventute
1051 452 1169 495 sua.
1188 437 1299 494 Hos
1324 435 1464 492 altos
1483 435 1857 508 acprofundos
1880 435 2125 491 ubertate
2153 447 2203 508 Α
2233 435 2506 506 myrrham
2529 433 2670 488 enim
2697 429 2964 503 passionis
2983 434 3314 500 unguentum
3329 432 3386 485 et
3403 427 3804 485 resurrectionis

525 537 789 593 doctrina:
841 535 1014 604 pascit
1065 531 1325 586 Dominus
1386 529 1706 584 coelestibus
1749 527 2128 582 sacramentis.

597 632 688 686 65.
737 626 1044 701 (Vers.12.)
1086 625 1237 678 Oculi
1285 639 1499 696 quoque
1529 627 1643 696 ejus
1687 622 1818 676 sicut
1858 621 2128 676 columbw.

527 722 680 778 Oculi
713 731 838 774 sunt
861 719 961 773 viri
989 717 1238 772 videlicet
1263 715 1636 786 spiritualibus
1658 713 1833 768 ornati
1851 712 2128 778 sensibus,

525 816 616 886 qui
649 813 715 869 ad
744 813 978 869 videnda
1010 813 1270 884 mysteria
1301 822 1428 866 sunt
1460 814 1630 875 acuti,
1657 818 1713 864 et
1741 808 1913 880 parati
1946 807 2012 862 ad
2039 823 2133 878 pe—

526 906 788 962 netranda
826 905 1124 976 Scriptura:
1153 913 1368 960 secreta
1417 903 1641 970 divinae,
1695 901 1947 958 rationali
1990 901 2132 956 lacte

521 1000 816 1069 fulgentes,
849 1001 901 1053 in
935 999 1134 1068 quibus
1184 1013 1290 1052 non
1339 997 1410 1051 sit
1453 997 1631 1066 aliqua
1681 993 1797 1049 doli
1853 993 2132 1050 maculosa

523 1093 807 1159 confusio,
859 1092 955 1148 sed
1003 1091 1266 1162 simplicis
1303 1089 1528 1146 affectus
1574 1088 1920 1144 immaculata
1959 1088 2138 1142 since-

525 1187 676 1243 ritas.
697 1186 824 1242 Ideo
847 1187 898 1241 in
920 1200 1182 1256 aquarum
1215 1184 1545 1240 abundantia
1569 1183 1708 1238 lotas
1739 1183 1835 1236 bas
1857 1179 2136 1236 columbas

528 1280 582 1334 in
608 1279 746 1334 lacte
787 1278 1131 1342 memoravit,
1165 1275 1360 1331 dicens
1391 1295 1403 1329 :

598 1369 692 1427 64.
724 1379 751 1409 ⁸
784 1370 935 1426 Oculi
966 1373 1080 1444 ejus
1110 1371 1245 1423 sicut
1285 1369 1535 1424 columba:
1573 1385 1732 1437 super
1762 1367 2136 1422 abundantiam

526 1478 811 1533 aquarum,
843 1461 960 1515 Ioue
984 1461 1038 1514 in
1079 1461 1235 1525 lacte,
1267 1459 1494 1513 sedentis
1529 1475 1687 1528 super
1734 1457 2135 1527 plenitudinem.

529 1553 773 1623 Baptizat
794 1552 849 1607 in
882 1553 1020 1608 lacte
1057 1553 1340 1618 Dominus,
1375 1551 1427 1606 id
1457 1561 1563 1617 est,
1589 1551 1644 1606 in
1683 1551 2022 1605 sinceritate.
2073 1549 2142 1604 Et

527 1644 616 1700 isti
644 1655 770 1700 sunt
794 1643 887 1716 qui
916 1660 1044 1700 vere
1076 1645 1422 1714 baptizantur
1468 1645 1520 1698 in
1550 1645 1712 1710 lacte,
1745 1644 1834 1714 qui
1866 1643 1986 1699 sine
2012 1641 2140 1696 dolo

531 1737 786 1804 credunt,
814 1747 869 1791 et
893 1752 1082 1808 puram
1129 1735 1290 1792 fidem
1322 1737 1600 1802 deferunt,
1635 1742 1694 1790 ut
1731 1735 2138 1792 itnmaculatam

2230 528 2400 599 gratia
2432 525 2765 590 declaratur,
2789 540 2910 594 qum
2933 523 3232 579 redivivum
3259 523 3382 577 vita:
3408 522 3631 578 odorem
3654 521 3803 575 susci-

2234 619 2360 674 tatis
2390 629 2727 674 mortuorum
2761 617 3056 673 visceribus
3085 616 3340 672 infundit.
3371 615 3579 672 Clausa:
3604 612 3805 684 sintigi;

2232 720 2322 768 tur
2364 713 2626 768 labiorum
2668 711 2814 768 fores
2853 720 3100 774 tuorum.
3150 720 3204 766 et
3247 711 3557 766 obseratum
3609 717 3808 764 maneat

2234 804 2384 861 vocis
2431 804 2790 872 vestibulum,
2821 813 2949 860 tunc
2994 803 3226 860 fortasse
3270 802 3649 869 reserandum,
3699 817 3806 856 eum

2234 897 2474 954 audieris
2504 898 2742 954 Verbum
2793 898 2910 953 Dei.
2959 897 3113 953 Tunc
3169 896 3262 953 tibi
3311 894 3532 969 myrrha
3581 894 3810 965 sudabit,

2238 1001 2365 1047 tunc
2393 991 2493 1045 tibi
2549 990 2889 1061 baptismatis
2937 988 3202 1060 aSpirabit
3247 990 3455 1060 gratia;
3503 997 3566 1044 ut
3612 987 3680 1044 ab
3717 987 3810 1042 ele-

2239 1084 2438 1138 mentis
2492 1082 2680 1139 mundi
2748 1082 3152 1150 comtnoriare,
3199 1090 3256 1137 et
3301 1095 3424 1137 cum
3478 1078 3696 1136 Christo
3739 1094 3813 1135 re-

2237 1193 2448 1248 surgas.

2310 1271 2399 1326 68.
2431 1266 2456 1306 ἀ
2491 1267 2654 1324 Labia
2675 1272 2786 1342 ejus
2825 1268 3132 1325 distillautia
3155 1267 3420 1339 myrrham
3457 1267 3683 1337 plenam.
3719 1263 3814 1321 Nos

2238 1373 2419 1420 autem
2463 1363 2668 1420 otiosos
2716 1377 2815 1418 nos
2843 1369 3122 1433 putamus,
3171 1362 3217 1416 si
3255 1361 3422 1416 verbo
3461 1356 3815 1414 tantummodo

2239 1456 2458 1514 studere
2477 1455 2760 1511 videamur
2785 1473 2798 1509 :
2830 1465 2886 1512 et
2909 1456 3077 1526 pluris
3103 1455 3440 1510 aestimamus
3465 1467 3566 1510 eos
3595 1454 3682 1523 qui
3703 1467 3818 1523 ope-

2240 1557 2450 1613 rantur,
2483 1561 2642 1618 quam
2665 1560 2762 1602 eos
2780 1545 2873 1616 qui
2895 1545 3133 1601 studium
3165 1543 3565 1617 cognoscenda:
3591 1542 3818 1601 veritatis

2241 1651 2519 1704 exercent;
2550 1641 2738 1696 dicunt
2763 1640 2906 1696 enim
2931 1639 3205 1710 plerique:
3236 1639 3377 1695 Ecce
3394 1637 3565 1694 homo
3595 1647 3649 1694 et
3674 1652 3818 1708 opera

2243 1734 2362 1805 ejus
2392 1749 2406 1788 :
2439 1735 2595 1804 quasi
2643 1733 2733 1804 qui
2771 1732 2939 1788 verbo
2973 1731 3226 1798 studeat,
3257 1747 3364 1786 non
3395 1741 3688 1802 operatur;
3713 1744 3819 1787 cum

534 1829 764 1886 induant
803 1831 1058 1902 gratiam.
1117 1830 1245 1886 ldeo
1276 1829 1505 1886 candida
1534 1830 1748 1901 Sponsa
1785 1829 2034 1886 ascendit
2071 1828 2140 1884 ad
2171 1847 2222 1908 Β
2247 1827 2418 1898 magis
2457 1841 2592 1896 opus
2619 1824 2761 1880 istud
2810 1841 2969 1896 quam
3001 1836 3202 1882 caetera
3247 1823 3376 1880 sint.
3405 1825 3466 1880 Si
3517 1829 3663 1880 enim
3701 1839 3816 1895 opus

536 1920 837 1988 Christum,
870 1924 994 1993 quia
1026 1925 1080 1978 in
1112 1923 1254 1979 lacte
1280 1923 1547 1993 baptizata
1589 1934 1697 1987 est;
1722 1921 1846 1978 ideo
1872 1921 2140 1977 mirantur

534 2027 655 2069 eam
714 2014 964 2080 virtutes,
1009 2014 1257 2071 dicentes
1287 2032 1301 2068 :
1337 2016 1464 2082 Quae
1490 2025 1564 2070 est
1619 2015 1730 2069 luce
1758 2030 1873 2084 qua:
1911 2014 2140 2071 ascendit

530 2105 772 2161 dealbata
793 2105 983 2176 (Cant.
1011 2122 1125 2173 VIII,
1147 2108 1176 2160 7
1206 2106 1266 2178 )?
1294 2106 1436 2163 Ante
1474 2107 1753 2177 paululum
1776 2106 2012 2172 dicebat,
2040 2105 2144 2160 Ni-

523 2215 620 2268 θνα
639 2215 752 2253 sum
771 2196 945 2271 (Cant.
971 2215 1010 2264 ι,
1075 2196 1124 2271 )s
1149 2215 1291 2254 nunc
1314 2199 1564 2254 dealbata
1581 2201 1847 2267 cernitur,
1869 2210 1924 2254 et
1949 2214 2143 2255 ascen-

534 2290 616 2346 dit
640 2291 707 2346 ad
733 2291 953 2356 cadum,
984 2300 1040 2346 et
1067 2291 1250 2346 innixa
1271 2291 1365 2347 Dei
1381 2290 1582 2355 Verbo,
1608 2292 1716 2346 alta
1735 2293 1848 2361 jam
1874 2299 2141 2360 penetrat.

607 2382 697 2438 65.
731 2381 841 2439 Nec
889 2383 1164 2438 immerito
1205 2383 1313 2439 illic
1349 2398 1609 2454 aquarum
1649 2383 2007 2450 abundantia,
2053 2383 2143 2438 ubi

536 2473 817 2541 Christus,
869 2475 1014 2531 unde
1060 2489 1216 2531 mens
1257 2475 1493 2531 humana
1538 2476 1737 2546 repleri
1786 2475 1993 2546 cupiat.
2037 2475 2144 2530 Has

529 2570 646 2624 sitit
677 2584 848 2641 aquas
873 2585 1088 2636 cervus,
1105 2584 1242 2640 quas
1259 2585 1382 2625 cum
1410 2570 1631 2636 biberit,
1647 2570 1806 2626 sitire
1825 2585 1929 2624 non
1949 2571 2144 2642 possit.

542 2662 651 2718 Has
677 2676 846 2733 aquas
895 2662 1068 2718 sitivit
1114 2662 1390 2733 Propheta
1418 2677 1540 2718 cum
1595 2662 1752 2717 dixit:
1802 2662 1977 2718 Sitiuit
2008 2662 2060 2715 in
2101 2672 2149 2717 te

535 2754 712 2808 anima
761 2755 914 2824 mea(
942 2753 1146 2809 Psalm.
1193 2771 1302 2822 xu,
1360 2755 1458 2824 ὅ).
1514 2755 1680 2812 Sedet
1725 2769 1857 2827 ergo
1894 2755 2148 2810 Christus

536 2861 700 2916 super
719 2847 1111 2902 abundantiam
1142 2863 1428 2918 aquarum,
1454 2858 1508 2903 et
1540 2864 1705 2918 super
1728 2849 2144 2917 plenitudinem,

533 2948 588 2995 et
635 2937 760 2994 ideo
788 2943 879 3008 qui
931 2941 1168 3012 baptizat
1216 2943 1268 2996 in
1301 2958 1437 3011 aqua
1479 2943 1632 3000 dicit:
1667 2941 1738 2997 Et
1767 2961 1860 2997 nos
1885 2961 2060 2998 omnes
2084 2944 2150 2998 de

535 3031 977 3102 plenitudineejus
1003 3035 1297 3100 accepimus
1347 3033 1522 3105 (Joan
1553 3051 1592 3100 ι,
1620 3037 1728 3106 16).
1757 3035 1912 3091 Unde
1933 3047 1989 3092 et
2019 3052 2149 3094 ocu-

537 3127 624 3182 lus
652 3128 1040 3197 snppliciorum
1081 3141 1188 3182 non
1217 3128 1433 3181 alienus
1477 3135 1561 3182 est
1593 3133 1661 3182 ab
1722 3127 1990 3194 Ecclesia;
2021 3131 2146 3198 quia

539 3227 640 3283 etsi
661 3221 970 3289 baptizabat
997 3222 1237 3278 Joannes
1261 3220 1314 3276 in
1339 3221 1514 3288 Enen,
1545 3221 2025 3291 baptizabatjuxta
2049 3223 2150 3280 Sa-

535 3320 648 3384 lim,
677 3319 766 3373 ubi
785 3327 1178 3386 erataquarum
1198 3315 1554 3379 abundantia,
1573 3326 1626 3371 et
1643 3316 1927 3370 duodecim
1946 3316 2147 3385 fontes,

535 3419 591 3465 ct
622 3410 966 3479 septuaginta
1000 3408 1304 3477 palmarum
1339 3407 1586 3465 arbores.
1637 3407 1749 3462 llos
1778 3408 1956 3464 fontes
1985 3408 2150 3466 habet

538 3502 803 3563 Ecclesia,
849 3499 952 3554 hoc
983 3506 1088 3561 est,
1132 3499 1184 3552 in
1223 3500 1395 3554 veteri
1445 3498 1802 3554 Testamento
1851 3500 2145 3558 duodecim

539 3593 916 3664 patriarchas,
949 3591 1002 3644 in
1051 3605 1197 3644 novo
1236 3589 1524 3645 duodecim
1571 3592 1872 3660 apostolos;
1914 3592 2148 3664 ideoque

537 3687 743 3742 dictum
769 3693 857 3742 est
881 3700 895 3738 :
918 3682 985 3737 In
1010 3682 1256 3738 Ecclesiis
1276 3683 1561 3739 benedicile
1584 3682 1868 3738 Dominum
1897 3684 2061 3741 Deum
2084 3687 2149 3742 de

539 3782 766 3852 fontibus
789 3778 957 3834 Israel
999 3777 1225 3850 (Psalm.
1259 3794 1428 3844 vatt,
1454 3779 1571 3850 ‘27).
1608 3778 1704 3834 His
1734 3777 1976 3835 fontibus
2021 3791 2149 3838 ante

541 3871 909 3944 perfunditur,
941 3870 1267 3941 quicumque
1304 3871 1560 3940 mysteria
1591 3882 1938 3926 sacrosancta
1957 3885 2152 3928 conse-

528 3965 738 4036 quitur;
771 3965 859 4018 isti
888 3961 1034 4018 enim
1071 3960 1252 4016 fontes
1283 3977 1350 4016 ex
1382 3971 1592 4016 :eterno
1633 3961 1785 4018 fonte
1826 3975 2144 4030 manantes,

535 4067 650 4114 toto
676 4059 811 4113 orbe
836 4056 1135 4110 fluxerunt.
1170 4053 1271 4110 Ubi
1299 4054 1386 4110 isti
1419 4055 1616 4122 fontes,
1645 4056 1720 4110 ibi
1743 4057 1997 4113 ascensio
2027 4058 2147 4114 ani-

541 4167 772 4204 marum.
822 4148 1065 4218 Denique
1113 4147 1282 4203 Salim
1344 4148 1688 4218 interpretati
1736 4160 1862 4204 sunt
1894 4192 1910 4216 ,
1971 4152 2145 4221 ipsum

535 4244 947 4308 ascendentem;
998 4241 1089 4296 ille
1130 4241 1275 4296 enim
1317 4257 1445 4296 vere
1490 4242 1756 4308 ascendit,
1784 4243 1875 4311 qui
1924 4247 2147 4316 propria

541 4347 763 4407 peccata
795 4333 1035 4404 deponit.
1057 4332 1171 4389 Hoc
1191 4333 1356 4401 igitur
1403 4333 1612 4406 1602
1643 4333 1812 4389 verbo
1836 4335 2149 4405 puriﬁcata-

539 4428 638 4484 τίω
664 4425 1114 4483 sanctificationis
1137 4439 1268 4480 usus
1293 4425 1634 4496 exprimitur.

608 4531 699 4587 66.
737 4528 920 4602 (Vers.
955 4529 1041 4585 l3.
1071 4526 1090 4597 )
1117 4525 1144 4567 ι’
1169 4525 1327 4582 Cena:
1356 4530 1470 4601 ejus
1498 4528 1636 4582 sicut
1657 4530 1849 4598 phialae
1873 4532 2144 4598 aromatis,

2236 1919 2448 1991 justitia
2478 1926 2593 1982 est,
2620 1919 2664 1973 si
2711 1932 2850 1987 opus
2874 1919 3228 1988 temperantia
3248 1960 3262 1983 ,
3292 1917 3337 1972 si
3375 1931 3519 1988 opus
3543 1915 3819 1972 fortitudo:

2243 2011 2428 2080 utique
2453 2023 2592 2079 opus
2621 2018 2704 2063 est
2722 2009 2886 2065 etiam
2917 2009 3214 2080 sapientia;
3272 2010 3392 2064 istae
3431 2009 3581 2064 enim
3623 2018 3823 2079 quatuor

2244 2104 2578 2174 principales
2599 2105 2831 2160 virtutes
2855 2105 3144 2161 habentur.
3174 2104 3308 2160 Nam
3328 2103 3821 2175 sioperatuerris-

2247 2208 2332 2254 tus
2369 2198 2666 2254 secundum
2695 2198 2838 2270 quod
2867 2198 3079 2269 justitia
3116 2207 3223 2261 est,
3248 2197 3440 2268 utique
3477 2207 3730 2269 operatur
3753 2212 3824 2252 se-

2244 2292 2480 2348 cundum
2511 2292 2652 2364 quod
2684 2293 2920 2349 Verbum
2952 2301 3056 2349 est.
3098 2292 3169 2348 Et
3193 2293 3529 2362 operabatur
3555 2308 3674 2348 cum
3701 2298 3823 2347 esset

2246 2387 2302 2442 in
2333 2387 2600 2457 principio
2627 2386 2768 2457 apud
2802 2386 3039 2442 Patrem.
3073 2385 3314 2456 Denique
3338 2400 3434 2456 per
3462 2386 3641 2456 ipsum
3667 2385 3822 2440 omnia

2246 2477 2384 2534 facta
2407 2489 2555 2544 sunt,
2586 2488 2642 2533 ut
2665 2479 2807 2534 scias
2833 2487 3177 2549 operatorem
3201 2479 3447 2533 omnium
3473 2493 3621 2545 esse,
3640 2487 3692 2533 et
3710 2491 3821 2549 opus

2249 2582 2492 2627 nostrum
2544 2586 2665 2626 esse
2715 2571 2994 2626 Christum
3025 2569 3234 2626 Jesum.
3283 2569 3503 2626 Etenim
3552 2570 3820 2626 secundum

2249 2662 2393 2731 quod
2425 2662 2659 2718 Verbum
2675 2672 2781 2728 est,
2803 2661 3040 2718 Verbum
3058 2661 3484 2732 inquirentibus,
3504 2661 3820 2734 grandeopus

2251 2757 2484 2813 Verbum
2517 2769 2619 2813 est.
2655 2756 2809 2812 Unde
2847 2771 2971 2811 cum
3005 2755 3216 2812 Martha
3253 2755 3552 2812 festinaret
3579 2755 3716 2811 circa
3741 2753 3820 2808 mi-

2250 2851 2555 2917 nisterium,
2593 2852 2758 2906 Maria
2792 2859 2977 2906 autem
3007 2850 3244 2906 Verbum
3276 2850 3498 2906 Domini
3529 2849 3745 2913 audiret,
3769 2861 3820 2902 ea

2249 2959 2369 3012 qua:
2395 2943 2649 2999 audiebat
2677 2944 2725 2998 ei
2770 2959 2892 3013 qua:
2926 2942 3275 2998 ministrabat
3305 2944 3515 2998 meruit
3563 2939 3819 3003 anteferri;

2249 3037 2450 3092 dicenti
2483 3038 2628 3090 enim
2660 3035 2882 3091 Martha:
2908 3053 2921 3090 ε
2943 3033 3190 3101 Domine,
3205 3052 3308 3090 non
3330 3045 3405 3090 est
3427 3035 3524 3090 tibi
3549 3048 3695 3098 eum,
3709 3029 3821 3103 quod

2250 3146 2398 3184 soror
2428 3146 2540 3183 mea
2584 3129 2787 3198 reliquit
2816 3145 2896 3182 me
2923 3129 3087 3184 solam
3122 3129 3458 3186 ministrare?
3493 3128 3588 3182 Dic
3609 3143 3722 3196 ergo
3758 3123 3822 3177 illi

2177 3230 2222 3294 (ζ
2254 3231 2310 3275 ut
2335 3238 2413 3276 me
2441 3222 2672 3290 adjuvet;
2716 3221 3055 3291 reSpondens
3093 3221 3231 3276 dixit
3263 3221 3569 3275 Dominus:
3613 3217 3818 3279 Martha,

2256 3311 2485 3377 Mart/ta,
2513 3311 2684 3366 Maria
2710 3312 2895 3366 bonum
2920 3322 3116 3384 partem
3135 3313 3311 3384 elegit,
3333 3329 3450 3382 qua:
3468 3329 3574 3367 non
3596 3311 3822 3381 auferetur

2249 3401 2332 3457 illi
2366 3402 2495 3473 (Luc
2521 3419 2637 3467 .vn,
2686 3401 2906 3474 40-42).
2933 3402 3010 3459 tta
3049 3402 3289 3460 Verbum
3317 3417 3653 3474 cognoscere
3677 3399 3822 3470 majus

2251 3511 2386 3569 opus
2423 3512 2548 3554 esse
2576 3513 2739 3568 quam
2782 3497 3118 3565 ministrare,
3155 3497 3351 3553 divina:
3378 3497 3699 3555 auctoritate
3717 3509 3818 3551 sen-

2251 3592 2433 3647 tentim
2463 3591 2743 3646 delinitur.

2323 3685 2412 3740 69.
2433 3684 2544 3740 Sed
2572 3685 2807 3741 fortasse
2836 3684 2982 3742 dicat
3012 3685 3208 3756 aliquis
3231 3683 3437 3740 dictant
3471 3700 3594 3742 esse
3619 3683 3681 3740 ab
3705 3683 3821 3752 Apo-

2249 3781 2394 3836 stolo
2420 3799 2432 3835 :
2462 3779 2585 3834 Non
2616 3781 2670 3834 in
2695 3797 2930 3836 sermone
2951 3797 3059 3836 esse
3087 3796 3304 3852 regnum
3332 3778 3450 3846 Dei,
3481 3780 3574 3834 sed
3593 3780 3643 3833 in
3670 3777 3820 3832 virtute

2251 3873 2298 3944 (l
2324 3871 2444 3928 Cor.
2479 3889 2554 3940 iv,
2583 3873 2700 3945 20).
2734 3874 3010 3945 Scriptum
3042 3889 3150 3928 non
3185 3888 3347 3944 nego,
3381 3873 3481 3928 sed
3517 3874 3568 3928 in
3599 3887 3697 3943 quo
3725 3882 3820 3924 ser-

2250 3982 2436 4035 mone,
2465 3982 2762 4037 cognosco;
2797 3983 2992 4039 nempe
3023 3982 3183 4038 quem
3217 3966 3432 4021 inflatus
3463 3964 3726 4028 effuderit,
3745 3958 3818 4031 qui

2249 4059 2597 4116 audientibus
2636 4075 2818 4116 sermo
2845 4061 3111 4132 prodesse
3135 4076 3244 4117 non
3278 4061 3474 4132 possit,
3507 4061 3598 4132 qui
3624 4060 3730 4114 sine
3748 4070 3819 4112 os-

2251 4154 2500 4210 tensione
2527 4155 2598 4210 sit
2641 4154 2863 4225 spiritus
2896 4163 3058 4224 atque
3083 4155 3323 4209 virtutis.
3369 4154 3527 4209 llunc
3545 4161 3815 4208 sermonem

2250 4244 2446 4301 Paulus
2469 4261 2574 4303 non
2616 4247 2868 4318 dignatur
2915 4261 3272 4319 cognoscere;
3331 4248 3450 4302 vult
3494 4247 3635 4303 enim
3674 4238 3816 4312 magis

2249 4340 2507 4395 virtutem
2557 4339 2828 4396 sermonis
2874 4339 3282 4396 commendare.
3336 4339 3582 4410 Denique
3626 4333 3814 4391 volebat

2251 4435 2412 4492 talem
2439 4450 2598 4491 suum
2625 4450 2749 4492 esse
2791 4436 3086 4507 Apostolus
3111 4448 3450 4501 sermonem,
3485 4433 3574 4505 qui
3618 4432 3666 4486 in
3689 4425 3815 4483 inﬁr-

2251 4529 2440 4584 mitate
2469 4529 2742 4594 veniebat,
2762 4537 2822 4584 ut
2841 4529 2981 4585 alios
3010 4528 3218 4584 faceret
3249 4527 3540 4584 fortiores:
3570 4525 3621 4580 in
3650 4524 3816 4579 timore

540 4625 804 4697 gignentes
847 4620 1216 4692 unguentaria.
1254 4619 1374 4675 Jam
1405 4634 1574 4691 genas
1602 4629 1660 4676 et
1697 4631 1893 4679 caatcra
1939 4623 2143 4680 intelli-
2170 4621 2223 4682 Ι)
2249 4631 2303 4678 et
2331 4630 2591 4690 tremore,
2626 4630 2687 4678 ut
2717 4621 2971 4679 timentes
2993 4622 3132 4678 nihil
3161 4629 3498 4688 metuerent,
3534 4619 3636 4676 nisi
3662 4612 3817 4673 Domi-

543 4719 721 4786 gimus
742 4715 938 4769 animae
959 4728 1083 4770 esse
1097 4713 1350 4778 virtutes,
1365 4713 1760 4787 doctorumque
1775 4715 2140 4774 diversitates:

541 4810 634 4880 qui
681 4807 767 4864 vel
808 4806 1114 4878 spiritalem
1164 4806 1332 4861 menti
1371 4805 1688 4862 alimoniam
1735 4809 2145 4880 dispensatione

542 4898 729 4955 sedula
752 4897 1186 4962 subministrent,
1221 4897 1304 4950 vel
1329 4897 1718 4967 prtedicatione
1749 4901 1932 4957 crucis
1963 4902 2146 4959 Domi-

547 4989 681 5044 nicrc
698 4989 838 5044 sicut
860 4985 1024 5043 Verbi
1040 4986 1273 5057 quadam
1289 4987 1432 5044 linea
1454 4989 1678 5060 alligent
1699 4991 2036 5061 audientem,
2061 4997 2145 5052 vel

543 5083 808 5139 modestia
853 5081 1144 5137 verecundi
1199 5091 1254 5137 et
1295 5081 1601 5152 juventutis
1639 5085 1774 5141 ﬂore
1823 5088 2139 5157 gratissimi.

539 5177 658 5232 Etsi
687 5195 718 5232 ει
751 5185 896 5232 tactu
936 5176 1140 5246 pudore
1189 5185 1542 5242 revocentur,
1579 5177 1824 5234 redoleat
1860 5188 2037 5236 tamen
2087 5183 2141 5238 iu

547 5269 632 5325 bis
661 5269 797 5325 odor
837 5269 1072 5325 Christi:
1121 5279 1178 5324 et
1218 5268 1360 5324 sicut
1391 5270 1445 5324 in
1490 5269 1644 5340 genis
1673 5272 1827 5341 quasi
1861 5271 1930 5328 de
1965 5273 2144 5343 capite

539 5361 868 5418 sacerdotali
889 5360 1176 5416 descendit
1193 5372 1548 5433 unguentum,
1581 5361 1660 5418 sic
1686 5363 1808 5419 etin
1831 5364 1913 5418 bis
1929 5363 2144 5421 eluceat

545 5455 890 5526 pulchritudo
928 5454 1215 5510 doctrinm.

613 5551 701 5606 67.
749 5561 770 5591 α
805 5548 966 5604 Labia
990 5551 1102 5621 ejus
1130 5548 1440 5604 distillantia
1466 5549 1733 5622 myrrham
1781 5551 2002 5621 plenam.
2043 5551 2148 5609 Per

613 5792 633 5822 ⁸
665 5784 719 5839 In
745 5781 884 5851 psal.
924 5792 1111 5845 cxvm,
1140 5793 1304 5835 serm.
1338 5779 1438 5847 t6,
1465 5794 1614 5836 num.
1661 5780 1753 5836 21.

608 5853 634 5894 ι’
673 5854 730 5911 In
766 5851 903 5927 psal.
931 5864 1093 5906 cum
1116 5890 1132 5919 ,
1164 5865 1331 5908 serto.
1366 5851 1456 5916 15,
1482 5867 1632 5908 num.
1662 5853 1750 5907 tt.

2245 4733 2373 4774 num
2387 4716 2597 4786 Jesum;
2614 4728 2933 4782 trementes,
2957 4731 3146 4788 pacem
3161 4716 3278 4787 ejus
3294 4714 3815 4787 tranquillitatemque

2244 4821 2546 4868 servarent.
2593 4811 2734 4867 Audi
2779 4826 2912 4882 ergo
2941 4811 3155 4882 qualem
3196 4808 3499 4880 Apostolus
3542 4811 3814 4864 sermonem

2248 4903 2518 4960 habebat:
2557 4902 2622 4958 Et
2653 4919 2839 4971 sermo,
2891 4903 3089 4974 inquit,
3125 4917 3292 4969 meus,
3323 4911 3372 4956 et
3401 4898 3692 4972 praedicatio
3721 4905 3813 4945 mea

2250 5013 2348 5051 non
2378 4997 2430 5050 in
2461 4997 2794 5066 persuasione
2814 4995 3055 5050 humana:
3079 4993 3350 5064 sapientia:
3369 4994 3654 5052 verborum,
3672 4985 3750 5042 sed
3769 4983 3812 5035 in

2249 5089 2538 5145 ostensione
2561 5089 2780 5159 spiritus
2801 5098 2848 5143 et
2877 5088 3080 5142 virtutis
3103 5086 3175 5158 (ll
3196 5086 3321 5142 Cor.
3351 5102 3414 5154 ll,
3438 5087 3491 5159 ι)
3513 5104 3529 5153 ;
3555 5085 3673 5156 quia
3697 5078 3808 5135 ﬁdes

2249 5197 2357 5237 non
2390 5182 2444 5237 in
2476 5180 2678 5238 forensi
2703 5195 2957 5237 sermone
2988 5179 3293 5250 sapientiae,
3324 5177 3423 5235 sed
3453 5177 3506 5234 in
3529 5171 3807 5233 ostensione

2247 5277 2492 5348 spiritus,
2525 5276 2620 5332 sed
2642 5275 2695 5331 iu
2730 5275 2825 5332 Dei
2854 5274 3052 5330 virtute
3080 5272 3349 5328 firmatur.

2321 5368 2410 5424 70.
2445 5369 2585 5438 Ergo
2614 5366 2667 5422 in
2689 5380 2947 5422 sermone
2973 5375 3289 5422 sanctorum
3316 5363 3487 5418 virtus
3509 5368 3609 5428 est,
3641 5358 3688 5413 in
3714 5365 3808 5409 ser-

2246 5477 2412 5518 mone
2460 5469 2641 5516 autem
2690 5457 2899 5516 forensi
2950 5459 3058 5514 isto
3103 5466 3159 5513 et
3213 5453 3588 5527 philosophico
3627 5446 3805 5504 vanitas

2257 5551 2466 5610 mundi.
2496 5552 2760 5608 Virtutem
2777 5560 2959 5608 autem
2985 5565 3110 5608 esse
3142 5550 3196 5606 in
3224 5563 3476 5606 sermone
3505 5547 3802 5602 sanctorum.

2316 5795 2338 5852 ς
2371 5781 2426 5838 In
2456 5783 2593 5852 psal.
2624 5795 2808 5850 cxvm,
2830 5795 2998 5838 serm.
3033 5780 3306 5852 18,7num.
3330 5776 3420 5832 22.

2310 5849 2337 5890 tl
2365 5853 2423 5908 In
2450 5845 2588 5926 psal.
2634 5845 2840 5924 cxvtn',
2892 5867 3058 5910 serm.
3089 5845 3180 5922 tt,
3225 5863 3376 5907 num.
3421 5845 3502 5904 tl.

3757 5567 3914 6288 Ἰ
