3964 6322
223 306 372 366 1957

1215 310 1258 366 Ε
1297 307 1608 366 SCRIPTIS
1647 311 1705 367 S.
1748 307 2074 366 AMBROSII
2110 308 2537 368 COLLECTUS.

3391 313 3535 370 1958

230 423 521 481 etiamiste
539 422 804 496 propheta
827 438 878 481 te
895 425 1139 494 edoceat,
1165 425 1257 498 qtti
1277 425 1390 481 ait:
1417 423 1670 480 Dominus
1696 425 1838 479 dabit
1863 427 1920 486 Α
1945 426 2071 496 quia
2119 426 2332 482 initium
2382 427 2664 498 sapientia:
2710 438 2814 483 est.
2853 427 2909 483 lu
2946 429 3140 484 timore
3178 445 3307 501 ergo
3339 430 3554 500 sapien—

231 516 444 572 uerbum
469 519 933 590 euangelizantibus
949 521 1136 575 uirtute
1161 516 1507 590 multa(Psal.
1527 533 1694 583 van,
1718 517 1834 585 19.);

234 608 348 666 hoc
373 621 482 676 est,
515 619 574 665 ut
600 611 768 666 multa
803 611 1014 682 possint
1033 611 1232 667 virtute
1258 610 1616 681 Evnngelium
1645 608 1838 681 pra-di-

229 717 386 758 care.
422 702 718 759 Probatum
744 714 827 759 est
846 719 976 776 ergo
997 704 1137 774 quod
1169 704 1220 759 in
1255 703 1539 774 Evangelii
1569 701 1837 775 praedica-

229 795 385 850 tione
434 795 505 850 sit
535 797 726 862 virtus,
761 796 1072 867 praedicatio
1105 805 1285 850 autem
1337 795 1612 867 Evangelii
1656 808 1838 848 sermo

227 897 549 944 sanctorum
593 897 707 956 est;
737 889 808 944 ita
840 888 1063 944 dubium
1092 903 1199 944 non
1244 887 1444 944 residet
1469 888 1598 959 quin
1642 887 1694 941 in
1722 901 1838 942 ser-

229 997 398 1037 mone
425 991 613 1038 sancto
629 982 701 1037 sit
727 982 915 1038 virtus.
950 981 1020 1038 Et
1062 981 1180 1038 lucc
1206 982 1425 1054 myrrha
1453 980 1724 1038 distillans
1771 996 1838 1035 ex

231 1074 400 1130 labiis
426 1074 650 1145 Sponsi,
680 1075 895 1130 scilicet
915 1090 1014 1145 per
1039 1089 1200 1144 quam
1230 1074 1357 1128 vitia
1388 1073 1809 1128 mortiﬁcantur.

309 1168 401 1222 71.
435 1167 622 1240 (Vers.
647 1166 764 1239 14.)
805 1175 830 1204 ⁸
862 1165 1052 1221 Manus
1099 1167 1246 1220 illius
1289 1166 1580 1232 tornatiles,
1633 1179 1838 1228 aurew,

233 1262 408 1330 plena:
426 1259 743 1332 hyacinthis.
769 1258 904 1315 Vide
926 1275 1047 1331 qua:
1071 1275 1264 1315 manus
1290 1257 1518 1314 fecerim
1539 1257 1838 1324 hominem,

233 1364 295 1410 et
320 1369 482 1424 quem
525 1354 800 1410 hominem
844 1354 1101 1411 fecerint!
1145 1354 1298 1410 Illum
1341 1355 1528 1424 utique
1555 1352 1722 1422 Quem
1765 1368 1843 1408 se-

235 1449 469 1504 cundum
507 1447 769 1505 Christum
810 1450 1094 1516 induimus,
1126 1449 1470 1519 exspoliantes
1502 1456 1715 1502 veterem
1745 1446 1842 1499 lto-

235 1546 437 1599 minem
467 1562 581 1599 cum
611 1545 812 1599 actibus
833 1546 965 1610 suis,
997 1555 1045 1599 et
1075 1544 1339 1599 induentes
1365 1559 1551 1597 novum
1579 1541 1670 1612 qui
1693 1555 1846 1594 reno-

234 1647 394 1691 vatur
441 1637 510 1691 ad
557 1637 871 1708 agnitionem
917 1636 1198 1692 secundum
1250 1636 1530 1708 imaginem
1593 1635 1704 1706 ejus
1759 1632 1847 1701 qui

232 1731 434 1786 creauit
454 1747 570 1785 eum
589 1747 608 1786 :
635 1731 722 1785 ubi
750 1749 852 1786 non
886 1741 960 1786 est
988 1746 1184 1796 seruus,
1213 1740 1262 1786 et
1294 1731 1444 1798 liber,
1471 1730 1560 1784 sed
1591 1729 1767 1784 omnia
1793 1736 1843 1781 et

1941 519 2074 574 timn
2093 520 2389 589 apostolica
2419 520 2733 591 praedicatio
2760 532 3033 593 tamquam
3062 538 3226 592 super
3245 523 3417 578 basim
3448 539 3544 579 au-

1940 628 2091 668 ream
2141 614 2394 668 columna
2445 615 2692 670 lirmatur
2731 614 2957 670 Christi.
3009 615 3175 686 Igitur
3224 617 3448 686 eloquio
3490 627 3545 671 et

1940 705 2244 774 apostolico
2285 708 2522 761 sermoni
2552 706 2787 761 tribunal
2819 715 2905 760 est
2934 708 3096 760 timor
3121 706 3276 776 justi,
3310 716 3365 761 et
3397 705 3545 762 basis

1941 809 2103 849 aurea
2151 796 2309 866 plena
2342 797 2677 865 prudentia};
2706 796 3058 851 simulacrum
3103 805 3286 851 autem
3333 797 3541 852 bonum

1943 896 2213 958 tamquam
2237 887 2447 957 efﬁgies
2473 889 2735 954 veritatis,
2769 903 2952 944 sermo
2981 900 3314 945 sanctorum.

2014 980 2102 1035 75.
2157 979 2226 1034 Et
2256 980 2376 1034 vide
2402 991 2674 1052 tamquam
2719 981 2890 1035 basim
2921 997 3142 1036 auream
3167 997 3288 1036 esse
3325 990 3544 1038 sancto-

1945 1087 2064 1127 rum
2093 1072 2366 1128 timorem.
2399 1073 2539 1144 Lege
2571 1073 2960 1129 Esaiam:vide
2989 1076 3203 1144 quantis
3232 1074 3536 1144 subjecerit

1943 1165 2217 1228 timorem,
2252 1176 2309 1220 ut
2345 1166 2550 1222 faceret
2600 1167 3133 1238 irreprehensibilem
3153 1181 3206 1224 et
3238 1170 3438 1225 bonum
3478 1172 3546 1225 ti-

1945 1275 2176 1315 morem:
2199 1259 2451 1328 Spiritus,
2486 1262 2679 1331 inquit,
2704 1263 2978 1331 sapientia:
2999 1273 3046 1316 et
3075 1264 3397 1326 intellectus,
3427 1265 3538 1334 spi-

1944 1355 2077 1409 ritus
2105 1355 2312 1410 consilii
2356 1365 2505 1426 atqne
2532 1356 2758 1421 uirtutis,
2802 1357 3020 1427 spiritus
3051 1358 3360 1428 cognitionis
3395 1369 3548 1425 atque

1949 1452 2181 1522 pietatis,
2209 1451 2423 1521 spiritus
2445 1452 2646 1506 timoris
2669 1450 2879 1506 Domini
2902 1450 3076 1526 (Esai.
3106 1468 3182 1518 ιιι,
3213 1450 3303 1521 Ξ);
3329 1453 3546 1520 quantis

1948 1546 2200 1600 timorem
2227 1545 2478 1615 subjecit,
2513 1555 2571 1599 ut
2613 1545 2836 1600 haberet
2866 1545 3009 1614 quod
3041 1546 3193 1614 sequi
3216 1544 3416 1616 possit!
3460 1544 3546 1598 lu-

1950 1639 2216 1696 formatur
2242 1655 2340 1710 per
2365 1640 2706 1709 sapientiam,
2736 1639 3022 1694 instruitur
3053 1655 3150 1709 per
3171 1638 3509 1693 intellectum
3531 1680 3546 1706 ,

1951 1733 2179 1788 consilio
2191 1732 2460 1802 dirigitur,
2483 1733 2686 1786 virtute
2701 1731 2968 1797 ﬁrmatur,
2992 1730 3301 1800 cognitione
3315 1731 3546 1801 regitur,

233 1823 292 1875 in
310 1823 550 1878 omnibus
567 1821 802 1878 Christus
825 1821 1102 1895 (Collass.,
1124 1838 1200 1888 ιιι,
1218 1819 1394 1894 9-11).
1416 1821 1691 1877 Christum
1711 1835 1841 1889 ergo
1875 1819 1922 1878 Β
1950 1827 2149 1896 pietate
2175 1825 2481 1880 decoratur.
2536 1823 2690 1878 Tolle
2738 1823 2919 1878 timori
2953 1822 3165 1877 Domini
3193 1821 3325 1887 ista,
3375 1829 3432 1876 et
3452 1829 3539 1876 est

236 1914 545 1984 induimus,
569 1915 709 1970 sicut
731 1925 784 1970 et
812 1915 939 1970 alibi
967 1915 1170 1969 dictum
1195 1921 1314 1970 est:
1349 1911 1612 1967 Christum
1643 1911 1846 1966 induis-

237 2009 309 2064 tis
334 2007 530 2079 (Colat.
559 2025 639 2077 ιιι,
661 2009 777 2082 27).
806 2010 1133 2079 Accepimus
1155 2009 1420 2080 Spiritum
1445 2015 1693 2062 sanctum
1713 2048 1726 2071 ,
1751 2005 1842 2076 qui

238 2116 354 2156 non
376 2101 552 2156 solum
580 2112 768 2156 nostra
799 2110 1016 2172 peccata
1045 2101 1290 2168 dimittit;
1323 2099 1534 2172 1603
1555 2099 1648 2154 sed
1677 2097 1845 2153 etiam

237 2207 346 2248 nos
370 2191 831 2248 facitsacerdotes
857 2207 986 2248 suos
1006 2193 1127 2248 aliis
1150 2201 1372 2264 peccata
1395 2192 1694 2248 dimittere.
1720 2190 1849 2246 Ideo

240 2287 321 2340 ait
338 2286 608 2357 Propheta
631 2304 645 2341 :
669 2287 742 2341 Tu
758 2289 954 2356 [inxisti
977 2305 1054 2343 me
1069 2298 1113 2340 et
1139 2287 1355 2356 posuisti
1372 2302 1525 2355 super
1541 2301 1620 2338 me
1640 2299 1850 2338 manttm

242 2377 609 2450 tuam(Psal.
643 2394 914 2447 cxxxvm,
949 2379 1013 2450 5)
1040 2395 1056 2433 :
1081 2379 1238 2434 ﬁnxit
1277 2394 1374 2448 per
1422 2378 1619 2442 lutum,
1670 2375 1853 2447 posuit

243 2486 473 2527 manum
508 2488 604 2543 per
628 2475 856 2544 gratiam
883 2472 1185 2542 Spiritalem
1213 2489 1228 2537 ;
1252 2471 1382 2527 licet
1425 2471 1674 2542 plerique
1707 2469 1853 2525 hunc

245 2564 522 2635 psalmum
575 2581 642 2620 ex
691 2581 921 2636 persona
951 2565 1154 2620 dictum
1209 2563 1512 2621 Salvatoris
1563 2564 1850 2631 accipiant.

244 2659 393 2716 Audi
415 2660 540 2730 quia
569 2675 761 2715 manus
793 2659 1002 2715 Domini
1032 2659 1196 2714 etiam
1239 2657 1464 2728 spiritus
1487 2657 1706 2721 dicitur,
1744 2657 1856 2710 cla-

245 2763 364 2810 mat
385 2753 520 2809 Job:
542 2753 775 2826 Spiritus
801 2753 1004 2807 diuinas
1033 2753 1121 2823 qui
1142 2752 1263 2823 fecit
1286 2767 1366 2806 me
1388 2749 1534 2818 (Job.
1559 2765 1750 2814 χχχιιι,
1772 2747 1851 2820 4).

248 2849 377 2904 Ιειιθ
424 2857 552 2904 sunt
599 2863 733 2919 ergo
774 2862 964 2903 manus
1003 2861 1126 2917 qua:
1170 2844 1450 2900 hominem
1503 2849 1852 2914 paraverunt,

246 2938 504 2994 Christus
527 2949 582 2994 et
611 2939 868 3011 Spiritus.

329 3030 418 3086 72.
452 3031 594 3104 Ergo
647 3031 908 3087 Dominus
949 3030 1110 3087 Jesus
1136 3039 1192 3086 et
1237 3029 1488 3099 corporis
1539 3036 1730 3084 auctor
1775 3037 1861 3084 est

253 3125 464 3192 nostri,
494 3126 585 3196 qui
641 3125 879 3197 primum
921 3124 1050 3179 fecit
1099 3121 1373 3177 hominem
1416 3119 1485 3176 ad
1531 3120 1853 3191 imaginem;

1950 1916 2339 1972 irrationabilis
2366 1927 2420 1971 et
2445 1915 2706 1984 insipiens
2730 1915 2909 1979 timor,
2942 1929 3078 1968 unus
3105 1928 3172 1968 ex
3201 1912 3340 1966 illis:
3386 1909 3546 1966 Foris

1950 2027 2157 2081 pugnat,
2185 2011 2325 2064 intus
2355 2011 2561 2064 timores
2590 2007 2654 2079 (ll
2686 2007 2808 2062 Car.
2842 2021 2938 2071 vn,
2970 2008 3057 2078 5);
3091 2005 3286 2074 quibus
3311 2002 3550 2058 afflictus

1949 2112 2156 2157 essetet
2181 2100 2400 2163 Paulus,
2425 2101 2524 2154 nisi
2547 2098 2824 2153 habuisset
2846 2097 3130 2151 Dominum
3147 2095 3544 2150 consolantem.

2023 2195 2111 2250 76.
2147 2193 2328 2265 (Vers.
2358 2193 2472 2260 15.)
2497 2191 2707 2263 Species
2728 2191 2840 2263 ejus
2865 2199 2920 2242 ut
2942 2187 3151 2253 Libani,
3177 2187 3368 2241 electus
3391 2195 3444 2240 ut
3471 2201 3548 2239 ce-

1953 2288 2056 2343 dri.
2086 2288 2141 2342 In
2169 2289 2295 2342 altis
2316 2286 2540 2350 habitat,
2577 2294 2631 2341 et
2664 2283 2888 2338 humilia
2915 2282 3155 2352 reSpicit,
3184 2281 3310 2351 quia
3343 2281 3554 2350 species

1954 2380 2072 2450 ejus
2096 2379 2236 2434 sicut
2260 2377 2456 2434 cedrus
2487 2376 2706 2441 Libani,
2734 2391 2854 2446 qua:
2880 2390 3092 2430 comam
3125 2373 3378 2437 nubibus,
3411 2369 3554 2426 radin

1955 2486 2072 2528 cem
2121 2471 2282 2526 terris
2329 2470 2539 2532 inserit;
2569 2469 2894 2538 principium
2941 2465 3084 2520 enim
3137 2465 3256 2535 ejus
3295 2479 3327 2518 e
3372 2462 3552 2527 caelo,

1957 2564 2258 2635 posteriora
2285 2563 2404 2632 ejus
2436 2564 2486 2618 in
2520 2563 2680 2616 terris
2711 2562 2916 2616 fructus
2956 2559 3099 2614 caelo
3138 2556 3416 2628 proximos
3443 2554 3560 2610 edi-

1957 2660 2174 2714 derunt.
2203 2656 2229 2695 ά
2252 2657 2436 2713 Genus
2466 2657 2570 2710 hoc
2600 2655 2813 2710 arboris
2855 2667 3148 2723 numquam
3195 2650 3392 2706 amittit
3424 2649 3560 2704 viri-

1957 2753 2182 2809 ditatem
2214 2767 2389 2816 suam,
2423 2750 2786 2821 hyemejuxta
2815 2761 2878 2802 ac
2903 2757 3094 2802 testate
3119 2758 3330 2800 comam
3357 2740 3554 2812 pascit,

1958 2859 2059 2900 nec
2113 2843 2330 2898 diverso
2379 2841 2566 2897 colore
2597 2847 2855 2895 mutatur:
2901 2837 3073 2891 solam
3121 2836 3258 2889 hanc
3303 2832 3555 2887 arborem

1959 2945 2153 2992 ventus
2199 2949 2612 3004 suonumquam
2644 2931 2853 2986 honore
2897 2928 3206 2999 despoliat:
3256 2923 3371 2980 sola
3403 2937 3560 2978 num-

1959 3042 2119 3098 quam
2149 3026 2320 3081 veteri
2366 3025 2584 3081 exuitur
2611 3023 2833 3084 amictu,
2856 3029 2948 3074 aut
2970 3033 3112 3074 novo
3142 3016 3276 3072 flore
3303 3017 3557 3070 vestitur.

1964 3118 2055 3176 Sic
2108 3119 2405 3189 apostolica
2452 3129 2668 3188 quoque
2715 3113 2886 3184 gratia
2937 3111 3114 3166 nescit
3155 3107 3455 3173 defectum,
3503 3113 3562 3161 et

249 3228 309 3273 ct
339 3189 526 3289 postea
548 3219 614 3273 de
641 3189 755 3274 luto
771 3217 944 3283 ﬁnxit,
973 3226 1026 3271 et
1048 3216 1218 3270 voluit
1239 3212 1605 3285 salvarequod
1629 3189 1855 3280 fecerat,
1886 3189 1932 3252 Ο
1963 3222 2224 3283 perpetua
2267 3217 2550 3264 venustate
2571 3206 2655 3261 sui
2680 3205 2856 3260 ﬂoret.
2897 3205 3092 3258 Anima
3127 3215 3258 3271 ergo
3283 3195 3561 3267 corrumpi

251 3311 478 3368 salvare
508 3311 651 3383 quod
685 3313 1080 3380 plasmaverat,
1126 3319 1184 3363 ut
1215 3317 1385 3362 totum
1421 3306 1699 3361 hominem
1751 3305 1858 3359 sal-

254 3421 384 3462 vum
418 3403 637 3461 faceret.
663 3405 785 3460 Istae
823 3413 950 3459 sunt
977 3416 1170 3457 manus
1198 3400 1292 3456 Dei
1326 3401 1630 3464 toruatiles,
1658 3397 1710 3453 id
1739 3408 1857 3463 est,

254 3497 550 3569 perfectae:
573 3512 754 3553 aurea:
778 3504 1002 3568 propter
1023 3493 1344 3564 sapientiam
1367 3493 1457 3564 qui
1483 3501 1566 3546 est
1585 3489 1858 3557 Christus,

256 3591 438 3661 plena:
469 3589 779 3662 hyacinthis
810 3595 1033 3659 prapter
1057 3586 1318 3658 Spiritum
1351 3593 1632 3649 sanctum,
1665 3593 1720 3639 et
1745 3582 1864 3653 ple-

257 3680 566 3737 nitudinem
587 3679 975 3735 charismatum
1007 3679 1144 3748 ejus.

332 3775 425 3829 75.
461 3771 642 3844 (Vers.
683 3771 774 3828 M.
800 3769 868 3842 )b
899 3769 1086 3826 Venter
1127 3770 1238 3838 ejus
1263 3768 1546 3833 eburneus,
1587 3766 1865 3820 distinctus

261 3865 510 3939 saphiris.
542 3864 872 3936 Apostolus,
921 3861 990 3916 Et
1017 3863 1096 3928 si,
1147 3860 1343 3932 inquit,
1385 3858 1668 3927 crucifixus
1703 3865 1866 3910 estea:

260 3957 599 4026 inﬁrmitate;
647 3970 776 4012 ecce
814 3961 1034 4020 venter,
1080 3950 1131 4006 id
1160 3961 1272 4017 cst,
1315 3951 1495 4005 carnis
1541 3947 1862 4004 inﬁrmitas:

273 4050 412 4106 Viuit
435 4059 606 4104 tamen
635 4065 698 4104 ea:
747 4049 934 4103 uirtute
957 4045 1052 4100 Dei
1084 4044 1149 4114 (ll
1179 4043 1300 4098 Cor.
1336 4058 1452 4109 xm,
1485 4043 1575 4113 4);
1608 4056 1737 4096 ecce
1779 4039 1866 4094 di-

263 4142 489 4200 stinctio
515 4141 740 4212 saphiri.
768 4138 1028 4209 Saphirus
1060 4137 1204 4192 enim
1251 4149 1317 4190 eo
1344 4134 1489 4206 quod
1539 4134 1662 4190 caeli
1687 4135 1867 4190 sereni

265 4238 504 4307 Speciem
530 4245 706 4306 gerat,
748 4248 869 4304 qua:
895 4241 1022 4286 sunt
1057 4229 1354 4284 divinitatis
1381 4243 1547 4298 Opera
1573 4225 1864 4299 signiﬁcat.

266 4331 401 4387 ()nir
428 4339 613 4385 autem
657 4336 881 4398 pr0pter
909 4326 1217 4380 castitatem
1247 4331 1301 4378 et
1332 4321 1563 4379 nitorem
1591 4333 1644 4378 et
1673 4337 1871 4394 perpe-

269 4429 543 4492 tuitatem,
589 4440 806 4479 carnem
836 4422 983 4476 illam
1016 4419 1286 4490 signiﬁcat
1314 4416 1635 4484 Salvatoris,
1668 4417 1736 4472 de
1766 4432 1869 4487 qua

271 4519 416 4576 idem
443 4515 742 4588 Apostolus
767 4513 929 4569 dicit:
981 4510 1117 4578 Quia
1145 4509 1242 4562 etsi
1296 4503 1560 4561 Christum
1591 4507 1872 4562 secundum

1964 3305 2160 3370 nescit,
2200 3319 2320 3374 qua:
2351 3298 2670 3356 ﬂorentibus
2709 3297 2966 3354 membris
2992 3297 3158 3364 viget,
3199 3305 3418 3362 semper
3444 3289 3563 3360 jus-

1967 3399 2096 3452 titia:
2126 3404 2557 3464 cmterarumque
2588 3394 2845 3446 virtutum
2875 3388 3112 3444 culmina
3145 3384 3375 3456 patienti
3411 3395 3561 3451 mag-

1969 3491 2290 3545 nanimitate
2307 3494 2592 3551 sustentat;
2617 3495 2672 3541 et
2696 3485 2818 3540 ideo
2834 3499 2940 3538 non
2953 3480 3138 3536 deﬂuit
3163 3491 3338 3548 neque
3353 3473 3560 3538 deﬁcit,

1965 3585 2089 3656 quia
2135 3583 2271 3638 nihil
2301 3583 2354 3638 iu
2377 3597 2439 3637 ea
2491 3581 2772 3636 ruinosum
2827 3585 2914 3632 est
2939 3590 3004 3631 ac
3055 3574 3378 3637 remissum,
3431 3566 3569 3623 nihil

1967 3677 2188 3742 mobile,
2214 3675 2348 3730 nihil
2381 3673 2672 3738 lubricum,
2707 3668 2839 3726 nihil
2861 3667 3005 3740 quod
3036 3666 3169 3721 vitio
3199 3661 3469 3720 sermonis
3496 3674 3564 3715 ex

1967 3783 2031 3826 ea
2061 3769 2229 3836 possit
2249 3766 2476 3823 effundi.

2040 3861 2130 3914 77.
2155 3857 2332 3929 (Vers.
2365 3856 2443 3911 l6.
2471 3856 2490 3928 )
2543 3852 2734 3909 Guttur
2755 3851 2898 3906 illius
2937 3848 3320 3910 suavissimum,
3352 3852 3400 3897 et
3422 3849 3562 3896 totus

1970 3951 2303 4007 desiderium.
2331 3945 2545 4002 Iudicia
2574 3943 2785 3999 Domini
2814 3959 2953 4006 uera,
2978 3939 3277 4013 justiﬁcata
3299 3937 3352 3990 in
3382 3943 3565 3988 semet-

1968 4047 2106 4115 ipsa,
2151 4042 2516 4099 desiderabilia
2546 4056 2702 4110 super
2732 4053 2919 4092 aurum
2951 4046 2996 4090 et
3021 4033 3249 4105 lapidem
3279 4031 3566 4100 pretiosum

1972 4139 2188 4192 multum
2207 4134 2380 4206 (Psat.
2405 4148 2553 4200 xvrtt,
2581 4133 2646 4187 10
2663 4142 2708 4186 et
2735 4127 3044 4202 H).'~‘Quod
3069 4139 3319 4180 severum
3343 4121 3397 4176 in
3419 4119 3566 4185 aliis,

1975 4235 2029 4290 in
2055 4233 2272 4288 Christo
2297 4229 2457 4286 dulce
2491 4238 2573 4284 est
2594 4267 2610 4293 ,
2639 4226 2690 4280 in
2719 4223 2939 4279 Christo
2965 4235 3132 4276 suave
3160 4226 3264 4282 est;
3297 4213 3422 4286 quia
3451 4212 3573 4282 ipse

1975 4328 2157 4384 suavis
2210 4331 2295 4381 est
2322 4340 2336 4378 :
2369 4320 2605 4392 Denique
2627 4326 2830 4392 gustate
2855 4326 2901 4370 et
2929 4313 3094 4368 videte
3116 4310 3360 4382 quoniam
3404 4305 3578 4361 suavis

1976 4430 2051 4477 est
2099 4417 2353 4473 Dominus
2383 4413 2560 4485 (Psal.
2594 4426 2746 4474 um,
2779 4410 2858 4479 9).
2914 4407 3100 4461 Dulcia
3143 4401 3346 4472 judicia
3404 4396 3575 4454 conﬁ-

1978 4514 2134 4576 tenti,
2165 4512 2286 4580 quia
2319 4509 2433 4578 ipse
2455 4507 2617 4562 dicit:
2657 4504 2766 4572 Ego
2817 4516 2955 4565 sum,
2981 4514 3074 4571 ego
3117 4513 3253 4560 sunt,
3299 4492 3387 4563 qui
3431 4490 3581 4546 deleo

269 4627 480 4668 carnem
511 4610 777 4674 novimus,
807 4606 896 4662 sed
925 4619 1059 4658 nunc
1092 4605 1209 4675 jam
1247 4616 1352 4654 non
1383 4599 1616 4654 novimus
1645 4598 1713 4668 (ll
1747 4599 1849 4654 Cor

1978 4604 2278 4674 iniquitates
2305 4611 2440 4666 tuas,
2476 4611 2522 4652 et
2562 4611 2760 4650 memor
2805 4609 2908 4646 non
2941 4605 3054 4644 ero:
3085 4599 3140 4643 tu
3167 4594 3344 4640 autem
3381 4597 3582 4636 memor

273 4722 329 4772 ν,
363 4704 481 4775 16).

344 4797 436 4852 74.
462 4793 643 4867 (Vers.
675 4790 794 4862 15.)
825 4801 848 4830 ο
891 4787 1057 4844 Crura
1084 4789 1226 4842 illius
1272 4785 1524 4841 columnae
1553 4799 1875 4852 marmorea,

275 4887 514 4962 fundata:
533 4902 686 4957 super
705 4885 848 4939 bases
869 4898 1075 4935 aureas.
1102 4879 1424 4950 Signiﬁcant
1443 4879 1730 4934 columnas
1755 4890 1878 4932 esse

279 4981 540 5038 Ecclesia:
561 4977 873 5048 Apostolus,
903 4973 997 5045 qui
1017 4969 1224 5026 fundati
1240 4979 1367 5026 sunt
1382 4969 1435 5025 in
1457 4970 1650 5024 timore
1669 4977 1878 5022 saneto.

1981 4711 2112 4766 esto,
2153 4708 2198 4752 et
2216 4696 2534 4770 judicemur.
2581 4690 2680 4746 Dic
2706 4689 3000 4759 iniquitates
3029 4695 3169 4748 tuas,
3192 4691 3248 4735 ut
3270 4675 3580 4770 justiﬁceris

1983 4765 2158 4859 (Esai.
2184 4765 2334 4851 sinu,
2361 4783 2432 4840 25
2451 4795 2499 4839 et
2524 4782 2641 4853 26).
2675 4781 2861 4835 Dulcia
2881 4775 3084 4848 judicia
3107 4771 3284 4843 agenti
3314 4765 3588 4839 paeniten-

1982 4880 2136 4946 tiam,
2169 4879 2293 4949 quia
2333 4879 2451 4946 ipse
2479 4875 2633 4930 dixit:
2664 4871 2926 4928 Gaudium
2951 4868 3050 4924 erit
3083 4881 3239 4934 super
3267 4877 3371 4915 uno
3400 4873 3583 4930 pecca-

1984 4984 2094 5028 tore
2123 4969 2474 5043 paenitentiam
2501 4975 2704 5038 agente,
2740 4977 2894 5032 quant
2923 4961 2976 5013 in
3000 4956 3285 5027 nonaginta
3325 4962 3372 5004 et
3403 4964 3586 5003 novem

276 5073 410 5130 Nam
434 5074 574 5126 sicut
600 5039 814 5130 Detrus,
845 5039 1105 5128 Iacobus,
1132 5063 1372 5119 Joannes
1394 5069 1452 5118 et
1479 5059 1756 5115 Barnabas
1785 5074 1879 5114 co-
1971 5039 2156 5138 justis,
2188 5063 2276 5133 qui
2320 5078 2422 5115 non
2443 5059 2678 5129 indigent
2724 5052 3017 5124 paenitentia
3065 5048 3218 5138 (Luc.
3246 5059 3335 5138 xv,
3367 5043 3398 5138 7
3424 5039 3580 5138 )LS-i

277 5166 480 5220 lumnae
523 5177 644 5218 esse
690 5159 1018 5216 videbantur
1041 5155 1322 5222 Ecclesia,
1353 5155 1431 5208 sic
1461 5163 1514 5208 et
1556 5153 1881 5223 quicumque

278 5259 470 5317 vicerit
495 5256 598 5312 hoc
634 5253 916 5317 saeculum,
952 5251 1010 5306 ﬁt
1035 5249 1293 5305 columna
1320 5247 1440 5314 Dei,
1472 5261 1634 5317 quam
1680 5245 1882 5300 conﬁr-

281 5365 394 5412 mat
423 5353 516 5425 qui
544 5352 675 5408 dicit
707 5367 723 5406 :
756 5348 869 5419 Ego
908 5347 1212 5416 conﬁrmavi
1262 5345 1529 5399 columnas
1559 5343 1676 5414 ejus
1703 5341 1878 5413 (Psal.

286 5443 562 5516 LXXIV,‘).
591 5442 668 5498 lta
690 5451 743 5498 et
763 5441 908 5496 basis
938 5452 1103 5493 aurea
1141 5436 1308 5492 timor
1333 5436 1529 5506 plenus
1553 5433 1879 5504 disciplinac,

360 5640 388 5670 ι
416 5631 474 5686 In
514 5627 652 5700 psal.
675 5640 852 5700 _cxvtn
875 5666 888 5690 ,
926 5635 1107 5700 βεγιηᾷ
1137 5617 1228 5700 10,
1258 5631 1410 5700 num.
1440 5616 1528 5669 t7.

361 5701 391 5742 ι’
421 5687 545 5758 Lib.
575 5698 646 5755 de
675 5687 1049 5752 lncarnatione
1069 5687 1306 5744 Domini.

373 5785 395 5810 ε
423 5756 487 5828 lu
509 5785 594 5844 ps.
642 5782 838 5834 cxvnt,
862 5780 1026 5822 serm~
1054 5761 1110 5831 5,
1137 5774 1285 5814 num.
1336 5756 1427 5813 58.

1985 5128 2160 5210 dulcia
2191 5128 2318 5208 sunt
2363 5151 2524 5222 igitur
2546 5128 2750 5218 judicia
2781 5143 3012 5206 Domini,
3045 5136 3326 5194 suavitatis
3363 5128 3580 5206 160E

1989 5246 2198 5303 fructus
2220 5243 2504 5316 percipere
2525 5234 2999 5296 elaboremus.Vis
3034 5234 3174 5288 scire
3205 5242 3364 5300 quam
3399 5223 3582 5278 dulcia

1987 5338 2192 5410 judicia
2215 5313 2458 5391 Domini?
2475 5329 2969 5398 Quicreditinipso,
2988 5322 3370 5410 nonjudicatur
3393 5313 3449 5387 (1
3455 5330 3578 5368 oan.

1991 5409 2072 5498 ιιι,
2113 5426 2228 5500 18).
2262 5426 2452 5483 Dulcia
2480 5439 2612 5494 ergo
2628 5421 2830 5492 judicia
2869 5416 3253 5475 credentibus:
3284 5409 3376 5482 qui
3405 5415 3587 5463 autem

2073 5607 2098 5649 ἀ
2128 5610 2186 5666 Ιιι
2235 5624 2319 5681 ps.
2348 5619 2550 5673 csvtn,
2593 5601 2832 5681 sermuli,
2884 5594 3155 5681 num-gl.

2072 5692 2096 5719 θ
2120 5664 2184 5738 iii
2225 5664 2309 5752 ps.
2331 5664 2548 5741 cxvutf
2576 5688 2739 5731 scrm.
2766 5664 2837 5736 ὅ,
2867 5683 3015 5727 num.
3039 5664 3130 5722 43.
