3964 6382
372 290 511 348 1939

1353 281 1907 343 COMMENTARIUS
1940 283 2009 341 ιιι
2045 282 2342 341 CANTICA
2380 282 2655 339 CANTIC.

3538 280 3680 335 1910

369 419 477 460 non
493 402 746 467 credunt,
769 416 874 458 non
889 400 1087 457 Christi
1116 396 1578 470 judiciodamnati
1596 407 1741 463 sunt,
1762 396 1851 466 qui
1872 411 1963 452 ve-
1991 400 2047 461 Α
2071 404 2252 451 sancta
2307 395 2519 450 ﬁliabus
2545 394 2787 450 ctelestis
2812 395 2954 449 illius
2983 394 3219 449 civitatis
3260 393 3505 449 admixta
3531 392 3673 448 Vero

368 498 448 551 nit
472 509 575 549 non
603 504 662 549 ut
697 492 1195 564 judicetmundum,
1219 489 1315 545 sed
1348 498 1406 543 ut
1434 488 1607 543 salvct
1644 487 1961 553 etredimat;

372 587 469 643 sed
498 585 791 657 impietatis
816 600 927 638 suae
954 582 1174 639 subiere
1212 581 1502 651 judicium,
1552 580 1643 649 qui
1674 579 1727 632 in
1774 579 1966 632 remis—

364 680 574 734 sionem
624 684 967 746 peccatorum
1012 673 1238 729 crcdere
1282 673 1596 727 noluerunt.
1646 669 1764 723 Non
1819 669 1964 723 enim

367 777 596 841 possunt
623 766 689 821 ad
721 768 840 835 ejus
886 767 1158 836 pertinere
1191 765 1506 821 beneﬁciqu
1532 805 1547 829 ,
1582 778 1741 826 quem
1765 776 1964 832 cogno-

363 875 521 916 scere
550 857 872 914 refutarunt.
907 856 1052 926 Ergo
1083 855 1173 925 qui
1204 872 1310 909 non
1344 854 1695 909 crediderunt
1722 855 1773 906 in
1796 869 1919 908 eum
1948 893 1964 920 ,

363 953 569 1024 judicio
599 951 719 1022 ejus
766 950 1019 1006 videntur
1067 948 1295 1017 indigni.
1347 947 1617 1003 Judicium
1659 948 1803 1001 enim
1847 945 1967 1015 ejus

369 1045 610 1117 quidsit,
643 1058 903 1113 agnosce,
937 1044 1151 1098 dicente
1191 1041 1339 1111 ipso:
1374 1039 1489 1095 Hoc
1515 1050 1683 1094 autem
1704 1039 1969 1113 judicium

366 1148 462 1207 est,
494 1156 598 1211 qua
628 1138 722 1193 lux
742 1138 875 1192 venit
906 1137 957 1190 in
986 1136 1124 1190 hunc
1154 1134 1404 1188 mundum
1435 1132 1603 1204 (Ibid.
1628 1133 1740 1202 19).
1794 1131 1969 1186 Dulce

363 1246 514 1303 ergo,
548 1231 692 1301 quod
719 1232 808 1285 lux
838 1239 957 1294 est,
986 1228 1143 1284 dulce
1187 1226 1484 1297 judicium,
1519 1225 1664 1296 quod
1707 1224 1972 1295 prmcedit

370 1321 775 1385 misericordia;
806 1321 885 1375 sic
921 1319 1066 1373 enim
1106 1319 1366 1388 scriptum
1390 1328 1493 1383 e5t,
1548 1316 1968 1371 Misericmdiam

370 1425 417 1469 et
437 1413 702 1486 judicium
739 1412 956 1468 cantabo
983 1412 1103 1476 tibi,
1142 1410 1561 1481 Dontine(Psal.
1589 1426 1637 1476 c,
1677 1411 1753 1482 1).
1799 1410 1969 1465 Dulce

368 1509 530 1563 etiam
560 1515 747 1577 guttur
771 1516 826 1561 et
857 1505 1267 1569 suavissimum,
1329 1503 1474 1559 unde
1512 1503 1630 1558 haec
1661 1504 1971 1559 miscricor-

372 1599 459 1654 dia
488 1600 745 1669 prarcedit
766 1604 821 1652 et
852 1596 953 1651 hoc
978 1595 1263 1665 judicium.

441 1694 528 1748 78.
546 1680 723 1764 (Vcrs.
749 1684 944 1763 16.)Ει
968 1700 1106 1744 totus
1132 1689 1508 1743 desiderabilis.
1524 1696 1551 1725 δι
1574 1686 1972 1760 Speciosusfor-

2068 490 2197 545 bum
2236 490 2482 559 requirit,
2511 500 2565 543 et
2594 488 2891 558 quaerendo
2921 488 3065 544 illius
3090 489 3144 542 in
3177 502 3237 543 se
3259 487 3462 542 excitat
3494 486 3676 541 chari-

2069 593 2267 638 tatem:
2316 584 2425 637 illis
2466 597 2595 637 vero
2640 582 3042 651 requirentibus
3083 579 3499 635 etdicenlibus:
3559 580 3677 647 Quo

2070 677 2193 730 abiit
2216 674 2438 729 dilectus
2462 684 2604 740 tuus,
2640 690 2669 727 o
2695 673 3043 744 pulcherrima
3078 672 3353 725 mulieruni
3376 672 3403 724 ἲ
3432 672 3560 738 Quo
3589 670 3687 726 de-

2069 769 2291 825 clinavit
2317 769 2545 823 dilectus
2575 777 2721 831 tuus,
2747 774 2806 821 ut
2830 779 3139 836 quatratnus
3169 779 3290 817 eum
3325 762 3538 818 tecum?

2579 903 2808 963 CAPUT
2847 903 3157 961 SEXTUM.

2146 1048 2198 1098 1.
2231 1042 2417 1115 (Vers.
2445 1043 2497 1097 1.
2524 1039 2543 1111 )
2579 1052 2598 1079 ε
2634 1039 2887 1104 Dilectus,
2937 1038 3135 1108 inquit,
3163 1053 3307 1091 meus
3328 1036 3602 1091 descendit
3629 1037 3681 1090 in

2073 1136 2280 1190 hortum
2307 1151 2457 1189 suum
2486 1134 2553 1188 ad
2576 1133 2803 1187 areolam
2825 1132 3093 1196 aromatis,
3124 1140 3178 1184 ut
3209 1140 3456 1198 pascatur
3476 1129 3534 1182 in
3558 1129 3680 1181 hor-

2074 1230 2158 1290 tis,
2191 1236 2239 1280 et
2278 1226 2391 1281 lilia
2430 1225 2660 1295 colligat.
2706 1223 2806 1279 Ubi
2852 1222 3087 1278 Verbum
3116 1230 3346 1290 qumrat,
3379 1222 3676 1291 agnoscit:

2073 1320 2217 1388 quod
2270 1319 2410 1372 inter
2455 1319 2732 1372 orationes
2783 1325 3098 1369 sanctorum
3126 1322 3395 1380 moretur,
3451 1313 3682 1383 etquod

2075 1412 2209 1481 ipsis
2235 1410 2518 1476 inluereat,
2553 1408 2704 1464 novit
2728 1450 2741 1471 ,
2780 1417 2833 1462 et
2880 1407 3022 1476 quod
3069 1406 3373 1461 Ecclesiam
3401 1421 3564 1459 suam
3598 1404 3682 1461 vel

2073 1504 2564 1573 anitnasjustorum
2593 1517 2814 1556 suorum
2847 1502 2986 1554 inter
3018 1500 3131 1554 lilia
3164 1509 3368 1570 pascat,
3400 1500 3681 1571 intelligit.

2077 1598 2192 1653 Hoc
2256 1598 2577 1670 mysterium
2634 1596 2728 1650 tibi
2785 1596 2837 1649 in
2886 1594 3181 1665 Evangelio
3234 1594 3681 1660 demonstravit,

2074 1706 2197 1746 cum
2248 1693 2300 1745 in
2354 1690 2578 1744 sabbato
2624 1688 2848 1743 duceret
2895 1703 2988 1757 per
3042 1685 3303 1740 seminata
3356 1686 3680 1755 discipulos.

367 1801 452 1839 ma
488 1800 597 1856 pra:
623 1783 748 1853 ﬁliis
779 1783 1041 1836 hominum
1073 1780 1245 1855 (Psal.
1282 1797 1425 1848 χιιι,
1458 1780 1539 1851 5).
1575 1781 1744 1833 llomo
1768 1781 1968 1849 quippe
1999 1791 2049 1851 Β
2077 1782 2289 1853 Moyses
2332 1796 2427 1851 per
2464 1780 2739 1835 desertum
2795 1778 2947 1832 duxit
3003 1780 3261 1849 populum
3324 1777 3680 1843 Judmorum,

368 1888 484 1933 erat
516 1878 816 1933 secundum
847 1891 1092 1941 carnem,
1122 1874 1220 1930 sed
1261 1874 1401 1929 ultra
1444 1873 1745 1938 hominem,
1776 1888 1970 1927 secun-

374 1970 503 2025 dum
534 1970 773 2026 divinam
804 1968 1203 2038 Operatiouem.
1256 1966 1498 2037 Denique
1521 1970 1644 2021 cuin
1690 1966 1968 2036 leprosum

373 2074 641 2136 tangeret,
674 2067 835 2119 homo
868 2064 1190 2120 videbatur:
1213 2064 1314 2119 sed
1348 2065 1486 2118 ultra
1518 2064 1817 2132 hominem,
1847 2078 1970 2119 cum

370 2153 711 2211 emendaret.
744 2155 810 2209 Et
838 2171 962 2210 cum
994 2157 1256 2210 Lazarum
1286 2154 1445 2211 ﬂeret
1483 2166 1778 2219 mortuum,
1811 2156 1969 2226 quasi

372 2247 538 2302 homo
566 2246 748 2301 ﬂebat:
776 2246 870 2301 scd
902 2262 1062 2315 supra
1092 2246 1370 2302 hominem
1391 2255 1527 2313 erat,
1548 2260 1670 2301 cum
1697 2258 1971 2301 mortuum

374 2339 571 2393 vinctis
602 2339 758 2410 jubet
802 2338 1027 2409 pedibus
1056 2340 1227 2395 exire.
1267 2340 1440 2395 Ilomo
1488 2342 1801 2409 videbatur,
1848 2359 1973 2398 cum

375 2432 640 2504 penderet
658 2434 709 2487 in
734 2448 928 2487 cruce:
954 2432 1047 2487 sed
1069 2448 1232 2501 supra
1257 2432 1536 2489 hominem
1560 2450 1681 2491 cum
1714 2438 1975 2492 reseratis

374 2526 617 2592 tumulis,
648 2535 889 2579 mortuos
920 2526 1288 2579 resuscitaret.
1328 2524 1437 2580 Nec
1463 2526 1568 2581 sibi
1592 2527 1975 2582 adblandiatur

372 2619 523 2674 virus
546 2616 897 2687 Apollinaris,
925 2618 1066 2689 quod
1096 2617 1168 2672 ita
1200 2618 1394 2689 legitur
1414 2636 1428 2674 :
1448 2617 1518 2672 Et
1544 2621 1710 2690 sperie
1733 2622 1974 2675 inventus

375 2721 428 2764 ut
458 2710 611 2764 homo
640 2708 868 2782 (Philip.
899 2725 958 2775 ll,
1002 2707 1058 2780 7)
1088 2726 1102 2774 ;
1128 2726 1232 2763 non
1270 2710 1417 2764 enim
1449 2721 1678 2779 negatus
1699 2721 1785 2767 est
1811 2711 1975 2765 homo

374 2803 558 2868 Jesus,
589 2816 712 2856 cum
752 2801 880 2856 alibi
912 2802 1027 2871 ipse
1059 2802 1258 2856 Paulus
1307 2803 1375 2856 de
1404 2819 1469 2856 eo
1495 2803 1678 2858 dicat:
1717 2802 1976 2857 Mediator

377 2893 480 2950 Dei
508 2904 555 2949 et
586 2895 851 2948 hominum
874 2896 1027 2947 homo
1058 2894 1292 2948 Christus
1313 2893 1467 2949 Iesus
1518 2896 1570 2968 (l
1594 2895 1732 2950 Tim.
1766 2912 1826 2963 tt,
1855 2894 1929 2965 5)
1958 2912 1972 2963 ;

376 2987 473 3043 sed
497 2986 848 3042 conﬁrmatus
870 2996 970 3041 est.
996 2985 1050 3041 id
1081 2989 1225 3041 enim
1248 2994 1331 3042 est
1361 3002 1488 3042 usus
1515 2997 1571 3043 et
1599 2989 1765 3043 moris
1790 2988 1975 3058 Scrip-

382 3090 518 3135 tura:
574 3081 656 3134 sic
709 3079 1054 3148 signiﬁcare,
1106 3079 1241 3133 sicut
1291 3090 1346 3134 et
1403 3083 1453 3134 in
1507 3080 1797 3149 Evangelio
1843 3083 1976 3151 legi-

2075 1872 2327 1927 Christus
2354 1888 2448 1941 per
2479 1871 2745 1925 seminata
2768 1869 2939 1933 ducit,
2964 1868 3216 1924 Christus
3240 1883 3334 1937 per
3366 1867 3480 1922 lilia
3512 1866 3682 1929 ducit;

2075 1964 2200 2034 quia
2240 1980 2335 2033 per
2375 1965 2684 2034 passionem
2714 1962 2832 2031 ejus
2858 1961 3136 2017 desertum
3181 1962 3340 2015 ﬂoret
3368 1967 3431 2015 ut
3484 1958 3678 2013 lilium.

2074 2057 2381 2127 Sequuntur
2430 2070 2585 2124 ergo,
2621 2055 2760 2109 utin
2807 2054 2895 2109 die
2926 2053 3139 2108 sabbati
3182 2051 3328 2107 illius
3361 2050 3588 2121 magni,
3633 2049 3683 2105 in

2075 2168 2182 2221 quo
2211 2148 2431 2218 requies
2472 2164 2662 2218 magna
2692 2156 2794 2213 est,
2830 2146 3038 2202 fructus
3069 2145 3414 2215 colligamus.
3444 2144 3561 2198 Nec
3587 2158 3677 2195 vc-

2075 2247 2251 2301 rearis
2274 2258 2341 2299 ne
2373 2243 2629 2298 Pharisrei
2652 2249 2911 2297 accusent
2929 2241 3194 2295 seminata
3213 2239 3562 2309 colligentes:
3584 2236 3686 2290 etsi

2078 2339 2157 2393 illi
2182 2346 2467 2402 accusant,
2495 2335 2748 2390 Christus
2788 2342 3034 2400 excusat,
3079 2342 3132 2389 et
3156 2333 3367 2388 similes
3398 2331 3531 2387 facit
3548 2344 3678 2401 quas

2075 2431 2189 2485 vult
2209 2431 2422 2485 animas
2444 2443 2504 2483 se
2534 2438 2823 2498 sequentes
2852 2426 3020 2481 David
3058 2426 3238 2490 illius,
3270 2426 3364 2495 qui
3393 2439 3563 2493 supra
3590 2422 3685 2478 Le-

2076 2539 2199 2595 gem
2250 2538 2443 2593 panem
2474 2522 2865 2592 propositionis
2893 2520 3275 2585 mauducabat,
3312 2535 3467 2574 novm
3495 2519 3679 2590 gratite

2077 2628 2417 2674 sacramenta
2449 2618 2761 2688 prophetica
2797 2617 2907 2687 jam
2950 2624 3061 2670 tum
3095 2622 3278 2669 mente
3302 2613 3644 2682 concipiens.

2148 2711 2202 2767 2.
2231 2710 2408 2785 (Vers.
2434 2710 2513 2781 2.)
2543 2710 2659 2782 Ego
2681 2711 2867 2764 dilecto
2890 2726 3022 2777 meo,
3056 2719 3101 2763 et
3128 2709 3347 2763 dilectus
3369 2725 3517 2761 meus
3538 2707 3679 2773 mihi,

2078 2805 2165 2874 qui
2190 2805 2419 2872 pascitur
2440 2806 2572 2857 inter
2594 2803 2803 2875 1605
2822 2804 2953 2856 lilia.
2977 2799 3003 2837 ά
3028 2801 3222 2856 Facilis
3240 2816 3340 2856 vox
3360 2811 3415 2855 et
3437 2816 3679 2855 commu-

2080 2897 2163 2951 nis
2192 2896 2435 2963 videtur,
2469 2895 2562 2950 sed
2594 2910 2885 2964 paucorum
2928 2903 3029 2947 est.
3062 2892 3206 2948 Satis
3228 2907 3387 2947 rarus
3423 2902 3509 2947 est
3540 2891 3677 2947 enim

2080 2993 2171 3063 qui
2197 3000 2369 3059 potest
2384 2990 2582 3045 dicere:
2610 2988 2718 3058 Ego
2732 2988 2917 3041 dilecto
2935 3003 3065 3049 meo,
3084 2996 3125 3040 et
3140 2986 3360 3039 dilectus
3377 3001 3527 3039 meus
3541 2983 3675 3037 mihi.

2082 3083 2221 3151 Quid
2252 3092 2337 3137 cst
2361 3083 2541 3137 dicere
2581 3100 2593 3135 :
2627 3081 2774 3135 Tuus
2813 3080 2972 3134 sum?
3001 3080 3091 3133 ille
3112 3079 3257 3133 enim
3290 3077 3420 3133 dicit
3458 3078 3554 3147 qui
3594 3075 3679 3129 ad-

380 3187 536 3227 mus:
591 3169 662 3224 Et
715 3171 936 3226 vidimus
964 3171 1187 3245 gloriam
1226 3173 1359 3242 ejus,
1410 3172 1630 3245 gloriam
1660 3176 1808 3243 quasi
1858 3175 1975 3228 uui-
2004 3180 2051 3243 ς,
2084 3174 2253 3229 hzcret
2283 3174 2391 3227 Deo
2424 3172 2549 3227 totis
2590 3170 2860 3235 sensibus,
2893 3169 2985 3238 qui
3010 3168 3154 3223 aliud
3182 3169 3424 3238 engitare
3451 3184 3563 3223 non
3592 3160 3693 3220 uo-'

381 3266 601 3337 genitﬁa
636 3265 794 3321 Patre
833 3264 1016 3337 (Joan.
1048 3263 1109 3335 ι).
1159 3265 1313 3319 Sicut
1344 3278 1477 3334 ergo
1524 3267 1675 3335 quasi
1728 3265 1976 3336 unigeni-

378 3365 466 3409 tus
489 3350 709 3422 dicitur,
740 3365 788 3410 et
833 3372 939 3410 non
991 3356 1245 3410 abnuitur
1290 3357 1597 3425 uttigenitus
1645 3355 1738 3411 Dei
1770 3356 1975 3423 Filius;

376 3450 452 3504 ita
481 3461 536 3504 et
569 3451 734 3504 homo
762 3449 975 3514 dicitur,
1003 3461 1059 3504 et
1082 3449 1340 3520 perfectio
1371 3449 1535 3505 fuisse
1564 3449 1615 3504 in
1644 3464 1710 3506 eo
1739 3450 1977 3506 hominis

382 3556 490 3595 non
516 3550 762 3610 negatur.

457 3631 546 3687 79.
592 3618 727 3687 Cum
765 3641 911 3688 esset
946 3632 1107 3704 igitur
1136 3634 1189 3687 in
1244 3632 1413 3688 forma
1456 3633 1623 3700 servi,
1667 3633 1977 3701 humiliatus

384 3739 557 3794 usque
598 3725 663 3779 ad
694 3733 922 3779 mortem
960 3766 972 3789 ,
1004 3734 1121 3780 erat
1146 3736 1326 3780 tamen
1361 3726 1413 3780 in
1462 3726 1557 3781 Dei
1597 3727 1787 3796 gloria.
1840 3727 1978 3796 Quid

383 3816 430 3869 ei
474 3817 635 3886 igitur
659 3815 830 3870 obluit
857 3816 1114 3872 servitus?
1136 3816 1339 3874 Servus
1360 3827 1540 3873 autem
1567 3820 1737 3874 lactus
1758 3820 1975 3890 legitur,

382 3907 506 3976 quia
532 3906 724 3977 legitur
751 3906 925 3962 factus
947 3923 1015 3964 ex
1056 3907 1298 3979 Virgine,
1328 3920 1383 3965 et
1428 3921 1645 3965 creatus
1692 3912 1743 3965 in
1776 3928 1977 3976 carne;

382 4000 560 4053 omnis
589 4002 734 4054 enim
766 4009 1013 4054 creatura
1041 4000 1231 4068 servit,
1271 3999 1488 4058 dicente
1510 4002 1773 4074 propheta
1801 4021 1813 4056 :
1846 4004 1982 4071 Quia

380 4091 622 4144 universa
650 4092 875 4144 serviunt
898 4092 1010 4144 tibi.
1073 4091 1198 4145 llaec
1226 4101 1311 4146 est
1356 4092 1556 4149 Christi
1590 4095 1759 4163 gloria
1782 4136 1796 4161 ,
1854 4096 1979 4166 quia

381 4185 704 4239 servitutem
755 4185 995 4253 suscepit
1027 4185 1078 4237 in
1116 4199 1346 4254 corpore
1386 4200 1518 4252 suo,
1564 4197 1621 4241 ut
1670 4188 1979 4243 libertatem

379 4275 635 4331 omnibus
663 4275 945 4330 redderet:
976 4287 1197 4347 peccata
1231 4286 1413 4332 nostra
1449 4279 1704 4348 portavit,
1736 4288 1794 4333 ut
1817 4296 1979 4334 inun-

381 4367 437 4423 di
476 4376 756 4437 peccatum
789 4368 1033 4423 tolleret:
1065 4384 1275 4435 servus,
1308 4380 1613 4438 peccatum,
1638 4371 1977 4426 maledictum

380 4458 557 4514 factus
584 4466 669 4515 est
691 4500 705 4526 ,
738 4470 792 4513 ut
818 4469 873 4514 tu
905 4460 1110 4530 peccati
1146 4475 1336 4516 servus
1384 4474 1506 4516 esse
1555 4460 1881 4533 desisteres,
1929 4473 1981 4519 te

2085 3267 2183 3332 vit,
2216 3266 2306 3319 ille
2336 3266 2435 3319 hac
2483 3280 2613 3318 voce
2648 3263 2835 3330 utitur,
2864 3263 2958 3332 qui
2987 3269 3163 3330 potest
3192 3260 3377 3317 dicere
3406 3261 3639 3315 Domino
3664 3277 3674 3311 :

2086 3358 2310 3413 Ostende
2331 3358 2473 3411 nobis
2502 3356 2733 3419 Patrem,
2766 3366 2809 3407 et
2839 3354 3033 3425 sufﬁcit
3058 3355 3202 3409 nobis
3226 3354 3417 3423 (Joan.
3444 3370 3564 3420 xrv,
3594 3356 3673 3421 8).

2081 3452 2348 3522 Numquid
2379 3451 2477 3505 hac
2506 3467 2638 3507 voce
2669 3451 2834 3504 utitur
2872 3450 3062 3505 avidus
3095 3452 3371 3519 pecunia),
3424 3448 3671 3510 honoris.

2084 3546 2401 3615 potestatis?
2429 3544 2609 3600 Multis
2643 3560 2749 3598 non
2778 3552 2862 3598 est
2889 3542 3021 3598 satis
3070 3543 3235 3598 Deum
3277 3543 3453 3610 scire,
3484 3552 3544 3598 et
3562 3544 3670 3613 qui-

2083 3636 2206 3691 dem
2233 3636 2496 3706 pluribus.
2543 3635 2701 3690 Tanti
2728 3635 2952 3704 pepuli,
3005 3643 3169 3689 tanta:
3216 3632 3505 3700 nationes,
3551 3632 3671 3689 tanti

2084 3729 2277 3784 divites
2311 3739 2682 3800 paupertatem
2746 3739 2935 3799 putant
2965 3730 3194 3784 Domino
3239 3730 3562 3795 servire;et
3590 3730 3671 3799 qui

2084 3837 2247 3892 supra
2286 3836 2476 3877 omnes
2496 3832 2607 3883 est,
2644 3822 2751 3876 illis
2796 3825 3021 3892 exiguus
3052 3830 3106 3877 et
3126 3833 3391 3892 angustus
3427 3834 3547 3878 est:
3578 3823 3672 3876 illis

2085 3929 2192 3966 non
2222 3924 2303 3968 est
2328 3914 2457 3968 satis
2478 3913 2568 3968 Dei
2593 3912 2781 3979 Filius,
2828 3915 2880 3967 in
2904 3929 3010 3984 quo
3035 3925 3163 3967 sunt
3200 3915 3410 3971 omnia.
3440 3916 3670 3985 Denique

2083 4004 2179 4059 ille
2203 4003 2357 4059 dives
2381 4004 2433 4058 in
2453 4004 2745 4075 Evangelia
2766 4004 2851 4059 cui
2871 4004 3072 4058 dictum
3102 4014 3217 4061 est:
3245 4005 3306 4059 Si
3329 4006 3403 4060 vis
3425 4007 3673 4077 perfectus

2083 4112 2213 4162 esse,
2246 4096 2403 4150 vende
2430 4097 2603 4149 omnia
2627 4096 2928 4166 quwhabes,
2953 4104 2999 4149 et
3027 4095 3095 4148 da
3121 4097 3435 4167 pauperibus
3453 4099 3471 4168 (
3491 4095 3666 4150 Matth.

2083 4187 2327 4257 xrx,2l);
2355 4189 2520 4244 Deum
2536 4188 2635 4243 sibi
2661 4206 2766 4242 non
2785 4190 3035 4243 sut'ticere
3055 4188 3336 4258 judicavit.
3365 4189 3602 4260 Denique
3621 4196 3671 4242 et

2082 4284 2437 4337 contristatus
2459 4291 2562 4346 est,
2589 4282 2742 4352 quasi
2765 4281 2908 4350 quod
2938 4281 3106 4351 pluris
3148 4292 3321 4345 esset,
3363 4282 3661 4352 relinquere

2079 4373 2365 4442 juberetur
2382 4414 2396 4438 ,
2424 4371 2566 4443 quod
2601 4373 2778 4427 minus
2794 4380 2962 4438 esset,
2986 4373 3211 4443 eligere.
3236 4373 3332 4429 Ille
3353 4389 3487 4444 ergo
3510 4374 3667 4429 dicit:

2084 4465 2232 4521 Tuus
2262 4480 2381 4519 sum
2404 4507 2419 4531 ,
2462 4466 2549 4533 qni
2592 4472 2769 4535 potest
2806 4465 3020 4519 dicere:
3070 4464 3206 4520 Ecce
3244 4484 3338 4521 nos
3377 4468 3668 4538 reliquimus

380 4550 580 4605 divina:
624 4552 908 4607 sententia:
951 4550 1241 4607 maledicto
1294 4553 1621 4609 absolveret.
1689 4554 1783 4609 Ille
1851 4570 1980 4625 ergo
2005 4561 2058 4621 D
2084 4560 2279 4625 omnia,
2310 4569 2357 4613 et
2383 4560 2541 4613 secuti
2569 4575 2746 4614 sumus
2771 4557 3020 4632 te(lbid.,
3048 4559 3175 4626 9.7).

381 4641 730 4699 maledictum
778 4646 1014 4714 suscepit
1047 4655 1225 4700 tuum:
1277 4645 1588 4703 Maledictus
1623 4648 1769 4703 enim
1814 4649 1979 4703 omnis

380 4736 467 4806 qui
501 4736 685 4805 pendet
713 4735 766 4789 in
795 4734 934 4809 ligno
958 4754 977 4792 :
1008 4734 1098 4793 ille
1146 4737 1490 4794 maledictum
1536 4741 1590 4795 in
1612 4756 1774 4797 cruce
1807 4742 1977 4798 lactus

380 4838 486 4893 est,
520 4836 578 4882 ut
618 4836 674 4882 tu
700 4828 1016 4884 benedictus
1049 4846 1202 4886 esses
1234 4833 1286 4886 in
1319 4833 1412 4887 Dei
1445 4849 1614 4904 regno
1641 4853 1653 4888 :
1688 4835 1782 4890 ille
1810 4836 1980 4891 deho-

379 4930 626 4977 nestatus
655 4930 711 4976 et
738 4910 1069 4992 depretiatus
1095 4934 1199 4991 est,
1232 4941 1331 4980 nec
1378 4926 1584 4996 aliquid
1635 4930 1936 4983 aestimatus
1962 4948 1974 4983 :

378 5014 473 5070 ille
502 5016 736 5079 dicebat,
769 5015 835 5071 In
884 5034 1101 5072 vacuum
1131 5019 1394 5086 laboravi;
1449 5036 1547 5091 per
1578 5038 1738 5091 quem
1779 5022 1979 5077 meruit

380 5106 586 5161 Paulus
609 5108 826 5176 dicere,
879 5108 1001 5164 Non
1030 5112 1082 5163 in
1119 5127 1335 5164 vacuum
1364 5112 1595 5167 laboravi
1623 5113 1859 5185 (Philip.
1896 5129 1930 5167 ιι
1958 5155 1972 5177 ,

382 5192 518 5271 ili);
549 5196 608 5254 ut
646 5201 769 5255 boui
800 5203 981 5272 operis
1026 5204 1279 5269 fructum,
1328 5216 1379 5259 et
1423 5207 1752 5278 evangelicae
1783 5208 1975 5278 pracdi—

380 5291 611 5347 cationis
645 5292 874 5362 gloriam
921 5294 1035 5348 suis
1082 5294 1359 5351 conferret
1386 5300 1637 5367 servulis,
1695 5316 1792 5371 per
1817 5316 1976 5372 quam

382 5384 617 5440 universi
647 5386 857 5441 sarcina
886 5386 1087 5441 laboris
1115 5388 1547 5446 absolverentur.

454 5476 541 5531 80.
570 5477 749 5543 (Vcrs.
780 5477 894 5548 17.)
925 5477 953 5515 ι’
994 5478 1138 5533 Talis
1165 5490 1237 5534 est
1257 5482 1473 5535 dilectus
1502 5500 1644 5538 meus
1663 5527 1675 5548 ,
1712 5495 1758 5539 et
1781 5486 1978 5539 amicus

385 5578 562 5629 meus,
613 5565 740 5633 ﬁlia:
785 5566 1137 5624 Hierusalem.
1202 5570 1295 5627 Sic
1355 5571 1598 5629 Ecclesia
1655 5577 1737 5630 vel
1800 5576 1977 5631 anima

457 5688 480 5750 ξι
510 5682 680 5750 Epist.
712 5683 810 5745 46,
851 5683 918 5736 ad
964 5684 1221 5739 Sabinum
1246 5727 1261 5750 ,
1303 5703 1450 5741 num.
1485 5690 1538 5745 7.

453 5746 480 5785 ι’
509 5748 624 5804 Lib.
661 5750 726 5806 dc
760 5752 904 5807 Isaac
934 5769 1055 5828 cap.
1082 5760 1151 5825 6,
1191 5746 1337 5833 num.
1391 5757 1479 5815 56.

2149 4652 2201 4705 5.
2230 4652 2608 4720 Apostolorum
2643 4667 2746 4706 vox
2793 4652 2895 4705 ista
2926 4661 3043 4714 est,
3088 4667 3185 4707 nec
3213 4653 3459 4708 omnium
3491 4664 3659 4709 tamen

2077 4745 2486 4814 apostolorum;
2518 4759 2639 4797 nam
2672 4753 2726 4798 et
2747 4743 2912 4798 Judas
2942 4744 3219 4813 aposmlus
3245 4743 3364 4813 fuit,
3394 4754 3450 4800 et
3473 4746 3524 4800 in
3547 4759 3663 4801 con-

2082 4838 2225 4891 vivio
2252 4834 2450 4891 Christi
2485 4837 2625 4891 inter
2671 4836 2948 4905 apostolos
2975 4836 3350 4891 recumbebat.
3375 4837 3596 4893 Dicebat
3615 4845 3663 4889 et

2080 4929 2227 5000 ipse:
2256 4928 2403 4984 Tuus
2427 4942 2574 4995 sum;
2604 4927 2697 4982 sed
2717 4943 2868 4987 voce.
2893 4944 2997 4982 non
3026 4929 3208 4984 corde.
3234 4928 3397 4984 Vertit
3419 4942 3471 4984 et
3494 4929 3666 4985 introi-

2078 5020 2154 5074 vit
2186 5021 2237 5073 iu
2261 5037 2383 5074 eum
2415 5022 2644 5076 Satauas
2668 5062 2682 5086 ,
2721 5028 2775 5074 et
2802 5020 2967 5091 cmpit
2997 5020 3210 5075 dicere:
3245 5020 3364 5076 Non
3406 5034 3490 5078 est
3522 5031 3654 5082 tuus.

2086 5111 2268 5179 Jesus,
2298 5114 2392 5169 sed
2425 5129 2576 5168 meus
2607 5122 2709 5167 est.
2743 5112 2983 5183 Denique
3009 5129 3071 5169 ea
3101 5129 3222 5184 qua:
3251 5129 3370 5169 mea
3401 5124 3543 5179 sunt,
3581 5128 3663 5168 co-

2085 5205 2250 5277 gitat,
2297 5223 2415 5277 qua:
2470 5220 2588 5260 mea
2626 5216 2749 5260 sunt
2781 5206 2832 5260 in
2882 5216 3098 5275 pectore
3136 5220 3235 5261 suo
3266 5206 3471 5261 volvit:
3498 5216 3660 5262 tecum

2080 5296 2330 5366 epulatur
2351 5341 2365 5364 ,
2411 5306 2465 5351 et
2496 5312 2708 5352 mecum
2738 5299 2997 5367 pascitur:
3031 5313 3061 5352 a
3086 5306 3136 5352 te
3168 5311 3359 5366 panem
3391 5298 3613 5367 accepit,
3633 5310 3658 5349 a

2080 5405 2167 5444 me
2213 5391 2493 5458 pecuniam
2524 5409 2536 5441 ι
2580 5401 2755 5444 tecum
2796 5390 2952 5456 bibit,
2986 5401 3039 5444 et
3072 5388 3202 5443 mihi
3237 5401 3387 5445 tuum
3446 5389 3653 5461 sangui-

2083 5496 2206 5535 nem
2235 5482 2448 5535 vendit:
2472 5493 2593 5535 tuus
2617 5489 2700 5535 est
2726 5481 3088 5552 apostolus,et
3106 5495 3260 5534 meus
3281 5483 3654 5537 mercenarius.

2081 5572 2199 5628 Non
2254 5583 2431 5642 potest
2480 5573 2663 5629 dicere
2709 5572 3026 5627 szecularis:
3080 5571 3228 5626 Tuus
3277 5588 3436 5639 sum;
3491 5574 3657 5645 plures

2160 5703 2182 5763 οξ
2226 5691 2366 5763 ibid.
2400 5693 2488 5747 ubi
2531 5708 2713 5763 supra.

2156 5760 2183 5799 ἀ
2224 5761 2281 5819 lu
2314 5780 2396 5840 ps.
2425 5760 2616 5833 CXVIII,
2644 5778 2810 5827 serm.
2840 5766 2925 5836 12,
2956 5780 3104 5825 num.
3136 5766 3225 5843 37.
