  <div class='ocr_page' id='page_1' title='image "/cluster/home/n/w/nwhite01/storage/ocr_20150623/15/uva.x000826533/386.png"; bbox 0 0 3964 6314; ppageno 0'>
   <div class='ocr_carea' id='block_1_1' title="bbox 169 284 303 343">
    <p class='ocr_par' dir='ltr' id='par_1_1' title="bbox 169 284 303 343">
     <span class='ocr_line' id='line_1_1' title="bbox 169 284 303 343; baseline 0.022 -3"><span class='ocrx_word' id='word_1_1' title='bbox 169 284 303 343; x_wconf 78' lang='grc'><strong>1941</strong></span> 
     </span>
    </p>
   </div>
   <div class='ocr_carea' id='block_1_2' title="bbox 1049 267 2462 361">
    <p class='ocr_par' dir='ltr' id='par_1_2' title="bbox 1049 267 2462 361">
     <span class='ocr_line' id='line_1_2' title="bbox 1049 267 2462 361; baseline 0.01 -17"><span class='ocrx_word' id='word_1_2' title='bbox 1049 267 1070 281; x_wconf 87' lang='grc'><strong>’</strong></span> <span class='ocrx_word' id='word_1_3' title='bbox 1148 290 1189 346; x_wconf 75' lang='grc' dir='ltr'>ις</span> <span class='ocrx_word' id='word_1_4' title='bbox 1227 289 1536 350; x_wconf 75' lang='lat' dir='ltr'><strong>SCRIPTIS</strong></span> <span class='ocrx_word' id='word_1_5' title='bbox 1573 293 1627 350; x_wconf 94' lang='lat' dir='ltr'><strong>s.</strong></span> <span class='ocrx_word' id='word_1_6' title='bbox 1672 294 1997 354; x_wconf 81' lang='lat' dir='ltr'><strong>AMBROSII</strong></span> <span class='ocrx_word' id='word_1_7' title='bbox 2035 297 2462 361; x_wconf 85' lang='lat' dir='ltr'><strong>COLLECTUS.</strong></span> 
     </span>
    </p>
   </div>
   <div class='ocr_carea' id='block_1_3' title="bbox 3326 321 3466 377">
    <p class='ocr_par' dir='ltr' id='par_1_3' title="bbox 3326 321 3466 377">
     <span class='ocr_line' id='line_1_3' title="bbox 3326 321 3466 377; baseline 0.007 -1"><span class='ocrx_word' id='word_1_8' title='bbox 3326 321 3466 377; x_wconf 75' lang='grc'><strong>1912</strong></span> 
     </span>
    </p>
   </div>
   <div class='ocr_carea' id='block_1_4' title="bbox 161 400 3461 506">
    <p class='ocr_par' dir='ltr' id='par_1_4' title="bbox 161 400 3461 506">
     <span class='ocr_line' id='line_1_4' title="bbox 161 400 3461 506; baseline 0.012 -54"><span class='ocrx_word' id='word_1_9' title='bbox 161 400 304 456; x_wconf 82' lang='lat' dir='ltr'><strong>enim</strong></span> <span class='ocrx_word' id='word_1_10' title='bbox 336 401 596 458; x_wconf 86' lang='lat' dir='ltr'><strong>dominos</strong></span> <span class='ocrx_word' id='word_1_11' title='bbox 617 403 800 460; x_wconf 87' lang='lat' dir='ltr'><strong>habet.</strong></span> <span class='ocrx_word' id='word_1_12' title='bbox 819 404 980 461; x_wconf 77' lang='lat' dir='ltr'><strong>Venit</strong></span> <span class='ocrx_word' id='word_1_13' title='bbox 1008 405 1195 472; x_wconf 86' lang='lat' dir='ltr'><strong>libido,</strong></span> <span class='ocrx_word' id='word_1_14' title='bbox 1217 417 1271 462; x_wconf 90' lang='lat' dir='ltr'><strong>et</strong></span> <span class='ocrx_word' id='word_1_15' title='bbox 1298 407 1462 462; x_wconf 89' lang='lat' dir='ltr'><strong>dicit:</strong></span> <span class='ocrx_word' id='word_1_16' title='bbox 1492 407 1644 464; x_wconf 84' lang='lat' dir='ltr'><strong>Meus</strong></span> <span class='ocrx_word' id='word_1_17' title='bbox 1669 425 1761 476; x_wconf 89' lang='lat' dir='ltr'><strong>es;</strong></span> <span class='ocrx_word' id='word_1_18' title='bbox 1793 413 1846 474; x_wconf 80' lang='grc' dir='ltr'><strong>Α</strong></span> <span class='ocrx_word' id='word_1_19' title='bbox 1870 426 1927 466; x_wconf 86' lang='lat' dir='ltr'><strong>sa</strong></span> <span class='ocrx_word' id='word_1_20' title='bbox 1978 413 2083 468; x_wconf 88' lang='lat' dir='ltr'><strong>sibi</strong></span> <span class='ocrx_word' id='word_1_21' title='bbox 2133 419 2393 488; x_wconf 82' lang='lat' dir='ltr'><strong>mysteria</strong></span> <span class='ocrx_word' id='word_1_22' title='bbox 2440 423 2715 490; x_wconf 91' lang='lat' dir='ltr'><strong>putaverit</strong></span> <span class='ocrx_word' id='word_1_23' title='bbox 2742 425 2980 498; x_wconf 82' lang='lat' dir='ltr'><strong>indignis</strong></span> <span class='ocrx_word' id='word_1_24' title='bbox 3009 446 3132 488; x_wconf 87' lang='lat' dir='ltr'><strong>esse</strong></span> <span class='ocrx_word' id='word_1_25' title='bbox 3167 435 3461 506; x_wconf 81' lang='lat' dir='ltr'><strong>vnlganda.</strong></span> 
     </span>
    </p>
   </div>
   <div class='ocr_carea' id='block_1_5' title="bbox 165 491 1764 567">
    <p class='ocr_par' dir='ltr' id='par_1_5' title="bbox 165 491 1764 567">
     <span class='ocr_line' id='line_1_5' title="bbox 165 491 1764 567; baseline 0.007 -21"><span class='ocrx_word' id='word_1_26' title='bbox 165 491 286 562; x_wconf 84' lang='lat' dir='ltr'><strong>quia</strong></span> <span class='ocrx_word' id='word_1_27' title='bbox 329 507 394 547; x_wconf 85' lang='lat' dir='ltr'><strong>ea</strong></span> <span class='ocrx_word' id='word_1_28' title='bbox 423 509 551 564; x_wconf 76' lang='lat' dir='ltr'><strong>quze</strong></span> <span class='ocrx_word' id='word_1_29' title='bbox 593 508 716 550; x_wconf 88' lang='lat' dir='ltr'><strong>sunt</strong></span> <span class='ocrx_word' id='word_1_30' title='bbox 762 495 1044 566; x_wconf 88' lang='lat' dir='ltr'><strong>corporis,</strong></span> <span class='ocrx_word' id='word_1_31' title='bbox 1099 499 1468 567; x_wconf 81' lang='lat' dir='ltr'><strong>concupiscis:</strong></span> <span class='ocrx_word' id='word_1_32' title='bbox 1518 500 1568 554; x_wconf 92' lang='lat' dir='ltr'><strong>in</strong></span> <span class='ocrx_word' id='word_1_33' title='bbox 1618 501 1764 558; x_wconf 88' lang='lat' dir='ltr'><strong>illius</strong></span> 
     </span>
    </p>
   </div>
   <div class='ocr_carea' id='block_1_6' title="bbox 163 583 1765 650">
    <p class='ocr_par' dir='ltr' id='par_1_6' title="bbox 163 583 1765 650">
     <span class='ocr_line' id='line_1_6' title="bbox 163 583 1765 650; baseline 0.006 -10"><span class='ocrx_word' id='word_1_34' title='bbox 163 583 585 642; x_wconf 64' lang='lat' dir='ltr'><strong>adulescentula</strong></span> <span class='ocrx_word' id='word_1_35' title='bbox 613 602 800 642; x_wconf 89' lang='lat' dir='ltr'><strong>amore</strong></span> <span class='ocrx_word' id='word_1_36' title='bbox 827 595 880 644; x_wconf 90' lang='lat' dir='ltr'><strong>te</strong></span> <span class='ocrx_word' id='word_1_37' title='bbox 911 588 1039 643; x_wconf 88' lang='lat' dir='ltr'><strong>mihi</strong></span> <span class='ocrx_word' id='word_1_38' title='bbox 1063 589 1350 646; x_wconf 86' lang='lat' dir='ltr'><strong>vendidisti</strong></span> <span class='ocrx_word' id='word_1_39' title='bbox 1375 591 1616 650; x_wconf 89' lang='lat' dir='ltr'><strong>:inillius</strong></span> <span class='ocrx_word' id='word_1_40' title='bbox 1633 610 1765 649; x_wconf 76' lang='lat' dir='ltr'><strong>cun-</strong></span> 
     </span>
    </p>
   </div>
   <div class='ocr_carea' id='block_1_7' title="bbox 161 677 1762 751">
    <p class='ocr_par' dir='ltr' id='par_1_7' title="bbox 161 677 1762 751">
     <span class='ocr_line' id='line_1_7' title="bbox 161 677 1762 751; baseline 0.006 -20"><span class='ocrx_word' id='word_1_41' title='bbox 161 677 342 731; x_wconf 89' lang='lat' dir='ltr'><strong>cubitn</strong></span> <span class='ocrx_word' id='word_1_42' title='bbox 376 679 684 734; x_wconf 69' lang='lat' dir='ltr'><strong>meretricis</strong></span> <span class='ocrx_word' id='word_1_43' title='bbox 711 681 942 749; x_wconf 81' lang='lat' dir='ltr'><strong>pretium</strong></span> <span class='ocrx_word' id='word_1_44' title='bbox 996 696 1094 751; x_wconf 92' lang='lat' dir='ltr'><strong>pro</strong></span> <span class='ocrx_word' id='word_1_45' title='bbox 1138 691 1190 736; x_wconf 91' lang='lat' dir='ltr'><strong>te</strong></span> <span class='ocrx_word' id='word_1_46' title='bbox 1247 685 1617 738; x_wconf 80' lang='lat' dir='ltr'><strong>aunumeravi.</strong></span> <span class='ocrx_word' id='word_1_47' title='bbox 1655 685 1762 741; x_wconf 83' lang='lat' dir='ltr'><strong>Ve-</strong></span> 
     </span>
    </p>
   </div>
   <div class='ocr_carea' id='block_1_8' title="bbox 164 769 1765 847">
    <p class='ocr_par' dir='ltr' id='par_1_8' title="bbox 164 769 1765 847">
     <span class='ocr_line' id='line_1_8' title="bbox 164 769 1765 847; baseline 0.006 -24"><span class='ocrx_word' id='word_1_48' title='bbox 164 769 241 824; x_wconf 85' lang='lat' dir='ltr'><strong>nit</strong></span> <span class='ocrx_word' id='word_1_49' title='bbox 269 770 531 836; x_wconf 86' lang='lat' dir='ltr'><strong>avaritia,</strong></span> <span class='ocrx_word' id='word_1_50' title='bbox 557 781 610 826; x_wconf 92' lang='lat' dir='ltr'><strong>et</strong></span> <span class='ocrx_word' id='word_1_51' title='bbox 635 771 804 826; x_wconf 88' lang='lat' dir='ltr'><strong>dicit:</strong></span> <span class='ocrx_word' id='word_1_52' title='bbox 836 771 1134 843; x_wconf 83' lang='lat' dir='ltr'><strong>Argentum</strong></span> <span class='ocrx_word' id='word_1_53' title='bbox 1159 783 1214 828; x_wconf 87' lang='lat' dir='ltr'><strong>et</strong></span> <span class='ocrx_word' id='word_1_54' title='bbox 1241 789 1432 830; x_wconf 89' lang='lat' dir='ltr'><strong>aurum</strong></span> <span class='ocrx_word' id='word_1_55' title='bbox 1477 776 1624 847; x_wconf 87' lang='lat' dir='ltr'><strong>quod</strong></span> <span class='ocrx_word' id='word_1_56' title='bbox 1668 777 1765 832; x_wconf 85' lang='lat' dir='ltr'><strong>ha-</strong></span> 
     </span>
    </p>
   </div>
   <div class='ocr_carea' id='block_1_9' title="bbox 161 862 1764 939">
    <p class='ocr_par' dir='ltr' id='par_1_9' title="bbox 161 862 1764 939">
     <span class='ocr_line' id='line_1_9' title="bbox 161 862 1764 939; baseline 0.006 -22"><span class='ocrx_word' id='word_1_57' title='bbox 161 862 277 927; x_wconf 88' lang='lat' dir='ltr'><strong>bes,</strong></span> <span class='ocrx_word' id='word_1_58' title='bbox 307 863 598 918; x_wconf 75' lang='lat' dir='ltr'><strong>servitutis</strong></span> <span class='ocrx_word' id='word_1_59' title='bbox 626 871 734 919; x_wconf 73' lang='lat' dir='ltr'><strong>ture</strong></span> <span class='ocrx_word' id='word_1_60' title='bbox 764 874 1000 935; x_wconf 79' lang='lat' dir='ltr'><strong>pretium</strong></span> <span class='ocrx_word' id='word_1_61' title='bbox 1030 875 1152 920; x_wconf 89' lang='lat' dir='ltr'><strong>est:</strong></span> <span class='ocrx_word' id='word_1_62' title='bbox 1188 869 1464 934; x_wconf 89' lang='lat' dir='ltr'><strong>possessio</strong></span> <span class='ocrx_word' id='word_1_63' title='bbox 1491 884 1650 939; x_wconf 88' lang='lat' dir='ltr'><strong>quam</strong></span> <span class='ocrx_word' id='word_1_64' title='bbox 1671 880 1764 936; x_wconf 70' lang='grc' dir='ltr'><strong>,ιθ-</strong></span> 
     </span>
    </p>
   </div>
   <div class='ocr_carea' id='block_1_10' title="bbox 161 955 1757 1026">
    <p class='ocr_par' dir='ltr' id='par_1_10' title="bbox 161 955 1757 1026">
     <span class='ocr_line' id='line_1_10' title="bbox 161 955 1757 1026; baseline 0.003 -14"><span class='ocrx_word' id='word_1_65' title='bbox 161 970 276 1021; x_wconf 88' lang='lat' dir='ltr'><strong>nes,</strong></span> <span class='ocrx_word' id='word_1_66' title='bbox 306 955 450 1026; x_wconf 87' lang='lat' dir='ltr'><strong>juris</strong></span> <span class='ocrx_word' id='word_1_67' title='bbox 505 957 576 1011; x_wconf 92' lang='lat' dir='ltr'><strong>tui</strong></span> <span class='ocrx_word' id='word_1_68' title='bbox 611 959 858 1026; x_wconf 84' lang='lat' dir='ltr'><strong>emptio,</strong></span> <span class='ocrx_word' id='word_1_69' title='bbox 907 958 1148 1013; x_wconf 82' lang='lat' dir='ltr'><strong>venditio</strong></span> <span class='ocrx_word' id='word_1_70' title='bbox 1198 961 1464 1014; x_wconf 88' lang='lat' dir='ltr'><strong>libertatis</strong></span> <span class='ocrx_word' id='word_1_71' title='bbox 1506 971 1610 1016; x_wconf 82' lang='lat' dir='ltr'><strong>tuae</strong></span> <span class='ocrx_word' id='word_1_72' title='bbox 1653 970 1757 1018; x_wconf 90' lang='lat' dir='ltr'><strong>est.</strong></span> 
     </span>
    </p>
   </div>
   <div class='ocr_carea' id='block_1_11' title="bbox 165 1047 1756 1123">
    <p class='ocr_par' dir='ltr' id='par_1_11' title="bbox 165 1047 1756 1123">
     <span class='ocr_line' id='line_1_11' title="bbox 165 1047 1756 1123; baseline 0.006 -21"><span class='ocrx_word' id='word_1_73' title='bbox 165 1047 571 1115; x_wconf 71' lang='lat' dir='ltr'><strong>Venitluxuria,</strong></span> <span class='ocrx_word' id='word_1_74' title='bbox 589 1061 643 1104; x_wconf 89' lang='lat' dir='ltr'><strong>et</strong></span> <span class='ocrx_word' id='word_1_75' title='bbox 665 1049 796 1104; x_wconf 88' lang='lat' dir='ltr'><strong>dicit</strong></span> <span class='ocrx_word' id='word_1_76' title='bbox 812 1068 824 1103; x_wconf 96' lang='lat'>:</span> <span class='ocrx_word' id='word_1_77' title='bbox 840 1049 986 1105; x_wconf 83' lang='lat' dir='ltr'><strong>Meus</strong></span> <span class='ocrx_word' id='word_1_78' title='bbox 1015 1067 1074 1106; x_wconf 89' lang='lat' dir='ltr'><strong>es</strong></span> <span class='ocrx_word' id='word_1_79' title='bbox 1089 1068 1104 1115; x_wconf 88' lang='lat'><strong>;</strong></span> <span class='ocrx_word' id='word_1_80' title='bbox 1122 1053 1280 1107; x_wconf 89' lang='lat' dir='ltr'><strong>unius</strong></span> <span class='ocrx_word' id='word_1_81' title='bbox 1301 1053 1405 1107; x_wconf 91' lang='lat' dir='ltr'><strong>diei</strong></span> <span class='ocrx_word' id='word_1_82' title='bbox 1429 1055 1756 1123; x_wconf 81' lang='lat' dir='ltr'><strong>convivium,</strong></span> 
     </span>
    </p>
   </div>
   <div class='ocr_carea' id='block_1_12' title="bbox 161 1140 1758 1214">
    <p class='ocr_par' dir='ltr' id='par_1_12' title="bbox 161 1140 1758 1214">
     <span class='ocr_line' id='line_1_12' title="bbox 161 1140 1758 1214; baseline 0.005 -20"><span class='ocrx_word' id='word_1_83' title='bbox 161 1140 388 1212; x_wconf 84' lang='lat' dir='ltr'><strong>pretium</strong></span> <span class='ocrx_word' id='word_1_84' title='bbox 409 1153 518 1196; x_wconf 71' lang='lat' dir='ltr'><strong>tute</strong></span> <span class='ocrx_word' id='word_1_85' title='bbox 546 1141 668 1196; x_wconf 68' lang='lat' dir='ltr'><strong>vita:</strong></span> <span class='ocrx_word' id='word_1_86' title='bbox 689 1152 804 1198; x_wconf 89' lang='lat' dir='ltr'><strong>est:</strong></span> <span class='ocrx_word' id='word_1_87' title='bbox 835 1143 926 1197; x_wconf 89' lang='lat' dir='ltr'><strong>ille</strong></span> <span class='ocrx_word' id='word_1_88' title='bbox 953 1152 1201 1214; x_wconf 87' lang='lat' dir='ltr'><strong>smuptus</strong></span> <span class='ocrx_word' id='word_1_89' title='bbox 1223 1146 1506 1214; x_wconf 87' lang='lat' dir='ltr'><strong>epularum</strong></span> <span class='ocrx_word' id='word_1_90' title='bbox 1532 1188 1546 1212; x_wconf 95' lang='lat'><strong>,</strong></span> <span class='ocrx_word' id='word_1_91' title='bbox 1571 1149 1645 1202; x_wconf 89' lang='lat' dir='ltr'><strong>tui</strong></span> <span class='ocrx_word' id='word_1_92' title='bbox 1673 1163 1758 1202; x_wconf 83' lang='lat' dir='ltr'><strong>ca-</strong></span> 
     </span>
    </p>
   </div>
   <div class='ocr_carea' id='block_1_13' title="bbox 162 1233 1760 1308">
    <p class='ocr_par' dir='ltr' id='par_1_13' title="bbox 162 1233 1760 1308">
     <span class='ocr_line' id='line_1_13' title="bbox 162 1233 1760 1308; baseline 0.006 -23"><span class='ocrx_word' id='word_1_93' title='bbox 162 1233 285 1302; x_wconf 88' lang='lat' dir='ltr'><strong>pitis</strong></span> <span class='ocrx_word' id='word_1_94' title='bbox 316 1233 584 1299; x_wconf 89' lang='lat' dir='ltr'><strong>licitatio,</strong></span> <span class='ocrx_word' id='word_1_95' title='bbox 628 1233 701 1287; x_wconf 91' lang='lat' dir='ltr'><strong>tui</strong></span> <span class='ocrx_word' id='word_1_96' title='bbox 729 1244 812 1289; x_wconf 89' lang='lat' dir='ltr'><strong>est</strong></span> <span class='ocrx_word' id='word_1_97' title='bbox 851 1249 1062 1289; x_wconf 89' lang='lat' dir='ltr'><strong>summa</strong></span> <span class='ocrx_word' id='word_1_98' title='bbox 1109 1247 1444 1291; x_wconf 88' lang='lat' dir='ltr'><strong>contractus.</strong></span> <span class='ocrx_word' id='word_1_99' title='bbox 1503 1237 1568 1292; x_wconf 83' lang='lat' dir='ltr'><strong>Et</strong></span> <span class='ocrx_word' id='word_1_100' title='bbox 1613 1239 1760 1308; x_wconf 88' lang='lat' dir='ltr'><strong>quod</strong></span> 
     </span>
    </p>
   </div>
   <div class='ocr_carea' id='block_1_14' title="bbox 163 1323 1757 1396">
    <p class='ocr_par' dir='ltr' id='par_1_14' title="bbox 163 1323 1757 1396">
     <span class='ocr_line' id='line_1_14' title="bbox 163 1323 1757 1396; baseline 0.006 -18"><span class='ocrx_word' id='word_1_101' title='bbox 163 1323 313 1394; x_wconf 87' lang='lat' dir='ltr'><strong>pejus</strong></span> <span class='ocrx_word' id='word_1_102' title='bbox 337 1330 448 1391; x_wconf 88' lang='lat' dir='ltr'><strong>est,</strong></span> <span class='ocrx_word' id='word_1_103' title='bbox 479 1339 608 1378; x_wconf 91' lang='lat' dir='ltr'><strong>caro</strong></span> <span class='ocrx_word' id='word_1_104' title='bbox 631 1334 848 1395; x_wconf 89' lang='lat' dir='ltr'><strong>emptus</strong></span> <span class='ocrx_word' id='word_1_105' title='bbox 877 1339 936 1380; x_wconf 90' lang='lat' dir='ltr'><strong>es</strong></span> <span class='ocrx_word' id='word_1_106' title='bbox 969 1329 1164 1396; x_wconf 75' lang='lat' dir='ltr'><strong>pretio,</strong></span> <span class='ocrx_word' id='word_1_107' title='bbox 1195 1327 1353 1381; x_wconf 80' lang='lat' dir='ltr'><strong>vilior</strong></span> <span class='ocrx_word' id='word_1_108' title='bbox 1375 1327 1498 1382; x_wconf 91' lang='lat' dir='ltr'><strong>cibo</strong></span> <span class='ocrx_word' id='word_1_109' title='bbox 1523 1343 1581 1383; x_wconf 75' lang='lat' dir='ltr'><strong>es</strong></span> <span class='ocrx_word' id='word_1_110' title='bbox 1627 1338 1757 1387; x_wconf 90' lang='lat' dir='ltr'><strong>tuo:</strong></span> 
     </span>
    </p>
   </div>
   <div class='ocr_carea' id='block_1_15' title="bbox 164 1414 1753 1488">
    <p class='ocr_par' dir='ltr' id='par_1_15' title="bbox 164 1414 1753 1488">
     <span class='ocr_line' id='line_1_15' title="bbox 164 1414 1753 1488; baseline 0.006 -20"><span class='ocrx_word' id='word_1_111' title='bbox 164 1414 450 1485; x_wconf 62' lang='lat' dir='ltr'><strong>pretiosior</strong></span> <span class='ocrx_word' id='word_1_112' title='bbox 481 1423 568 1469; x_wconf 89' lang='lat' dir='ltr'><strong>est</strong></span> <span class='ocrx_word' id='word_1_113' title='bbox 587 1415 746 1470; x_wconf 84' lang='lat' dir='ltr'><strong>unius</strong></span> <span class='ocrx_word' id='word_1_114' title='bbox 774 1417 880 1472; x_wconf 89' lang='lat' dir='ltr'><strong>diei</strong></span> <span class='ocrx_word' id='word_1_115' title='bbox 903 1432 1088 1472; x_wconf 79' lang='lat' dir='ltr'><strong>mensa</strong></span> <span class='ocrx_word' id='word_1_116' title='bbox 1117 1427 1228 1483; x_wconf 89' lang='lat' dir='ltr'><strong>tua,</strong></span> <span class='ocrx_word' id='word_1_117' title='bbox 1252 1435 1412 1488; x_wconf 89' lang='lat' dir='ltr'><strong>quam</strong></span> <span class='ocrx_word' id='word_1_118' title='bbox 1435 1421 1601 1476; x_wconf 89' lang='lat' dir='ltr'><strong>totius</strong></span> <span class='ocrx_word' id='word_1_119' title='bbox 1623 1432 1753 1478; x_wconf 62' lang='lat' dir='ltr'><strong>temo</strong></span> 
     </span>
    </p>
   </div>
   <div class='ocr_carea' id='block_1_16' title="bbox 159 1510 1760 1588">
    <p class='ocr_par' dir='ltr' id='par_1_16' title="bbox 159 1510 1760 1588">
     <span class='ocr_line' id='line_1_16' title="bbox 159 1510 1760 1588; baseline 0.008 -24"><span class='ocrx_word' id='word_1_120' title='bbox 159 1511 300 1582; x_wconf 86' lang='lat' dir='ltr'><strong>poris</strong></span> <span class='ocrx_word' id='word_1_121' title='bbox 331 1510 478 1566; x_wconf 89' lang='lat' dir='ltr'><strong>vita:</strong></span> <span class='ocrx_word' id='word_1_122' title='bbox 517 1511 659 1567; x_wconf 88' lang='lat' dir='ltr'><strong>inter</strong></span> <span class='ocrx_word' id='word_1_123' title='bbox 687 1513 884 1570; x_wconf 85' lang='lat' dir='ltr'><strong>calices</strong></span> <span class='ocrx_word' id='word_1_124' title='bbox 912 1523 966 1569; x_wconf 90' lang='lat' dir='ltr'><strong>te</strong></span> <span class='ocrx_word' id='word_1_125' title='bbox 1001 1517 1204 1571; x_wconf 90' lang='lat' dir='ltr'><strong>redemi</strong></span> <span class='ocrx_word' id='word_1_126' title='bbox 1232 1558 1246 1583; x_wconf 92' lang='lat'><strong>,</strong></span> <span class='ocrx_word' id='word_1_127' title='bbox 1281 1518 1423 1572; x_wconf 88' lang='lat' dir='ltr'><strong>inter</strong></span> <span class='ocrx_word' id='word_1_128' title='bbox 1451 1521 1640 1588; x_wconf 90' lang='lat' dir='ltr'><strong>epulas</strong></span> <span class='ocrx_word' id='word_1_129' title='bbox 1669 1535 1760 1577; x_wconf 91' lang='lat' dir='ltr'><strong>ac-</strong></span> 
     </span>
    </p>
   </div>
   <div class='ocr_carea' id='block_1_17' title="bbox 162 1605 1752 1675">
    <p class='ocr_par' dir='ltr' id='par_1_17' title="bbox 162 1605 1752 1675">
     <span class='ocr_line' id='line_1_17' title="bbox 162 1605 1752 1675; baseline 0.008 -18"><span class='ocrx_word' id='word_1_130' title='bbox 162 1605 371 1674; x_wconf 87' lang='lat' dir='ltr'><strong>quisivi.</strong></span> <span class='ocrx_word' id='word_1_131' title='bbox 407 1605 577 1662; x_wconf 80' lang='lat' dir='ltr'><strong>Venit</strong></span> <span class='ocrx_word' id='word_1_132' title='bbox 599 1607 844 1675; x_wconf 83' lang='lat' dir='ltr'><strong>ambitio,</strong></span> <span class='ocrx_word' id='word_1_133' title='bbox 878 1620 932 1666; x_wconf 92' lang='lat' dir='ltr'><strong>et</strong></span> <span class='ocrx_word' id='word_1_134' title='bbox 957 1609 1089 1666; x_wconf 88' lang='lat' dir='ltr'><strong>dicit</strong></span> <span class='ocrx_word' id='word_1_135' title='bbox 1113 1612 1239 1668; x_wconf 90' lang='lat' dir='ltr'><strong>tibi:</strong></span> <span class='ocrx_word' id='word_1_136' title='bbox 1271 1611 1439 1668; x_wconf 91' lang='lat' dir='ltr'><strong>Plane</strong></span> <span class='ocrx_word' id='word_1_137' title='bbox 1470 1629 1622 1668; x_wconf 88' lang='lat' dir='ltr'><strong>mens</strong></span> <span class='ocrx_word' id='word_1_138' title='bbox 1671 1629 1752 1670; x_wconf 90' lang='lat' dir='ltr'><strong>es.</strong></span> 
     </span>
    </p>
   </div>
   <div class='ocr_carea' id='block_1_18' title="bbox 161 1695 1757 1775">
    <p class='ocr_par' dir='ltr' id='par_1_18' title="bbox 161 1695 1757 1775">
     <span class='ocr_line' id='line_1_18' title="bbox 161 1695 1757 1775; baseline 0.008 -24"><span class='ocrx_word' id='word_1_139' title='bbox 161 1695 342 1752; x_wconf 84' lang='lat' dir='ltr'><strong>Nescis</strong></span> <span class='ocrx_word' id='word_1_140' title='bbox 367 1697 516 1768; x_wconf 90' lang='lat' dir='ltr'><strong>quod</strong></span> <span class='ocrx_word' id='word_1_141' title='bbox 548 1697 676 1754; x_wconf 88' lang='lat' dir='ltr'><strong>ideo</strong></span> <span class='ocrx_word' id='word_1_142' title='bbox 701 1701 968 1772; x_wconf 81' lang='lat' dir='ltr'><strong>imperare</strong></span> <span class='ocrx_word' id='word_1_143' title='bbox 999 1703 1122 1758; x_wconf 91' lang='lat' dir='ltr'><strong>aliis</strong></span> <span class='ocrx_word' id='word_1_144' title='bbox 1147 1715 1198 1760; x_wconf 91' lang='lat' dir='ltr'><strong>te</strong></span> <span class='ocrx_word' id='word_1_145' title='bbox 1239 1705 1360 1770; x_wconf 82' lang='lat' dir='ltr'><strong>feci,</strong></span> <span class='ocrx_word' id='word_1_146' title='bbox 1393 1716 1452 1760; x_wconf 91' lang='lat' dir='ltr'><strong>ut</strong></span> <span class='ocrx_word' id='word_1_147' title='bbox 1479 1706 1608 1761; x_wconf 88' lang='lat' dir='ltr'><strong>mihi</strong></span> <span class='ocrx_word' id='word_1_148' title='bbox 1642 1707 1757 1775; x_wconf 87' lang='lat' dir='ltr'><strong>ipse</strong></span> 
     </span>
    </p>
   </div>
   <div class='ocr_carea' id='block_1_19' title="bbox 1871 505 3464 594">
    <p class='ocr_par' dir='ltr' id='par_1_19' title="bbox 1871 505 3464 594">
     <span class='ocr_line' id='line_1_19' title="bbox 1871 505 3464 594; baseline 0.018 -36"><span class='ocrx_word' id='word_1_149' title='bbox 1871 505 2182 562; x_wconf 81' lang='lat' dir='ltr'><strong>Periculum</strong></span> <span class='ocrx_word' id='word_1_150' title='bbox 2215 511 2400 582; x_wconf 82' lang='lat' dir='ltr'><strong>itaque</strong></span> <span class='ocrx_word' id='word_1_151' title='bbox 2447 525 2530 569; x_wconf 89' lang='lat' dir='ltr'><strong>est</strong></span> <span class='ocrx_word' id='word_1_152' title='bbox 2577 533 2684 572; x_wconf 91' lang='lat' dir='ltr'><strong>non</strong></span> <span class='ocrx_word' id='word_1_153' title='bbox 2713 519 2890 574; x_wconf 90' lang='lat' dir='ltr'><strong>solum</strong></span> <span class='ocrx_word' id='word_1_154' title='bbox 2922 523 3053 579; x_wconf 82' lang='lat' dir='ltr'><strong>falsa</strong></span> <span class='ocrx_word' id='word_1_155' title='bbox 3095 505 3318 594; x_wconf 81' lang='lat' dir='ltr'><strong>dicere,</strong></span> <span class='ocrx_word' id='word_1_156' title='bbox 3365 530 3464 586; x_wconf 78' lang='lat' dir='ltr'><strong>sed</strong></span> 
     </span>
    </p>
   </div>
   <div class='ocr_carea' id='block_1_20' title="bbox 1867 600 3467 690">
    <p class='ocr_par' dir='ltr' id='par_1_20' title="bbox 1867 600 3467 690">
     <span class='ocr_line' id='line_1_20' title="bbox 1867 600 3467 690; baseline 0.018 -39"><span class='ocrx_word' id='word_1_157' title='bbox 1867 600 2030 654; x_wconf 85' lang='lat' dir='ltr'><strong>etiam</strong></span> <span class='ocrx_word' id='word_1_158' title='bbox 2064 617 2212 665; x_wconf 84' lang='lat' dir='ltr'><strong>vera,</strong></span> <span class='ocrx_word' id='word_1_159' title='bbox 2267 603 2310 656; x_wconf 93' lang='lat' dir='ltr'><strong>si</strong></span> <span class='ocrx_word' id='word_1_160' title='bbox 2335 605 2455 675; x_wconf 91' lang='lat' dir='ltr'><strong>quis</strong></span> <span class='ocrx_word' id='word_1_161' title='bbox 2483 621 2549 661; x_wconf 87' lang='lat' dir='ltr'><strong>ea</strong></span> <span class='ocrx_word' id='word_1_162' title='bbox 2577 607 2820 665; x_wconf 87' lang='lat' dir='ltr'><strong>insinuet</strong></span> <span class='ocrx_word' id='word_1_163' title='bbox 2845 613 3042 682; x_wconf 85' lang='lat' dir='ltr'><strong>quibus</strong></span> <span class='ocrx_word' id='word_1_164' title='bbox 3083 633 3193 674; x_wconf 87' lang='lat' dir='ltr'><strong>non</strong></span> <span class='ocrx_word' id='word_1_165' title='bbox 3225 629 3467 690; x_wconf 82' lang='lat' dir='ltr'><strong>oportet.</strong></span> 
     </span>
    </p>
   </div>
   <div class='ocr_carea' id='block_1_21' title="bbox 1866 688 3466 779">
    <p class='ocr_par' dir='ltr' id='par_1_21' title="bbox 1866 688 3466 779">
     <span class='ocr_line' id='line_1_21' title="bbox 1866 688 3466 779; baseline 0.018 -38"><span class='ocrx_word' id='word_1_166' title='bbox 1866 688 2019 756; x_wconf 86' lang='lat' dir='ltr'><strong>Quod</strong></span> <span class='ocrx_word' id='word_1_167' title='bbox 2052 693 2238 746; x_wconf 90' lang='lat' dir='ltr'><strong>vitium</strong></span> <span class='ocrx_word' id='word_1_168' title='bbox 2269 696 2722 767; x_wconf 86' lang='lat' dir='ltr'><strong>quadripartitum</strong></span> <span class='ocrx_word' id='word_1_169' title='bbox 2751 710 2854 769; x_wconf 90' lang='lat' dir='ltr'><strong>est,</strong></span> <span class='ocrx_word' id='word_1_170' title='bbox 2885 705 2973 760; x_wconf 89' lang='lat' dir='ltr'><strong>vel</strong></span> <span class='ocrx_word' id='word_1_171' title='bbox 3001 688 3352 779; x_wconf 76' lang='lat' dir='ltr'><strong>adulationis,</strong></span> <span class='ocrx_word' id='word_1_172' title='bbox 3379 715 3466 770; x_wconf 87' lang='lat' dir='ltr'><strong>vel</strong></span> 
     </span>
    </p>
   </div>
   <div class='ocr_carea' id='block_1_22' title="bbox 1865 782 3460 873">
    <p class='ocr_par' dir='ltr' id='par_1_22' title="bbox 1865 782 3460 873">
     <span class='ocr_line' id='line_1_22' title="bbox 1865 782 3460 873; baseline 0.016 -39"><span class='ocrx_word' id='word_1_173' title='bbox 1865 782 2108 836; x_wconf 59' lang='lat' dir='ltr'><strong>avaritiae</strong></span> <span class='ocrx_word' id='word_1_174' title='bbox 2134 825 2148 846; x_wconf 92' lang='lat'><strong>,</strong></span> <span class='ocrx_word' id='word_1_175' title='bbox 2197 787 2279 840; x_wconf 87' lang='lat' dir='ltr'><strong>vel</strong></span> <span class='ocrx_word' id='word_1_176' title='bbox 2319 786 2602 856; x_wconf 34' lang='lat' dir='ltr'><strong>jactanti‘e</strong></span> <span class='ocrx_word' id='word_1_177' title='bbox 2628 833 2644 858; x_wconf 93' lang='lat'><strong>,</strong></span> <span class='ocrx_word' id='word_1_178' title='bbox 2700 794 2785 848; x_wconf 86' lang='lat' dir='ltr'><strong>vel</strong></span> <span class='ocrx_word' id='word_1_179' title='bbox 2815 795 3157 866; x_wconf 87' lang='lat' dir='ltr'><strong>loquacitatis</strong></span> <span class='ocrx_word' id='word_1_180' title='bbox 3189 803 3460 873; x_wconf 71' lang='lat' dir='ltr'><strong>incatttze;</strong></span> 
     </span>
    </p>
   </div>
   <div class='ocr_carea' id='block_1_23' title="bbox 1865 873 3461 961">
    <p class='ocr_par' dir='ltr' id='par_1_23' title="bbox 1865 873 3461 961">
     <span class='ocr_line' id='line_1_23' title="bbox 1865 873 3461 961; baseline 0.017 -35"><span class='ocrx_word' id='word_1_181' title='bbox 1865 873 1986 943; x_wconf 84' lang='lat' dir='ltr'><strong>quia</strong></span> <span class='ocrx_word' id='word_1_182' title='bbox 2013 875 2140 929; x_wconf 91' lang='lat' dir='ltr'><strong>dum</strong></span> <span class='ocrx_word' id='word_1_183' title='bbox 2169 877 2383 933; x_wconf 82' lang='lat' dir='ltr'><strong>adulari</strong></span> <span class='ocrx_word' id='word_1_184' title='bbox 2413 881 2526 934; x_wconf 83' lang='lat' dir='ltr'><strong>vult</strong></span> <span class='ocrx_word' id='word_1_185' title='bbox 2553 883 2770 954; x_wconf 74' lang='lat' dir='ltr'><strong>aliquis,</strong></span> <span class='ocrx_word' id='word_1_186' title='bbox 2798 887 2847 942; x_wconf 92' lang='lat' dir='ltr'><strong>ei</strong></span> <span class='ocrx_word' id='word_1_187' title='bbox 2879 889 2965 944; x_wconf 90' lang='lat' dir='ltr'><strong>cui</strong></span> <span class='ocrx_word' id='word_1_188' title='bbox 2999 890 3260 961; x_wconf 87' lang='lat' dir='ltr'><strong>loquitur,</strong></span> <span class='ocrx_word' id='word_1_189' title='bbox 3285 897 3461 952; x_wconf 80' lang='lat' dir='ltr'><strong>etl‘un-</strong></span> 
     </span>
    </p>
   </div>
   <div class='ocr_carea' id='block_1_24' title="bbox 1866 963 3460 1051">
    <p class='ocr_par' dir='ltr' id='par_1_24' title="bbox 1866 963 3460 1051">
     <span class='ocr_line' id='line_1_24' title="bbox 1866 963 3460 1051; baseline 0.018 -36"><span class='ocrx_word' id='word_1_190' title='bbox 1866 963 1945 1017; x_wconf 83' lang='lat' dir='ltr'><strong>dit</strong></span> <span class='ocrx_word' id='word_1_191' title='bbox 1968 967 2284 1036; x_wconf 69' lang='lat' dir='ltr'><strong>mysterium</strong></span> <span class='ocrx_word' id='word_1_192' title='bbox 2314 987 2326 1022; x_wconf 93' lang='lat'>:</span> <span class='ocrx_word' id='word_1_193' title='bbox 2371 973 2619 1027; x_wconf 84' lang='lat' dir='ltr'><strong>nottnttlii</strong></span> <span class='ocrx_word' id='word_1_194' title='bbox 2647 975 2814 1032; x_wconf 90' lang='lat' dir='ltr'><strong>etiam</strong></span> <span class='ocrx_word' id='word_1_195' title='bbox 2837 979 3019 1035; x_wconf 86' lang='lat' dir='ltr'><strong>studio</strong></span> <span class='ocrx_word' id='word_1_196' title='bbox 3049 981 3208 1051; x_wconf 86' lang='lat' dir='ltr'><strong>lucri,</strong></span> <span class='ocrx_word' id='word_1_197' title='bbox 3247 1002 3460 1044; x_wconf 85' lang='lat' dir='ltr'><strong>merce-</strong></span> 
     </span>
    </p>
   </div>
   <div class='ocr_carea' id='block_1_25' title="bbox 1865 1057 3461 1142">
    <p class='ocr_par' dir='ltr' id='par_1_25' title="bbox 1865 1057 3461 1142">
     <span class='ocr_line' id='line_1_25' title="bbox 1865 1057 3461 1142; baseline 0.018 -32"><span class='ocrx_word' id='word_1_198' title='bbox 1865 1057 1986 1111; x_wconf 88' lang='lat' dir='ltr'><strong>dem</strong></span> <span class='ocrx_word' id='word_1_199' title='bbox 2009 1059 2330 1127; x_wconf 89' lang='lat' dir='ltr'><strong>proditionis</strong></span> <span class='ocrx_word' id='word_1_200' title='bbox 2357 1077 2694 1134; x_wconf 81' lang='lat' dir='ltr'><strong>scquuutur,</strong></span> <span class='ocrx_word' id='word_1_201' title='bbox 2728 1079 2787 1124; x_wconf 91' lang='lat' dir='ltr'><strong>ut</strong></span> <span class='ocrx_word' id='word_1_202' title='bbox 2817 1075 3047 1142; x_wconf 89' lang='lat' dir='ltr'><strong>tegenda</strong></span> <span class='ocrx_word' id='word_1_203' title='bbox 3079 1077 3299 1136; x_wconf 87' lang='lat' dir='ltr'><strong>silentio</strong></span> <span class='ocrx_word' id='word_1_204' title='bbox 3327 1095 3461 1138; x_wconf 89' lang='lat' dir='ltr'><strong>ven-</strong></span> 
     </span>
    </p>
   </div>
   <div class='ocr_carea' id='block_1_26' title="bbox 1864 1149 3466 1241">
    <p class='ocr_par' dir='ltr' id='par_1_26' title="bbox 1864 1149 3466 1241">
     <span class='ocr_line' id='line_1_26' title="bbox 1864 1149 3466 1241; baseline 0.018 -38"><span class='ocrx_word' id='word_1_205' title='bbox 1864 1149 1996 1204; x_wconf 91' lang='lat' dir='ltr'><strong>dant</strong></span> <span class='ocrx_word' id='word_1_206' title='bbox 2024 1151 2332 1220; x_wconf 86' lang='lat' dir='ltr'><strong>loquendo:</strong></span> <span class='ocrx_word' id='word_1_207' title='bbox 2365 1157 2457 1211; x_wconf 88' lang='lat' dir='ltr'><strong>alii</strong></span> <span class='ocrx_word' id='word_1_208' title='bbox 2491 1167 2547 1214; x_wconf 89' lang='lat' dir='ltr'><strong>ut</strong></span> <span class='ocrx_word' id='word_1_209' title='bbox 2573 1161 2723 1228; x_wconf 89' lang='lat' dir='ltr'><strong>plura</strong></span> <span class='ocrx_word' id='word_1_210' title='bbox 2771 1179 3001 1223; x_wconf 91' lang='lat' dir='ltr'><strong>noscere</strong></span> <span class='ocrx_word' id='word_1_211' title='bbox 3046 1169 3337 1228; x_wconf 89' lang='lat' dir='ltr'><strong>videantur</strong></span> <span class='ocrx_word' id='word_1_212' title='bbox 3360 1218 3373 1241; x_wconf 90' lang='lat'><strong>,</strong></span> <span class='ocrx_word' id='word_1_213' title='bbox 3407 1185 3466 1232; x_wconf 91' lang='lat' dir='ltr'><strong>et</strong></span> 
     </span>
    </p>
   </div>
   <div class='ocr_carea' id='block_1_27' title="bbox 1864 1243 3463 1330">
    <p class='ocr_par' dir='ltr' id='par_1_27' title="bbox 1864 1243 3463 1330">
     <span class='ocr_line' id='line_1_27' title="bbox 1864 1243 3463 1330; baseline 0.018 -35"><span class='ocrx_word' id='word_1_214' title='bbox 1864 1243 2146 1298; x_wconf 86' lang='lat' dir='ltr'><strong>scientiam</strong></span> <span class='ocrx_word' id='word_1_215' title='bbox 2198 1260 2348 1301; x_wconf 91' lang='lat' dir='ltr'><strong>suam</strong></span> <span class='ocrx_word' id='word_1_216' title='bbox 2371 1248 2619 1318; x_wconf 87' lang='lat' dir='ltr'><strong>jactitcnt</strong></span> <span class='ocrx_word' id='word_1_217' title='bbox 2643 1295 2658 1318; x_wconf 94' lang='lat'><strong>,</strong></span> <span class='ocrx_word' id='word_1_218' title='bbox 2693 1256 2942 1324; x_wconf 88' lang='lat' dir='ltr'><strong>aperiunt</strong></span> <span class='ocrx_word' id='word_1_219' title='bbox 2985 1262 3130 1330; x_wconf 89' lang='lat' dir='ltr'><strong>quod</strong></span> <span class='ocrx_word' id='word_1_220' title='bbox 3154 1266 3338 1322; x_wconf 83' lang='lat' dir='ltr'><strong>celare</strong></span> <span class='ocrx_word' id='word_1_221' title='bbox 3368 1267 3463 1323; x_wconf 93' lang='lat' dir='ltr'><strong>de-</strong></span> 
     </span>
    </p>
   </div>
   <div class='ocr_carea' id='block_1_28' title="bbox 1863 1336 3458 1425">
    <p class='ocr_par' dir='ltr' id='par_1_28' title="bbox 1863 1336 3458 1425">
     <span class='ocr_line' id='line_1_28' title="bbox 1863 1336 3458 1425; baseline 0.016 -34"><span class='ocrx_word' id='word_1_222' title='bbox 1863 1336 2086 1392; x_wconf 86' lang='lat' dir='ltr'><strong>berent:</strong></span> <span class='ocrx_word' id='word_1_223' title='bbox 2122 1340 2365 1412; x_wconf 85' lang='lat' dir='ltr'><strong>plerique</strong></span> <span class='ocrx_word' id='word_1_224' title='bbox 2383 1343 2511 1398; x_wconf 90' lang='lat' dir='ltr'><strong>dum</strong></span> <span class='ocrx_word' id='word_1_225' title='bbox 2535 1347 2874 1419; x_wconf 88' lang='lat' dir='ltr'><strong>sinejudicio</strong></span> <span class='ocrx_word' id='word_1_226' title='bbox 2893 1351 3209 1425; x_wconf 90' lang='lat' dir='ltr'><strong>loquuntur,</strong></span> <span class='ocrx_word' id='word_1_227' title='bbox 3232 1362 3458 1416; x_wconf 79' lang='lat' dir='ltr'><strong>verbum</strong></span> 
     </span>
    </p>
   </div>
   <div class='ocr_carea' id='block_1_29' title="bbox 1863 1429 3462 1511">
    <p class='ocr_par' dir='ltr' id='par_1_29' title="bbox 1863 1429 3462 1511">
     <span class='ocr_line' id='line_1_29' title="bbox 1863 1429 3462 1511; baseline 0.018 -30"><span class='ocrx_word' id='word_1_228' title='bbox 1863 1429 2117 1484; x_wconf 90' lang='lat' dir='ltr'><strong>emittunt</strong></span> <span class='ocrx_word' id='word_1_229' title='bbox 2147 1434 2290 1501; x_wconf 90' lang='lat' dir='ltr'><strong>quod</strong></span> <span class='ocrx_word' id='word_1_230' title='bbox 2337 1451 2598 1494; x_wconf 89' lang='lat' dir='ltr'><strong>revocare</strong></span> <span class='ocrx_word' id='word_1_231' title='bbox 2645 1457 2750 1495; x_wconf 91' lang='lat' dir='ltr'><strong>non</strong></span> <span class='ocrx_word' id='word_1_232' title='bbox 2788 1457 3030 1511; x_wconf 89' lang='lat' dir='ltr'><strong>possunt.</strong></span> <span class='ocrx_word' id='word_1_233' title='bbox 3077 1448 3204 1506; x_wconf 90' lang='lat' dir='ltr'><strong>Ideo</strong></span> <span class='ocrx_word' id='word_1_234' title='bbox 3231 1451 3312 1508; x_wconf 92' lang='lat' dir='ltr'><strong>vir</strong></span> <span class='ocrx_word' id='word_1_235' title='bbox 3342 1453 3462 1508; x_wconf 84' lang='lat' dir='ltr'><strong>latt-</strong></span> 
     </span>
    </p>
   </div>
   <div class='ocr_carea' id='block_1_30' title="bbox 1863 1518 3460 1601">
    <p class='ocr_par' dir='ltr' id='par_1_30' title="bbox 1863 1518 3460 1601">
     <span class='ocr_line' id='line_1_30' title="bbox 1863 1518 3460 1601; baseline 0.018 -28"><span class='ocrx_word' id='word_1_236' title='bbox 1863 1518 2020 1575; x_wconf 91' lang='lat' dir='ltr'><strong>datur</strong></span> <span class='ocrx_word' id='word_1_237' title='bbox 2045 1525 2242 1590; x_wconf 90' lang='lat' dir='ltr'><strong>serius,</strong></span> <span class='ocrx_word' id='word_1_238' title='bbox 2273 1535 2324 1580; x_wconf 90' lang='lat' dir='ltr'><strong>et</strong></span> <span class='ocrx_word' id='word_1_239' title='bbox 2367 1543 2474 1582; x_wconf 89' lang='lat' dir='ltr'><strong>non</strong></span> <span class='ocrx_word' id='word_1_240' title='bbox 2501 1530 2728 1588; x_wconf 89' lang='lat' dir='ltr'><strong>otiosus.</strong></span> <span class='ocrx_word' id='word_1_241' title='bbox 2764 1534 2894 1590; x_wconf 83' lang='lat' dir='ltr'><strong>Erat</strong></span> <span class='ocrx_word' id='word_1_242' title='bbox 2923 1537 3086 1594; x_wconf 89' lang='lat' dir='ltr'><strong>homo</strong></span> <span class='ocrx_word' id='word_1_243' title='bbox 3113 1542 3460 1601; x_wconf 87' lang='lat' dir='ltr'><strong>abscondens</strong></span> 
     </span>
    </p>
   </div>
   <div class='ocr_carea' id='block_1_31' title="bbox 1863 1623 3461 1706">
    <p class='ocr_par' dir='ltr' id='par_1_31' title="bbox 1863 1623 3461 1706">
     <span class='ocr_line' id='line_1_31' title="bbox 1863 1623 3461 1706; baseline 0.016 -40"><span class='ocrx_word' id='word_1_244' title='bbox 1863 1627 2144 1669; x_wconf 87' lang='lat' dir='ltr'><strong>sermones</strong></span> <span class='ocrx_word' id='word_1_245' title='bbox 2173 1631 2320 1681; x_wconf 86' lang='lat' dir='ltr'><strong>suos,</strong></span> <span class='ocrx_word' id='word_1_246' title='bbox 2355 1629 2414 1674; x_wconf 93' lang='lat' dir='ltr'><strong>ut</strong></span> <span class='ocrx_word' id='word_1_247' title='bbox 2440 1623 2718 1691; x_wconf 81' lang='lat' dir='ltr'><strong>aposwlus</strong></span> <span class='ocrx_word' id='word_1_248' title='bbox 2746 1625 2944 1681; x_wconf 81' lang='lat' dir='ltr'><strong>Paulus</strong></span> <span class='ocrx_word' id='word_1_249' title='bbox 2969 1671 2982 1694; x_wconf 93' lang='lat'><strong>,</strong></span> <span class='ocrx_word' id='word_1_250' title='bbox 3033 1630 3125 1700; x_wconf 89' lang='lat' dir='ltr'><strong>qui</strong></span> <span class='ocrx_word' id='word_1_251' title='bbox 3158 1637 3307 1690; x_wconf 90' lang='lat' dir='ltr'><strong>novit</strong></span> <span class='ocrx_word' id='word_1_252' title='bbox 3331 1637 3461 1706; x_wconf 84' lang='lat' dir='ltr'><strong>quid</strong></span> 
     </span>
    </p>
   </div>
   <div class='ocr_carea' id='block_1_32' title="bbox 1863 1704 3312 1790">
    <p class='ocr_par' dir='ltr' id='par_1_32' title="bbox 1863 1704 3312 1790">
     <span class='ocr_line' id='line_1_32' title="bbox 1863 1704 3312 1790; baseline 0.016 -32"><span class='ocrx_word' id='word_1_253' title='bbox 1863 1704 2116 1774; x_wconf 85' lang='lat' dir='ltr'><strong>loquatur</strong></span> <span class='ocrx_word' id='word_1_254' title='bbox 2141 1707 2388 1776; x_wconf 75' lang='lat' dir='ltr'><strong>singulis,</strong></span> <span class='ocrx_word' id='word_1_255' title='bbox 2425 1719 2483 1765; x_wconf 87' lang='lat' dir='ltr'><strong>et</strong></span> <span class='ocrx_word' id='word_1_256' title='bbox 2511 1713 2728 1782; x_wconf 87' lang='lat' dir='ltr'><strong>quando</strong></span> <span class='ocrx_word' id='word_1_257' title='bbox 2751 1715 2880 1786; x_wconf 90' lang='lat' dir='ltr'><strong>quid</strong></span> <span class='ocrx_word' id='word_1_258' title='bbox 2915 1719 3060 1790; x_wconf 87' lang='lat' dir='ltr'><strong>loqui</strong></span> <span class='ocrx_word' id='word_1_259' title='bbox 3093 1721 3312 1781; x_wconf 85' lang='lat' dir='ltr'><strong>debeat.</strong></span> 
     </span>
    </p>
   </div>
   <div class='ocr_carea' id='block_1_33' title="bbox 163 1791 3462 1888">
    <p class='ocr_par' dir='ltr' id='par_1_33' title="bbox 163 1791 3462 1888">
     <span class='ocr_line' id='line_1_33' title="bbox 163 1791 3462 1888; baseline 0.009 -42"><span class='ocrx_word' id='word_1_260' title='bbox 163 1792 435 1848; x_wconf 83' lang='lat' dir='ltr'><strong>servires?</strong></span> <span class='ocrx_word' id='word_1_261' title='bbox 466 1791 660 1850; x_wconf 81' lang='lat' dir='ltr'><strong>Nescis</strong></span> <span class='ocrx_word' id='word_1_262' title='bbox 687 1795 832 1865; x_wconf 88' lang='lat' dir='ltr'><strong>quod</strong></span> <span class='ocrx_word' id='word_1_263' title='bbox 863 1796 985 1852; x_wconf 90' lang='lat' dir='ltr'><strong>ideo</strong></span> <span class='ocrx_word' id='word_1_264' title='bbox 1018 1801 1418 1868; x_wconf 88' lang='lat' dir='ltr'><strong>potestatemin</strong></span> <span class='ocrx_word' id='word_1_265' title='bbox 1445 1811 1496 1855; x_wconf 91' lang='lat' dir='ltr'><strong>te</strong></span> <span class='ocrx_word' id='word_1_266' title='bbox 1525 1801 1753 1870; x_wconf 88' lang='lat' dir='ltr'><strong>contuli,</strong></span> <span class='ocrx_word' id='word_1_267' title='bbox 1787 1807 1834 1868; x_wconf 83' lang='grc' dir='ltr'><strong>Β</strong></span> <span class='ocrx_word' id='word_1_268' title='bbox 1938 1797 1990 1850; x_wconf 90' lang='grc'><strong>6.</strong></span> <span class='ocrx_word' id='word_1_269' title='bbox 2027 1797 2209 1869; x_wconf 81' lang='lat' dir='ltr'><strong>(Vers.</strong></span> <span class='ocrx_word' id='word_1_270' title='bbox 2243 1800 2322 1873; x_wconf 84' lang='lat'><strong>&#39;5.)</strong></span> <span class='ocrx_word' id='word_1_271' title='bbox 2365 1801 2701 1875; x_wconf 78' lang='lat' dir='ltr'><strong>Beneplacita</strong></span> <span class='ocrx_word' id='word_1_272' title='bbox 2731 1826 2802 1875; x_wconf 75' lang='lat' dir='ltr'><strong>ea,</strong></span> <span class='ocrx_word' id='word_1_273' title='bbox 2850 1827 3000 1866; x_wconf 76' lang='lat' dir='ltr'><strong>soror</strong></span> <span class='ocrx_word' id='word_1_274' title='bbox 3027 1829 3177 1882; x_wconf 75' lang='lat' dir='ltr'><strong>mea,</strong></span> <span class='ocrx_word' id='word_1_275' title='bbox 3226 1820 3462 1888; x_wconf 79' lang='lat' dir='ltr'><strong>speciosa</strong></span> 
     </span>
    </p>
   </div>
   <div class='ocr_carea' id='block_1_34' title="bbox 163 1889 1759 1964">
    <p class='ocr_par' dir='ltr' id='par_1_34' title="bbox 163 1889 1759 1964">
     <span class='ocr_line' id='line_1_34' title="bbox 163 1889 1759 1964; baseline 0.008 -24"><span class='ocrx_word' id='word_1_276' title='bbox 163 1895 217 1941; x_wconf 87' lang='lat' dir='ltr'><strong>ut</strong></span> <span class='ocrx_word' id='word_1_277' title='bbox 236 1903 365 1943; x_wconf 76' lang='lat' dir='ltr'><strong>mea:</strong></span> <span class='ocrx_word' id='word_1_278' title='bbox 391 1899 446 1944; x_wconf 93' lang='lat' dir='ltr'><strong>te</strong></span> <span class='ocrx_word' id='word_1_279' title='bbox 475 1889 802 1960; x_wconf 87' lang='lat' dir='ltr'><strong>subjicerem</strong></span> <span class='ocrx_word' id='word_1_280' title='bbox 833 1895 1082 1962; x_wconf 87' lang='lat' dir='ltr'><strong>potestati</strong></span> <span class='ocrx_word' id='word_1_281' title='bbox 1104 1895 1128 1948; x_wconf 84' lang='lat'><strong>?</strong></span> <span class='ocrx_word' id='word_1_282' title='bbox 1153 1895 1234 1949; x_wconf 85' lang='lat' dir='ltr'><strong>Au</strong></span> <span class='ocrx_word' id='word_1_283' title='bbox 1261 1895 1478 1964; x_wconf 85' lang='lat' dir='ltr'><strong>ignoras</strong></span> <span class='ocrx_word' id='word_1_284' title='bbox 1505 1895 1606 1964; x_wconf 83' lang='lat' dir='ltr'><strong>ipsi</strong></span> <span class='ocrx_word' id='word_1_285' title='bbox 1655 1897 1759 1952; x_wconf 85' lang='lat' dir='ltr'><strong>Do-</strong></span> 
     </span>
    </p>
   </div>
   <div class='ocr_carea' id='block_1_35' title="bbox 164 1981 1756 2059">
    <p class='ocr_par' dir='ltr' id='par_1_35' title="bbox 164 1981 1756 2059">
     <span class='ocr_line' id='line_1_35' title="bbox 164 1981 1756 2059; baseline 0.008 -26"><span class='ocrx_word' id='word_1_286' title='bbox 164 1981 300 2035; x_wconf 88' lang='lat' dir='ltr'><strong>mino</strong></span> <span class='ocrx_word' id='word_1_287' title='bbox 327 1982 590 2036; x_wconf 73' lang='lat' dir='ltr'><strong>salvotori</strong></span> <span class='ocrx_word' id='word_1_288' title='bbox 617 1983 818 2039; x_wconf 77' lang='lat' dir='ltr'><strong>dictum</strong></span> <span class='ocrx_word' id='word_1_289' title='bbox 847 2001 971 2040; x_wconf 90' lang='lat' dir='ltr'><strong>esse</strong></span> <span class='ocrx_word' id='word_1_290' title='bbox 995 1986 1063 2040; x_wconf 92' lang='lat' dir='ltr'><strong>ab</strong></span> <span class='ocrx_word' id='word_1_291' title='bbox 1093 1987 1252 2056; x_wconf 82' lang='lat' dir='ltr'><strong>hujus</strong></span> <span class='ocrx_word' id='word_1_292' title='bbox 1281 1987 1463 2042; x_wconf 89' lang='lat' dir='ltr'><strong>mundi</strong></span> <span class='ocrx_word' id='word_1_293' title='bbox 1493 1990 1756 2059; x_wconf 89' lang='lat' dir='ltr'><strong>principe,</strong></span> 
     </span>
    </p>
   </div>
   <div class='ocr_carea' id='block_1_36' title="bbox 162 2075 1759 2150">
    <p class='ocr_par' dir='ltr' id='par_1_36' title="bbox 162 2075 1759 2150">
     <span class='ocr_line' id='line_1_36' title="bbox 162 2075 1759 2150; baseline 0.005 -22"><span class='ocrx_word' id='word_1_294' title='bbox 162 2089 275 2128; x_wconf 90' lang='lat' dir='ltr'><strong>cum</strong></span> <span class='ocrx_word' id='word_1_295' title='bbox 325 2075 376 2130; x_wconf 89' lang='lat' dir='ltr'><strong>ei</strong></span> <span class='ocrx_word' id='word_1_296' title='bbox 417 2075 758 2132; x_wconf 88' lang='lat' dir='ltr'><strong>ostendisset</strong></span> <span class='ocrx_word' id='word_1_297' title='bbox 786 2079 965 2132; x_wconf 91' lang='lat' dir='ltr'><strong>omnia</strong></span> <span class='ocrx_word' id='word_1_298' title='bbox 994 2095 1156 2150; x_wconf 87' lang='lat' dir='ltr'><strong>regna</strong></span> <span class='ocrx_word' id='word_1_299' title='bbox 1181 2081 1362 2136; x_wconf 90' lang='lat' dir='ltr'><strong>mundi</strong></span> <span class='ocrx_word' id='word_1_300' title='bbox 1387 2099 1400 2134; x_wconf 88' lang='lat'><strong>:</strong></span> <span class='ocrx_word' id='word_1_301' title='bbox 1429 2080 1558 2136; x_wconf 70' lang='lat' dir='ltr'><strong>[hec</strong></span> <span class='ocrx_word' id='word_1_302' title='bbox 1585 2085 1759 2137; x_wconf 81' lang='lat' dir='ltr'><strong>omnia</strong></span> 
     </span>
    </p>
   </div>
   <div class='ocr_carea' id='block_1_37' title="bbox 163 2163 1760 2245">
    <p class='ocr_par' dir='ltr' id='par_1_37' title="bbox 163 2163 1760 2245">
     <span class='ocr_line' id='line_1_37' title="bbox 163 2163 1760 2245; baseline 0.008 -27"><span class='ocrx_word' id='word_1_303' title='bbox 163 2163 246 2219; x_wconf 82' lang='lat' dir='ltr'><strong>tibi</strong></span> <span class='ocrx_word' id='word_1_304' title='bbox 269 2164 424 2231; x_wconf 79' lang='lat' dir='ltr'><strong>dabo,</strong></span> <span class='ocrx_word' id='word_1_305' title='bbox 481 2168 528 2222; x_wconf 76' lang='lat' dir='ltr'><strong>si</strong></span> <span class='ocrx_word' id='word_1_306' title='bbox 571 2168 846 2240; x_wconf 84' lang='lat' dir='ltr'><strong>procidens</strong></span> <span class='ocrx_word' id='word_1_307' title='bbox 874 2171 1174 2226; x_wconf 79' lang='lat' dir='ltr'><strong>adoraveris</strong></span> <span class='ocrx_word' id='word_1_308' title='bbox 1200 2188 1280 2226; x_wconf 89' lang='lat' dir='ltr'><strong>me</strong></span> <span class='ocrx_word' id='word_1_309' title='bbox 1301 2171 1516 2245; x_wconf 81' lang='lat' dir='ltr'><strong>(Matth.</strong></span> <span class='ocrx_word' id='word_1_310' title='bbox 1545 2190 1618 2239; x_wconf 88' lang='lat' dir='ltr'><strong>tv,</strong></span> <span class='ocrx_word' id='word_1_311' title='bbox 1651 2175 1710 2242; x_wconf 91' lang='lat'><strong>9)</strong></span> <span class='ocrx_word' id='word_1_312' title='bbox 1736 2175 1760 2230; x_wconf 75' lang='grc'><strong>7</strong></span> 
     </span>
    </p>
   </div>
   <div class='ocr_carea' id='block_1_38' title="bbox 163 2259 1759 2334">
    <p class='ocr_par' dir='ltr' id='par_1_38' title="bbox 163 2259 1759 2334">
     <span class='ocr_line' id='line_1_38' title="bbox 163 2259 1759 2334; baseline 0.008 -24"><span class='ocrx_word' id='word_1_313' title='bbox 163 2259 294 2312; x_wconf 82' lang='lat' dir='ltr'><strong>Ante</strong></span> <span class='ocrx_word' id='word_1_314' title='bbox 348 2273 480 2330; x_wconf 82' lang='lat' dir='ltr'><strong>ergo</strong></span> <span class='ocrx_word' id='word_1_315' title='bbox 531 2261 650 2328; x_wconf 90' lang='lat' dir='ltr'><strong>ipse</strong></span> <span class='ocrx_word' id='word_1_316' title='bbox 704 2261 1014 2331; x_wconf 86' lang='lat' dir='ltr'><strong>subjicitur,</strong></span> <span class='ocrx_word' id='word_1_317' title='bbox 1073 2263 1164 2334; x_wconf 88' lang='lat' dir='ltr'><strong>qui</strong></span> <span class='ocrx_word' id='word_1_318' title='bbox 1211 2265 1348 2318; x_wconf 89' lang='lat' dir='ltr'><strong>alios</strong></span> <span class='ocrx_word' id='word_1_319' title='bbox 1394 2265 1509 2319; x_wconf 89' lang='lat' dir='ltr'><strong>vult</strong></span> <span class='ocrx_word' id='word_1_320' title='bbox 1559 2265 1759 2322; x_wconf 90' lang='lat' dir='ltr'><strong>habere</strong></span> 
     </span>
    </p>
   </div>
   <div class='ocr_carea' id='block_1_39' title="bbox 166 2348 1755 2426">
    <p class='ocr_par' dir='ltr' id='par_1_39' title="bbox 166 2348 1755 2426">
     <span class='ocr_line' id='line_1_39' title="bbox 166 2348 1755 2426; baseline 0.008 -26"><span class='ocrx_word' id='word_1_321' title='bbox 166 2348 448 2418; x_wconf 83' lang='lat' dir='ltr'><strong>subjectos.</strong></span> <span class='ocrx_word' id='word_1_322' title='bbox 479 2349 725 2406; x_wconf 76' lang='lat' dir='ltr'><strong>Veniunt</strong></span> <span class='ocrx_word' id='word_1_323' title='bbox 744 2355 926 2407; x_wconf 80' lang='lat' dir='ltr'><strong>omnia</strong></span> <span class='ocrx_word' id='word_1_324' title='bbox 963 2354 1092 2408; x_wconf 88' lang='lat' dir='ltr'><strong>vitia</strong></span> <span class='ocrx_word' id='word_1_325' title='bbox 1120 2397 1132 2419; x_wconf 92' lang='lat'><strong>,</strong></span> <span class='ocrx_word' id='word_1_326' title='bbox 1165 2362 1220 2410; x_wconf 92' lang='lat' dir='ltr'><strong>et</strong></span> <span class='ocrx_word' id='word_1_327' title='bbox 1269 2354 1478 2426; x_wconf 79' lang='lat' dir='ltr'><strong>singula</strong></span> <span class='ocrx_word' id='word_1_328' title='bbox 1533 2357 1755 2413; x_wconf 88' lang='lat' dir='ltr'><strong>dicunt:</strong></span> 
     </span>
    </p>
   </div>
   <div class='ocr_carea' id='block_1_40' title="bbox 165 2442 1759 2519">
    <p class='ocr_par' dir='ltr' id='par_1_40' title="bbox 165 2442 1759 2519">
     <span class='ocr_line' id='line_1_40' title="bbox 165 2442 1759 2519; baseline 0.008 -25"><span class='ocrx_word' id='word_1_329' title='bbox 165 2442 304 2498; x_wconf 82' lang='lat' dir='ltr'><strong>Meus</strong></span> <span class='ocrx_word' id='word_1_330' title='bbox 331 2459 414 2500; x_wconf 88' lang='lat' dir='ltr'><strong>es.</strong></span> <span class='ocrx_word' id='word_1_331' title='bbox 445 2443 630 2512; x_wconf 83' lang='lat' dir='ltr'><strong>Quem</strong></span> <span class='ocrx_word' id='word_1_332' title='bbox 660 2446 796 2500; x_wconf 86' lang='lat' dir='ltr'><strong>tanti</strong></span> <span class='ocrx_word' id='word_1_333' title='bbox 826 2457 1164 2517; x_wconf 53' lang='lat' dir='ltr'><strong>cou&#39;ipetunt,</strong></span> <span class='ocrx_word' id='word_1_334' title='bbox 1193 2465 1355 2519; x_wconf 87' lang='lat' dir='ltr'><strong>quam</strong></span> <span class='ocrx_word' id='word_1_335' title='bbox 1400 2451 1508 2506; x_wconf 89' lang='lat' dir='ltr'><strong>vile</strong></span> <span class='ocrx_word' id='word_1_336' title='bbox 1555 2452 1759 2506; x_wconf 85' lang='lat' dir='ltr'><strong>manci-</strong></span> 
     </span>
    </p>
   </div>
   <div class='ocr_carea' id='block_1_41' title="bbox 166 2535 1759 2615">
    <p class='ocr_par' dir='ltr' id='par_1_41' title="bbox 166 2535 1759 2615">
     <span class='ocr_line' id='line_1_41' title="bbox 166 2535 1759 2615; baseline 0.008 -27"><span class='ocrx_word' id='word_1_337' title='bbox 166 2535 300 2604; x_wconf 90' lang='lat' dir='ltr'><strong>pium</strong></span> <span class='ocrx_word' id='word_1_338' title='bbox 331 2536 448 2591; x_wconf 86' lang='lat' dir='ltr'><strong>est!</strong></span> <span class='ocrx_word' id='word_1_339' title='bbox 480 2535 770 2604; x_wconf 83' lang='lat' dir='ltr'><strong>Quomodo</strong></span> <span class='ocrx_word' id='word_1_340' title='bbox 797 2555 927 2610; x_wconf 83' lang='lat' dir='ltr'><strong>ergo</strong></span> <span class='ocrx_word' id='word_1_341' title='bbox 959 2549 1012 2594; x_wconf 92' lang='lat' dir='ltr'><strong>tu</strong></span> <span class='ocrx_word' id='word_1_342' title='bbox 1040 2542 1128 2611; x_wconf 93' lang='lat' dir='ltr'><strong>qui</strong></span> <span class='ocrx_word' id='word_1_343' title='bbox 1163 2541 1473 2610; x_wconf 89' lang='lat' dir='ltr'><strong>hujusmodi</strong></span> <span class='ocrx_word' id='word_1_344' title='bbox 1495 2559 1576 2610; x_wconf 90' lang='lat' dir='ltr'><strong>es,</strong></span> <span class='ocrx_word' id='word_1_345' title='bbox 1606 2552 1759 2615; x_wconf 88' lang='lat' dir='ltr'><strong>potes</strong></span> 
     </span>
    </p>
   </div>
   <div class='ocr_carea' id='block_1_42' title="bbox 167 2626 1754 2708">
    <p class='ocr_par' dir='ltr' id='par_1_42' title="bbox 167 2626 1754 2708">
     <span class='ocr_line' id='line_1_42' title="bbox 167 2626 1754 2708; baseline 0.009 -24"><span class='ocrx_word' id='word_1_346' title='bbox 167 2626 368 2684; x_wconf 79' lang='lat' dir='ltr'><strong>Christo</strong></span> <span class='ocrx_word' id='word_1_347' title='bbox 413 2631 641 2688; x_wconf 77' lang='lat' dir='ltr'><strong>dicere:</strong></span> <span class='ocrx_word' id='word_1_348' title='bbox 673 2633 820 2688; x_wconf 86' lang='lat' dir='ltr'><strong>Tuus</strong></span> <span class='ocrx_word' id='word_1_349' title='bbox 876 2635 1044 2690; x_wconf 88' lang='lat' dir='ltr'><strong>sum?</strong></span> <span class='ocrx_word' id='word_1_350' title='bbox 1099 2636 1467 2708; x_wconf 80' lang='lat' dir='ltr'><strong>Respondebit</strong></span> <span class='ocrx_word' id='word_1_351' title='bbox 1501 2641 1592 2694; x_wconf 90' lang='lat' dir='ltr'><strong>tibi</strong></span> <span class='ocrx_word' id='word_1_352' title='bbox 1627 2642 1754 2698; x_wconf 89' lang='lat' dir='ltr'><strong>ille:</strong></span> 
     </span>
    </p>
   </div>
   <div class='ocr_carea' id='block_1_43' title="bbox 169 2719 1754 2800">
    <p class='ocr_par' dir='ltr' id='par_1_43' title="bbox 169 2719 1754 2800">
     <span class='ocr_line' id='line_1_43' title="bbox 169 2719 1754 2800; baseline 0.009 -26"><span class='ocrx_word' id='word_1_353' title='bbox 169 2719 281 2776; x_wconf 84' lang='lat' dir='ltr'><strong>Non</strong></span> <span class='ocrx_word' id='word_1_354' title='bbox 307 2724 618 2796; x_wconf 78' lang='lat' dir='ltr'><strong>quicumque</strong></span> <span class='ocrx_word' id='word_1_355' title='bbox 638 2726 928 2794; x_wconf 82' lang='lat' dir='ltr'><strong>dicitmilti,</strong></span> <span class='ocrx_word' id='word_1_356' title='bbox 957 2724 1177 2784; x_wconf 84' lang='lat' dir='ltr'><strong>Domine</strong></span> <span class='ocrx_word' id='word_1_357' title='bbox 1197 2774 1210 2798; x_wconf 92' lang='lat'><strong>,</strong></span> <span class='ocrx_word' id='word_1_358' title='bbox 1270 2729 1514 2800; x_wconf 87' lang='lat' dir='ltr'><strong>Domine,</strong></span> <span class='ocrx_word' id='word_1_359' title='bbox 1535 2734 1754 2790; x_wconf 79' lang='lat' dir='ltr'><strong>intrabit</strong></span> 
     </span>
    </p>
   </div>
   <div class='ocr_carea' id='block_1_44' title="bbox 168 2813 1758 2898">
    <p class='ocr_par' dir='ltr' id='par_1_44' title="bbox 168 2813 1758 2898">
     <span class='ocr_line' id='line_1_44' title="bbox 168 2813 1758 2898; baseline 0.013 -32"><span class='ocrx_word' id='word_1_360' title='bbox 168 2813 216 2868; x_wconf 86' lang='lat' dir='ltr'><strong>in</strong></span> <span class='ocrx_word' id='word_1_361' title='bbox 244 2829 455 2887; x_wconf 84' lang='lat' dir='ltr'><strong>regnum</strong></span> <span class='ocrx_word' id='word_1_362' title='bbox 477 2817 726 2873; x_wconf 63' lang='lat' dir='ltr'><strong>coriorum</strong></span> <span class='ocrx_word' id='word_1_363' title='bbox 753 2819 968 2892; x_wconf 79' lang='lat' dir='ltr'><strong>(Matth.</strong></span> <span class='ocrx_word' id='word_1_364' title='bbox 1004 2837 1096 2887; x_wconf 83' lang='lat' dir='ltr'><strong>vn,</strong></span> <span class='ocrx_word' id='word_1_365' title='bbox 1122 2822 1217 2894; x_wconf 72' lang='lat'><strong>‘21)</strong></span> <span class='ocrx_word' id='word_1_366' title='bbox 1243 2842 1256 2878; x_wconf 87' lang='lat'><strong>:</strong></span> <span class='ocrx_word' id='word_1_367' title='bbox 1283 2839 1389 2880; x_wconf 91' lang='lat' dir='ltr'><strong>non</strong></span> <span class='ocrx_word' id='word_1_368' title='bbox 1429 2827 1758 2898; x_wconf 85' lang='lat' dir='ltr'><strong>quicumque</strong></span> 
     </span>
    </p>
   </div>
   <div class='ocr_carea' id='block_1_45' title="bbox 170 2908 1149 2984">
    <p class='ocr_par' dir='ltr' id='par_1_45' title="bbox 170 2908 1149 2984">
     <span class='ocr_line' id='line_1_45' title="bbox 170 2908 1149 2984; baseline 0.008 -22"><span class='ocrx_word' id='word_1_369' title='bbox 170 2908 289 2965; x_wconf 88' lang='lat' dir='ltr'><strong>dicit</strong></span> <span class='ocrx_word' id='word_1_370' title='bbox 315 2913 474 2967; x_wconf 90' lang='lat' dir='ltr'><strong>mihi:</strong></span> <span class='ocrx_word' id='word_1_371' title='bbox 505 2913 660 2968; x_wconf 90' lang='lat' dir='ltr'><strong>Tuus</strong></span> <span class='ocrx_word' id='word_1_372' title='bbox 679 2929 795 2970; x_wconf 90' lang='lat' dir='ltr'><strong>sum</strong></span> <span class='ocrx_word' id='word_1_373' title='bbox 820 2958 834 2984; x_wconf 91' lang='lat'><strong>,</strong></span> <span class='ocrx_word' id='word_1_374' title='bbox 866 2931 1023 2972; x_wconf 90' lang='lat' dir='ltr'><strong>meus</strong></span> <span class='ocrx_word' id='word_1_375' title='bbox 1049 2927 1149 2972; x_wconf 91' lang='lat' dir='ltr'><strong>est.</strong></span> 
     </span>
    </p>
   </div>
   <div class='ocr_carea' id='block_1_46' title="bbox 241 3003 1756 3084">
    <p class='ocr_par' dir='ltr' id='par_1_46' title="bbox 241 3003 1756 3084">
     <span class='ocr_line' id='line_1_46' title="bbox 241 3003 1756 3084; baseline 0.007 -26"><span class='ocrx_word' id='word_1_376' title='bbox 241 3003 287 3058; x_wconf 80' lang='grc' dir='ltr'>ι.</span> <span class='ocrx_word' id='word_1_377' title='bbox 315 3003 464 3060; x_wconf 82' lang='lat' dir='ltr'><strong>Meus</strong></span> <span class='ocrx_word' id='word_1_378' title='bbox 492 3007 657 3077; x_wconf 81' lang='lat' dir='ltr'><strong>plane</strong></span> <span class='ocrx_word' id='word_1_379' title='bbox 675 3023 757 3075; x_wconf 78' lang='lat' dir='ltr'><strong>es,</strong></span> <span class='ocrx_word' id='word_1_380' title='bbox 777 3009 820 3063; x_wconf 89' lang='lat' dir='ltr'><strong>si</strong></span> <span class='ocrx_word' id='word_1_381' title='bbox 839 3023 1026 3064; x_wconf 89' lang='lat' dir='ltr'><strong>vocem</strong></span> <span class='ocrx_word' id='word_1_382' title='bbox 1043 3028 1147 3066; x_wconf 92' lang='lat' dir='ltr'><strong>nou</strong></span> <span class='ocrx_word' id='word_1_383' title='bbox 1171 3013 1454 3084; x_wconf 87' lang='lat' dir='ltr'><strong>redarguat</strong></span> <span class='ocrx_word' id='word_1_384' title='bbox 1474 3015 1756 3069; x_wconf 90' lang='lat' dir='ltr'><strong>conscien-</strong></span> 
     </span>
    </p>
   </div>
   <div class='ocr_carea' id='block_1_47' title="bbox 172 3094 1753 3175">
    <p class='ocr_par' dir='ltr' id='par_1_47' title="bbox 172 3094 1753 3175">
     <span class='ocr_line' id='line_1_47' title="bbox 172 3094 1753 3175; baseline 0.008 -28"><span class='ocrx_word' id='word_1_385' title='bbox 172 3094 258 3162; x_wconf 88' lang='lat' dir='ltr'><strong>tia,</strong></span> <span class='ocrx_word' id='word_1_386' title='bbox 291 3095 333 3151; x_wconf 90' lang='lat' dir='ltr'><strong>si</strong></span> <span class='ocrx_word' id='word_1_387' title='bbox 361 3112 675 3154; x_wconf 88' lang='lat' dir='ltr'><strong>sermonem</strong></span> <span class='ocrx_word' id='word_1_388' title='bbox 711 3109 860 3154; x_wconf 91' lang='lat' dir='ltr'><strong>tuum</strong></span> <span class='ocrx_word' id='word_1_389' title='bbox 891 3102 1106 3158; x_wconf 86' lang='lat' dir='ltr'><strong>animus</strong></span> <span class='ocrx_word' id='word_1_390' title='bbox 1134 3115 1228 3159; x_wconf 89' lang='lat' dir='ltr'><strong>aut</strong></span> <span class='ocrx_word' id='word_1_391' title='bbox 1257 3120 1418 3175; x_wconf 82' lang='lat' dir='ltr'><strong>Opera</strong></span> <span class='ocrx_word' id='word_1_392' title='bbox 1448 3119 1554 3159; x_wconf 90' lang='lat' dir='ltr'><strong>non</strong></span> <span class='ocrx_word' id='word_1_393' title='bbox 1604 3104 1753 3162; x_wconf 80' lang='lat' dir='ltr'><strong>refu-</strong></span> 
     </span>
    </p>
   </div>
   <div class='ocr_carea' id='block_1_48' title="bbox 1863 1889 3456 1968">
    <p class='ocr_par' dir='ltr' id='par_1_48' title="bbox 1863 1889 3456 1968">
     <span class='ocr_line' id='line_1_48' title="bbox 1863 1889 3456 1968; baseline 0.016 -26"><span class='ocrx_word' id='word_1_394' title='bbox 1863 1889 1994 1942; x_wconf 82' lang='lat' dir='ltr'><strong>sicut</strong></span> <span class='ocrx_word' id='word_1_395' title='bbox 2026 1889 2389 1961; x_wconf 79' lang='lat' dir='ltr'><strong>Hierusalem,</strong></span> <span class='ocrx_word' id='word_1_396' title='bbox 2445 1897 2724 1952; x_wconf 77' lang='lat' dir='ltr'><strong>admiratio</strong></span> <span class='ocrx_word' id='word_1_397' title='bbox 2763 1901 2897 1956; x_wconf 76' lang='lat' dir='ltr'><strong>sicut</strong></span> <span class='ocrx_word' id='word_1_398' title='bbox 2926 1904 3189 1962; x_wconf 84' lang='lat' dir='ltr'><strong>ordinata.</strong></span> <span class='ocrx_word' id='word_1_399' title='bbox 3243 1909 3456 1968; x_wconf 80' lang='lat' dir='ltr'><strong>Veritas</strong></span> 
     </span>
    </p>
   </div>
   <div class='ocr_carea' id='block_1_49' title="bbox 1863 1983 3459 2060">
    <p class='ocr_par' dir='ltr' id='par_1_49' title="bbox 1863 1983 3459 2060">
     <span class='ocr_line' id='line_1_49' title="bbox 1863 1983 3459 2060; baseline 0.018 -28"><span class='ocrx_word' id='word_1_400' title='bbox 1863 1983 2064 2036; x_wconf 89' lang='lat' dir='ltr'><strong>amoris</strong></span> <span class='ocrx_word' id='word_1_401' title='bbox 2093 1999 2158 2037; x_wconf 84' lang='lat' dir='ltr'><strong>ex</strong></span> <span class='ocrx_word' id='word_1_402' title='bbox 2189 1986 2271 2038; x_wconf 92' lang='lat' dir='ltr'><strong>sui</strong></span> <span class='ocrx_word' id='word_1_403' title='bbox 2301 1989 2661 2057; x_wconf 88' lang='lat' dir='ltr'><strong>perpetuitate</strong></span> <span class='ocrx_word' id='word_1_404' title='bbox 2680 1994 2960 2060; x_wconf 88' lang='lat' dir='ltr'><strong>probatur.</strong></span> <span class='ocrx_word' id='word_1_405' title='bbox 2985 1994 3014 2034; x_wconf 67' lang='grc' dir='ltr'>δ</span> <span class='ocrx_word' id='word_1_406' title='bbox 3043 1997 3320 2057; x_wconf 83' lang='lat' dir='ltr'><strong>Laudatur</strong></span> <span class='ocrx_word' id='word_1_407' title='bbox 3355 2001 3459 2059; x_wconf 87' lang='lat' dir='ltr'><strong>ita-</strong></span> 
     </span>
    </p>
   </div>
   <div class='ocr_carea' id='block_1_50' title="bbox 1859 2077 3464 2152">
    <p class='ocr_par' dir='ltr' id='par_1_50' title="bbox 1859 2077 3464 2152">
     <span class='ocr_line' id='line_1_50' title="bbox 1859 2077 3464 2152; baseline 0.017 -26"><span class='ocrx_word' id='word_1_408' title='bbox 1859 2091 1966 2144; x_wconf 88' lang='lat' dir='ltr'><strong>que</strong></span> <span class='ocrx_word' id='word_1_409' title='bbox 1997 2077 2205 2146; x_wconf 84' lang='lat' dir='ltr'><strong>Sponsa</strong></span> <span class='ocrx_word' id='word_1_410' title='bbox 2233 2095 2262 2133; x_wconf 90' lang='lat' dir='ltr'><strong>a</strong></span> <span class='ocrx_word' id='word_1_411' title='bbox 2286 2079 2524 2151; x_wconf 88' lang='lat' dir='ltr'><strong>Sponso,</strong></span> <span class='ocrx_word' id='word_1_412' title='bbox 2557 2087 2698 2152; x_wconf 88' lang='lat' dir='ltr'><strong>quod</strong></span> <span class='ocrx_word' id='word_1_413' title='bbox 2733 2095 2839 2140; x_wconf 87' lang='lat' dir='ltr'><strong>tam</strong></span> <span class='ocrx_word' id='word_1_414' title='bbox 2891 2090 3032 2146; x_wconf 88' lang='lat' dir='ltr'><strong>bene</strong></span> <span class='ocrx_word' id='word_1_415' title='bbox 3061 2099 3118 2146; x_wconf 91' lang='lat' dir='ltr'><strong>et</strong></span> <span class='ocrx_word' id='word_1_416' title='bbox 3145 2104 3464 2152; x_wconf 85' lang='lat' dir='ltr'><strong>constanter</strong></span> 
     </span>
    </p>
   </div>
   <div class='ocr_carea' id='block_1_51' title="bbox 1861 2169 3464 2248">
    <p class='ocr_par' dir='ltr' id='par_1_51' title="bbox 1861 2169 3464 2248">
     <span class='ocr_line' id='line_1_51' title="bbox 1861 2169 3464 2248; baseline 0.016 -28"><span class='ocrx_word' id='word_1_417' title='bbox 1861 2169 2177 2238; x_wconf 88' lang='lat' dir='ltr'><strong>requisierit</strong></span> <span class='ocrx_word' id='word_1_418' title='bbox 2232 2185 2378 2226; x_wconf 90' lang='lat' dir='ltr'><strong>eum.</strong></span> <span class='ocrx_word' id='word_1_419' title='bbox 2430 2173 2669 2246; x_wconf 86' lang='lat' dir='ltr'><strong>Ideoque</strong></span> <span class='ocrx_word' id='word_1_420' title='bbox 2695 2179 2807 2248; x_wconf 90' lang='lat' dir='ltr'><strong>jam</strong></span> <span class='ocrx_word' id='word_1_421' title='bbox 2841 2195 2951 2236; x_wconf 88' lang='lat' dir='ltr'><strong>non</strong></span> <span class='ocrx_word' id='word_1_422' title='bbox 2980 2184 3158 2240; x_wconf 90' lang='lat' dir='ltr'><strong>solum</strong></span> <span class='ocrx_word' id='word_1_423' title='bbox 3185 2203 3334 2243; x_wconf 79' lang='lat' dir='ltr'><strong>soror</strong></span> <span class='ocrx_word' id='word_1_424' title='bbox 3379 2189 3464 2244; x_wconf 87' lang='lat' dir='ltr'><strong>di-</strong></span> 
     </span>
    </p>
   </div>
   <div class='ocr_carea' id='block_1_52' title="bbox 1860 2258 3462 2352">
    <p class='ocr_par' dir='ltr' id='par_1_52' title="bbox 1860 2258 3462 2352">
     <span class='ocr_line' id='line_1_52' title="bbox 1860 2258 3462 2352; baseline 0.017 -41"><span class='ocrx_word' id='word_1_425' title='bbox 1860 2258 2040 2325; x_wconf 91' lang='lat' dir='ltr'><strong>citur,</strong></span> <span class='ocrx_word' id='word_1_426' title='bbox 2088 2261 2184 2316; x_wconf 90' lang='lat' dir='ltr'><strong>sed</strong></span> <span class='ocrx_word' id='word_1_427' title='bbox 2235 2263 2396 2318; x_wconf 89' lang='lat' dir='ltr'><strong>etiam</strong></span> <span class='ocrx_word' id='word_1_428' title='bbox 2441 2267 2758 2338; x_wconf 78' lang='lat' dir='ltr'><strong>beueplacita</strong></span> <span class='ocrx_word' id='word_1_429' title='bbox 2809 2274 3164 2346; x_wconf 90' lang='lat' dir='ltr'><strong>nominatur,</strong></span> <span class='ocrx_word' id='word_1_430' title='bbox 3217 2282 3368 2352; x_wconf 89' lang='lat' dir='ltr'><strong>quasi</strong></span> <span class='ocrx_word' id='word_1_431' title='bbox 3411 2282 3462 2338; x_wconf 92' lang='lat' dir='ltr'><strong>ci</strong></span> 
     </span>
    </p>
   </div>
   <div class='ocr_carea' id='block_1_53' title="bbox 1861 2352 3459 2442">
    <p class='ocr_par' dir='ltr' id='par_1_53' title="bbox 1861 2352 3459 2442">
     <span class='ocr_line' id='line_1_53' title="bbox 1861 2352 3459 2442; baseline 0.016 -38"><span class='ocrx_word' id='word_1_432' title='bbox 1861 2352 2227 2422; x_wconf 87' lang='lat' dir='ltr'><strong>complacita;</strong></span> <span class='ocrx_word' id='word_1_433' title='bbox 2281 2355 2409 2442; x_wconf 76' lang='lat' dir='ltr'><strong>quia</strong></span> <span class='ocrx_word' id='word_1_434' title='bbox 2470 2361 2806 2430; x_wconf 87' lang='lat' dir='ltr'><strong>complacuit</strong></span> <span class='ocrx_word' id='word_1_435' title='bbox 2854 2365 3041 2422; x_wconf 90' lang='lat' dir='ltr'><strong>Patri:</strong></span> <span class='ocrx_word' id='word_1_436' title='bbox 3073 2380 3166 2437; x_wconf 90' lang='lat' dir='ltr'><strong>et,</strong></span> <span class='ocrx_word' id='word_1_437' title='bbox 3223 2374 3459 2442; x_wconf 75' lang='lat' dir='ltr'><strong>speciosa</strong></span> 
     </span>
    </p>
   </div>
   <div class='ocr_carea' id='block_1_54' title="bbox 1861 2435 3464 2533">
    <p class='ocr_par' dir='ltr' id='par_1_54' title="bbox 1861 2435 3464 2533">
     <span class='ocr_line' id='line_1_54' title="bbox 1861 2435 3464 2533; baseline 0.015 -37"><span class='ocrx_word' id='word_1_438' title='bbox 1861 2443 1996 2496; x_wconf 74' lang='lat' dir='ltr'><strong>sicut</strong></span> <span class='ocrx_word' id='word_1_439' title='bbox 2025 2435 2374 2514; x_wconf 73' lang='lat' dir='ltr'><strong>Hierusalem,</strong></span> <span class='ocrx_word' id='word_1_440' title='bbox 2405 2449 2680 2506; x_wconf 86' lang='lat' dir='ltr'><strong>admiratio</strong></span> <span class='ocrx_word' id='word_1_441' title='bbox 2706 2456 2844 2510; x_wconf 86' lang='lat' dir='ltr'><strong>sicut</strong></span> <span class='ocrx_word' id='word_1_442' title='bbox 2889 2458 3129 2514; x_wconf 83' lang='lat' dir='ltr'><strong>ordinata</strong></span> <span class='ocrx_word' id='word_1_443' title='bbox 3205 2435 3350 2533; x_wconf 78' lang='lat' dir='ltr'><strong>quod</strong></span> <span class='ocrx_word' id='word_1_444' title='bbox 3382 2466 3464 2520; x_wconf 88' lang='lat' dir='ltr'><strong>ci-</strong></span> 
     </span>
    </p>
   </div>
   <div class='ocr_carea' id='block_1_55' title="bbox 1863 2537 3458 2616">
    <p class='ocr_par' dir='ltr' id='par_1_55' title="bbox 1863 2537 3458 2616">
     <span class='ocr_line' id='line_1_55' title="bbox 1863 2537 3458 2616; baseline 0.016 -30"><span class='ocrx_word' id='word_1_445' title='bbox 1863 2537 2045 2590; x_wconf 82' lang='lat' dir='ltr'><strong>vitatis</strong></span> <span class='ocrx_word' id='word_1_446' title='bbox 2073 2548 2292 2594; x_wconf 75' lang='lat' dir='ltr'><strong>:eternze</strong></span> <span class='ocrx_word' id='word_1_447' title='bbox 2317 2542 2572 2598; x_wconf 89' lang='lat' dir='ltr'><strong>universa</strong></span> <span class='ocrx_word' id='word_1_448' title='bbox 2598 2545 2792 2601; x_wconf 88' lang='lat' dir='ltr'><strong>habeat</strong></span> <span class='ocrx_word' id='word_1_449' title='bbox 2816 2552 3114 2616; x_wconf 78' lang='lat' dir='ltr'><strong>mysteria:</strong></span> <span class='ocrx_word' id='word_1_450' title='bbox 3141 2564 3196 2608; x_wconf 93' lang='lat' dir='ltr'><strong>et</strong></span> <span class='ocrx_word' id='word_1_451' title='bbox 3221 2554 3458 2612; x_wconf 90' lang='lat' dir='ltr'><strong>admira-</strong></span> 
     </span>
    </p>
   </div>
   <div class='ocr_carea' id='block_1_56' title="bbox 1864 2627 3448 2721">
    <p class='ocr_par' dir='ltr' id='par_1_56' title="bbox 1864 2627 3448 2721">
     <span class='ocr_line' id='line_1_56' title="bbox 1864 2627 3448 2721; baseline 0.015 -40"><span class='ocrx_word' id='word_1_452' title='bbox 1864 2627 1998 2682; x_wconf 90' lang='lat' dir='ltr'><strong>tioni</strong></span> <span class='ocrx_word' id='word_1_453' title='bbox 2022 2629 2094 2683; x_wconf 86' lang='lat' dir='ltr'><strong>sit</strong></span> <span class='ocrx_word' id='word_1_454' title='bbox 2113 2633 2368 2687; x_wconf 90' lang='lat' dir='ltr'><strong>omnibus</strong></span> <span class='ocrx_word' id='word_1_455' title='bbox 2389 2635 2702 2693; x_wconf 86' lang='lat' dir='ltr'><strong>videntibus</strong></span> <span class='ocrx_word' id='word_1_456' title='bbox 2722 2655 2862 2706; x_wconf 89' lang='lat' dir='ltr'><strong>eam;</strong></span> <span class='ocrx_word' id='word_1_457' title='bbox 2878 2644 3002 2711; x_wconf 87' lang='lat' dir='ltr'><strong>quia</strong></span> <span class='ocrx_word' id='word_1_458' title='bbox 3027 2645 3182 2714; x_wconf 87' lang='lat' dir='ltr'><strong>plena</strong></span> <span class='ocrx_word' id='word_1_459' title='bbox 3209 2657 3266 2702; x_wconf 93' lang='lat' dir='ltr'><strong>ut</strong></span> <span class='ocrx_word' id='word_1_460' title='bbox 3287 2649 3448 2721; x_wconf 73' lang='lat' dir='ltr'><strong>tequi-</strong></span> 
     </span>
    </p>
   </div>
   <div class='ocr_carea' id='block_1_57' title="bbox 1863 2725 3456 2802">
    <p class='ocr_par' dir='ltr' id='par_1_57' title="bbox 1863 2725 3456 2802">
     <span class='ocr_line' id='line_1_57' title="bbox 1863 2725 3456 2802; baseline 0.014 -28"><span class='ocrx_word' id='word_1_461' title='bbox 1863 2729 1964 2786; x_wconf 87' lang='lat' dir='ltr'><strong>tas,</strong></span> <span class='ocrx_word' id='word_1_462' title='bbox 1995 2733 2156 2792; x_wconf 89' lang='lat' dir='ltr'><strong>atque</strong></span> <span class='ocrx_word' id='word_1_463' title='bbox 2181 2725 2418 2793; x_wconf 76' lang='lat' dir='ltr'><strong>perfecta</strong></span> <span class='ocrx_word' id='word_1_464' title='bbox 2441 2740 2559 2782; x_wconf 88' lang='lat' dir='ltr'><strong>est:</strong></span> <span class='ocrx_word' id='word_1_465' title='bbox 2589 2737 2646 2784; x_wconf 90' lang='lat' dir='ltr'><strong>et</strong></span> <span class='ocrx_word' id='word_1_466' title='bbox 2677 2731 2937 2802; x_wconf 77' lang='lat' dir='ltr'><strong>fulgorem</strong></span> <span class='ocrx_word' id='word_1_467' title='bbox 2963 2734 3031 2790; x_wconf 93' lang='lat' dir='ltr'><strong>de</strong></span> <span class='ocrx_word' id='word_1_468' title='bbox 3057 2735 3222 2792; x_wconf 82' lang='lat' dir='ltr'><strong>Verbi</strong></span> <span class='ocrx_word' id='word_1_469' title='bbox 3247 2740 3456 2797; x_wconf 85' lang='lat' dir='ltr'><strong>lumine</strong></span> 
     </span>
    </p>
   </div>
   <div class='ocr_carea' id='block_1_58' title="bbox 1862 2817 3458 2892">
    <p class='ocr_par' dir='ltr' id='par_1_58' title="bbox 1862 2817 3458 2892">
     <span class='ocr_line' id='line_1_58' title="bbox 1862 2817 3458 2892; baseline 0.014 -27"><span class='ocrx_word' id='word_1_470' title='bbox 1862 2821 2125 2879; x_wconf 84' lang='lat' dir='ltr'><strong>mutuata,</strong></span> <span class='ocrx_word' id='word_1_471' title='bbox 2185 2817 2314 2870; x_wconf 89' lang='lat' dir='ltr'><strong>dum</strong></span> <span class='ocrx_word' id='word_1_472' title='bbox 2349 2817 2397 2873; x_wconf 91' lang='lat' dir='ltr'><strong>id</strong></span> <span class='ocrx_word' id='word_1_473' title='bbox 2426 2834 2643 2890; x_wconf 88' lang='lat' dir='ltr'><strong>semper</strong></span> <span class='ocrx_word' id='word_1_474' title='bbox 2666 2822 2926 2892; x_wconf 89' lang='lat' dir='ltr'><strong>intendit,</strong></span> <span class='ocrx_word' id='word_1_475' title='bbox 2953 2827 3022 2882; x_wconf 87' lang='lat' dir='ltr'><strong>sit</strong></span> <span class='ocrx_word' id='word_1_476' title='bbox 3043 2830 3206 2886; x_wconf 90' lang='lat' dir='ltr'><strong>etiam</strong></span> <span class='ocrx_word' id='word_1_477' title='bbox 3241 2833 3458 2888; x_wconf 86' lang='lat' dir='ltr'><strong>terribi-</strong></span> 
     </span>
    </p>
   </div>
   <div class='ocr_carea' id='block_1_59' title="bbox 1861 2904 3456 2986">
    <p class='ocr_par' dir='ltr' id='par_1_59' title="bbox 1861 2904 3456 2986">
     <span class='ocr_line' id='line_1_59' title="bbox 1861 2904 3456 2986; baseline 0.014 -30"><span class='ocrx_word' id='word_1_478' title='bbox 1861 2904 1930 2958; x_wconf 91' lang='lat' dir='ltr'><strong>lis</strong></span> <span class='ocrx_word' id='word_1_479' title='bbox 1967 2905 2163 2961; x_wconf 89' lang='lat' dir='ltr'><strong>ordine</strong></span> <span class='ocrx_word' id='word_1_480' title='bbox 2200 2909 2438 2977; x_wconf 89' lang='lat' dir='ltr'><strong>quodam</strong></span> <span class='ocrx_word' id='word_1_481' title='bbox 2471 2911 2536 2966; x_wconf 87' lang='lat' dir='ltr'><strong>ad</strong></span> <span class='ocrx_word' id='word_1_482' title='bbox 2564 2926 2835 2969; x_wconf 88' lang='lat' dir='ltr'><strong>summum</strong></span> <span class='ocrx_word' id='word_1_483' title='bbox 2870 2927 3130 2986; x_wconf 85' lang='lat' dir='ltr'><strong>provecta</strong></span> <span class='ocrx_word' id='word_1_484' title='bbox 3164 2923 3456 2980; x_wconf 85' lang='lat' dir='ltr'><strong>virtutum.</strong></span> 
     </span>
    </p>
   </div>
   <div class='ocr_carea' id='block_1_60' title="bbox 1932 2997 3456 3085">
    <p class='ocr_par' dir='ltr' id='par_1_60' title="bbox 1932 2997 3456 3085">
     <span class='ocr_line' id='line_1_60' title="bbox 1932 2997 3456 3085; baseline 0.016 -37"><span class='ocrx_word' id='word_1_485' title='bbox 1932 2997 1984 3049; x_wconf 90' lang='lat'><strong>7.</strong></span> <span class='ocrx_word' id='word_1_486' title='bbox 2023 3007 2046 3035; x_wconf 80' lang='grc' dir='ltr'><strong>ο</strong></span> <span class='ocrx_word' id='word_1_487' title='bbox 2075 2997 2390 3064; x_wconf 74' lang='lat' dir='ltr'><strong>Pulchraes,</strong></span> <span class='ocrx_word' id='word_1_488' title='bbox 2415 3001 2611 3072; x_wconf 88' lang='lat' dir='ltr'><strong>inquit,</strong></span> <span class='ocrx_word' id='word_1_489' title='bbox 2641 3003 2812 3062; x_wconf 83' lang='lat' dir='ltr'><strong>amica</strong></span> <span class='ocrx_word' id='word_1_490' title='bbox 2833 3024 2966 3076; x_wconf 82' lang='lat' dir='ltr'><strong>mea,</strong></span> <span class='ocrx_word' id='word_1_491' title='bbox 2994 3012 3166 3067; x_wconf 76' lang='lat' dir='ltr'><strong>suavis</strong></span> <span class='ocrx_word' id='word_1_492' title='bbox 3186 3024 3232 3068; x_wconf 81' lang='lat' dir='ltr'><strong>et</strong></span> <span class='ocrx_word' id='word_1_493' title='bbox 3245 3014 3456 3085; x_wconf 82' lang='lat' dir='ltr'><strong>decora,</strong></span> 
     </span>
    </p>
   </div>
   <div class='ocr_carea' id='block_1_61' title="bbox 1859 3090 3458 3182">
    <p class='ocr_par' dir='ltr' id='par_1_61' title="bbox 1859 3090 3458 3182">
     <span class='ocr_line' id='line_1_61' title="bbox 1859 3090 3458 3182; baseline 0.016 -40"><span class='ocrx_word' id='word_1_494' title='bbox 1859 3097 1966 3143; x_wconf 85' lang='lat' dir='ltr'><strong>etc.</strong></span> <span class='ocrx_word' id='word_1_495' title='bbox 1994 3090 2062 3144; x_wconf 85' lang='lat' dir='ltr'><strong>Et</strong></span> <span class='ocrx_word' id='word_1_496' title='bbox 2091 3107 2213 3146; x_wconf 90' lang='lat' dir='ltr'><strong>vera</strong></span> <span class='ocrx_word' id='word_1_497' title='bbox 2247 3093 2472 3162; x_wconf 86' lang='lat' dir='ltr'><strong>pulchra</strong></span> <span class='ocrx_word' id='word_1_498' title='bbox 2501 3137 2515 3161; x_wconf 95' lang='lat'><strong>,</strong></span> <span class='ocrx_word' id='word_1_499' title='bbox 2549 3113 2671 3166; x_wconf 71' lang='lat' dir='ltr'><strong>qua:</strong></span> <span class='ocrx_word' id='word_1_500' title='bbox 2700 3101 2932 3157; x_wconf 90' lang='lat' dir='ltr'><strong>intendit</strong></span> <span class='ocrx_word' id='word_1_501' title='bbox 2981 3105 3032 3160; x_wconf 89' lang='lat' dir='ltr'><strong>in</strong></span> <span class='ocrx_word' id='word_1_502' title='bbox 3081 3107 3231 3162; x_wconf 88' lang='lat' dir='ltr'><strong>illum</strong></span> <span class='ocrx_word' id='word_1_503' title='bbox 3255 3109 3323 3164; x_wconf 91' lang='lat' dir='ltr'><strong>de</strong></span> <span class='ocrx_word' id='word_1_504' title='bbox 3350 3126 3458 3182; x_wconf 89' lang='lat' dir='ltr'><strong>quo</strong></span> 
     </span>
    </p>
   </div>
   <div class='ocr_carea' id='block_1_62' title="bbox 173 3180 1756 3272">
    <p class='ocr_par' dir='ltr' id='par_1_62' title="bbox 173 3191 1752 3269">
     <span class='ocr_line' id='line_1_62' title="bbox 173 3191 1752 3269; baseline 0.007 -26"><span class='ocrx_word' id='word_1_505' title='bbox 173 3197 292 3246; x_wconf 92' lang='lat' dir='ltr'><strong>tent.</strong></span> <span class='ocrx_word' id='word_1_506' title='bbox 324 3191 432 3263; x_wconf 85' lang='lat' dir='ltr'><strong>Ego</strong></span> <span class='ocrx_word' id='word_1_507' title='bbox 463 3209 577 3248; x_wconf 84' lang='lat' dir='ltr'><strong>non</strong></span> <span class='ocrx_word' id='word_1_508' title='bbox 607 3209 747 3264; x_wconf 82' lang='lat' dir='ltr'><strong>nego</strong></span> <span class='ocrx_word' id='word_1_509' title='bbox 776 3211 954 3250; x_wconf 89' lang='lat' dir='ltr'><strong>meum</strong></span> <span class='ocrx_word' id='word_1_510' title='bbox 985 3211 1105 3252; x_wconf 76' lang='lat' dir='ltr'><strong>esse</strong></span> <span class='ocrx_word' id='word_1_511' title='bbox 1133 3213 1255 3253; x_wconf 89' lang='lat' dir='ltr'><strong>eum</strong></span> <span class='ocrx_word' id='word_1_512' title='bbox 1295 3201 1384 3269; x_wconf 88' lang='lat' dir='ltr'><strong>qui</strong></span> <span class='ocrx_word' id='word_1_513' title='bbox 1409 3199 1527 3268; x_wconf 90' lang='lat' dir='ltr'><strong>ipse</strong></span> <span class='ocrx_word' id='word_1_514' title='bbox 1555 3214 1618 3254; x_wconf 91' lang='lat' dir='ltr'><strong>se</strong></span> <span class='ocrx_word' id='word_1_515' title='bbox 1647 3215 1752 3254; x_wconf 89' lang='lat' dir='ltr'><strong>non</strong></span> 
     </span>
    </p>
   </div>
   <div class='ocr_carea' id='block_1_63' title="bbox 1864 3180 3456 3272">
    <p class='ocr_par' dir='ltr' id='par_1_63' title="bbox 1864 3180 3456 3272">
     <span class='ocr_line' id='line_1_63' title="bbox 1864 3180 3456 3272; baseline 0.016 -38"><span class='ocrx_word' id='word_1_516' title='bbox 1864 3180 2057 3236; x_wconf 84' lang='lat' dir='ltr'><strong>dicitur</strong></span> <span class='ocrx_word' id='word_1_517' title='bbox 2072 3200 2084 3234; x_wconf 91' lang='lat'><strong>:</strong></span> <span class='ocrx_word' id='word_1_518' title='bbox 2102 3182 2378 3252; x_wconf 67' lang='lat' dir='ltr'><strong>Speciem:</strong></span> <span class='ocrx_word' id='word_1_519' title='bbox 2393 3190 2563 3258; x_wconf 79' lang='lat' dir='ltr'><strong>forma</strong></span> <span class='ocrx_word' id='word_1_520' title='bbox 2579 3204 2688 3260; x_wconf 65' lang='lat' dir='ltr'><strong>pra:</strong></span> <span class='ocrx_word' id='word_1_521' title='bbox 2697 3192 2824 3260; x_wconf 80' lang='lat' dir='ltr'><strong>ﬁliis</strong></span> <span class='ocrx_word' id='word_1_522' title='bbox 2840 3195 3102 3252; x_wconf 78' lang='lat' dir='ltr'><strong>hominum</strong></span> <span class='ocrx_word' id='word_1_523' title='bbox 3122 3198 3142 3271; x_wconf 93' lang='lat'>(</span> <span class='ocrx_word' id='word_1_524' title='bbox 3152 3198 3295 3256; x_wconf 79' lang='lat' dir='ltr'><strong>Psal.</strong></span> <span class='ocrx_word' id='word_1_525' title='bbox 3307 3180 3456 3272; x_wconf 40' lang='grc' dir='ltr'>χιι-ιν,</span> 
     </span>
    </p>
   </div>
   <div class='ocr_carea' id='block_1_64' title="bbox 173 3287 1748 3361">
    <p class='ocr_par' dir='ltr' id='par_1_64' title="bbox 173 3287 1748 3361">
     <span class='ocr_line' id='line_1_64' title="bbox 173 3287 1748 3361; baseline 0.008 -28"><span class='ocrx_word' id='word_1_526' title='bbox 173 3291 355 3352; x_wconf 78' lang='lat' dir='ltr'><strong>urget,</strong></span> <span class='ocrx_word' id='word_1_527' title='bbox 406 3293 498 3339; x_wconf 90' lang='lat' dir='ltr'><strong>aut</strong></span> <span class='ocrx_word' id='word_1_528' title='bbox 529 3291 685 3341; x_wconf 83' lang='lat' dir='ltr'><strong>certe</strong></span> <span class='ocrx_word' id='word_1_529' title='bbox 738 3287 782 3340; x_wconf 90' lang='lat' dir='ltr'><strong>si</strong></span> <span class='ocrx_word' id='word_1_530' title='bbox 829 3301 928 3356; x_wconf 91' lang='lat' dir='ltr'><strong>pro</strong></span> <span class='ocrx_word' id='word_1_531' title='bbox 973 3303 1058 3342; x_wconf 80' lang='lat' dir='ltr'><strong>me</strong></span> <span class='ocrx_word' id='word_1_532' title='bbox 1087 3291 1323 3360; x_wconf 81' lang='lat' dir='ltr'><strong>seipsum</strong></span> <span class='ocrx_word' id='word_1_533' title='bbox 1369 3291 1472 3346; x_wconf 89' lang='lat' dir='ltr'><strong>sibi</strong></span> <span class='ocrx_word' id='word_1_534' title='bbox 1497 3291 1748 3361; x_wconf 81' lang='lat' dir='ltr'><strong>abneget.</strong></span> 
     </span>
    </p>
   </div>
   <div class='ocr_carea' id='block_1_65' title="bbox 171 3367 1750 3448">
    <p class='ocr_par' dir='ltr' id='par_1_65' title="bbox 171 3367 1750 3448">
     <span class='ocr_line' id='line_1_65' title="bbox 171 3367 1750 3448; baseline 0.009 -22"><span class='ocrx_word' id='word_1_535' title='bbox 171 3367 296 3426; x_wconf 81' lang='lat' dir='ltr'><strong>Nolo</strong></span> <span class='ocrx_word' id='word_1_536' title='bbox 323 3369 520 3430; x_wconf 88' lang='lat' dir='ltr'><strong>ltabere</strong></span> <span class='ocrx_word' id='word_1_537' title='bbox 553 3377 832 3431; x_wconf 82' lang='lat' dir='ltr'><strong>servulum</strong></span> <span class='ocrx_word' id='word_1_538' title='bbox 863 3379 1110 3448; x_wconf 85' lang='lat' dir='ltr'><strong>plurimis</strong></span> <span class='ocrx_word' id='word_1_539' title='bbox 1139 3382 1374 3437; x_wconf 90' lang='lat' dir='ltr'><strong>dominis</strong></span> <span class='ocrx_word' id='word_1_540' title='bbox 1395 3381 1750 3440; x_wconf 79' lang='lat' dir='ltr'><strong>servientem.</strong></span> 
     </span>
    </p>
   </div>
   <div class='ocr_carea' id='block_1_66' title="bbox 172 3461 1754 3539">
    <p class='ocr_par' dir='ltr' id='par_1_66' title="bbox 172 3461 1754 3539">
     <span class='ocr_line' id='line_1_66' title="bbox 172 3461 1754 3539; baseline 0.011 -22"><span class='ocrx_word' id='word_1_541' title='bbox 172 3461 292 3521; x_wconf 80' lang='lat' dir='ltr'><strong>Nam</strong></span> <span class='ocrx_word' id='word_1_542' title='bbox 315 3469 595 3538; x_wconf 88' lang='lat' dir='ltr'><strong>quomodo</strong></span> <span class='ocrx_word' id='word_1_543' title='bbox 618 3487 770 3527; x_wconf 90' lang='lat' dir='ltr'><strong>meus</strong></span> <span class='ocrx_word' id='word_1_544' title='bbox 798 3477 904 3539; x_wconf 86' lang='lat' dir='ltr'><strong>est,</strong></span> <span class='ocrx_word' id='word_1_545' title='bbox 935 3475 981 3528; x_wconf 89' lang='lat' dir='ltr'><strong>si</strong></span> <span class='ocrx_word' id='word_1_546' title='bbox 1008 3475 1138 3530; x_wconf 92' lang='lat' dir='ltr'><strong>mihi</strong></span> <span class='ocrx_word' id='word_1_547' title='bbox 1171 3476 1316 3531; x_wconf 84' lang='lat' dir='ltr'><strong>dicat</strong></span> <span class='ocrx_word' id='word_1_548' title='bbox 1349 3478 1515 3532; x_wconf 86' lang='lat' dir='ltr'><strong>verbo</strong></span> <span class='ocrx_word' id='word_1_549' title='bbox 1542 3496 1556 3532; x_wconf 86' lang='lat'><strong>;</strong></span> <span class='ocrx_word' id='word_1_550' title='bbox 1605 3477 1754 3534; x_wconf 89' lang='lat' dir='ltr'><strong>Tuus</strong></span> 
     </span>
    </p>
   </div>
   <div class='ocr_carea' id='block_1_67' title="bbox 175 3561 1756 3638">
    <p class='ocr_par' dir='ltr' id='par_1_67' title="bbox 175 3561 1756 3638">
     <span class='ocr_line' id='line_1_67' title="bbox 175 3561 1756 3638; baseline 0.009 -28"><span class='ocrx_word' id='word_1_551' title='bbox 175 3571 282 3612; x_wconf 90' lang='lat' dir='ltr'><strong>sum</strong></span> <span class='ocrx_word' id='word_1_552' title='bbox 310 3575 324 3624; x_wconf 89' lang='lat'><strong>;</strong></span> <span class='ocrx_word' id='word_1_553' title='bbox 353 3565 406 3616; x_wconf 86' lang='lat' dir='ltr'><strong>et</strong></span> <span class='ocrx_word' id='word_1_554' title='bbox 433 3561 700 3632; x_wconf 87' lang='lat' dir='ltr'><strong>operibus</strong></span> <span class='ocrx_word' id='word_1_555' title='bbox 731 3575 908 3634; x_wconf 83' lang='lat' dir='ltr'><strong>neget,</strong></span> <span class='ocrx_word' id='word_1_556' title='bbox 938 3574 994 3620; x_wconf 91' lang='lat' dir='ltr'><strong>et</strong></span> <span class='ocrx_word' id='word_1_557' title='bbox 1029 3566 1184 3621; x_wconf 84' lang='lat' dir='ltr'><strong>factis</strong></span> <span class='ocrx_word' id='word_1_558' title='bbox 1205 3581 1264 3621; x_wconf 91' lang='lat' dir='ltr'><strong>se</strong></span> <span class='ocrx_word' id='word_1_559' title='bbox 1291 3567 1506 3623; x_wconf 87' lang='lat' dir='ltr'><strong>diabolo</strong></span> <span class='ocrx_word' id='word_1_560' title='bbox 1546 3569 1756 3638; x_wconf 72' lang='lat' dir='ltr'><strong>adjndi~</strong></span> 
     </span>
    </p>
   </div>
   <div class='ocr_carea' id='block_1_68' title="bbox 173 3656 1752 3730">
    <p class='ocr_par' dir='ltr' id='par_1_68' title="bbox 173 3656 1752 3730">
     <span class='ocr_line' id='line_1_68' title="bbox 173 3656 1752 3730; baseline 0.008 -24"><span class='ocrx_word' id='word_1_561' title='bbox 173 3663 251 3708; x_wconf 87' lang='lat' dir='ltr'><strong>cet</strong></span> <span class='ocrx_word' id='word_1_562' title='bbox 273 3665 325 3708; x_wconf 88' lang='lat' dir='ltr'><strong>et</strong></span> <span class='ocrx_word' id='word_1_563' title='bbox 343 3656 689 3727; x_wconf 83' lang='lat' dir='ltr'><strong>obstringat?</strong></span> <span class='ocrx_word' id='word_1_564' title='bbox 718 3657 836 3712; x_wconf 84' lang='lat' dir='ltr'><strong>Non</strong></span> <span class='ocrx_word' id='word_1_565' title='bbox 862 3669 948 3713; x_wconf 91' lang='lat' dir='ltr'><strong>est</strong></span> <span class='ocrx_word' id='word_1_566' title='bbox 974 3675 1127 3715; x_wconf 89' lang='lat' dir='ltr'><strong>meus</strong></span> <span class='ocrx_word' id='word_1_567' title='bbox 1153 3677 1312 3730; x_wconf 89' lang='lat' dir='ltr'><strong>quem</strong></span> <span class='ocrx_word' id='word_1_568' title='bbox 1337 3661 1502 3716; x_wconf 87' lang='lat' dir='ltr'><strong>libido</strong></span> <span class='ocrx_word' id='word_1_569' title='bbox 1525 3679 1752 3718; x_wconf 83' lang='lat' dir='ltr'><strong>succcn-</strong></span> 
     </span>
    </p>
   </div>
   <div class='ocr_carea' id='block_1_69' title="bbox 175 3741 1754 3826">
    <p class='ocr_par' dir='ltr' id='par_1_69' title="bbox 175 3741 1754 3826">
     <span class='ocr_line' id='line_1_69' title="bbox 175 3741 1754 3826; baseline 0.011 -30"><span class='ocrx_word' id='word_1_570' title='bbox 175 3741 262 3810; x_wconf 91' lang='lat' dir='ltr'><strong>dit,</strong></span> <span class='ocrx_word' id='word_1_571' title='bbox 293 3745 410 3817; x_wconf 84' lang='lat' dir='ltr'><strong>quia</strong></span> <span class='ocrx_word' id='word_1_572' title='bbox 440 3764 563 3805; x_wconf 86' lang='lat' dir='ltr'><strong>mea</strong></span> <span class='ocrx_word' id='word_1_573' title='bbox 587 3755 670 3804; x_wconf 87' lang='lat' dir='ltr'><strong>est</strong></span> <span class='ocrx_word' id='word_1_574' title='bbox 707 3753 928 3806; x_wconf 88' lang='lat' dir='ltr'><strong>castitas</strong></span> <span class='ocrx_word' id='word_1_575' title='bbox 959 3771 971 3807; x_wconf 91' lang='lat'>:</span> <span class='ocrx_word' id='word_1_576' title='bbox 1008 3770 1114 3808; x_wconf 88' lang='lat' dir='ltr'><strong>non</strong></span> <span class='ocrx_word' id='word_1_577' title='bbox 1143 3763 1225 3810; x_wconf 87' lang='lat' dir='ltr'><strong>est</strong></span> <span class='ocrx_word' id='word_1_578' title='bbox 1254 3771 1407 3811; x_wconf 89' lang='lat' dir='ltr'><strong>meus</strong></span> <span class='ocrx_word' id='word_1_579' title='bbox 1435 3773 1592 3826; x_wconf 88' lang='lat' dir='ltr'><strong>quem</strong></span> <span class='ocrx_word' id='word_1_580' title='bbox 1623 3773 1754 3814; x_wconf 89' lang='lat' dir='ltr'><strong>cura</strong></span> 
     </span>
    </p>
   </div>
   <div class='ocr_carea' id='block_1_70' title="bbox 175 3843 1752 3925">
    <p class='ocr_par' dir='ltr' id='par_1_70' title="bbox 175 3843 1752 3925">
     <span class='ocr_line' id='line_1_70' title="bbox 175 3843 1752 3925; baseline 0.009 -31"><span class='ocrx_word' id='word_1_581' title='bbox 175 3843 426 3910; x_wconf 76' lang='lat' dir='ltr'><strong>Spoliandi</strong></span> <span class='ocrx_word' id='word_1_582' title='bbox 458 3847 704 3903; x_wconf 88' lang='lat' dir='ltr'><strong>minores</strong></span> <span class='ocrx_word' id='word_1_583' title='bbox 755 3849 992 3920; x_wconf 83' lang='lat' dir='ltr'><strong>exagitat</strong></span> <span class='ocrx_word' id='word_1_584' title='bbox 1023 3893 1037 3915; x_wconf 89' lang='lat'><strong>,</strong></span> <span class='ocrx_word' id='word_1_585' title='bbox 1083 3852 1210 3921; x_wconf 87' lang='lat' dir='ltr'><strong>quia</strong></span> <span class='ocrx_word' id='word_1_586' title='bbox 1243 3869 1360 3908; x_wconf 87' lang='lat' dir='ltr'><strong>mea</strong></span> <span class='ocrx_word' id='word_1_587' title='bbox 1387 3854 1600 3925; x_wconf 80' lang='lat' dir='ltr'><strong>largitio</strong></span> <span class='ocrx_word' id='word_1_588' title='bbox 1629 3863 1752 3910; x_wconf 89' lang='lat' dir='ltr'><strong>est:</strong></span> 
     </span>
    </p>
   </div>
   <div class='ocr_carea' id='block_1_71' title="bbox 176 3943 1752 4016">
    <p class='ocr_par' dir='ltr' id='par_1_71' title="bbox 176 3943 1752 4016">
     <span class='ocr_line' id='line_1_71' title="bbox 176 3943 1752 4016; baseline 0.011 -31"><span class='ocrx_word' id='word_1_589' title='bbox 176 3947 270 3988; x_wconf 89' lang='lat' dir='ltr'><strong>non</strong></span> <span class='ocrx_word' id='word_1_590' title='bbox 293 3948 370 3992; x_wconf 90' lang='lat' dir='ltr'><strong>est</strong></span> <span class='ocrx_word' id='word_1_591' title='bbox 393 3955 574 4006; x_wconf 87' lang='lat' dir='ltr'><strong>meus,</strong></span> <span class='ocrx_word' id='word_1_592' title='bbox 599 3957 759 4010; x_wconf 88' lang='lat' dir='ltr'><strong>quem</strong></span> <span class='ocrx_word' id='word_1_593' title='bbox 790 3958 916 3996; x_wconf 91' lang='lat' dir='ltr'><strong>aura</strong></span> <span class='ocrx_word' id='word_1_594' title='bbox 939 3943 1254 4000; x_wconf 81' lang='lat' dir='ltr'><strong>mobilitatis</strong></span> <span class='ocrx_word' id='word_1_595' title='bbox 1277 3946 1576 4016; x_wconf 89' lang='lat' dir='ltr'><strong>inquietat,</strong></span> <span class='ocrx_word' id='word_1_596' title='bbox 1627 3948 1752 4016; x_wconf 86' lang='lat' dir='ltr'><strong>quia</strong></span> 
     </span>
    </p>
   </div>
   <div class='ocr_carea' id='block_1_72' title="bbox 177 4029 1752 4108">
    <p class='ocr_par' dir='ltr' id='par_1_72' title="bbox 177 4029 1752 4108">
     <span class='ocr_line' id='line_1_72' title="bbox 177 4029 1752 4108; baseline 0.011 -30"><span class='ocrx_word' id='word_1_597' title='bbox 177 4029 514 4099; x_wconf 85' lang='lat' dir='ltr'><strong>tranquillitas</strong></span> <span class='ocrx_word' id='word_1_598' title='bbox 537 4049 658 4088; x_wconf 88' lang='lat' dir='ltr'><strong>mea</strong></span> <span class='ocrx_word' id='word_1_599' title='bbox 690 4039 792 4090; x_wconf 86' lang='lat' dir='ltr'><strong>est.</strong></span> <span class='ocrx_word' id='word_1_600' title='bbox 828 4033 940 4090; x_wconf 86' lang='lat' dir='ltr'><strong>Non</strong></span> <span class='ocrx_word' id='word_1_601' title='bbox 983 4045 1068 4091; x_wconf 86' lang='lat' dir='ltr'><strong>est</strong></span> <span class='ocrx_word' id='word_1_602' title='bbox 1099 4052 1252 4092; x_wconf 90' lang='lat' dir='ltr'><strong>meus</strong></span> <span class='ocrx_word' id='word_1_603' title='bbox 1282 4037 1393 4091; x_wconf 89' lang='lat' dir='ltr'><strong>vini</strong></span> <span class='ocrx_word' id='word_1_604' title='bbox 1423 4039 1642 4108; x_wconf 86' lang='lat' dir='ltr'><strong>crapula</strong></span> <span class='ocrx_word' id='word_1_605' title='bbox 1674 4048 1752 4095; x_wconf 87' lang='lat' dir='ltr'><strong>te-</strong></span> 
     </span>
    </p>
   </div>
   <div class='ocr_carea' id='block_1_73' title="bbox 179 4119 1754 4200">
    <p class='ocr_par' dir='ltr' id='par_1_73' title="bbox 179 4119 1754 4200">
     <span class='ocr_line' id='line_1_73' title="bbox 179 4119 1754 4200; baseline 0.01 -29"><span class='ocrx_word' id='word_1_606' title='bbox 179 4119 451 4192; x_wconf 88' lang='lat' dir='ltr'><strong>mulentus,</strong></span> <span class='ocrx_word' id='word_1_607' title='bbox 487 4126 677 4181; x_wconf 88' lang='lat' dir='ltr'><strong>illuvie</strong></span> <span class='ocrx_word' id='word_1_608' title='bbox 705 4127 1019 4182; x_wconf 87' lang='lat' dir='ltr'><strong>ambitionis</strong></span> <span class='ocrx_word' id='word_1_609' title='bbox 1045 4129 1291 4198; x_wconf 89' lang='lat' dir='ltr'><strong>impurus</strong></span> <span class='ocrx_word' id='word_1_610' title='bbox 1317 4170 1332 4195; x_wconf 92' lang='lat'><strong>,</strong></span> <span class='ocrx_word' id='word_1_611' title='bbox 1362 4129 1552 4200; x_wconf 75' lang='lat' dir='ltr'><strong>gloria:</strong></span> <span class='ocrx_word' id='word_1_612' title='bbox 1583 4146 1754 4186; x_wconf 63' lang='lat' dir='ltr'><strong>saccu-</strong></span> 
     </span>
    </p>
   </div>
   <div class='ocr_carea' id='block_1_74' title="bbox 177 4209 1754 4292">
    <p class='ocr_par' dir='ltr' id='par_1_74' title="bbox 177 4209 1754 4292">
     <span class='ocr_line' id='line_1_74' title="bbox 177 4209 1754 4292; baseline 0.01 -29"><span class='ocrx_word' id='word_1_613' title='bbox 177 4209 292 4266; x_wconf 91' lang='lat' dir='ltr'><strong>laris</strong></span> <span class='ocrx_word' id='word_1_614' title='bbox 338 4217 596 4285; x_wconf 87' lang='lat' dir='ltr'><strong>cupidus,</strong></span> <span class='ocrx_word' id='word_1_615' title='bbox 643 4218 824 4273; x_wconf 86' lang='lat' dir='ltr'><strong>ebrius</strong></span> <span class='ocrx_word' id='word_1_616' title='bbox 849 4219 903 4273; x_wconf 90' lang='lat' dir='ltr'><strong>in</strong></span> <span class='ocrx_word' id='word_1_617' title='bbox 936 4219 1235 4290; x_wconf 88' lang='lat' dir='ltr'><strong>periculum</strong></span> <span class='ocrx_word' id='word_1_618' title='bbox 1263 4263 1277 4288; x_wconf 92' lang='lat'><strong>,</strong></span> <span class='ocrx_word' id='word_1_619' title='bbox 1311 4221 1401 4291; x_wconf 89' lang='lat' dir='ltr'><strong>qui</strong></span> <span class='ocrx_word' id='word_1_620' title='bbox 1433 4238 1540 4276; x_wconf 87' lang='lat' dir='ltr'><strong>non</strong></span> <span class='ocrx_word' id='word_1_621' title='bbox 1575 4231 1754 4292; x_wconf 78' lang='lat' dir='ltr'><strong>potest</strong></span> 
     </span>
    </p>
   </div>
   <div class='ocr_carea' id='block_1_75' title="bbox 175 4305 1749 4385">
    <p class='ocr_par' dir='ltr' id='par_1_75' title="bbox 175 4305 1749 4385">
     <span class='ocr_line' id='line_1_75' title="bbox 175 4305 1749 4385; baseline 0.007 -28"><span class='ocrx_word' id='word_1_622' title='bbox 175 4305 354 4361; x_wconf 64' lang='lat' dir='ltr'><strong>sobriae</strong></span> <span class='ocrx_word' id='word_1_623' title='bbox 369 4309 760 4365; x_wconf 87' lang='lat' dir='ltr'><strong>moderationis</strong></span> <span class='ocrx_word' id='word_1_624' title='bbox 786 4326 1006 4366; x_wconf 86' lang='lat' dir='ltr'><strong>servare</strong></span> <span class='ocrx_word' id='word_1_625' title='bbox 1027 4313 1328 4384; x_wconf 84' lang='lat' dir='ltr'><strong>vestigium.</strong></span> <span class='ocrx_word' id='word_1_626' title='bbox 1357 4313 1464 4368; x_wconf 84' lang='lat' dir='ltr'><strong>Pax</strong></span> <span class='ocrx_word' id='word_1_627' title='bbox 1487 4329 1604 4368; x_wconf 92' lang='lat' dir='ltr'><strong>sum</strong></span> <span class='ocrx_word' id='word_1_628' title='bbox 1629 4331 1749 4385; x_wconf 86' lang='lat' dir='ltr'><strong>ego,</strong></span> 
     </span>
    </p>
   </div>
   <div class='ocr_carea' id='block_1_76' title="bbox 176 4393 1755 4475">
    <p class='ocr_par' dir='ltr' id='par_1_76' title="bbox 176 4393 1755 4475">
     <span class='ocr_line' id='line_1_76' title="bbox 176 4393 1755 4475; baseline 0.011 -28"><span class='ocrx_word' id='word_1_629' title='bbox 176 4393 369 4467; x_wconf 80' lang='lat' dir='ltr'><strong>litigare</strong></span> <span class='ocrx_word' id='word_1_630' title='bbox 398 4418 504 4458; x_wconf 90' lang='lat' dir='ltr'><strong>non</strong></span> <span class='ocrx_word' id='word_1_631' title='bbox 538 4405 694 4457; x_wconf 89' lang='lat' dir='ltr'><strong>novi:</strong></span> <span class='ocrx_word' id='word_1_632' title='bbox 747 4411 806 4457; x_wconf 91' lang='lat' dir='ltr'><strong>ut</strong></span> <span class='ocrx_word' id='word_1_633' title='bbox 848 4403 973 4474; x_wconf 91' lang='lat' dir='ltr'><strong>quid</strong></span> <span class='ocrx_word' id='word_1_634' title='bbox 1005 4407 1135 4461; x_wconf 89' lang='lat' dir='ltr'><strong>mihi</strong></span> <span class='ocrx_word' id='word_1_635' title='bbox 1164 4423 1288 4461; x_wconf 89' lang='lat' dir='ltr'><strong>eum</strong></span> <span class='ocrx_word' id='word_1_636' title='bbox 1320 4407 1389 4462; x_wconf 90' lang='lat' dir='ltr'><strong>de</strong></span> <span class='ocrx_word' id='word_1_637' title='bbox 1421 4425 1525 4475; x_wconf 89' lang='lat' dir='ltr'><strong>quo</strong></span> <span class='ocrx_word' id='word_1_638' title='bbox 1575 4408 1755 4464; x_wconf 83' lang='lat' dir='ltr'><strong>veniat</strong></span> 
     </span>
    </p>
   </div>
   <div class='ocr_carea' id='block_1_77' title="bbox 177 4487 1753 4565">
    <p class='ocr_par' dir='ltr' id='par_1_77' title="bbox 177 4487 1753 4565">
     <span class='ocr_line' id='line_1_77' title="bbox 177 4487 1753 4565; baseline 0.011 -25"><span class='ocrx_word' id='word_1_639' title='bbox 177 4487 407 4548; x_wconf 89' lang='lat' dir='ltr'><strong>diabolus</strong></span> <span class='ocrx_word' id='word_1_640' title='bbox 433 4505 487 4551; x_wconf 90' lang='lat' dir='ltr'><strong>et</strong></span> <span class='ocrx_word' id='word_1_641' title='bbox 513 4495 684 4551; x_wconf 88' lang='lat' dir='ltr'><strong>dicat.</strong></span> <span class='ocrx_word' id='word_1_642' title='bbox 715 4496 864 4551; x_wconf 86' lang='lat' dir='ltr'><strong>Meus</strong></span> <span class='ocrx_word' id='word_1_643' title='bbox 893 4506 1014 4565; x_wconf 83' lang='lat' dir='ltr'><strong>est;</strong></span> <span class='ocrx_word' id='word_1_644' title='bbox 1050 4515 1170 4553; x_wconf 90' lang='lat' dir='ltr'><strong>nam</strong></span> <span class='ocrx_word' id='word_1_645' title='bbox 1202 4499 1332 4554; x_wconf 82' lang='lat' dir='ltr'><strong>inihi</strong></span> <span class='ocrx_word' id='word_1_646' title='bbox 1361 4516 1456 4555; x_wconf 89' lang='lat' dir='ltr'><strong>sua</strong></span> <span class='ocrx_word' id='word_1_647' title='bbox 1475 4503 1613 4557; x_wconf 88' lang='lat' dir='ltr'><strong>colla</strong></span> <span class='ocrx_word' id='word_1_648' title='bbox 1629 4517 1753 4556; x_wconf 89' lang='lat' dir='ltr'><strong>cur-</strong></span> 
     </span>
    </p>
   </div>
   <div class='ocr_carea' id='block_1_78' title="bbox 1861 3270 3458 3360">
    <p class='ocr_par' dir='ltr' id='par_1_78' title="bbox 1861 3270 3458 3360">
     <span class='ocr_line' id='line_1_78' title="bbox 1861 3270 3458 3360; baseline 0.018 -35"><span class='ocrx_word' id='word_1_649' title='bbox 1861 3270 1940 3344; x_wconf 84' lang='grc'><strong>5).</strong></span> <span class='ocrx_word' id='word_1_650' title='bbox 1969 3273 2122 3329; x_wconf 90' lang='lat' dir='ltr'><strong>Unde</strong></span> <span class='ocrx_word' id='word_1_651' title='bbox 2145 3285 2202 3330; x_wconf 92' lang='lat' dir='ltr'><strong>et</strong></span> <span class='ocrx_word' id='word_1_652' title='bbox 2224 3292 2323 3330; x_wconf 91' lang='lat' dir='ltr'><strong>nos</strong></span> <span class='ocrx_word' id='word_1_653' title='bbox 2349 3278 2696 3336; x_wconf 80' lang='lat' dir='ltr'><strong>intendamus</strong></span> <span class='ocrx_word' id='word_1_654' title='bbox 2723 3296 2985 3354; x_wconf 87' lang='lat' dir='ltr'><strong>quantum</strong></span> <span class='ocrx_word' id='word_1_655' title='bbox 3019 3305 3310 3360; x_wconf 84' lang='lat' dir='ltr'><strong>possumus</strong></span> <span class='ocrx_word' id='word_1_656' title='bbox 3340 3270 3458 3352; x_wconf 34' lang='lat' dir='ltr'><strong>ani;-</strong></span> 
     </span>
    </p>
   </div>
   <div class='ocr_carea' id='block_1_79' title="bbox 1859 3367 3454 3454">
    <p class='ocr_par' dir='ltr' id='par_1_79' title="bbox 1859 3367 3454 3454">
     <span class='ocr_line' id='line_1_79' title="bbox 1859 3367 3454 3454; baseline 0.016 -37"><span class='ocrx_word' id='word_1_657' title='bbox 1859 3381 2004 3418; x_wconf 87' lang='lat' dir='ltr'><strong>mum</strong></span> <span class='ocrx_word' id='word_1_658' title='bbox 2026 3367 2079 3420; x_wconf 90' lang='lat' dir='ltr'><strong>in</strong></span> <span class='ocrx_word' id='word_1_659' title='bbox 2110 3367 2233 3435; x_wconf 87' lang='lat' dir='ltr'><strong>illo,</strong></span> <span class='ocrx_word' id='word_1_660' title='bbox 2262 3377 2318 3422; x_wconf 88' lang='lat' dir='ltr'><strong>et</strong></span> <span class='ocrx_word' id='word_1_661' title='bbox 2343 3369 2397 3423; x_wconf 88' lang='lat' dir='ltr'><strong>in</strong></span> <span class='ocrx_word' id='word_1_662' title='bbox 2429 3372 2521 3425; x_wconf 91' lang='lat' dir='ltr'><strong>illo</strong></span> <span class='ocrx_word' id='word_1_663' title='bbox 2551 3373 2742 3428; x_wconf 89' lang='lat' dir='ltr'><strong>simus.</strong></span> <span class='ocrx_word' id='word_1_664' title='bbox 2768 3376 2902 3432; x_wconf 87' lang='lat' dir='ltr'><strong>Illud</strong></span> <span class='ocrx_word' id='word_1_665' title='bbox 2941 3381 3123 3436; x_wconf 85' lang='lat' dir='ltr'><strong>animo</strong></span> <span class='ocrx_word' id='word_1_666' title='bbox 3149 3389 3454 3454; x_wconf 73' lang='lat' dir='ltr'><strong>teneamus,</strong></span> 
     </span>
    </p>
   </div>
   <div class='ocr_carea' id='block_1_80' title="bbox 1858 3459 3457 3539">
    <p class='ocr_par' dir='ltr' id='par_1_80' title="bbox 1858 3459 3457 3539">
     <span class='ocr_line' id='line_1_80' title="bbox 1858 3459 3457 3539; baseline 0.015 -27"><span class='ocrx_word' id='word_1_667' title='bbox 1858 3459 2000 3528; x_wconf 90' lang='lat' dir='ltr'><strong>quod</strong></span> <span class='ocrx_word' id='word_1_668' title='bbox 2025 3471 2108 3537; x_wconf 80' lang='lat' dir='ltr'><strong>est</strong></span> <span class='ocrx_word' id='word_1_669' title='bbox 2138 3462 2450 3531; x_wconf 89' lang='lat' dir='ltr'><strong>pulchrum,</strong></span> <span class='ocrx_word' id='word_1_670' title='bbox 2482 3465 2766 3536; x_wconf 90' lang='lat' dir='ltr'><strong>decorum,</strong></span> <span class='ocrx_word' id='word_1_671' title='bbox 2793 3469 3024 3539; x_wconf 88' lang='lat' dir='ltr'><strong>bonum;</strong></span> <span class='ocrx_word' id='word_1_672' title='bbox 3057 3484 3116 3529; x_wconf 91' lang='lat' dir='ltr'><strong>ut</strong></span> <span class='ocrx_word' id='word_1_673' title='bbox 3139 3478 3232 3530; x_wconf 85' lang='lat' dir='ltr'><strong>liat</strong></span> <span class='ocrx_word' id='word_1_674' title='bbox 3253 3478 3457 3535; x_wconf 89' lang='lat' dir='ltr'><strong>illumi-</strong></span> 
     </span>
    </p>
   </div>
   <div class='ocr_carea' id='block_1_81' title="bbox 1860 3553 3456 3638">
    <p class='ocr_par' dir='ltr' id='par_1_81' title="bbox 1860 3553 3456 3638">
     <span class='ocr_line' id='line_1_81' title="bbox 1860 3553 3456 3638; baseline 0.014 -33"><span class='ocrx_word' id='word_1_675' title='bbox 1860 3553 2080 3608; x_wconf 86' lang='lat' dir='ltr'><strong>natioue</strong></span> <span class='ocrx_word' id='word_1_676' title='bbox 2125 3555 2244 3623; x_wconf 84' lang='lat' dir='ltr'><strong>ejus</strong></span> <span class='ocrx_word' id='word_1_677' title='bbox 2271 3564 2326 3610; x_wconf 90' lang='lat' dir='ltr'><strong>et</strong></span> <span class='ocrx_word' id='word_1_678' title='bbox 2375 3556 2584 3628; x_wconf 75' lang='lat' dir='ltr'><strong>fulgore</strong></span> <span class='ocrx_word' id='word_1_679' title='bbox 2625 3563 2872 3631; x_wconf 88' lang='lat' dir='ltr'><strong>speciosa</strong></span> <span class='ocrx_word' id='word_1_680' title='bbox 2911 3567 3091 3620; x_wconf 84' lang='lat' dir='ltr'><strong>anima</strong></span> <span class='ocrx_word' id='word_1_681' title='bbox 3125 3581 3307 3624; x_wconf 88' lang='lat' dir='ltr'><strong>nostra</strong></span> <span class='ocrx_word' id='word_1_682' title='bbox 3333 3610 3348 3638; x_wconf 92' lang='lat'><strong>,</strong></span> <span class='ocrx_word' id='word_1_683' title='bbox 3399 3577 3456 3627; x_wconf 85' lang='lat' dir='ltr'><strong>et</strong></span> 
     </span>
    </p>
   </div>
   <div class='ocr_carea' id='block_1_82' title="bbox 1859 3645 3455 3727">
    <p class='ocr_par' dir='ltr' id='par_1_82' title="bbox 1859 3645 3455 3727">
     <span class='ocr_line' id='line_1_82' title="bbox 1859 3645 3455 3727; baseline 0.012 -27"><span class='ocrx_word' id='word_1_684' title='bbox 1859 3661 2015 3701; x_wconf 84' lang='lat' dir='ltr'><strong>mens</strong></span> <span class='ocrx_word' id='word_1_685' title='bbox 2045 3645 2302 3702; x_wconf 83' lang='lat' dir='ltr'><strong>dilucida.</strong></span> <span class='ocrx_word' id='word_1_686' title='bbox 2345 3648 2476 3703; x_wconf 86' lang='lat' dir='ltr'><strong>Nam</strong></span> <span class='ocrx_word' id='word_1_687' title='bbox 2497 3650 2543 3704; x_wconf 77' lang='lat' dir='ltr'><strong>si</strong></span> <span class='ocrx_word' id='word_1_688' title='bbox 2564 3653 2709 3706; x_wconf 91' lang='lat' dir='ltr'><strong>oculi</strong></span> <span class='ocrx_word' id='word_1_689' title='bbox 2738 3657 2909 3710; x_wconf 87' lang='lat' dir='ltr'><strong>nostri</strong></span> <span class='ocrx_word' id='word_1_690' title='bbox 2931 3672 3054 3711; x_wconf 89' lang='lat' dir='ltr'><strong>cum</strong></span> <span class='ocrx_word' id='word_1_691' title='bbox 3081 3659 3257 3727; x_wconf 85' lang='lat' dir='ltr'><strong>aliqua</strong></span> <span class='ocrx_word' id='word_1_692' title='bbox 3283 3661 3455 3718; x_wconf 89' lang='lat' dir='ltr'><strong>obdu-</strong></span> 
     </span>
    </p>
   </div>
   <div class='ocr_carea' id='block_1_83' title="bbox 1857 3743 3455 3819">
    <p class='ocr_par' dir='ltr' id='par_1_83' title="bbox 1857 3743 3455 3819">
     <span class='ocr_line' id='line_1_83' title="bbox 1857 3743 3455 3819; baseline 0.01 -24"><span class='ocrx_word' id='word_1_693' title='bbox 1857 3750 2055 3796; x_wconf 91' lang='lat' dir='ltr'><strong>cuntur</strong></span> <span class='ocrx_word' id='word_1_694' title='bbox 2079 3743 2310 3813; x_wconf 77' lang='lat' dir='ltr'><strong>caligine</strong></span> <span class='ocrx_word' id='word_1_695' title='bbox 2335 3783 2352 3806; x_wconf 91' lang='lat'><strong>,</strong></span> <span class='ocrx_word' id='word_1_696' title='bbox 2404 3757 2698 3812; x_wconf 88' lang='lat' dir='ltr'><strong>pascuntur</strong></span> <span class='ocrx_word' id='word_1_697' title='bbox 2726 3761 2983 3818; x_wconf 81' lang='lat' dir='ltr'><strong>agrorum</strong></span> <span class='ocrx_word' id='word_1_698' title='bbox 3027 3753 3303 3810; x_wconf 84' lang='lat' dir='ltr'><strong>viriditate</strong></span> <span class='ocrx_word' id='word_1_699' title='bbox 3326 3796 3342 3819; x_wconf 87' lang='lat'><strong>,</strong></span> <span class='ocrx_word' id='word_1_700' title='bbox 3399 3765 3455 3811; x_wconf 89' lang='lat' dir='ltr'><strong>et</strong></span> 
     </span>
    </p>
   </div>
   <div class='ocr_carea' id='block_1_84' title="bbox 1859 3834 3452 3916">
    <p class='ocr_par' dir='ltr' id='par_1_84' title="bbox 1859 3834 3452 3916">
     <span class='ocr_line' id='line_1_84' title="bbox 1859 3834 3452 3916; baseline 0.01 -30"><span class='ocrx_word' id='word_1_701' title='bbox 1859 3834 2040 3903; x_wconf 84' lang='lat' dir='ltr'><strong>specie</strong></span> <span class='ocrx_word' id='word_1_702' title='bbox 2074 3835 2316 3888; x_wconf 91' lang='lat' dir='ltr'><strong>nemoris</strong></span> <span class='ocrx_word' id='word_1_703' title='bbox 2353 3837 2434 3889; x_wconf 89' lang='lat' dir='ltr'><strong>vel</strong></span> <span class='ocrx_word' id='word_1_704' title='bbox 2466 3837 2625 3890; x_wconf 90' lang='lat' dir='ltr'><strong>collis</strong></span> <span class='ocrx_word' id='word_1_705' title='bbox 2655 3839 2894 3894; x_wconf 86' lang='lat' dir='ltr'><strong>umbrosi</strong></span> <span class='ocrx_word' id='word_1_706' title='bbox 2926 3857 3144 3898; x_wconf 91' lang='lat' dir='ltr'><strong>omnem</strong></span> <span class='ocrx_word' id='word_1_707' title='bbox 3169 3845 3452 3916; x_wconf 81' lang='lat' dir='ltr'><strong>ina-quali-</strong></span> 
     </span>
    </p>
   </div>
   <div class='ocr_carea' id='block_1_85' title="bbox 1859 3927 3456 4005">
    <p class='ocr_par' dir='ltr' id='par_1_85' title="bbox 1859 3927 3456 4005">
     <span class='ocr_line' id='line_1_85' title="bbox 1859 3927 3456 4005; baseline 0.009 -27"><span class='ocrx_word' id='word_1_708' title='bbox 1859 3932 2030 3978; x_wconf 89' lang='lat' dir='ltr'><strong>tatem</strong></span> <span class='ocrx_word' id='word_1_709' title='bbox 2061 3927 2412 3994; x_wconf 73' lang='lat' dir='ltr'><strong>wgrescentis</strong></span> <span class='ocrx_word' id='word_1_710' title='bbox 2441 3928 2664 3982; x_wconf 87' lang='lat' dir='ltr'><strong>obtutus</strong></span> <span class='ocrx_word' id='word_1_711' title='bbox 2695 3931 2985 4000; x_wconf 90' lang='lat' dir='ltr'><strong>repellunt,</strong></span> <span class='ocrx_word' id='word_1_712' title='bbox 3011 3941 3067 3988; x_wconf 90' lang='lat' dir='ltr'><strong>et</strong></span> <span class='ocrx_word' id='word_1_713' title='bbox 3091 3935 3322 4005; x_wconf 87' lang='lat' dir='ltr'><strong>quadam</strong></span> <span class='ocrx_word' id='word_1_714' title='bbox 3365 3953 3456 3993; x_wconf 90' lang='lat' dir='ltr'><strong>sa-</strong></span> 
     </span>
    </p>
   </div>
   <div class='ocr_carea' id='block_1_86' title="bbox 1861 4016 3456 4092">
    <p class='ocr_par' dir='ltr' id='par_1_86' title="bbox 1861 4016 3456 4092">
     <span class='ocr_line' id='line_1_86' title="bbox 1861 4016 3456 4092; baseline 0.012 -24"><span class='ocrx_word' id='word_1_715' title='bbox 1861 4016 2000 4070; x_wconf 89' lang='lat' dir='ltr'><strong>lubri</strong></span> <span class='ocrx_word' id='word_1_716' title='bbox 2027 4019 2208 4087; x_wconf 87' lang='lat' dir='ltr'><strong>specie</strong></span> <span class='ocrx_word' id='word_1_717' title='bbox 2229 4018 2444 4088; x_wconf 64' lang='lat' dir='ltr'><strong>pupilla:</strong></span> <span class='ocrx_word' id='word_1_718' title='bbox 2474 4020 2606 4088; x_wconf 62' lang='lat' dir='ltr'><strong>ipsae</strong></span> <span class='ocrx_word' id='word_1_719' title='bbox 2626 4031 2786 4092; x_wconf 87' lang='lat' dir='ltr'><strong>atquc</strong></span> <span class='ocrx_word' id='word_1_720' title='bbox 2816 4025 2982 4081; x_wconf 88' lang='lat' dir='ltr'><strong>orbes</strong></span> <span class='ocrx_word' id='word_1_721' title='bbox 3009 4028 3243 4084; x_wconf 89' lang='lat' dir='ltr'><strong>colorari</strong></span> <span class='ocrx_word' id='word_1_722' title='bbox 3264 4030 3456 4087; x_wconf 72' lang='lat' dir='ltr'><strong>viden-</strong></span> 
     </span>
    </p>
   </div>
   <div class='ocr_carea' id='block_1_87' title="bbox 1861 4111 3451 4184">
    <p class='ocr_par' dir='ltr' id='par_1_87' title="bbox 1861 4111 3451 4184">
     <span class='ocr_line' id='line_1_87' title="bbox 1861 4111 3451 4184; baseline 0.011 -22"><span class='ocrx_word' id='word_1_723' title='bbox 1861 4121 1975 4164; x_wconf 88' lang='lat' dir='ltr'><strong>tur:</strong></span> <span class='ocrx_word' id='word_1_724' title='bbox 2011 4119 2214 4179; x_wconf 89' lang='lat' dir='ltr'><strong>quanto</strong></span> <span class='ocrx_word' id='word_1_725' title='bbox 2266 4111 2437 4180; x_wconf 87' lang='lat' dir='ltr'><strong>magis</strong></span> <span class='ocrx_word' id='word_1_726' title='bbox 2486 4112 2574 4167; x_wconf 93' lang='lat' dir='ltr'><strong>hic</strong></span> <span class='ocrx_word' id='word_1_727' title='bbox 2624 4114 2824 4170; x_wconf 85' lang='lat' dir='ltr'><strong>utentis</strong></span> <span class='ocrx_word' id='word_1_728' title='bbox 2867 4119 3095 4184; x_wconf 86' lang='lat' dir='ltr'><strong>oculus,</strong></span> <span class='ocrx_word' id='word_1_729' title='bbox 3147 4134 3272 4176; x_wconf 90' lang='lat' dir='ltr'><strong>cum</strong></span> <span class='ocrx_word' id='word_1_730' title='bbox 3320 4124 3451 4179; x_wconf 88' lang='lat' dir='ltr'><strong>illud</strong></span> 
     </span>
    </p>
   </div>
   <div class='ocr_carea' id='block_1_88' title="bbox 1859 4205 3455 4290">
    <p class='ocr_par' dir='ltr' id='par_1_88' title="bbox 1859 4205 3455 4290">
     <span class='ocr_line' id='line_1_88' title="bbox 1859 4205 3455 4290; baseline 0.013 -34"><span class='ocrx_word' id='word_1_731' title='bbox 1859 4217 2130 4257; x_wconf 90' lang='lat' dir='ltr'><strong>summum</strong></span> <span class='ocrx_word' id='word_1_732' title='bbox 2164 4205 2404 4260; x_wconf 85' lang='lat' dir='ltr'><strong>intuetur</strong></span> <span class='ocrx_word' id='word_1_733' title='bbox 2430 4205 2655 4276; x_wconf 91' lang='lat' dir='ltr'><strong>bonum,</strong></span> <span class='ocrx_word' id='word_1_734' title='bbox 2687 4217 2742 4263; x_wconf 93' lang='lat' dir='ltr'><strong>et</strong></span> <span class='ocrx_word' id='word_1_735' title='bbox 2762 4209 2816 4264; x_wconf 92' lang='lat' dir='ltr'><strong>in</strong></span> <span class='ocrx_word' id='word_1_736' title='bbox 2847 4226 2914 4266; x_wconf 93' lang='lat' dir='ltr'><strong>eo</strong></span> <span class='ocrx_word' id='word_1_737' title='bbox 2943 4220 3196 4269; x_wconf 87' lang='lat' dir='ltr'><strong>versatur</strong></span> <span class='ocrx_word' id='word_1_738' title='bbox 3219 4258 3235 4284; x_wconf 93' lang='lat'><strong>,</strong></span> <span class='ocrx_word' id='word_1_739' title='bbox 3291 4228 3455 4290; x_wconf 88' lang='lat' dir='ltr'><strong>atque</strong></span> 
     </span>
    </p>
   </div>
   <div class='ocr_carea' id='block_1_89' title="bbox 1857 4297 3456 4372">
    <p class='ocr_par' dir='ltr' id='par_1_89' title="bbox 1857 4297 3456 4372">
     <span class='ocr_line' id='line_1_89' title="bbox 1857 4297 3456 4372; baseline 0.011 -22"><span class='ocrx_word' id='word_1_740' title='bbox 1857 4310 1924 4350; x_wconf 91' lang='lat' dir='ltr'><strong>eo</strong></span> <span class='ocrx_word' id='word_1_741' title='bbox 1974 4297 2234 4365; x_wconf 87' lang='lat' dir='ltr'><strong>pascitur,</strong></span> <span class='ocrx_word' id='word_1_742' title='bbox 2266 4297 2594 4367; x_wconf 89' lang='lat' dir='ltr'><strong>splendescit</strong></span> <span class='ocrx_word' id='word_1_743' title='bbox 2639 4310 2800 4372; x_wconf 90' lang='lat' dir='ltr'><strong>atque</strong></span> <span class='ocrx_word' id='word_1_744' title='bbox 2831 4307 3018 4361; x_wconf 87' lang='lat' dir='ltr'><strong>enitet.</strong></span> <span class='ocrx_word' id='word_1_745' title='bbox 3067 4305 3353 4367; x_wconf 68' lang='lat' dir='ltr'><strong>dPati-lira</strong></span> <span class='ocrx_word' id='word_1_746' title='bbox 3401 4324 3456 4368; x_wconf 82' lang='lat' dir='ltr'><strong>ut</strong></span> 
     </span>
    </p>
   </div>
   <div class='ocr_carea' id='block_1_90' title="bbox 1861 4389 3452 4475">
    <p class='ocr_par' dir='ltr' id='par_1_90' title="bbox 1861 4389 3452 4475">
     <span class='ocr_line' id='line_1_90' title="bbox 1861 4389 3452 4475; baseline 0.013 -33"><span class='ocrx_word' id='word_1_747' title='bbox 1861 4389 2202 4445; x_wconf 74' lang='lat' dir='ltr'><strong>Hierusalem.</strong></span> <span class='ocrx_word' id='word_1_748' title='bbox 2248 4391 2364 4446; x_wconf 88' lang='lat' dir='ltr'><strong>Non</strong></span> <span class='ocrx_word' id='word_1_749' title='bbox 2386 4393 2575 4448; x_wconf 83' lang='lat' dir='ltr'><strong>caduci</strong></span> <span class='ocrx_word' id='word_1_750' title='bbox 2607 4395 2788 4466; x_wconf 89' lang='lat' dir='ltr'><strong>itaque</strong></span> <span class='ocrx_word' id='word_1_751' title='bbox 2814 4398 2920 4453; x_wconf 83' lang='lat' dir='ltr'><strong>ista</strong></span> <span class='ocrx_word' id='word_1_752' title='bbox 2939 4411 3023 4456; x_wconf 90' lang='lat' dir='ltr'><strong>est</strong></span> <span class='ocrx_word' id='word_1_753' title='bbox 3047 4405 3294 4472; x_wconf 90' lang='lat' dir='ltr'><strong>corporis</strong></span> <span class='ocrx_word' id='word_1_754' title='bbox 3331 4407 3452 4475; x_wconf 89' lang='lat' dir='ltr'><strong>pul-</strong></span> 
     </span>
    </p>
   </div>
   <div class='ocr_carea' id='block_1_91' title="bbox 1856 4481 3454 4557">
    <p class='ocr_par' dir='ltr' id='par_1_91' title="bbox 1856 4481 3454 4557">
     <span class='ocr_line' id='line_1_91' title="bbox 1856 4481 3454 4557; baseline 0.011 -20"><span class='ocrx_word' id='word_1_755' title='bbox 1856 4481 2132 4550; x_wconf 81' lang='lat' dir='ltr'><strong>chritudo,</strong></span> <span class='ocrx_word' id='word_1_756' title='bbox 2153 4484 2238 4539; x_wconf 86' lang='lat' dir='ltr'><strong>vel</strong></span> <span class='ocrx_word' id='word_1_757' title='bbox 2260 4486 2450 4541; x_wconf 89' lang='lat' dir='ltr'><strong>morbo</strong></span> <span class='ocrx_word' id='word_1_758' title='bbox 2472 4489 2710 4556; x_wconf 89' lang='lat' dir='ltr'><strong>peritura</strong></span> <span class='ocrx_word' id='word_1_759' title='bbox 2740 4491 2823 4544; x_wconf 87' lang='lat' dir='ltr'><strong>vel</strong></span> <span class='ocrx_word' id='word_1_760' title='bbox 2841 4493 3014 4557; x_wconf 82' lang='lat' dir='ltr'><strong>senio,</strong></span> <span class='ocrx_word' id='word_1_761' title='bbox 3042 4495 3139 4549; x_wconf 87' lang='lat' dir='ltr'><strong>sed</strong></span> <span class='ocrx_word' id='word_1_762' title='bbox 3170 4495 3328 4551; x_wconf 91' lang='lat' dir='ltr'><strong>nullis</strong></span> <span class='ocrx_word' id='word_1_763' title='bbox 3355 4499 3454 4554; x_wconf 87' lang='lat' dir='ltr'><strong>ob-</strong></span> 
     </span>
    </p>
   </div>
   <div class='ocr_carea' id='block_1_92' title="bbox 179 4573 3452 4668">
    <p class='ocr_par' dir='ltr' id='par_1_92' title="bbox 179 4573 3452 4668">
     <span class='ocr_line' id='line_1_92' title="bbox 179 4573 3452 4668; baseline 0.011 -60"><span class='ocrx_word' id='word_1_764' title='bbox 179 4583 307 4638; x_wconf 57' lang='lat' dir='ltr'><strong>vam</strong></span> <span class='ocrx_word' id='word_1_765' title='bbox 327 4629 342 4654; x_wconf 51' lang='lat'><em>,</em></span> <span class='ocrx_word' id='word_1_766' title='bbox 370 4605 484 4645; x_wconf 66' lang='lat' dir='ltr'><strong>mea</strong></span> <span class='ocrx_word' id='word_1_767' title='bbox 517 4591 571 4644; x_wconf 65' lang='lat' dir='ltr'><strong>in</strong></span> <span class='ocrx_word' id='word_1_768' title='bbox 603 4587 696 4644; x_wconf 72' lang='grc' dir='ltr'><strong>ίηο</strong></span> <span class='ocrx_word' id='word_1_769' title='bbox 729 4589 880 4660; x_wconf 64' lang='lat' dir='ltr'><strong>plum</strong></span> <span class='ocrx_word' id='word_1_770' title='bbox 911 4591 1162 4660; x_wconf 57' lang='lat' dir='ltr'><strong>reperio:</strong></span> <span class='ocrx_word' id='word_1_771' title='bbox 1219 4608 1414 4647; x_wconf 65' lang='lat' dir='ltr'><strong>nomen</strong></span> <span class='ocrx_word' id='word_1_772' title='bbox 1448 4593 1550 4648; x_wconf 61' lang='lat' dir='ltr'><strong>sibi</strong></span> <span class='ocrx_word' id='word_1_773' title='bbox 1599 4603 1747 4649; x_wconf 66' lang='lat' dir='ltr'><strong>mum</strong></span> <span class='ocrx_word' id='word_1_774' title='bbox 1777 4608 1830 4668; x_wconf 69' lang='grc' dir='ltr'>υ</span> <span class='ocrx_word' id='word_1_775' title='bbox 1860 4573 2016 4627; x_wconf 78' lang='lat' dir='ltr'><strong>noxia</strong></span> <span class='ocrx_word' id='word_1_776' title='bbox 2041 4575 2280 4640; x_wconf 86' lang='lat' dir='ltr'><strong>casibus,</strong></span> <span class='ocrx_word' id='word_1_777' title='bbox 2305 4577 2550 4644; x_wconf 91' lang='lat' dir='ltr'><strong>opinioni</strong></span> <span class='ocrx_word' id='word_1_778' title='bbox 2576 4578 2842 4634; x_wconf 89' lang='lat' dir='ltr'><strong>bonorum</strong></span> <span class='ocrx_word' id='word_1_779' title='bbox 2873 4595 3163 4654; x_wconf 88' lang='lat' dir='ltr'><strong>numquam</strong></span> <span class='ocrx_word' id='word_1_780' title='bbox 3187 4588 3452 4645; x_wconf 87' lang='lat' dir='ltr'><strong>moritura</strong></span> 
     </span>
    </p>
   </div>
   <div class='ocr_carea' id='block_1_93' title="bbox 179 4674 1754 4753">
    <p class='ocr_par' dir='ltr' id='par_1_93' title="bbox 179 4674 1754 4753">
     <span class='ocr_line' id='line_1_93' title="bbox 179 4674 1754 4753; baseline 0.008 -27"><span class='ocrx_word' id='word_1_781' title='bbox 179 4674 418 4745; x_wconf 87' lang='lat' dir='ltr'><strong>vindicat,</strong></span> <span class='ocrx_word' id='word_1_782' title='bbox 459 4692 510 4735; x_wconf 92' lang='lat' dir='ltr'><strong>et</strong></span> <span class='ocrx_word' id='word_1_783' title='bbox 542 4696 722 4736; x_wconf 90' lang='lat' dir='ltr'><strong>meum</strong></span> <span class='ocrx_word' id='word_1_784' title='bbox 759 4697 976 4736; x_wconf 62' lang='lat' dir='ltr'><strong>munus.</strong></span> <span class='ocrx_word' id='word_1_785' title='bbox 1010 4682 1126 4738; x_wconf 89' lang='lat' dir='ltr'><strong>Non</strong></span> <span class='ocrx_word' id='word_1_786' title='bbox 1157 4692 1241 4737; x_wconf 90' lang='lat' dir='ltr'><strong>est</strong></span> <span class='ocrx_word' id='word_1_787' title='bbox 1269 4697 1398 4753; x_wconf 79' lang='lat' dir='ltr'><strong>ergo</strong></span> <span class='ocrx_word' id='word_1_788' title='bbox 1421 4685 1646 4753; x_wconf 83' lang='lat' dir='ltr'><strong>Christi,</strong></span> <span class='ocrx_word' id='word_1_789' title='bbox 1671 4686 1754 4738; x_wconf 86' lang='lat' dir='ltr'><strong>ni-</strong></span> 
     </span>
    </p>
   </div>
   <div class='ocr_carea' id='block_1_94' title="bbox 178 4765 1752 4845">
    <p class='ocr_par' dir='ltr' id='par_1_94' title="bbox 178 4765 1752 4845">
     <span class='ocr_line' id='line_1_94' title="bbox 178 4765 1752 4845; baseline 0.011 -26"><span class='ocrx_word' id='word_1_790' title='bbox 178 4765 218 4819; x_wconf 88' lang='lat' dir='ltr'><strong>si</strong></span> <span class='ocrx_word' id='word_1_791' title='bbox 246 4767 326 4837; x_wconf 76' lang='grc' dir='ltr'>ιιιιί</span> <span class='ocrx_word' id='word_1_792' title='bbox 357 4777 441 4827; x_wconf 91' lang='lat' dir='ltr'><strong>est</strong></span> <span class='ocrx_word' id='word_1_793' title='bbox 467 4773 676 4828; x_wconf 89' lang='lat' dir='ltr'><strong>alienus</strong></span> <span class='ocrx_word' id='word_1_794' title='bbox 703 4788 732 4828; x_wconf 90' lang='lat' dir='ltr'><strong>a</strong></span> <span class='ocrx_word' id='word_1_795' title='bbox 778 4775 1046 4831; x_wconf 85' lang='lat' dir='ltr'><strong>crimine:</strong></span> <span class='ocrx_word' id='word_1_796' title='bbox 1092 4791 1200 4830; x_wconf 89' lang='lat' dir='ltr'><strong>non</strong></span> <span class='ocrx_word' id='word_1_797' title='bbox 1245 4787 1328 4830; x_wconf 90' lang='lat' dir='ltr'><strong>est</strong></span> <span class='ocrx_word' id='word_1_798' title='bbox 1356 4775 1555 4832; x_wconf 88' lang='lat' dir='ltr'><strong>Christi</strong></span> <span class='ocrx_word' id='word_1_799' title='bbox 1583 4821 1597 4845; x_wconf 93' lang='lat'><strong>,</strong></span> <span class='ocrx_word' id='word_1_800' title='bbox 1648 4781 1752 4836; x_wconf 87' lang='lat' dir='ltr'><strong>nisi</strong></span> 
     </span>
    </p>
   </div>
   <div class='ocr_carea' id='block_1_95' title="bbox 178 4861 1748 4936">
    <p class='ocr_par' dir='ltr' id='par_1_95' title="bbox 178 4861 1748 4936">
     <span class='ocr_line' id='line_1_95' title="bbox 178 4861 1748 4936; baseline 0.01 -24"><span class='ocrx_word' id='word_1_801' title='bbox 178 4861 258 4926; x_wconf 88' lang='lat' dir='ltr'><strong>qui</strong></span> <span class='ocrx_word' id='word_1_802' title='bbox 285 4873 454 4931; x_wconf 86' lang='lat' dir='ltr'><strong>potest</strong></span> <span class='ocrx_word' id='word_1_803' title='bbox 479 4881 694 4936; x_wconf 89' lang='lat' dir='ltr'><strong>semper</strong></span> <span class='ocrx_word' id='word_1_804' title='bbox 718 4881 777 4921; x_wconf 89' lang='lat' dir='ltr'><strong>se</strong></span> <span class='ocrx_word' id='word_1_805' title='bbox 807 4864 1010 4921; x_wconf 85' lang='lat' dir='ltr'><strong>Christi</strong></span> <span class='ocrx_word' id='word_1_806' title='bbox 1047 4867 1320 4922; x_wconf 84' lang='lat' dir='ltr'><strong>seranutn</strong></span> <span class='ocrx_word' id='word_1_807' title='bbox 1353 4868 1748 4927; x_wconf 82' lang='lat' dir='ltr'><strong>denmuslrare.</strong></span> 
     </span>
    </p>
   </div>
   <div class='ocr_carea' id='block_1_96' title="bbox 241 4951 1753 5032">
    <p class='ocr_par' dir='ltr' id='par_1_96' title="bbox 241 4951 1753 5032">
     <span class='ocr_line' id='line_1_96' title="bbox 241 4951 1753 5032; baseline 0.006 -24"><span class='ocrx_word' id='word_1_808' title='bbox 241 4951 293 5010; x_wconf 87' lang='lat'><strong>5.</strong></span> <span class='ocrx_word' id='word_1_809' title='bbox 335 4963 359 4992; x_wconf 72' lang='grc'>⁸</span> <span class='ocrx_word' id='word_1_810' title='bbox 405 4957 518 5032; x_wconf 82' lang='lat' dir='ltr'><strong>Ego</strong></span> <span class='ocrx_word' id='word_1_811' title='bbox 545 4959 733 5013; x_wconf 73' lang='lat' dir='ltr'><strong>dilecto</strong></span> <span class='ocrx_word' id='word_1_812' title='bbox 768 4973 912 5026; x_wconf 84' lang='lat' dir='ltr'><strong>meo,</strong></span> <span class='ocrx_word' id='word_1_813' title='bbox 961 4970 1010 5014; x_wconf 87' lang='lat' dir='ltr'><strong>et</strong></span> <span class='ocrx_word' id='word_1_814' title='bbox 1055 4959 1273 5015; x_wconf 78' lang='lat' dir='ltr'><strong>dilectus</strong></span> <span class='ocrx_word' id='word_1_815' title='bbox 1297 4977 1438 5016; x_wconf 86' lang='lat' dir='ltr'><strong>meus</strong></span> <span class='ocrx_word' id='word_1_816' title='bbox 1462 4963 1590 5015; x_wconf 85' lang='lat' dir='ltr'><strong>mihi</strong></span> <span class='ocrx_word' id='word_1_817' title='bbox 1614 5005 1629 5029; x_wconf 94' lang='lat'><strong>,</strong></span> <span class='ocrx_word' id='word_1_818' title='bbox 1663 4967 1753 5032; x_wconf 89' lang='lat' dir='ltr'><strong>qui</strong></span> 
     </span>
    </p>
   </div>
   <div class='ocr_carea' id='block_1_97' title="bbox 183 5043 1752 5109">
    <p class='ocr_par' dir='ltr' id='par_1_97' title="bbox 183 5043 1752 5109">
     <span class='ocr_line' id='line_1_97' title="bbox 183 5043 1752 5109; baseline 0.008 -13"><span class='ocrx_word' id='word_1_819' title='bbox 183 5043 548 5108; x_wconf 75' lang='lat' dir='ltr'><strong>pascitur-inter</strong></span> <span class='ocrx_word' id='word_1_820' title='bbox 591 5051 726 5105; x_wconf 83' lang='lat' dir='ltr'><strong>lilia.</strong></span> <span class='ocrx_word' id='word_1_821' title='bbox 777 5049 1005 5106; x_wconf 68' lang='lat' dir='ltr'><strong>Videtur</strong></span> <span class='ocrx_word' id='word_1_822' title='bbox 1045 5051 1190 5106; x_wconf 85' lang='lat' dir='ltr'><strong>inter</strong></span> <span class='ocrx_word' id='word_1_823' title='bbox 1231 5052 1426 5108; x_wconf 88' lang='lat' dir='ltr'><strong>dilecta</strong></span> <span class='ocrx_word' id='word_1_824' title='bbox 1459 5053 1640 5109; x_wconf 79' lang='lat' dir='ltr'><strong>dilecti</strong></span> <span class='ocrx_word' id='word_1_825' title='bbox 1670 5055 1752 5109; x_wconf 87' lang='lat' dir='ltr'><strong>di-</strong></span> 
     </span>
    </p>
   </div>
   <div class='ocr_carea' id='block_1_98' title="bbox 181 5137 1753 5208">
    <p class='ocr_par' dir='ltr' id='par_1_98' title="bbox 181 5137 1753 5208">
     <span class='ocr_line' id='line_1_98' title="bbox 181 5137 1753 5208; baseline 0.01 -24"><span class='ocrx_word' id='word_1_826' title='bbox 181 5143 323 5190; x_wconf 86' lang='lat' dir='ltr'><strong>cere:</strong></span> <span class='ocrx_word' id='word_1_827' title='bbox 368 5137 630 5195; x_wconf 77' lang='lat' dir='ltr'><strong>Secrctum</strong></span> <span class='ocrx_word' id='word_1_828' title='bbox 662 5157 831 5196; x_wconf 87' lang='lat' dir='ltr'><strong>meum</strong></span> <span class='ocrx_word' id='word_1_829' title='bbox 881 5143 1047 5208; x_wconf 81' lang='lat' dir='ltr'><strong>mihi,</strong></span> <span class='ocrx_word' id='word_1_830' title='bbox 1095 5157 1346 5198; x_wconf 76' lang='lat' dir='ltr'><strong>secretum</strong></span> <span class='ocrx_word' id='word_1_831' title='bbox 1396 5161 1562 5198; x_wconf 84' lang='lat' dir='ltr'><strong>meum</strong></span> <span class='ocrx_word' id='word_1_832' title='bbox 1605 5147 1753 5200; x_wconf 82' lang='lat' dir='ltr'><strong>mihi.</strong></span> 
     </span>
    </p>
   </div>
   <div class='ocr_carea' id='block_1_99' title="bbox 179 5221 1758 5296">
    <p class='ocr_par' dir='ltr' id='par_1_99' title="bbox 179 5221 1758 5296">
     <span class='ocr_line' id='line_1_99' title="bbox 179 5221 1758 5296; baseline 0.011 -17"><span class='ocrx_word' id='word_1_833' title='bbox 179 5221 416 5292; x_wconf 67' lang='lat' dir='ltr'><strong>Quaadam</strong></span> <span class='ocrx_word' id='word_1_834' title='bbox 447 5232 589 5290; x_wconf 82' lang='lat' dir='ltr'><strong>enim</strong></span> <span class='ocrx_word' id='word_1_835' title='bbox 617 5237 670 5290; x_wconf 92' lang='lat' dir='ltr'><strong>in</strong></span> <span class='ocrx_word' id='word_1_836' title='bbox 703 5237 902 5290; x_wconf 79' lang='lat' dir='ltr'><strong>exstasi</strong></span> <span class='ocrx_word' id='word_1_837' title='bbox 925 5239 1126 5293; x_wconf 89' lang='lat' dir='ltr'><strong>amoris</strong></span> <span class='ocrx_word' id='word_1_838' title='bbox 1151 5239 1234 5294; x_wconf 91' lang='lat' dir='ltr'><strong>sui</strong></span> <span class='ocrx_word' id='word_1_839' title='bbox 1268 5240 1479 5295; x_wconf 85' lang='lat' dir='ltr'><strong>occulta</strong></span> <span class='ocrx_word' id='word_1_840' title='bbox 1522 5241 1646 5296; x_wconf 89' lang='lat' dir='ltr'><strong>lidei</strong></span> <span class='ocrx_word' id='word_1_841' title='bbox 1678 5242 1758 5296; x_wconf 91' lang='lat' dir='ltr'><strong>in-</strong></span> 
     </span>
    </p>
   </div>
   <div class='ocr_carea' id='block_1_100' title="bbox 186 5317 1762 5400">
    <p class='ocr_par' dir='ltr' id='par_1_100' title="bbox 186 5317 1762 5400">
     <span class='ocr_line' id='line_1_100' title="bbox 186 5317 1762 5400; baseline 0.012 -31"><span class='ocrx_word' id='word_1_842' title='bbox 186 5317 451 5379; x_wconf 78' lang='lat' dir='ltr'><strong>tellexerat</strong></span> <span class='ocrx_word' id='word_1_843' title='bbox 486 5327 746 5399; x_wconf 87' lang='lat' dir='ltr'><strong>mysteria</strong></span> <span class='ocrx_word' id='word_1_844' title='bbox 770 5370 785 5395; x_wconf 91' lang='lat'><strong>,</strong></span> <span class='ocrx_word' id='word_1_845' title='bbox 809 5344 928 5398; x_wconf 69' lang='lat' dir='ltr'><strong>qum</strong></span> <span class='ocrx_word' id='word_1_846' title='bbox 956 5345 1058 5384; x_wconf 91' lang='lat' dir='ltr'><strong>nec</strong></span> <span class='ocrx_word' id='word_1_847' title='bbox 1107 5330 1238 5400; x_wconf 90' lang='lat' dir='ltr'><strong>ipsis</strong></span> <span class='ocrx_word' id='word_1_848' title='bbox 1268 5331 1478 5386; x_wconf 84' lang='lat' dir='ltr'><strong>ﬁliabus</strong></span> <span class='ocrx_word' id='word_1_849' title='bbox 1505 5331 1762 5388; x_wconf 79' lang='lat' dir='ltr'><strong>Hierusa—</strong></span> 
     </span>
    </p>
   </div>
   <div class='ocr_carea' id='block_1_101' title="bbox 192 5407 1764 5500">
    <p class='ocr_par' dir='ltr' id='par_1_101' title="bbox 192 5407 1764 5500">
     <span class='ocr_line' id='line_1_101' title="bbox 192 5407 1764 5500; baseline 0.012 -37"><span class='ocrx_word' id='word_1_850' title='bbox 192 5407 288 5465; x_wconf 87' lang='lat' dir='ltr'><strong>lem</strong></span> <span class='ocrx_word' id='word_1_851' title='bbox 319 5420 643 5486; x_wconf 83' lang='lat' dir='ltr'><strong>propalanda</strong></span> <span class='ocrx_word' id='word_1_852' title='bbox 683 5421 960 5476; x_wconf 80' lang='lat' dir='ltr'><strong>censebat.</strong></span> <span class='ocrx_word' id='word_1_853' title='bbox 1014 5421 1321 5494; x_wconf 79' lang='lat' dir='ltr'><strong>Mysterinm</strong></span> <span class='ocrx_word' id='word_1_854' title='bbox 1378 5423 1591 5497; x_wconf 75' lang='lat'><strong>1606</strong></span> <span class='ocrx_word' id='word_1_855' title='bbox 1628 5423 1764 5500; x_wconf 78' lang='lat' dir='ltr'><strong>regis</strong></span> 
     </span>
    </p>
   </div>
   <div class='ocr_carea' id='block_1_102' title="bbox 197 5500 1765 5590">
    <p class='ocr_par' dir='ltr' id='par_1_102' title="bbox 197 5500 1765 5590">
     <span class='ocr_line' id='line_1_102' title="bbox 197 5500 1765 5590; baseline 0.013 -36"><span class='ocrx_word' id='word_1_856' title='bbox 197 5500 373 5560; x_wconf 82' lang='lat' dir='ltr'><strong>bonum</strong></span> <span class='ocrx_word' id='word_1_857' title='bbox 399 5517 475 5564; x_wconf 77' lang='lat' dir='ltr'><strong>est</strong></span> <span class='ocrx_word' id='word_1_858' title='bbox 497 5509 844 5581; x_wconf 77' lang='lat' dir='ltr'><strong>abscondere;</strong></span> <span class='ocrx_word' id='word_1_859' title='bbox 868 5527 1054 5586; x_wconf 88' lang='lat' dir='ltr'><strong>peccat</strong></span> <span class='ocrx_word' id='word_1_860' title='bbox 1077 5515 1221 5572; x_wconf 92' lang='lat' dir='ltr'><strong>enim</strong></span> <span class='ocrx_word' id='word_1_861' title='bbox 1251 5517 1380 5586; x_wconf 88' lang='lat' dir='ltr'><strong>Deo,</strong></span> <span class='ocrx_word' id='word_1_862' title='bbox 1401 5518 1494 5590; x_wconf 87' lang='lat' dir='ltr'><strong>qui</strong></span> <span class='ocrx_word' id='word_1_863' title='bbox 1511 5519 1765 5575; x_wconf 80' lang='lat' dir='ltr'><strong>eorumis-</strong></span> 
     </span>
    </p>
   </div>
   <div class='ocr_carea' id='block_1_103' title="bbox 261 5669 1261 5819">
    <p class='ocr_par' dir='ltr' id='par_1_103' title="bbox 261 5669 1261 5819">
     <span class='ocr_line' id='line_1_103' title="bbox 261 5669 1011 5741; baseline -0.016 3"><span class='ocrx_word' id='word_1_864' title='bbox 261 5675 283 5704; x_wconf 74' lang='grc'>⁸</span> <span class='ocrx_word' id='word_1_865' title='bbox 322 5669 375 5725; x_wconf 79' lang='grc'><strong>¹¹¹</strong></span> <span class='ocrx_word' id='word_1_866' title='bbox 396 5675 526 5740; x_wconf 78' lang='lat' dir='ltr'><strong>Psal.</strong></span> <span class='ocrx_word' id='word_1_867' title='bbox 552 5691 738 5741; x_wconf 79' lang='lat' dir='ltr'><strong>cxvnt,</strong></span> <span class='ocrx_word' id='word_1_868' title='bbox 764 5692 930 5733; x_wconf 89' lang='lat' dir='ltr'><strong>serm.</strong></span> <span class='ocrx_word' id='word_1_869' title='bbox 955 5677 1011 5732; x_wconf 74' lang='grc'><strong>2.</strong></span> 
     </span>
     <span class='ocr_line' id='line_1_104' title="bbox 266 5735 1261 5819; baseline -0.018 0"><span class='ocrx_word' id='word_1_870' title='bbox 266 5735 294 5819; x_wconf 61' lang='lat' dir='ltr'><strong>,b</strong></span> <span class='ocrx_word' id='word_1_871' title='bbox 329 5741 446 5819; x_wconf 57' lang='lat' dir='ltr'><strong>Lall}.</strong></span> <span class='ocrx_word' id='word_1_872' title='bbox 475 5745 542 5802; x_wconf 90' lang='lat' dir='ltr'><strong>de</strong></span> <span class='ocrx_word' id='word_1_873' title='bbox 570 5749 812 5819; x_wconf 83' lang='lat' dir='ltr'><strong>isaac,e.</strong></span> <span class='ocrx_word' id='word_1_874' title='bbox 844 5750 900 5814; x_wconf 83' lang='lat'><strong>7,</strong></span> <span class='ocrx_word' id='word_1_875' title='bbox 933 5763 1080 5803; x_wconf 85' lang='lat' dir='ltr'><strong>num.</strong></span> <span class='ocrx_word' id='word_1_876' title='bbox 1115 5749 1205 5805; x_wconf 83' lang='lat'><strong>57.</strong></span> <span class='ocrx_word' id='word_1_877' title='bbox 1236 5753 1261 5819; x_wconf 40' lang='grc' dir='ltr'><strong>ε’</strong></span> 
     </span>
    </p>
   </div>
   <div class='ocr_carea' id='block_1_104' title="bbox 261 5812 896 5895">
    <p class='ocr_par' dir='ltr' id='par_1_104' title="bbox 261 5812 896 5895">
     <span class='ocr_line' id='line_1_105' title="bbox 261 5812 896 5895; baseline 0.024 -29"><span class='ocrx_word' id='word_1_878' title='bbox 261 5818 281 5847; x_wconf 77' lang='grc' dir='ltr'><strong><em>ο</em></strong></span> <span class='ocrx_word' id='word_1_879' title='bbox 328 5812 492 5888; x_wconf 83' lang='lat' dir='ltr'><strong>Epist.</strong></span> <span class='ocrx_word' id='word_1_880' title='bbox 517 5819 584 5876; x_wconf 84' lang='lat' dir='ltr'><strong>ad</strong></span> <span class='ocrx_word' id='word_1_881' title='bbox 609 5812 896 5895; x_wconf 62' lang='lat' dir='ltr'><strong>irenteum.</strong></span> 
     </span>
    </p>
   </div>
   <div class='ocr_carea' id='block_1_105' title="bbox 1857 4668 3457 4744">
    <p class='ocr_par' dir='ltr' id='par_1_105' title="bbox 1857 4668 3457 4744">
     <span class='ocr_line' id='line_1_106' title="bbox 1857 4668 3457 4744; baseline 0.012 -24"><span class='ocrx_word' id='word_1_882' title='bbox 1857 4668 2175 4722; x_wconf 88' lang='lat' dir='ltr'><strong>meritorum</strong></span> <span class='ocrx_word' id='word_1_883' title='bbox 2203 4684 2219 4733; x_wconf 91' lang='lat'><strong>;</strong></span> <span class='ocrx_word' id='word_1_884' title='bbox 2249 4669 2502 4739; x_wconf 84' lang='lat' dir='ltr'><strong>quoniam</strong></span> <span class='ocrx_word' id='word_1_885' title='bbox 2524 4685 2632 4725; x_wconf 89' lang='lat' dir='ltr'><strong>non</strong></span> <span class='ocrx_word' id='word_1_886' title='bbox 2663 4671 2912 4728; x_wconf 88' lang='lat' dir='ltr'><strong>humanis</strong></span> <span class='ocrx_word' id='word_1_887' title='bbox 2927 4674 3060 4744; x_wconf 91' lang='lat' dir='ltr'><strong>jam,</strong></span> <span class='ocrx_word' id='word_1_888' title='bbox 3093 4678 3188 4734; x_wconf 89' lang='lat' dir='ltr'><strong>sed</strong></span> <span class='ocrx_word' id='word_1_889' title='bbox 3218 4681 3457 4738; x_wconf 66' lang='lat' dir='ltr'><strong>coelesti-</strong></span> 
     </span>
    </p>
   </div>
   <div class='ocr_carea' id='block_1_106' title="bbox 1861 4758 3450 4840">
    <p class='ocr_par' dir='ltr' id='par_1_106' title="bbox 1861 4758 3450 4840">
     <span class='ocr_line' id='line_1_107' title="bbox 1861 4758 3450 4840; baseline 0.01 -28"><span class='ocrx_word' id='word_1_890' title='bbox 1861 4758 2219 4829; x_wconf 80' lang='lat' dir='ltr'><strong>bus,quorum</strong></span> <span class='ocrx_word' id='word_1_891' title='bbox 2236 4761 2397 4814; x_wconf 88' lang='lat' dir='ltr'><strong>vitam</strong></span> <span class='ocrx_word' id='word_1_892' title='bbox 2417 4761 2551 4815; x_wconf 90' lang='lat' dir='ltr'><strong>vivit</strong></span> <span class='ocrx_word' id='word_1_893' title='bbox 2573 4760 2627 4815; x_wconf 88' lang='lat' dir='ltr'><strong>in</strong></span> <span class='ocrx_word' id='word_1_894' title='bbox 2651 4765 3002 4835; x_wconf 86' lang='lat' dir='ltr'><strong>terris,digna</strong></span> <span class='ocrx_word' id='word_1_895' title='bbox 3017 4776 3101 4822; x_wconf 87' lang='lat' dir='ltr'><strong>est</strong></span> <span class='ocrx_word' id='word_1_896' title='bbox 3122 4772 3450 4840; x_wconf 86' lang='lat' dir='ltr'><strong>comparari.</strong></span> 
     </span>
    </p>
   </div>
   <div class='ocr_carea' id='block_1_107' title="bbox 1862 4851 3450 4928">
    <p class='ocr_par' dir='ltr' id='par_1_107' title="bbox 1862 4851 3450 4928">
     <span class='ocr_line' id='line_1_108' title="bbox 1862 4851 3450 4928; baseline 0.009 -24"><span class='ocrx_word' id='word_1_897' title='bbox 1862 4851 2095 4921; x_wconf 89' lang='lat' dir='ltr'><strong>Ideoque</strong></span> <span class='ocrx_word' id='word_1_898' title='bbox 2125 4851 2370 4920; x_wconf 85' lang='lat' dir='ltr'><strong>Sp0nsus</strong></span> <span class='ocrx_word' id='word_1_899' title='bbox 2409 4851 2636 4922; x_wconf 82' lang='lat' dir='ltr'><strong>Sponsae</strong></span> <span class='ocrx_word' id='word_1_900' title='bbox 2655 4855 2764 4923; x_wconf 88' lang='lat' dir='ltr'><strong>jam</strong></span> <span class='ocrx_word' id='word_1_901' title='bbox 2793 4857 2945 4925; x_wconf 62' lang='lat' dir='ltr'><strong>quasi</strong></span> <span class='ocrx_word' id='word_1_902' title='bbox 2974 4861 3256 4928; x_wconf 70' lang='lat' dir='ltr'><strong>perfectae,</strong></span> <span class='ocrx_word' id='word_1_903' title='bbox 3283 4862 3450 4920; x_wconf 88' lang='lat' dir='ltr'><strong>dicit:</strong></span> 
     </span>
    </p>
   </div>
   <div class='ocr_carea' id='block_1_108' title="bbox 1929 4943 3455 5024">
    <p class='ocr_par' dir='ltr' id='par_1_108' title="bbox 1929 4943 3455 5024">
     <span class='ocr_line' id='line_1_109' title="bbox 1929 4943 3455 5024; baseline 0.007 -22"><span class='ocrx_word' id='word_1_904' title='bbox 1929 4950 1980 5002; x_wconf 85' lang='lat'><strong>8.</strong></span> <span class='ocrx_word' id='word_1_905' title='bbox 2016 4946 2194 5012; x_wconf 83' lang='lat' dir='ltr'><strong>(Vers.</strong></span> <span class='ocrx_word' id='word_1_906' title='bbox 2227 4943 2312 5016; x_wconf 76' lang='grc'><strong>4.)</strong></span> <span class='ocrx_word' id='word_1_907' title='bbox 2345 4957 2366 4982; x_wconf 73' lang='grc' dir='ltr'><strong>υ</strong></span> <span class='ocrx_word' id='word_1_908' title='bbox 2397 4946 2578 5002; x_wconf 83' lang='lat' dir='ltr'><strong>Averte</strong></span> <span class='ocrx_word' id='word_1_909' title='bbox 2622 4952 2798 5004; x_wconf 77' lang='lat' dir='ltr'><strong>oculos</strong></span> <span class='ocrx_word' id='word_1_910' title='bbox 2842 4961 2958 5005; x_wconf 81' lang='lat' dir='ltr'><strong>tuos</strong></span> <span class='ocrx_word' id='word_1_911' title='bbox 2987 4969 3019 5006; x_wconf 91' lang='lat' dir='ltr'><strong>a</strong></span> <span class='ocrx_word' id='word_1_912' title='bbox 3043 4969 3160 5022; x_wconf 83' lang='lat' dir='ltr'><strong>me,</strong></span> <span class='ocrx_word' id='word_1_913' title='bbox 3209 4957 3330 5024; x_wconf 89' lang='lat' dir='ltr'><strong>quia</strong></span> <span class='ocrx_word' id='word_1_914' title='bbox 3371 4973 3455 5012; x_wconf 84' lang='lat' dir='ltr'><strong>me</strong></span> 
     </span>
    </p>
   </div>
   <div class='ocr_carea' id='block_1_109' title="bbox 1857 5037 3454 5110">
    <p class='ocr_par' dir='ltr' id='par_1_109' title="bbox 1857 5037 3454 5110">
     <span class='ocr_line' id='line_1_110' title="bbox 1857 5037 3454 5110; baseline 0.008 -18"><span class='ocrx_word' id='word_1_915' title='bbox 1857 5039 2063 5092; x_wconf 79' lang='lat' dir='ltr'><strong>auctare</strong></span> <span class='ocrx_word' id='word_1_916' title='bbox 2091 5043 2339 5110; x_wconf 78' lang='lat' dir='ltr'><strong>fecerunt.</strong></span> <span class='ocrx_word' id='word_1_917' title='bbox 2365 5037 2482 5092; x_wconf 85' lang='lat' dir='ltr'><strong>Noli</strong></span> <span class='ocrx_word' id='word_1_918' title='bbox 2505 5051 2696 5096; x_wconf 84' lang='lat' dir='ltr'><strong>contra</strong></span> <span class='ocrx_word' id='word_1_919' title='bbox 2728 5056 2815 5096; x_wconf 87' lang='lat' dir='ltr'><strong>me</strong></span> <span class='ocrx_word' id='word_1_920' title='bbox 2856 5041 3138 5100; x_wconf 88' lang='lat' dir='ltr'><strong>intendere</strong></span> <span class='ocrx_word' id='word_1_921' title='bbox 3163 5045 3454 5105; x_wconf 86' lang='lat' dir='ltr'><strong>devotione</strong></span> 
     </span>
    </p>
   </div>
   <div class='ocr_carea' id='block_1_110' title="bbox 1863 5132 3457 5216">
    <p class='ocr_par' dir='ltr' id='par_1_110' title="bbox 1863 5132 3457 5216">
     <span class='ocr_line' id='line_1_111' title="bbox 1863 5132 3457 5216; baseline 0.008 -28"><span class='ocrx_word' id='word_1_922' title='bbox 1863 5135 2029 5188; x_wconf 87' lang='lat' dir='ltr'><strong>nimia</strong></span> <span class='ocrx_word' id='word_1_923' title='bbox 2076 5149 2140 5187; x_wconf 89' lang='lat' dir='ltr'><strong>ac</strong></span> <span class='ocrx_word' id='word_1_924' title='bbox 2163 5132 2286 5188; x_wconf 77' lang='lat' dir='ltr'><strong>(ide.</strong></span> <span class='ocrx_word' id='word_1_925' title='bbox 2317 5133 2988 5216; x_wconf 71' lang='lat' dir='ltr'><strong>POSsibilitatetnnalura:</strong></span> <span class='ocrx_word' id='word_1_926' title='bbox 3015 5147 3070 5192; x_wconf 89' lang='lat' dir='ltr'><strong>et</strong></span> <span class='ocrx_word' id='word_1_927' title='bbox 3126 5141 3457 5200; x_wconf 89' lang='lat' dir='ltr'><strong>conditionis</strong></span> 
     </span>
    </p>
   </div>
   <div class='ocr_carea' id='block_1_111' title="bbox 1864 5227 3457 5298">
    <p class='ocr_par' dir='ltr' id='par_1_111' title="bbox 1864 5227 3457 5298">
     <span class='ocr_line' id='line_1_112' title="bbox 1864 5227 3457 5298; baseline 0.008 -17"><span class='ocrx_word' id='word_1_928' title='bbox 1864 5227 2098 5298; x_wconf 77' lang='lat' dir='ltr'><strong>propria:</strong></span> <span class='ocrx_word' id='word_1_929' title='bbox 2130 5241 2479 5298; x_wconf 81' lang='lat' dir='ltr'><strong>supergressa</strong></span> <span class='ocrx_word' id='word_1_930' title='bbox 2511 5241 2598 5294; x_wconf 90' lang='lat' dir='ltr'><strong>es,</strong></span> <span class='ocrx_word' id='word_1_931' title='bbox 2651 5229 2772 5298; x_wconf 89' lang='lat' dir='ltr'><strong>quia</strong></span> <span class='ocrx_word' id='word_1_932' title='bbox 2804 5230 2977 5285; x_wconf 87' lang='lat' dir='ltr'><strong>lucem</strong></span> <span class='ocrx_word' id='word_1_933' title='bbox 3025 5232 3457 5293; x_wconf 78' lang='lat' dir='ltr'><strong>inaccchibilem</strong></span> 
     </span>
    </p>
   </div>
   <div class='ocr_carea' id='block_1_112' title="bbox 1866 5321 3463 5394">
    <p class='ocr_par' dir='ltr' id='par_1_112' title="bbox 1866 5321 3463 5394">
     <span class='ocr_line' id='line_1_113' title="bbox 1866 5321 3463 5394; baseline 0.005 -17"><span class='ocrx_word' id='word_1_934' title='bbox 1866 5337 1896 5377; x_wconf 91' lang='lat' dir='ltr'><strong>e</strong></span> <span class='ocrx_word' id='word_1_935' title='bbox 1929 5323 2152 5393; x_wconf 83' lang='lat' dir='ltr'><strong>regione</strong></span> <span class='ocrx_word' id='word_1_936' title='bbox 2180 5321 2376 5377; x_wconf 88' lang='lat' dir='ltr'><strong>intueri</strong></span> <span class='ocrx_word' id='word_1_937' title='bbox 2419 5331 2500 5378; x_wconf 90' lang='lat' dir='ltr'><strong>est</strong></span> <span class='ocrx_word' id='word_1_938' title='bbox 2529 5337 2717 5393; x_wconf 83' lang='lat' dir='ltr'><strong>grave.</strong></span> <span class='ocrx_word' id='word_1_939' title='bbox 2757 5322 2978 5388; x_wconf 84' lang='lat' dir='ltr'><strong>Averte,</strong></span> <span class='ocrx_word' id='word_1_940' title='bbox 3025 5325 3237 5394; x_wconf 88' lang='lat' dir='ltr'><strong>inquit,</strong></span> <span class='ocrx_word' id='word_1_941' title='bbox 3287 5329 3463 5387; x_wconf 74' lang='lat' dir='ltr'><strong>oculos</strong></span> 
     </span>
    </p>
   </div>
   <div class='ocr_carea' id='block_1_113' title="bbox 1869 5421 3463 5496">
    <p class='ocr_par' dir='ltr' id='par_1_113' title="bbox 1869 5421 3463 5496">
     <span class='ocr_line' id='line_1_114' title="bbox 1869 5421 3463 5496; baseline 0.003 -19"><span class='ocrx_word' id='word_1_942' title='bbox 1869 5432 1986 5478; x_wconf 76' lang='lat' dir='ltr'><strong>tuos</strong></span> <span class='ocrx_word' id='word_1_943' title='bbox 2033 5439 2065 5476; x_wconf 92' lang='lat' dir='ltr'><strong>a</strong></span> <span class='ocrx_word' id='word_1_944' title='bbox 2094 5438 2174 5476; x_wconf 86' lang='lat' dir='ltr'><strong>me</strong></span> <span class='ocrx_word' id='word_1_945' title='bbox 2197 5439 2215 5476; x_wconf 92' lang='lat'><strong><em>:</em></strong></span> <span class='ocrx_word' id='word_1_946' title='bbox 2255 5435 2322 5475; x_wconf 89' lang='lat' dir='ltr'><strong>eo</strong></span> <span class='ocrx_word' id='word_1_947' title='bbox 2370 5421 2514 5492; x_wconf 90' lang='lat' dir='ltr'><strong>quod</strong></span> <span class='ocrx_word' id='word_1_948' title='bbox 2562 5422 2952 5492; x_wconf 83' lang='lat' dir='ltr'><strong>plenitudinem</strong></span> <span class='ocrx_word' id='word_1_949' title='bbox 2983 5423 3282 5482; x_wconf 88' lang='lat' dir='ltr'><strong>divinitatis</strong></span> <span class='ocrx_word' id='word_1_950' title='bbox 3309 5426 3463 5496; x_wconf 80' lang='lat' dir='ltr'><strong>ejus,</strong></span> 
     </span>
    </p>
   </div>
   <div class='ocr_carea' id='block_1_114' title="bbox 1873 5513 3353 5588">
    <p class='ocr_par' dir='ltr' id='par_1_114' title="bbox 1873 5513 3353 5588">
     <span class='ocr_line' id='line_1_115' title="bbox 1873 5513 3353 5588; baseline -0.003 -15"><span class='ocrx_word' id='word_1_951' title='bbox 1873 5526 1926 5573; x_wconf 90' lang='lat' dir='ltr'><strong>et</strong></span> <span class='ocrx_word' id='word_1_952' title='bbox 1955 5515 2301 5588; x_wconf 88' lang='lat' dir='ltr'><strong>splendorem</strong></span> <span class='ocrx_word' id='word_1_953' title='bbox 2335 5515 2447 5568; x_wconf 85' lang='lat' dir='ltr'><strong>veri</strong></span> <span class='ocrx_word' id='word_1_954' title='bbox 2481 5513 2702 5568; x_wconf 88' lang='lat' dir='ltr'><strong>luminis</strong></span> <span class='ocrx_word' id='word_1_955' title='bbox 2732 5514 3002 5571; x_wconf 88' lang='lat' dir='ltr'><strong>sustinere</strong></span> <span class='ocrx_word' id='word_1_956' title='bbox 3028 5531 3134 5570; x_wconf 89' lang='lat' dir='ltr'><strong>non</strong></span> <span class='ocrx_word' id='word_1_957' title='bbox 3164 5519 3353 5587; x_wconf 83' lang='lat' dir='ltr'><strong>possit.</strong></span> 
     </span>
    </p>
   </div>
   <div class='ocr_carea' id='block_1_115' title="bbox 1945 5675 2985 5746">
    <p class='ocr_par' dir='ltr' id='par_1_115' title="bbox 1945 5675 2985 5746">
     <span class='ocr_line' id='line_1_116' title="bbox 1945 5675 2985 5746; baseline -0.002 -12"><span class='ocrx_word' id='word_1_958' title='bbox 1945 5675 1970 5714; x_wconf 72' lang='grc' dir='ltr'><em>δ</em></span> <span class='ocrx_word' id='word_1_959' title='bbox 2015 5678 2130 5735; x_wconf 82' lang='lat' dir='ltr'><strong>Lib.</strong></span> <span class='ocrx_word' id='word_1_960' title='bbox 2165 5692 2181 5730; x_wconf 86' lang='grc' dir='ltr'><strong>ι</strong></span> <span class='ocrx_word' id='word_1_961' title='bbox 2205 5676 2274 5730; x_wconf 93' lang='lat' dir='ltr'><strong>de</strong></span> <span class='ocrx_word' id='word_1_962' title='bbox 2299 5675 2474 5746; x_wconf 59' lang='lat' dir='ltr'><strong>Virg,</strong></span> <span class='ocrx_word' id='word_1_963' title='bbox 2498 5677 2690 5743; x_wconf 88' lang='lat' dir='ltr'><strong>cap.8,</strong></span> <span class='ocrx_word' id='word_1_964' title='bbox 2716 5692 2865 5731; x_wconf 90' lang='lat' dir='ltr'><strong>num.</strong></span> <span class='ocrx_word' id='word_1_965' title='bbox 2896 5677 2985 5732; x_wconf 78' lang='grc'><strong>47.</strong></span> 
     </span>
    </p>
   </div>
   <div class='ocr_carea' id='block_1_116' title="bbox 1949 5746 2886 5816">
    <p class='ocr_par' dir='ltr' id='par_1_116' title="bbox 1949 5746 2886 5816">
     <span class='ocr_line' id='line_1_117' title="bbox 1949 5746 2886 5816; baseline -0.002 -12"><span class='ocrx_word' id='word_1_966' title='bbox 1949 5759 1972 5785; x_wconf 77' lang='grc' dir='ltr'><strong>ο</strong></span> <span class='ocrx_word' id='word_1_967' title='bbox 2015 5747 2232 5806; x_wconf 59' lang='grc' dir='ltr'><strong>Ιιὶικόθ</strong></span> <span class='ocrx_word' id='word_1_968' title='bbox 2254 5746 2426 5814; x_wconf 78' lang='lat' dir='ltr'><strong>Isaac,</strong></span> <span class='ocrx_word' id='word_1_969' title='bbox 2458 5763 2508 5803; x_wconf 91' lang='lat' dir='ltr'><strong>c.</strong></span> <span class='ocrx_word' id='word_1_970' title='bbox 2541 5750 2594 5816; x_wconf 84' lang='lat'><strong>7,</strong></span> <span class='ocrx_word' id='word_1_971' title='bbox 2617 5762 2766 5804; x_wconf 91' lang='lat' dir='ltr'><strong>num.</strong></span> <span class='ocrx_word' id='word_1_972' title='bbox 2799 5747 2886 5802; x_wconf 81' lang='lat'><strong>57.</strong></span> 
     </span>
    </p>
   </div>
  </div>
