3964 6324
547 349 692 406 1945
1540 341 2097 398 COMMENTARIUS
2138 341 2202 398 IN
2242 339 2546 398 CANTICA
2586 339 2860 398 CANTIC.
3697 341 3819 399 1911

618 461 671 516 9.
705 459 1002 517 Possumus
1025 469 1205 516 tamen
1237 471 1294 515 et
1323 461 1404 515 sic
1441 459 1727 530 accipere:
1761 461 1941 514 Aoerte
1970 460 2150 513 oculos
2177 461 2233 523 Α
2256 473 2387 528 ergo
2431 457 2765 529 speciositati
2813 458 3106 524 sterilitas;
3163 459 3417 531 quoniam
3467 461 3559 530 qui
3599 459 3819 530 privatur

552 564 668 607 tuos
697 569 729 606 a
758 568 836 608 me
862 568 877 616 ;
906 551 1008 606 etsi
1038 559 1096 606 tu
1145 549 1381 622 perfecta
1411 567 1471 608 es
1498 592 1512 614 ,
1549 552 1667 606 alia:
1700 551 1831 606 mihi
1860 550 2037 606 adhuc
2068 566 2153 606 re-
2257 549 2443 622 specie
2469 550 2554 605 vel
2573 548 2792 617 decore,
2827 549 2880 605 in
2912 565 2981 606 eo
3007 561 3090 606 est
3115 564 3276 606 omne
3298 550 3499 606 malum
3525 567 3540 605 :
3581 549 3717 621 quod
3743 566 3825 604 au-

550 641 822 701 dimendze
839 652 964 698 sunt
990 642 1330 708 animae,alite
1355 643 1663 700 fulciendte.
1688 645 1879 700 Elevas
1900 646 2044 700 enim
2067 661 2153 700 me
2259 653 2366 700 tem
2394 643 2628 710 malum,
2680 643 2782 699 hoc
2810 643 2994 698 sterile
3038 653 3095 699 et
3135 643 3506 700 infecundum.
3549 643 3707 713 Cujus
3757 645 3824 699 rei

545 735 818 792 videndo:
849 750 948 806 ego
966 745 1148 792 autem
1169 735 1290 794 ideo
1309 737 1587 804 descendi,
1612 747 1669 794 ttt
1685 753 1873 794 omnes
1921 737 2150 796 elevem.
2256 735 2402 807 quod
2450 735 2754 792 evidentius
2795 735 3054 792 indicium
3081 779 3098 804 ,
3130 752 3289 808 quam
3321 745 3461 792 terra
3511 737 3631 792 est?
3679 736 3824 792 Terra

548 827 666 884 Etsi
696 828 929 892 surrexi,
961 836 1018 883 et
1047 829 1220 884 habeo
1251 830 1426 885 Patris
1472 831 1654 886 sedem
1681 873 1695 897 ,
1728 841 1904 886 tamen
1952 830 2151 902 orpha-
2257 829 2401 909 enim
2454 842 2575 898 quas
2622 829 2762 884 bona
2813 837 2937 894 est,
2995 829 3185 885 fertilis
3225 837 3384 899 atque
3435 827 3827 898 fecundazqure

546 934 651 975 nos
680 935 789 975 non
814 921 1112 992 relinquam
1134 936 1230 977 vos
1253 963 1268 987 ,
1296 932 1520 993 paterno
1546 925 1699 992 quasi
1727 922 1985 995 praesidio
2031 923 2156 979 des-
2256 929 2437 975 autcm
2455 921 2617 987 mala,
2635 935 2696 976 ea
2710 920 2893 990 jejuna
2913 932 3076 992 atque
3092 922 3327 987 sterilis;
3350 935 3474 992 quas
3488 937 3620 976 vero
3639 920 3827 986 fertilis,
3926 920 3927 978 l

547 1013 742 1069 titulos
765 1055 780 1078 ,
831 1013 925 1068 sed
975 1015 1263 1083 prmsentia
1293 1029 1410 1070 mea
1442 1030 1538 1071 vos
1587 1015 1944 1071 confirmabo.
1975 1016 2153 1073 Habes
2257 1020 2376 1068 tunc
2399 1021 2454 1068 et
2478 1011 2695 1067 decora.
2719 1012 2857 1080 Quid
2886 1014 3030 1068 enim
3058 1013 3220 1084 pleno
3245 1027 3375 1084 agro
3405 1012 3828 1082 pulchrius,cum
3926 1013 3927 1080 ξ

550 1109 611 1163 in
658 1108 947 1177 Evangelio
979 1108 1081 1164 hoc
1111 1109 1370 1181 scriptum
1395 1126 1408 1164 :
1462 1108 1594 1164 Ecce
1619 1127 1710 1180 ego
1750 1111 2010 1165 vobiscum
2039 1127 2152 1164 sunt
2256 1122 2415 1179 seges
2428 1107 2675 1173 fluctuat,
2699 1122 2822 1163 cum
2852 1122 3011 1178 poma
3037 1107 3308 1163 irrutilant
3333 1147 3346 1170 ,
3367 1105 3454 1160 vel
3479 1120 3600 1162 cum
3629 1119 3828 1158 uvarum
3926 1109 3927 1181 ξ

547 1215 713 1269 usque
760 1199 828 1253 ad
855 1202 1354 1256 consummationem
1383 1201 1563 1256 mundi
1587 1201 1802 1273 (Matth.
1839 1201 2150 1274 xxvntﬁb).
2256 1209 2400 1254 serta
2442 1199 2794 1270 dependent,
2826 1206 2920 1253 aut
2963 1198 3143 1254 baccis
3185 1206 3379 1254 onusta
3409 1197 3532 1253 olea
3563 1196 3830 1263 curvescit,

551 1293 757 1350 Averte
786 1308 918 1362 ergo
947 1293 1131 1349 oculos
1162 1311 1190 1348 a
1225 1309 1310 1349 me
1333 1339 1346 1361 ,
1396 1296 1518 1366 quia
1561 1311 1648 1351 me
1688 1296 1888 1352 elevas.
1941 1295 2154 1364 Quanto
2256 1291 2340 1347 vel
2365 1291 3154 1362 viridantigraminemoutium
3172 1289 3657 1359 vertices,vallium
3677 1287 3832 1344 bumi~

556 1389 704 1442 enim
735 1386 854 1456 quis
881 1385 948 1440 ad
980 1386 1266 1442 Dominum
1322 1387 1576 1453 intendit,
1605 1397 1754 1443 tanto
1775 1388 2005 1459 amplius
2052 1389 2156 1443 Do—
2258 1385 2331 1440 lia
2357 1386 2710 1440 vcstiuntur?

555 1482 766 1536 minnm
813 1481 1034 1548 elevat,
1067 1492 1123 1537 et
1153 1481 1268 1552 ipse
1309 1482 1569 1537 elevatur.
1605 1480 1758 1538 Unde
1807 1491 1860 1536 et
1905 1482 1997 1538 ille
2037 1483 2151 1536 ait:
2330 1477 2420 1532 12.
2467 1477 2724 1533 Omnium
2763 1478 2907 1534 enim
2951 1477 3218 1533 bonorum
3249 1485 3442 1533 auctor
3463 1483 3552 1533 est
3593 1475 3758 1531 Deus:
3788 1484 3832 1530 et

547 1571 813 1628 Exaltabo
861 1583 928 1638 te,
956 1571 1176 1628 Domine
1196 1615 1211 1640 ,
1242 1575 1491 1644 quoniam
1519 1574 1787 1644 suscepisti
1815 1591 1893 1628 me
1924 1574 2149 1647 (Psalm.
2255 1585 2377 1641 qua:
2408 1579 2534 1626 sunt
2555 1570 2696 1640 ejus,
2714 1570 2961 1641 profecto
2982 1559 3162 1626 omnia
3187 1569 3325 1624 bona
3348 1576 3499 1634 sunt,
3521 1576 3578 1624 et
3593 1582 3832 1639 nusquam

549 1682 701 1733 xxix,
733 1666 812 1738 1).
845 1665 1080 1723 Sanctus
1125 1669 1268 1722 enim
1301 1668 1503 1723 exaltat
1537 1667 1823 1722 Dominum
1852 1709 1866 1732 ,
1901 1678 2155 1737 peccator
2254 1661 2366 1717 illic
2387 1661 2626 1728 malum;
2658 1671 2713 1717 et
2740 1661 2787 1716 si
2808 1662 2860 1716 in
2884 1661 2976 1716 illo
2998 1675 3152 1717 mens
3179 1669 3364 1716 nostra
3396 1670 3630 1727 maneat,
3656 1658 3832 1714 malum

551 1757 824 1814 humiliat.
859 1756 984 1812 Vult
1038 1773 1167 1829 ergo
1207 1769 1458 1814 avertere
1489 1758 1637 1812 illam
1667 1758 1893 1825 oculos,
1943 1775 2012 1814 ne
2031 1774 2149 1814 eam
2259 1752 2456 1808 nescit.
2491 1754 2686 1810 Anima
2727 1753 2890 1825 igitur
2939 1768 3060 1824 quae
3103 1753 3154 1807 in
3182 1752 3296 1809 Deo
3326 1767 3432 1807 non
3477 1761 3694 1818 manet,
3736 1750 3832 1820 ipsa

551 1847 907 1904 considerans
933 1890 948 1915 ,
980 1848 1123 1918 quod
1169 1847 1278 1918 jam
1323 1848 1391 1904 ad
1430 1849 1710 1918 superiora
1751 1850 1904 1919 sequi
1938 1851 2150 1919 possit,
2184 1845 2232 1906 B
2260 1848 2363 1904 sibi
2395 1855 2583 1903 auctor
2614 1848 2880 1903 malorum
2907 1856 3020 1911 est,
3069 1847 3248 1918 itaque
3291 1856 3516 1917 peccat:
3557 1846 3734 1900 Anima
3755 1858 3830 1897 au-

551 1941 798 1996 elevetur
836 1950 891 1997 et
939 1950 1167 1996 caeteras
1198 1941 1409 1997 animas
1454 1941 1814 2012 derelinquat.
1847 1940 1974 1998 Ideo
2001 1954 2056 1998 et
2102 1943 2152 2000 in
2265 1951 2371 1998 tem
2403 1958 2517 2011 qua:
2549 1951 2763 2011 peccat,
2793 1942 2909 2013 ipsa
2928 1943 3216 2006 morietur;
3247 1941 3430 1996 aureis
3457 1939 3602 1996 enim
3633 1937 3832 1995 vinculis

557 2031 855 2101 Evangelio
877 2045 986 2086 non
1013 2031 1266 2086 omnibus
1291 2031 1594 2103 discipulis,
1622 2033 1718 2088 scd
1742 2033 2157 2104 perfectioribus
2261 2035 2437 2090 soluta
2467 2033 2723 2088 virtutum
2746 2075 2760 2098 ,
2793 2048 2961 2104 prona
2987 2031 3160 2087 fertur
3194 2031 3502 2103 pnecipitio
3529 2072 3543 2096 ,
3567 2039 3621 2085 et
3663 2028 3832 2084 labitur

553 2139 709 2179 suam
733 2125 962 2194 gloriam
995 2125 1389 2181 demonstravit
1416 2125 1631 2198 (Matth.
1663 2143 1767 2182 xvn
1789 2170 1803 2189 ,
1834 2128 1911 2201 1).
1942 2125 2157 2184 Consti-
2263 2125 2330 2180 ad
2388 2126 2668 2180 inferiora.
2705 2125 2897 2180 Anima
2929 2133 3111 2180 autem
3163 2125 3318 2179 beata
3352 2133 3440 2179 est
3467 2166 3483 2190 ,
3514 2137 3672 2194 quam
3711 2120 3830 2175 nulla

553 2228 816 2273 tuenunc
838 2217 1074 2289 aliquem
1107 2219 1410 2286 doctorem,
1442 2221 1534 2292 qui
1565 2236 1680 2276 rem
1710 2221 2000 2278 obscuram
2031 2237 2162 2295 ape-
2263 2217 2495 2274 adversa
2553 2217 2803 2286 corporis
2863 2215 3048 2286 pradia
3101 2223 3439 2286 expugnant.
3503 2211 3630 2268 Haec
3681 2209 3830 2266 anima

550 2309 663 2366 rire
676 2309 807 2364 velit
823 2309 1643 2382 andientibus,qnemadmodum
1657 2312 1758 2368 etsi
1775 2313 1888 2384 ipse
1900 2316 2160 2385 potensin
2262 2310 2403 2366 sicut
2423 2325 2612 2380 passer
2629 2310 2822 2380 laqueo
2847 2309 3102 2372 contrito,
3126 2308 3323 2363 evolat.
3351 2307 3505 2363 Escae
3527 2305 3667 2362 enim
3692 2303 3832 2360 malo-

557 2417 814 2459 sermone
836 2403 906 2458 sit
940 2413 997 2458 et
1026 2403 1283 2470 scientia;
1327 2405 1732 2461 condescendat
1760 2415 1939 2462 tamen
1967 2407 2033 2462 ad
2065 2423 2161 2464 eo—
2263 2417 2383 2458 rum
2415 2413 2541 2458 sunt
2564 2402 2868 2472 voluptates
2890 2416 3202 2473 corporeae:
3230 2400 3319 2456 his
3341 2397 3829 2472 quisquisiulendil.

552 2512 674 2554 rum
727 2497 1027 2564 inscitiam,
1075 2499 1167 2569 qui
1209 2513 1316 2554 non
1350 2499 1700 2570 intelligunt,
1734 2509 1789 2556 et
1820 2500 2054 2572 simplici
2106 2520 2117 2556 ι

2265 2493 2461 2564 laqueo
2500 2495 2728 2549 innectit
2773 2493 3010 2549 animam
3043 2509 3220 2549 suam.
3247 2493 3350 2561 Qui
3404 2502 3588 2549 autem
3610 2491 3675 2546 ab
3717 2488 3830 2545 escis

555 2589 807 2660 planiore
827 2600 990 2661 atque
1017 2593 1218 2647 usitato
1245 2605 1500 2648 sermone
1522 2602 1705 2649 utatur
1728 2636 1743 2662 ,
1776 2603 1834 2649 ut
1861 2594 2038 2665 possit
2080 2594 2164 2649 in-
2264 2587 2382 2657 ejus
2412 2594 2698 2657 temperat,
2732 2595 2788 2642 et
2816 2586 2885 2641 de
2917 2586 3157 2641 tenebris
3196 2585 3314 2656 eius
3339 2585 3450 2642 exit
3481 2628 3496 2652 ,
3543 2583 3656 2655 eius
3681 2579 3828 2638 animi

554 2679 746 2750 telligi.
780 2681 839 2737 Si
867 2682 989 2752 quis
1017 2681 1181 2753 igitur
1223 2683 1368 2739 inter
1415 2683 1697 2741 audientes
1728 2685 1968 2742 vivacior
1995 2701 2160 2742 sensu
2263 2677 2434 2748 fulget
2455 2686 2514 2732 ut
2543 2677 2861 2745 diluculum,
2892 2677 2959 2732 de
2989 2693 3094 2748 qua
3124 2677 3359 2733 dicitur:

551 2770 649 2837 sit,
675 2771 768 2842 qui
795 2771 951 2828 facile
977 2776 1130 2845 sequi
1160 2776 1354 2846 possit,
1386 2777 1561 2831 elevat
1583 2793 1706 2832 cum
1743 2787 1904 2849 atque
1929 2778 2155 2834 excutit.
2339 2770 2425 2825 15.
2481 2769 2662 2842 (Vers.
2696 2770 2778 2842 9.)
2811 2769 3060 2838 Quaenam
3104 2779 3176 2824 est
3218 2771 3326 2824 lucc
3365 2771 3682 2841 prospiciens
3718 2779 3827 2823 tant-

551 2861 711 2919 Hunc
739 2865 927 2922 videns
975 2867 1169 2922 doctor
1200 2879 1457 2936 revocat,
1490 2881 1548 2925 ut
1575 2871 1808 2941 patiatur
1838 2872 2009 2944 magis
2035 2873 2116 2928 do<

2263 2880 2418 2934 quam
2447 2864 2759 2929 diluculum,
2792 2863 3011 2933 pulchra
3041 2863 3175 2917 sicut
3202 2862 3327 2918 luna
3349 2863 3377 2916 ?
3425 2862 3686 2934 Prospicit
3707 2859 3826 2917 enim

551 2965 731 3014 torem
759 2957 1143 3018 humilioribus
1178 2963 1386 3036 1607
1415 2973 1469 3020 et
1499 2964 1833 3035 planioribus
1857 2967 2158 3034 immorari;
2266 2967 2537 3028 tamquam
2567 2956 2636 3012 de
2653 2957 2818 3012 d0m0
2841 2957 3043 3022 “be”,
3072 2970 3174 3011 nec
3208 2955 3380 3013 ἀίοίιε
3415 2955 3655 3013 Τεηεδῖω
3677 2969 3829 3022 εοορε·

555 3065 669 3120 quo
695 3060 751 3106 et
777 3053 960 3108 caueri
984 3054 1138 3124 sequi
1169 3058 1398 3124 possint.
2265 3051 2407 3106 riunt
2431 3067 2532 3126 me,
2553 3060 2601 3104 et
2627 3050 2849 3119 parietes
2872 3049 3198 3103 circumdant
3215 3065 3320 3114 me,
3353 3059 3404 3103 et
3425 3051 3541 3121 quis
3561 3050 3652 3104 scit
3665 3047 3828 3104 sivitch

627 3142 1563 3217 £0.(Vers.5-7.)“Laudaturetiam
1581 3151 1786 3223 Sponsa
1805 3152 1947 3224 quod
1964 3153 2157 3221 fidelis,
2267 3145 2560 3200 Altissimus
2589 3142 2780 3216 (Eccli.
2806 3158 2963 3208 nni,
2991 3141 3128 3212 26)?
3175 3141 3280 3198 Sed
3312 3143 3431 3212 ipsa
3479 3141 3645 3213 magis
3679 3141 3825 3196 lucem

553 3236 701 3306 quod
732 3237 898 3293 verbo
927 3249 1139 3310 potens,
1175 3241 1319 3310 quod
1350 3241 1612 3298 fructibus
1640 3243 1869 3300 fecunda
1897 3245 2151 3314 diversis,
2186 3229 2233 3294 C
2264 3241 2467 3310 εκρθιίι
2496 3248 2767 3310 tamquam
2800 3238 2853 3292 in
2900 3235 3274 3306 superioribus
3295 3235 3496 3292 domus
3521 3251 3650 3302 sua.
3673 3233 3720 3288 id
3739 3238 3824 3297 εει»

557 3327 702 3398 quod
725 3344 828 3383 una
857 3329 929 3384 sit
957 3331 1230 3398 columba,
1268 3333 1474 3390 habens
1502 3336 1723 3405 spiritus
1746 3338 2007 3394 unitatem
2034 3381 2049 3404 ,
2100 3341 2113 3394 i

2259 3330 2502 3401 corporis
2527 3330 2646 3384 sui:
2680 3337 2737 3385 et
2758 3343 2918 3399 supra
2968 3327 3230 3384 mundum
3295 3329 3473 3397 posita
3501 3367 3518 3395 ,
3553 3325 3719 3382 divina
3758 3322 3824 3378 in-

556 3435 663 3490 qua
683 3422 754 3476 sit
777 3438 900 3493 pax,
931 3440 1050 3494 qua:
1078 3426 1211 3482 facit
1238 3435 1466 3498 utraque
1495 3441 1929 3502 unumzetquze
1959 3446 2064 3487 non
2085 3433 2157 3488 sit
2259 3429 2441 3477 ῑυθῑιιΐ
2493 3430 2546 3476 ει
2602 3420 2669 3475 ad
2712 3432 2916 3476 33'8"“!
2963 3436 3022 3476 $8
3070 3419 3268 3484 eleVal.
3304 3429 3361 3474 υῑ
3413 3420 3528 3476 Deo
3551 3415 3824 3484 εάείῑὶἱθπι
3895 3417 3897 3419 ’

554 3515 855 3584 composita
879 3530 946 3570 ex
964 3516 1192 3574 diversis
1217 3519 1505 3576 elementis
1521 3520 1774 3578 discreta:
1789 3539 2158 3595 compugnan-
2259 3515 2438 3571 lumen
2479 3529 2702 3570 Sllowm
2733 3528 2958 3585 ορθτυηι
2989 3514 3130 3569 Sicut
3165 3512 3288 3568 ὶυηει
3310 3514 3506 3569 orbem
3546 3525 3693 3569 suum
3730 3515 3823 3564 ιοιο

552 3604 741 3676 tisque
768 3615 996 3662 naturae.
1029 3607 1171 3677 Quid
1201 3610 1347 3666 enim
1374 3619 1480 3667 tam
1512 3611 1993 3685 diversum,quam
2019 3617 2117 3687 igni

1265 3610 1347 3666 tim
1374 3619 1480 3667 tam
1512 3611 1993 3685 diversum,quam
2019 3617 2157 3687 ignis
2259 3607 2392 3662 orbe
2418 3606 2830 3662 Circumferens-

555 3707 612 3752 et
644 3712 805 3769 aqua,
827 3713 922 3754 aer
947 3709 1000 3756 et
1027 3711 1191 3769 terra,
1220 3719 1288 3759 ex
1317 3705 1512 3776 quibus
1539 3707 1783 3778 corporis
1806 3708 1977 3765 nostri
2001 3724 2120 3765 crea

2333 3698 2422 3754 M.
2455 3698 2634 3772 (Vers.
2673 3699 2792 3768 10.)
2825 3697 2892 3753 In
2920 3700 3127 3753 hortum
3150 3699 3297 3754 nucis
3323 3699 3588 3765 descendi,
3611 3697 3761 3753 ridere
3777 3695 3820 3747 in

553 3799 677 3844 tura
730 3791 1014 3846 consistit?
1058 3793 1252 3849 Anima
1297 3807 1481 3852 autem
1514 3797 1794 3854 benedicta
1823 3800 1999 3856 omnis
2026 3801 2158 3856 sim-
2259 3792 2526 3848 ηαιὶυἱιαιε
2554 3792 2834 3856 torrentis.
2887 3803 2934 3846 et
2977 3792 3227 3863 inspicere
3254 3793 3299 3847 εἰ
3325 3792 3584 3862 ﬂoruisset
3603 3793 3822 3852 υίηεαυιι

550 3880 702 3952 plex,
735 3899 856 3953 quae
894 3883 1136 3942 imitatur
1165 3887 1438 3945 dicentem
1467 3908 1479 3944 :
1518 3890 1588 3946 Ut
1619 3909 1795 3949 omnes
1833 3911 1998 3949 unum
2026 3895 2115 3950 sint

2259 3884 2629 3956 germinassent
2658 3885 2798 3938 mala
2828 3885 3040 3954 punica.
3085 3881 3116 3922 δ
3166 3882 3433 3938 lnvitatur
3473 3883 3694 3953 denique
3739 3877 3818 3933 Dei

553 3977 690 4030 sicut
707 3984 757 4031 et
782 3985 857 4040 tu,
889 3975 1080 4048 Pater,
1109 3980 1164 4035 in
1191 3997 1289 4048 me,
1322 3991 1371 4037 et
1390 3999 1483 4053 ego
1513 3985 1564 4038 in
1592 3995 1660 4054 te,
1710 3996 1757 4040 et
1785 3987 1888 4058 ipsi
1918 3988 1972 4042 in
2011 3990 2118 4043 nobt

2260 3975 2498 4032 Verbum
2527 3975 2582 4031 in
2632 3975 2845 4030 hortum
2877 3975 3053 4043 nucis,
3085 3976 3136 4030 in
3172 3991 3279 4045 quo
3334 3977 3542 4032 fructus
3587 3969 3817 4046 prapheti-

555 4082 722 4121 unum
744 4067 846 4120 sint
869 4066 1052 4136 (Joan.
1078 4086 1212 4137 xvu,
1235 4073 1352 4144 9.1);
1369 4073 1484 4129 haec
1503 4077 1648 4131 enim
1665 4081 2120 4136 estconsummati

2260 4083 2342 4125 ca:
2369 4067 2616 4124 lectionis
2637 4107 2652 4133 ,
2683 4075 2740 4122 et
2787 4067 3142 4123 sacerdotalis
3172 4077 3257 4124 est
3280 4069 3462 4138 gratia
3483 4109 3498 4136 ,
3527 4082 3638 4138 qua:
3662 4076 3814 4118 amara

557 4165 722 4226 atque
756 4158 1039 4225 perfectio,
1071 4162 1212 4217 unde
1234 4173 1289 4218 et
1313 4164 1554 4220 addidit:
1589 4166 1658 4222 Ut
1687 4169 1788 4222 sint
1810 4185 2003 4238 unum,
2027 4172 2158 4225 sicut
2260 4163 2314 4218 in
2349 4161 2761 4228 tentationibus,
2785 4159 2919 4216 dura
2944 4159 2997 4216 in
3030 4160 3337 4227 laboribus,
3375 4162 3431 4218 in
3463 4160 3729 4217 virtutibus
3747 4156 3816 4210 in-

555 4260 603 4304 et
624 4266 718 4305 nos
747 4268 906 4305 unum
931 4270 1142 4310 sumus:
1173 4266 1218 4310 et
1255 4274 1346 4328 ego
1370 4259 1423 4314 in
1443 4259 1543 4326 his,
1577 4270 1626 4316 et
1648 4271 1702 4316 tu
1739 4263 1795 4316 in
1823 4279 1920 4329 me,
1954 4273 2009 4317 ut
2056 4267 2158 4319 sint
2263 4254 2553 4311 leriOPibUS
2601 4253 2876 4310 fI‘UClUOSa
2926 4263 3032 4309 θεῑ-
3067 4253 3223 4310 Unde
3263 4257 3435 4312 ﬁliam
3465 4256 3608 4326 virga
3661 4255 3812 4308 Αποη

555 4345 900 4399 consummati
937 4347 992 4401 in
1018 4362 1177 4402 unum
1204 4347 1371 4421 (Ibid.
1401 4394 1415 4418 ,
1443 4351 1556 4424 25).
1603 4352 1730 4409 Haec
1759 4365 1842 4411 est
1868 4372 1999 4426 ergo
2050 4373 2120 4412 un

2263 4361 2430 4402 nucea
2463 4345 2673 4414 ﬂoruit,
2723 4362 2830 4401 non
2877 4347 2987 4416 jam
3019 4354 3210 4401 natura
3239 4363 3336 4404 sua
3357 4389 3372 4414 ,
3407 4349 3504 4404 sed
3542 4347 3724 4402 virtute
3745 4357 3814 4396 se-

551 4435 802 4492 columba
821 4446 983 4508 atque
999 4439 1256 4510 perfecta,
1274 4459 1393 4512 qua:
1409 4446 1508 4498 sim
1517 4445 1637 4514 plcx
1653 4454 1817 4517 atque
1833 4447 2152 4518 spiritualis,
2259 4452 2432 4498 creta.
2459 4441 2760 4497 Descendat
2785 4457 2914 4512 ergo
2945 4442 2996 4496 in
3016 4442 3255 4507 hortum,
3281 4451 3340 4498 ut
3353 4445 3402 4498 vi
3413 4442 3640 4499 ndemiet
3658 4437 3813 4498 fidem.

555 4542 736 4598 neque
781 4528 942 4600 hujus
973 4532 1222 4588 turbatur
1256 4536 1506 4606 corporis
1533 4539 1875 4608 passionibns
1899 4581 1913 4604 ,
1944 4540 1998 4596 in
2047 4556 2154 4612 quo
2190 4611 2199 4612 ί
2258 4535 2438 4606 capiat
2471 4533 2691 4599 odores,
2725 4533 2980 4604 pabulum
3009 4534 3232 4591 cceleste
3255 4536 3512 4607 reperiat,
3531 4532 3812 4589 suavitatem

548 4617 687 4673 foris
713 4636 925 4691 pugnae,
958 4623 1110 4679 intus
1138 4625 1361 4683 timores
1389 4639 1535 4684 sunt.
1572 4630 1816 4701 Denique
1846 4631 1950 4688 hoc
1979 4611 2151 4688 verbo
2183 4611 2232 4672 Ῑ)
2261 4626 2429 4682 nostri
2457 4625 2634 4682 mellis
2664 4626 2934 4696 epuletur.

552 4709 781 4764 unitatis
812 4713 1164 4770 concordiam
1191 4726 1246 4770 et
1286 4734 1477 4789 pacem
1529 4719 1829 4790 significari
1871 4721 2153 4793 Scriptura
2330 4718 2419 4774 15.
2457 4730 2478 4756 ο
2513 4719 2648 4774 Dum
2689 4719 2833 4774 enim
2883 4718 3133 4775 laudatur
3171 4735 3202 4776 a
3244 4721 3494 4790 Sponso,
3540 4713 3810 4775 verecunde

549 4816 657 4856 nos
685 4802 868 4871 docet,
901 4806 1122 4863 dicens:
1153 4809 1443 4866 Multitudo
1464 4823 1635 4868 autem
1657 4817 1974 4869 credentium
1998 4817 2156 4870 Itabe-
2258 4810 2534 4881 refugiens
2562 4825 2745 4865 coram
2779 4811 3019 4877 laudari;
3051 4811 3248 4869 deinde
3265 4815 3452 4884 sponsi
3481 4827 3657 4869 amore
3679 4820 3808 4865 revo-

551 4895 639 4948 bat
669 4911 760 4949 cor
786 4913 948 4951 unum
977 4909 1026 4954 et
1057 4902 1281 4956 animum
1323 4920 1479 4959 unum
1497 4947 1510 4972 ,
1539 4916 1589 4960 et
1617 4922 1720 4960 non
1747 4916 1854 4960 erat
1895 4909 2153 4979 separatio
2255 4919 2396 4974 cata,
2425 4909 2529 4962 ait:
2569 4906 2631 4963 In
2654 4909 2858 4963 hortum
2881 4910 3029 4964 nucis
3060 4909 3304 4965 descendi
3324 4912 3497 4966 videre
3524 4912 3576 4966 in
3599 4906 3806 4962 nativita-

549 4987 606 5040 in
631 4985 706 5040 eis
723 4989 833 5042 ulla
857 4987 995 5059 (Act.
1026 5007 1097 5056 tv,
1128 4992 1240 5064 32).

2257 5014 2306 5058 te
2336 5003 2596 5060 torrentis.
2631 5002 2733 5058 Ubi
2773 5004 2916 5058 enim
2947 5011 3034 5058 est
3061 5003 3326 5070 Ecclesia,
3356 5004 3459 5060 nisi
3492 5002 3577 5058 ubi
3607 5003 3734 5069 virga
3759 5003 3806 5051 et

620 5080 710 5134 11.
738 5079 851 5136 Nec
893 5083 1068 5140 otiose
1095 5084 1442 5144 fecunditatis
1491 5089 1740 5145 laudatur
1767 5093 1946 5146 anima
1973 5133 1988 5158 ,
2040 5107 2148 5148 non
2252 5094 2422 5165 gratia
2450 5094 2610 5150 ﬂoret
2643 5093 3045 5150 sacerdotalis?
3089 5093 3167 5150 lbi
3194 5103 3278 5150 est
3307 5093 3640 5166 frequenter,
3683 5088 3803 5144 utin

547 5171 727 5227 ⁶⁰¹¹¹¹η
755 5174 898 5243 quo“
923 5176 994 5230 δίί
1040 5175 1273 5234 fecunda
1300 5179 1594 5236 νίτιυιίὺιιε
1619 5222 1633 5247 ι
1665 5183 1761 5238 88d
1788 5183 1951 5240 etiam
1997 5185 2140 5253 quod
2253 5188 2705 5244 amaritudinibus
2728 5197 2781 5242 et
2807 5186 2860 5241 in
2890 5186 3279 5242 tentationibus
3300 5186 3573 5256 probetur.
3606 5182 3697 5238 Per
3721 5191 3802 5234 nu‘

538 5264 682 5321 nihil
713 5267 908 5322 habeat
938 5269 992 5323 in
1022 5284 1083 5325 se
1127 5271 1283 5336 mali;
1314 5271 1444 5327 illud
1489 5274 1635 5328 enim
1662 5273 1919 5331 decorum
1980 5286 2147 5348 atque
2253 5295 2371 5337 cem
2401 5280 2792 5337 amaritudines
2821 5279 3196 5350 intelligimus,
3217 5294 3308 5348 per
3339 5288 3627 5334 torrentem
3654 5280 3801 5331 tenta-

539 5372 851 5427 spceiosum
884 5371 990 5427 est,
1014 5360 1066 5414 in
1089 5376 1198 5430 quo
1242 5362 1374 5416 nihil
1399 5364 1466 5417 sit
1493 5365 1644 5421 mali.
1680 5365 1947 5424 Decorum
1993 5369 2140 5424 enim
2251 5373 2446 5440 tiones,
2465 5372 2559 5427 scd
2588 5380 2770 5427 tamen
2799 5370 3276 5439 tolerabiles,quia
3293 5370 3549 5439 scriptum
3564 5361 3794 5422 estzTor-

540 5453 686 5520 quod
715 5457 914 5508 bonum
941 5469 956 5518 ;
988 5451 1132 5524 quod
1157 5463 1340 5510 autem
1383 5455 1700 5513 indecorum
1729 5501 1742 5525 ,
1779 5458 1882 5514 hoc
1912 5460 2134 5516 malum.
2248 5475 2443 5521 rentem
2484 5465 2801 5535 pet-tranavit
2839 5464 3014 5517 anima
3044 5472 3220 5516 nostra
3248 5459 3472 5534 (Psalm.
3514 5472 3671 5517 cunt
3693 5495 3707 5521 ,
3731 5451 3792 5521 5)-

543 5541 803 5614 Speciosa
831 5543 1133 5602 fecunditas
1155 5553 1238 5601 est
1267 5547 1530 5606 bonorum
1574 5565 1802 5621 operum
1827 5593 1843 5620 ,
1865 5553 2136 5610 contraria
2250 5557 2436 5630 itaque
2463 5557 2744 5614 descendit
2781 5556 2835 5612 in
2864 5557 3042 5613 locum
3075 5554 3488 5620 amaritudinis,
3543 5552 3622 5606 ubi
3667 5547 3794 5604 ﬂoret

610 5733 638 5829 ξ
676 5725 797 5829 lii:-
823 5726 897 5829 (ἐξ
916 5725 1711 5829 ,⁷;.¹ὶ“¹ῑ¹ε⁵ῗο.99
1733 5735 1908 5829 et?“

1703 5735 1908 5829 letam;
2315 5750 2334 5777 ε
2379 5739 2496 5796 Lib.
2525 5738 2594 5797 de
2624 5737 2795 5806 Isaac,
2826 5733 2874 5794 c.
2909 5739 2965 5807 8,
2997 5751 3151 5796 num.
3178 5735 3268 5795 64.

677 5793 796 5851 Lib.
829 5796 897 5851 de
924 5793 1267 5867 Virginitatc,
1296 5793 1415 5873 cap.
1443 5799 1509 5858 16
1534 5845 1544 5859 .
1576 5793 1726 5862 num.
1751 5799 1841 5862 98.
