3964 6318
104 375 251 435 1945

1122 356 1164 413 E
1199 348 1510 410 SCRIPTIS
1548 347 1605 403 Β.
1646 338 1973 400 AMBROSII
2010 328 2438 393 COLLECTUS.

3268 306 3406 366 1946

107 492 235 550 vitis
252 499 311 547 et
336 487 609 545 malorum
634 487 985 553 granatorum
1007 470 1191 545 specie
1219 469 1468 525 diversus
1483 472 1537 521 et
1565 460 1705 517 mul-
1733 458 1786 522 Α
1812 458 1972 514 timor
1996 473 2011 511 :
2033 461 2089 511 et
2108 467 2168 508 se
2198 451 2430 506 invicem
2453 440 2846 515 impediunt,et
2864 446 3079 491 cursum
3098 426 3399 487 retardant.

2082 549 2093 553 -
2193 548 2205 553 -
2371 543 2383 553 ·
2486 540 2499 553 ι
2583 548 2595 553 -
2678 546 2717 553 Δ-
2756 549 2773 553 Α
2812 529 2973 553 --.._:-
3006 527 3071 553 -..ι
3121 521 3399 553 Munna“...

110 585 281 657 tiplex
307 583 523 638 fructus
546 618 561 642 ,
601 574 697 646 qui
723 571 873 627 velut
902 582 1009 623 uno
1057 561 1294 636 tegmine
1320 558 1484 616 totius
1513 568 1712 625 corpo—

109 679 189 736 ris
215 675 322 731 lide
350 683 410 728 et
436 667 703 727 charitate
742 660 1001 719 munitur.

186 764 412 840 1608
441 761 531 816 16.
561 757 620 814 lu
653 756 748 811 illa
766 769 896 821 ergo
934 744 1296 806 amaritudine
1323 757 1428 796 non
1460 735 1715 810 cognovit

112 877 172 918 se
190 834 413 924 anima,
440 849 789 922 Corruptibile
819 847 952 901 enim
968 857 1154 915 corpus
1181 845 1359 910 gravat
1380 834 1605 889 animant
1626 871 1641 893 ,
1669 836 1717 882 et

113 963 373 1009 terrenum
392 922 759 1002 habitaculum
779 942 878 994 cito
898 935 1185 991 inclinatur
1209 930 1371 1002 (Sap.
1395 924 1496 997 is).
1520 922 1592 980 Se
1623 936 1719 975 au-

115 1055 221 1102 tem
251 1051 599 1112 cognoscere
633 1045 847 1101 semper
878 1026 1060 1084 debet.
1092 1022 1200 1080 Sed
1233 1027 1469 1075 tentatus
1495 1022 1579 1070 est
1610 1012 1717 1066 Pe-

117 1146 256 1202 trus,
276 1142 335 1189 et
365 1144 483 1185 non
514 1141 575 1183 se
601 1121 860 1195 cognovit
888 1126 945 1175 et
968 1117 1196 1177 Petrus;
1216 1126 1339 1167 nam
1368 1108 1412 1163 si
1434 1103 1720 1178 cognovis-

117 1234 238 1293 set,
292 1238 407 1279 non
461 1225 716 1290 negasset
771 1220 1076 1269 auctorem.
1125 1205 1236 1263 Sed
1290 1199 1544 1274 cognovit
1593 1210 1717 1253 eum

118 1289 392 1376 Christus.
408 1289 661 1382 Denique
671 1304 1074 1378 cognovit,qnia
1098 1308 1153 1357 et
1165 1297 1423 1367 respexit;
1439 1289 1720 1363 cognoscit

121 1409 259 1466 enim
274 1404 552 1462 Dominus
572 1403 663 1472 qui
676 1408 804 1455 sunt
819 1397 965 1469 ejus:
985 1405 1039 1450 et
1054 1402 1325 1463 tamquam
1342 1402 1501 1443 suum
1520 1382 1721 1439 miseri-

123 1501 317 1559 cordize
348 1511 470 1553 sua:
490 1492 664 1550 frenis
684 1500 743 1548 ut
766 1491 940 1547 bonus
966 1492 1172 1549 rector,
1192 1479 1467 1538 revocavit
1484 1477 1718 1546 alapsu:

125 1604 300 1654 rector
323 1604 463 1662 ergo
494 1595 683 1644 noster
724 1581 972 1640 Christus
1019 1587 1123 1634 est.
1169 1573 1323 1632 Unde
1349 1580 1404 1628 et
1446 1567 1717 1638 sequitur:

190 1690 283 1746 Π.
326 1685 516 1758 (Vere.
554 1679 670 1751 il.)
694 1691 720 1719 λ
748 1676 934 1732 Posuit
963 1691 1045 1728 me
1071 1686 1256 1727 currus
1285 1662 1608 1723 Aminadab:
1655 1674 1723 1716 eo

128 1782 263 1859 quod
309 1781 499 1838 anima
548 1776 911 1848 coniungatur
940 1767 1201 1839 corpori,
1248 1772 1305 1820 et
1333 1762 1478 1818 velut
1504 1757 1721 1831 quidam

130 1889 388 1949 equorum
429 1869 783 1927 frementium
822 1877 1015 1921 currus
1042 1903 1056 1927 ,
1086 1868 1354 1916 rectorem
1401 1854 1486 1909 sui
1515 1859 1723 1922 qumrat
1751 1844 1797 1905 B

132 1947 388 2042 aurigam.
421 1964 734 2024 Aminadab
786 1960 930 2017 enim
962 1966 1116 2030 pater
1160 1953 1370 2010 Naasou
1404 1949 1502 2003 luit
1527 1989 1541 2010 ,
1584 1947 1722 2001 sicut

133 2066 181 2121 in
206 2039 463 2120 Numeris
492 2060 731 2130 legimus
760 2052 957 2124 (Num.
992 2066 1033 2111 ι.
1065 2048 1145 2119 7),
1174 2046 1263 2117 qni
1310 2050 1427 2097 erat
1473 2039 1723 2111 princeps

135 2156 308 2231 populi
332 2153 496 2221 Juda,
532 2128 690 2221 cuius
737 2149 906 2218 figura
936 2142 1170 2200 refertur
1197 2137 1263 2192 ad
1294 2134 1603 2197 Christum,
1634 2128 1723 2199 qui

132 2227 287 2309 verus
332 2245 523 2320 p0puli
576 2242 828 2313 princeps
879 2238 1114 2292 animam
1142 2230 1277 2302 justi
1308 2227 1456 2283 velut
1505 2235 1725 2279 currum

139 2315 359 2415 agitator
386 2315 717 2399 ascendens,
754 2329 914 2387 Verbi
946 2325 1171 2382 habenis
1196 2321 1482 2393 gubernat,
1513 2330 1583 2371 ne
1612 2315 1729 2370 vio-

141 2441 396 2496 lenlorum
419 2446 691 2505 equorum
707 2428 892 2483 furore
910 2424 966 2479 in
983 2433 1221 2493 praeceps
1240 2413 1532 2482 etabrupta
1554 2408 1729 2479 rapia-

144 2544 242 2589 tur.
258 2533 396 2587 Sunt
413 2501 566 2586 enim
579 2501 697 2594 eius
709 2520 1098 2590 velutquatuor
1110 2511 1235 2583 equi
1250 2501 1731 2580 quatuorall‘ectio-

145 2642 253 2693 nes,
272 2627 369 2690 ira,
387 2619 687 2693 cupiditas,
704 2616 971 2683 voluptas,
995 2608 1185 2663 timor:
1212 2602 1408 2674 quibus
1423 2594 1730 2653 furentibus

146 2733 259 2775 cum
311 2687 547 2786 coeperit
583 2709 702 2781 agi,
759 2715 1096 2774 nequaquam
1149 2697 1383 2766 seipsam
1428 2687 1727 2761 cognoscit.

147 2806 494 2879 Corruptibile
541 2803 687 2860 enim
719 2811 916 2869 corpus
961 2794 1198 2850 animam
1242 2793 1464 2859 gravat,
1517 2792 1573 2837 et
1599 2790 1735 2836 tam-

151 2917 298 2973 quam
320 2893 779 2957 irrationabitium
802 2886 1117 2945 animalium
1158 2894 1349 2937 currus
1378 2876 1601 2932 invitam
1647 2886 1734 2927 ra-

152 2972 244 3066 pit,
272 2989 619 3048 volventibus
638 2983 785 3041 curis
808 2981 961 3037 velut
985 2975 1219 3049 quodam
1247 2972 1452 3040 impetu
1475 2977 1736 3037 proruen-

155 3095 273 3152 tem,
286 3084 455 3140 donec
465 3082 787 3137 memoratae
804 3070 1048 3142 corporis
1065 3064 1345 3140 passiones
1360 3058 1524 3116 Verbi
1541 3057 1738 3111 virtute

157 3174 443 3231 mitescant.

1815 554 1887 610 At
1917 565 2046 608 vero
2082 548 2207 604 boni
2262 543 2384 614 equi
2416 540 2639 605 volant,
2668 546 2723 591 et
2751 549 2780 589 a
2812 529 2975 588 terris
3005 527 3074 583 ad
3121 521 3405 595 superiora

1815 662 1874 703 se
1900 644 2218 713 subrigunt,
2247 638 2592 705 animamque
2633 628 2888 690 elevant;
2946 619 3183 677 maxime
3228 615 3273 669 si
3323 613 3411 682 ju-

1815 754 1941 812 gum
1971 736 2205 792 habeant
2255 744 2420 786 suave
2465 735 2519 783 et
2559 737 2696 778 onus
2747 720 2867 775 leve
2911 711 3181 770 dicentis:
3227 705 3418 761 Tollite

1809 837 1999 907 jugum
2017 841 2188 883 meum
2208 838 2364 893 super
2392 835 2480 875 vos
2499 835 2517 884 ;
2530 820 2721 891 jugum
2748 810 2885 868 enim
2926 821 3096 861 meum
3123 815 3279 857 suave
3310 805 3409 864 est,

1819 902 2026 980 etenus
2050 934 2219 974 meum
2250 916 2356 971 leve
2377 907 2597 986 (Matth.
2630 921 2707 973 ιι,
2734 902 2851 973 29).

1890 1017 1983 1072 20.
2003 1015 2123 1085 Ipse
2149 1018 2334 1068 rector
2345 984 2453 1071 est,
2477 1004 2568 1075 qui
2586 998 2916 1072 novitlequos
2937 988 3191 1060 proprios
3212 984 3414 1057 guber-

1821 1124 1972 1174 nare,
1995 1116 2053 1161 ut
2078 1102 2304 1174 aequalis
2325 1095 2783 1162 omniumjcursns
2803 1089 2874 1144 sit
2903 1103 2918 1139 :
2951 1080 3252 1138 velociores
3279 1091 3411 1147 pru-

1821 1167 2005 1260 dentia
2030 1167 2224 1261 tardat,
2251 1191 2459 1265 iustitia
2479 1187 2740 1243 admonet
2758 1178 2968 1252 ﬂagello
2993 1173 3212 1247 proprio
3233 1167 3418 1240 segni-

1823 1310 1984 1360 ores;
2018 1289 2381 1361 temperantia
2413 1280 2837 1343 mansuetiores,
2876 1269 3135 1330 fortitudo
3168 1265 3415 1323 duriores

1822 1384 2188 1447 reddit.Novit
2207 1378 2463 1452 copulare
2474 1372 2851 1437 discordes,ne
2870 1366 3009 1421 forte
3020 1374 3240 1419 currum
3255 1369 3413 1413 suum

1824 1480 2110 1550 dissipent.
2145 1450 2335 1544 Itaque
2357 1472 2487 1527 licet
2514 1463 2838 1534 intelligibili
2870 1455 3189 1531 speetaculo
3227 1450 3417 1506 videre

1824 1582 2258 1642 unamquamque
2284 1565 2516 1621 animam
2540 1575 2663 1616 cum
2692 1568 2905 1614 summo
2917 1544 3292 1608 certaminead
3312 1556 3423 1598 cos-

1826 1665 1936 1721 lum
1952 1665 2087 1735 rapi,
2110 1634 2433 1716 festinantes
2448 1668 2617 1723 equos
2643 1652 2730 1722 qui
2755 1648 2963 1720 priores
2996 1641 3330 1715 praeveniant
3350 1634 3419 1691 ad

1827 1732 2071 1812 braviuni
2103 1748 2324 1815 Christi,
2349 1761 2579 1819 quorum
2604 1743 2750 1814 prius
2772 1741 3081 1809 imponatur
3096 1732 3273 1804 palma
3304 1742 3424 1784 cer-

1828 1848 2060 1905 vicibus.
2088 1845 2182 1901 Isti
2210 1851 2337 1898 sunt
2353 1840 2479 1911 equi
2506 1835 2734 1905 subjecti
2764 1831 2888 1888 fidei
2906 1829 3057 1901 jugo,
3078 1822 3283 1881 astricti
3304 1820 3423 1876 vin-

1827 1942 1952 1998 culo
1980 1938 2281 2004 charitatis,
2304 1933 2526 2004 iustitiae
2545 1930 2735 1996 frenis,
2756 1921 3072 1983 retinaculis
3087 1915 3422 1976 sobrietatis.

1896 2033 1988 2089 2i.
2032 2031 2262 2086 Pulchre
2292 2040 2424 2097 ergo
2455 2024 2563 2079 ait:
2592 2020 2781 2077 Posuit
2807 2029 3087 2072 mecurrus
3107 2007 3423 2073 Aminadab,

1831 2128 1934 2183 hoc
1958 2132 2065 2190 est,
2099 2133 2252 2194 pater
2289 2118 2472 2191 p0puli
2501 2134 2514 2169 :
2546 2116 2663 2186 ipse
2690 2121 2870 2167 autem
2898 2108 2988 2179 qui
3018 2114 3170 2175 pater
3204 2098 3425 2171 populi,

1829 2220 1975 2277 idem
2008 2226 2164 2288 pater
2189 2214 2427 2278 Naason,
2459 2210 2510 2265 id
2539 2218 2644 2274 est,
2672 2210 3010 2274 serpentum.
3035 2196 3154 2253 lam
3184 2204 3241 2249 tu
3272 2204 3429 2248 reco-

1830 2312 1883 2368 le
1896 2311 2018 2382 quis
2031 2310 2170 2364 sicut
2187 2318 2415 2375 serpens
2432 2301 2485 2357 in
2500 2313 2660 2355 cruce
2679 2292 3000 2367 pependerit
3014 2303 3111 2359 pro
3123 2285 3298 2342 salute
3310 2280 3433 2338 uni-

1832 2414 2137 2463 versorum,
2166 2406 2218 2452 et
2237 2395 2511 2465 intelligas
2547 2386 2943 2447 illamanimani
2959 2395 3083 2438 esse
3102 2375 3382 2449 paciﬁcam
3408 2411 3425 2438 ,

1832 2495 1918 2551 cui
1947 2494 2105 2548 Pater
2136 2492 2277 2545 Deus
2294 2486 2491 2559 praesul
2515 2476 3129 2549 sit,Christusagitator;
3146 2468 3270 2541 quia
3290 2464 3428 2523 scri-

1835 2596 1984 2657 ptum
2008 2592 2091 2639 est
2117 2593 2173 2637 et
2193 2581 2298 2635 hoc
2316 2592 2511 2633 nomen
2544 2575 2597 2629 in
2632 2572 2861 2628 nostris:
2888 2566 3244 2633 Pater,pater,
3266 2558 3434 2630 agita-

1836 2651 1915 2733 lor
1946 2674 2114 2731 Israel
2145 2669 2389 2746 (lV‘Reg.
2420 2684 2471 2722 xi
2501 2709 2514 2731 ,
2556 2664 2670 2736 12).
2707 2663 2804 2718 Hic
2835 2674 2962 2728 ergo
2989 2656 3218 2727 agitator
3256 2651 3427 2706 dicit:

1906 2770 1997 2824 22.
2033 2767 2216 2842 (Vcrs.
2247 2764 2362 2834 l2.)
2392 2760 2718 2820 Convertere,
2751 2752 3066 2818 Sunamitis,
3114 2753 3430 2802 convertere.

1836 2862 1986 2919 Bene
2005 2837 2224 2929 etquasi
2248 2856 2481 2927 agitator
2502 2852 2656 2915 dicit,
2685 2858 2738 2905 et
2759 2846 2911 2923 quasi
2942 2844 3009 2899 ad
3023 2856 3240 2898 currum
3260 2837 3393 2894 dicit
3417 2852 3431 2890 :

1838 2954 2162 3017 Convertere,
2189 2947 2505 3011 Sunamitis,
2530 2944 2634 2999 hoc
2654 2955 2757 3006 est,
2776 2939 3019 3011 paciﬁca;
3038 2951 3157 3007 qua:
3172 2934 3318 2990 enim
3341 2946 3437 3001 pa-

1840 3045 1991 3103 ciﬁca
2014 3052 2101 3100 est
2123 3044 2326 3109 anima,
2352 3041 2462 3095 cito
2490 3053 2550 3093 se
2578 3034 2847 3093 convertit
2870 3039 2925 3086 et
2947 3029 3186 3099 corrigit,
3223 3024 3434 3082 etiamsi

1839 3148 1967 3195 ante
1987 3134 2229 3207 peccavit
2248 3152 2261 3187 :
2277 3144 2330 3189 et
2348 3132 2519 3202 magis
2535 3145 2654 3185 eam
2676 3122 3145 3200 16090hrisms
3167 3117 3437 3184 ascendit,

222 3266 304 3322 18.
332 3266 455 3322 llmc
490 3261 652 3319 Verbi
684 3267 958 3328 tamquam
992 3251 1116 3309 boni
1167 3244 1446 3319 agitatoris
1483 3250 1567 3297 est
1614 3251 1737 3308 pro-
1765 3231 1811 3294 C
1842 3242 1897 3289 et
1911 3245 2105 3302 regere
2129 3228 2403 3299 dignatur,
2436 3225 2522 3281 cui
2546 3223 2743 3279 dicitur
2763 3238 2776 3274 :
2798 3218 3029 3274 Ascende
3045 3218 3096 3270 in
3117 3230 3273 3285 equos
3298 3222 3437 3278 tuos,

2018 3323 2028 3328 -
2451 3316 2463 3328 .
2599 3314 2656 3328 η.
2927 3306 3111 3328 ιιξ-ε-.ξ
3150 3319 3294 3328 ---.--
3330 3311 3437 3328 η.-.

160 3361 397 3426 videntia,
425 3374 494 3415 ne
516 3356 600 3413 illi
627 3353 821 3409 animae
851 3363 972 3421 quae
998 3349 1051 3401 in
1081 3359 1141 3400 se
1180 3357 1287 3397 non
1331 3347 1415 3393 est
1441 3333 1606 3391 morti
1643 3330 1739 3385 oh-

162 3454 548 3523 noxiri,corpus
579 3444 807 3503 mortale
837 3441 1212 3512 coniunctum,
1254 3430 1605 3505 agitationem
1655 3423 1740 3478 sui

165 3542 308 3600 iaciat
333 3522 455 3600 esse
480 3540 790 3598 difficilem.
821 3534 1005 3590 Primo
1041 3530 1203 3602 igitur
1255 3526 1354 3580 hos
1378 3522 1597 3577 veloces
1618 3531 1741 3573 cor-

166 3637 299 3707 poris
343 3645 522 3692 motus
569 3631 835 3693 domitet,
887 3635 943 3683 ct
1001 3639 1142 3680 ncsu
1188 3617 1417 3677 rationis
1459 3613 1737 3670 infrenet:

169 3727 344 3786 deinde
369 3735 561 3785 caveat
603 3740 673 3781 ne
699 3720 904 3792 dispari
957 3727 1105 3774 motu
1146 3729 1205 3769 se
1231 3711 1379 3767 velut
1405 3708 1531 3779 equi
1564 3702 1741 3775 impli-

169 3831 309 3889 cent;
338 3833 392 3879 ut
421 3822 633 3878 bonum
666 3827 758 3871 aut
790 3811 1067 3883 improbus
1089 3805 1370 3863 decoloret
1394 3844 1408 3865 ,
1436 3807 1530 3854 aut
1554 3794 1743 3852 tardus

172 3915 432 3989 impediat,
460 3922 559 3971 aut
589 3908 836 3967 turbidus
861 3904 1146 3975 inquietet.
1172 3897 1375 3954 Fremit
1398 3894 1539 3951 enim
1572 3904 1744 3961 equus

170 3980 395 4075 ma'litize,
420 3980 657 4077 seseque
673 3998 932 4075 jactando
956 4009 1174 4052 currum
1202 3989 1373 4054 lmdit,
1412 3990 1609 4058 gravat
1659 3980 1746 4052 ju—

174 4102 352 4170 galem.
388 4102 542 4158 Hunc
589 4099 763 4154 bonus
800 4092 987 4162 auriga
1013 4084 1317 4146 demulcet,
1340 4088 1394 4136 et
1421 4080 1473 4134 in
1497 4089 1744 4145 campum

174 4194 398 4249 veritatis
417 4190 638 4254 emittit,
661 4185 866 4244 fraudis
886 4181 1121 4238 declinat
1148 4175 1446 4232 anfractus.
1489 4169 1660 4224 Tutus
1680 4165 1747 4221 ad

177 4284 437 4355 superiora
451 4297 645 4340 cursus
662 4289 766 4343 est,
791 4275 1127 4347 periculosus
1151 4269 1218 4324 ad
1245 4264 1499 4321 inferiora
1521 4260 1748 4315 descen-

178 4349 409 4433 sus.lndc
419 4376 571 4448 quasi
589 4375 727 4430 bene
741 4368 952 4426 emeriti
965 4366 1053 4437 qui
1069 4354 1612 4435 portaveruntjugum
1629 4349 1752 4406 Ver-

181 4466 249 4532 bi,
276 4441 516 4541 usquead
545 4463 755 4523 Domini
782 4473 1028 4533 prtesepe
1047 4451 1397 4518 ducuntur,in
1426 4459 1654 4518 quonon
1674 4441 1751 4496 fc-

182 4574 297 4615 num
309 4534 389 4616 est
410 4576 558 4627 esca,
578 4558 673 4617 sed
699 4556 852 4629 panis
879 4552 971 4624 qui
995 4546 1278 4606 descendit
1300 4543 1371 4600 de
1390 4541 1551 4597 etelo.
1580 4534 1752 4607 Hujus

1842 3334 1890 3379 et
1913 3323 2170 3394 equitatus
2198 3329 2317 3373 tuus
2348 3316 2563 3371 sanitas.
2599 3314 2664 3368 Et
2689 3310 2856 3365 alibi:
2916 3306 3112 3362 Misisti
3143 3319 3296 3375 equos
3327 3311 3441 3356 tuos

1845 3412 2059 3467 Tharsis
2081 3409 2309 3483 (Hahae.
2340 3422 2418 3473 ut,
2449 3407 2529 3477 8).
2558 3405 2621 3460 Hi
2645 3411 2770 3458 sunt
2800 3401 2923 3471 equi
2975 3396 3200 3453 Christi.
3232 3394 3445 3451 Ascen—

1843 3504 1923 3561 dit
1952 3519 2081 3574 ergo
2129 3515 2297 3572 equos
2325 3513 2452 3555 suos
2480 3498 2761 3554 Christus:
2789 3491 3036 3549 ascendit
3079 3487 3313 3544 Verbum
3347 3484 3445 3541 Dei

1845 3601 2054 3654 animas
2075 3598 2211 3669 pias.
2227 3592 2361 3650 Cum
2378 3591 2539 3648 fuerit
2555 3591 2735 3645 anima
2754 3595 2937 3644 nostra
2956 3584 3204 3655 pacifica,
3220 3588 3278 3635 ut
3297 3579 3444 3635 dica-

1847 3702 1931 3747 tur
1949 3691 2001 3746 ei
2019 3710 2032 3745 :
2053 3688 2376 3752 Convertere;
2393 3695 2683 3741 convertere
2697 3680 3151 3748 Sunamitis,quod
3169 3674 3446 3744 pacilicam

1845 3782 2149 3855 signiﬁcat:
2174 3790 2304 3836 tunc
2319 3778 2547 3847 accipiet
2576 3776 2630 3830 in
2654 3789 2713 3829 se
2734 3773 2874 3827 sicut
2894 3767 3230 3840 signaculum
3254 3763 3445 3819 Chris-

1847 3884 1958 3930 tum
1985 3915 2000 3939 ,
2048 3874 2152 3927 hoc
2181 3880 2265 3926 est
2286 3911 2300 3934 ,
2338 3869 2627 3938 imaginem
2661 3864 2779 3926 Dei,
2819 3873 2879 3916 ut
2906 3860 2975 3914 sit
3006 3858 3072 3912 ad
3106 3856 3397 3925 imaginem
3425 3868 3441 3918 ;

1847 3965 2104 4036 quoniam
2137 3962 2321 4030 Qualis
2350 3959 2601 4023 rwlestis,
2637 3955 2767 4011 tales
2811 3963 2857 4008 et
2879 3951 3123 4015 cwlestes,
3157 3956 3206 4001 et
3243 3953 3443 4016 oportet

1848 4075 1943 4113 nos
1971 4066 2174 4127 portare
2198 4054 2473 4126 imaginem
2499 4050 2714 4105 caelestis
2746 4046 2800 4118 (l
2831 4044 2951 4101 Cor.
2983 4057 3081 4107 xv,
3111 4038 3225 4110 48),
3257 4036 3312 4092 id
3338 4046 3443 4102 est,

1852 4163 2062 4220 paceni.
2095 4148 2269 4217 Atque
2297 4155 2357 4199 ut
2385 4143 2620 4198 sciamus
2644 4153 2829 4195 verum
2860 4148 3002 4196 esse.
3038 4131 3207 4187 habes
3231 4129 3287 4183 in
3332 4128 3446 4183 eis-

1850 4243 1973 4299 dem
2026 4239 2290 4308 Canticis,
2323 4239 2375 4293 in
2404 4238 2595 4292 ultimo
2643 4234 2754 4304 jam
2801 4230 3054 4301 perlecta:
3095 4226 3291 4279 anima:
3316 4220 3446 4286 dici,

1851 4333 1996 4408 quod
2025 4344 2081 4390 et
2111 4333 2243 4389 mihi
2264 4331 2412 4388 dicat
2426 4329 2685 4385 Dominus
2706 4326 2900 4382 Jesus:
2930 4320 3079 4376 Pone
3096 4333 3175 4371 me
3200 4326 3256 4370 ut
3274 4316 3453 4386 signa—

1852 4428 2030 4483 culum
2066 4427 2119 4481 in
2149 4442 2238 4480 cor
2286 4435 2450 4491 tuum,
2483 4430 2538 4476 ut
2565 4418 2891 4491 signaculum
2930 4415 2983 4468 in
3015 4413 3279 4468 brachium
3309 4421 3454 4466 tuum

1856 4516 2157 4583 (Cant.vtu,
2186 4514 2265 4586 6);
2296 4523 2353 4568 ut
2379 4514 2557 4567 luceat
2587 4526 2685 4580 pas
2718 4508 2773 4562 in
2803 4504 2969 4561 corde
2999 4517 3141 4568 meo,
3161 4502 3289 4558 etin
3318 4514 3452 4570 ope-

184 4594 389 4616 ιιιιιιιῦξιι
410 4594 533 4617 που.
578 4594 673 4617 acu
720 4594 852 4611 ἀιιισ
920 4594 971 4607 ι..
996 4594 1278 4606 ...ηψπ-..η
1304 4594 1367 4600 ,η
1399 4594 1493 4597 --η
1660 4594 1680 4607 _

184 4663 357 4707 currus
373 4664 502 4709 rota:
517 4602 664 4718 sitat,
682 4594 751 4705 de
765 4594 962 4719 quibits
976 4642 1112 4699 dixit
1127 4637 1392 4708 Propheta
1415 4651 1429 4686 :
1454 4631 1518 4687 Et
1537 4628 1735 4700 spiritui

1859 4610 2009 4667 ribus
2035 4609 2169 4663 meis
2195 4606 2445 4662 Christus
2467 4645 2482 4670 ,
2543 4603 2806 4658 formetur
2843 4599 2896 4654 in
2954 4611 3041 4653 nte
3070 4594 3333 4667 sapientia
3353 4634 3368 4662 ,
3400 4601 3457 4649 et

1858 4702 1870 4715 ο
1944 4700 2053 4719 ,9.2-
2116 4708 2159 4719 ,ι
2194 4696 2493 4719 ...Α-1-.....ι2ιι

186 4696 502 4709 ν-....-.ν...
517 4696 664 4718 .,..,.,,
684 4696 957 4719 --Ἰωκή
985 4696 1007 4699 _,
1206 4696 1253 4708 Ἰ
1566 4696 1575 4700 _

185 4742 290 4798 siue
309 4755 411 4799 erat
430 4745 485 4799 in
499 4745 626 4801 rotis
643 4739 863 4813 (Ezech.
890 4754 926 4805 t,
954 4733 1070 4807 20);
1095 4747 1160 4788 eo
1176 4728 1323 4801 quod
1342 4738 1535 4782 currus
1558 4720 1735 4776 anima

1850 4700 2083 4774 justitia,
2110 4708 2166 4754 et
2194 4696 2518 4767 redemptio.

188 4843 320 4892 teres
344 4848 503 4909 atque
527 4834 793 4894 ratundus
812 4831 934 4887 sine
958 4828 1065 4883 ulla
1095 4820 1396 4880 oﬂ’etisione
1412 4814 1679 4871 volvatur.

252 4927 334 4985 l9.
364 4928 391 4968 δ
420 4928 601 4985 Posuit
627 4943 708 4983 me
722 4939 908 4981 currus
932 4914 1248 4976 Aminadab.
1269 4910 1459 4967 Anima
1484 4921 1612 4975 ergo
1634 4918 1759 4959 ettr-

192 5035 302 5089 rus,
342 5039 456 5093 quae
484 5023 679 5079 bonum
735 5028 1002 5076 rectorem
1051 5010 1302 5069 sustinet.
1346 5003 1407 5061 Si
1449 5014 1639 5057 currus
1671 5005 1758 5052 est

195 5084 394 5179 anima',
424 5112 580 5171 habet
605 5126 777 5185 equos
805 5107 891 5165 vel
920 5107 1094 5161 bonos
1120 5100 1209 5157 vel
1245 5096 1439 5153 malos.
1471 5089 1605 5172 Boni
1635 5084 1757 5158 equi

195 5200 403 5259 virtutes
430 5181 670 5262 animas
693 5202 819 5259 mali
840 5198 987 5270 equi,
1028 5195 1311 5268 passiones
1344 5181 1590 5257 corporis
1609 5189 1756 5237 sunt.

200 5293 364 5352 Bonus
396 5314 523 5370 ergo
549 5308 729 5357 rector
755 5294 927 5351 malos
948 5304 1119 5363 equos
1136 5283 1415 5354 restringit
1442 5288 1499 5336 et
1519 5281 1758 5341 revocat,

199 5386 357 5446 bonos
400 5393 604 5452 incitat.
653 5391 787 5448 Boni
817 5389 943 5460 equi
972 5393 1104 5441 sunt
1129 5391 1361 5454 quatuor
1384 5417 1401 5444 ,
1428 5371 1714 5446 prudentia
1748 5409 1764 5436 ,

204 5486 561 5555 temperantia,
587 5483 874 5551 fortitudo,
892 5479 1135 5553 iustitia:
1158 5473 1289 5531 mali
1307 5471 1432 5541 equi
1461 5463 1763 5532 iracundia,

204 5580 642 5650 concupiscentia,
668 5581 854 5647 timor,
884 5572 1161 5646 iniquitas.
1193 5565 1472 5623 Interdum
1512 5559 1615 5632 ipsi
1645 5557 1769 5629 equi

208 5665 336 5726 inter
358 5687 415 5729 se
450 5674 739 5739 dissident,
770 5679 826 5728 et
872 5675 966 5724 aut
995 5661 1274 5721 iracundia
1316 5652 1630 5730 protendit,
1679 5658 1771 5706 aut

276 5771 302 5868 ξ
334 5764 448 5868 ita
471 5765 903 5868 satiabis“;
930 5757 1357 5868 exmia?“
1387 5750 1474 5807 θι-

354 5832 466 5896 Lib.
487 5830 554 5899 de
586 5827 755 5906 lsa'ae,
788 5849 836 5892 c.
869 5834 924 5901 8,
953 5827 1100 5889 num.
1123 5827 1217 5886 65.
1255 5835 1270 5895 Ι

2326 4812 2556 4869 CAPUT
2603 4807 2980 4867 SEPTIMUM.

1935 4916 1983 4969 ι.
2004 4911 2186 4986 (Vers.
2212 4912 2322 4980 i.)°
2350 4909 2518 4975 Quam
2543 4905 2763 4974 speciosi
2790 4903 2916 4974 facti
2935 4910 3054 4956 sunt
3081 4914 3285 4970 gressus
3316 4896 3389 4950 tui
3409 4894 3463 4949 in

1865 5005 2226 5061 calceamentis
2243 5042 2258 5068 ,
2283 5002 2395 5073 fiiia
2413 4996 2739 5054 Aminadab!
2763 4994 2969 5050 Moduli
2990 4996 3239 5063 femorum
3259 4998 3465 5043 tuorum

1864 5098 2055 5154 similes
2071 5095 2356 5165 torquibus,
2371 5106 2523 5161 opere
2536 5089 2773 5159 artificis.
2786 5085 2902 5140 Non
2918 5094 2999 5139 est
3011 5083 3232 5138 dubium
3248 5091 3467 5151 gressus

1867 5191 1957 5246 hic
1985 5202 2200 5260 quoque
2223 5184 2503 5250 Ecclesiae,
2526 5183 2613 5238 vel
2638 5180 2833 5235 animai
2852 5176 3125 5248 prolectus
3149 5171 3464 5245 signiﬁcari.

1872 5280 2041 5349 Quam
2052 5280 2269 5351 speciosi
2278 5287 2398 5334 sunt
2411 5275 2563 5347 pedes
2574 5270 2975 5344 evangelisentiu
2982 5286 3028 5322 nt
3042 5282 3242 5340 pacem,
3256 5279 3470 5336 cvange-

1871 5374 2138 5429 lizantium
2152 5373 2283 5427 bona
2294 5365 2648 5442 (Esai.t.n,7)l
2666 5363 2863 5435 Utique
2879 5362 3153 5433 speciosos
3166 5357 3299 5413 dicit
3313 5371 3471 5410 evan-

1870 5468 2057 5540 gelica:
2072 5464 2469 5534 prrcdicationis
2481 5473 2535 5518 et
2547 5458 2929 5530 disputationis
2942 5457 3349 5526 progressus,ut
3369 5448 3470 5503 ali-

1871 5560 1927 5617 bi
1944 5559 2175 5616 dicitur:
2200 5556 2589 5628 Transgredere
2612 5552 2831 5626 ﬂumina
2851 5550 2869 5617 (
2887 5545 3034 5602 Esai.
3060 5558 3203 5599 xuvn
3221 5584 3236 5607 ,
3256 5540 3337 5614 2),
3368 5540 3473 5597 hoc

1875 5663 1982 5721 est,
2006 5654 2207 5710 tluenta
2232 5663 2287 5709 et
2317 5651 2526 5708 lubrica
2557 5646 2715 5704 istius
2743 5641 2928 5700 mundi
2960 5649 3272 5695 transcurre
3294 5633 3477 5693 stabili

1956 5760 1978 5788 ο
2006 5746 2064 5804 ln
2090 5747 2449 5819 psal._oxvtu,
2483 5757 2652 5802 serm.
2680 5740 2785 5806 l7,
2816 5750 2967 5793 num.
2993 5730 3062 5788 ιι
3087 5738 3144 5790 et
3167 5731 3368 5801 squi
