3964 6358
496 335 511 385 l
527 327 629 386 9U

1476 326 2026 388 COMMENTARIUS
2065 329 2131 386 IN
2169 328 2469 386 CANTIL‘A
2508 329 2780 389 CANTIC.

3656 336 3687 387 ί
3703 330 3830 386 948

486 446 685 502 mentis
723 446 959 503 incessu.
998 447 1151 514 Quod
1195 449 1263 503 de
1289 448 1485 503 anima:
1524 448 1743 502 incessu
1774 447 1879 502 dici
1913 445 2082 502 David
2111 450 2159 507 Α
2265 447 2480 519 1610
2496 449 2548 503 6.
2570 448 2773 505 Hoduli
2798 456 3268 522 femorumtttorum
3285 452 3479 506 similes
3505 450 3823 521 torquibus,

489 526 771 597 evidenter
808 541 1046 596 ostendit
1069 583 1082 604 ,
1111 540 1346 596 δῦθι-ρης
1374 540 1518 610 quod
1560 550 1852 597 torrentem
1887 540 2089 611 iniqui-

496 643 665 689 tatum
698 635 878 687 anima
908 649 1003 689 sua
1039 634 1290 687 transiret
1325 632 1517 705 (Psal.
1554 648 1745 697 ccxiu,
1776 634 1810 689 ὅ
1832 633 1875 703 ).

561 724 615 779 2.
648 724 750 779 Sed
774 725 901 795 quid
930 723 1031 780 sibi
1059 726 1172 780 vult
1193 726 1334 795 quod
1362 726 1457 789 ait,
1489 727 1539 779 in
1562 727 1948 781 calceamentis
1969 740 2094 796 spe-

488 817 666 873 ciosos
706 829 828 872 esse
865 830 1087 888 gressus
1126 819 1428 873 Ecclesia?
1472 810 1727 887 Legimus
1770 819 1974 874 dictum
2023 820 2090 875 ad

492 907 709 979 Moysen
742 926 755 962 :
796 907 952 964 Solve
991 909 1393 964 calceamentum
1436 910 1625 978 pedum
1655 921 1862 967 tuorum
1907 912 1926 984 (
1948 910 2095 967 Exo-

492 1000 545 1053 di
578 1014 664 1065 ut,
694 999 799 1072 5):
842 1015 950 1069 quo
983 1002 1196 1056 videtur
1231 1003 1574 1069 admonitus,
1616 1018 1682 1058 ne
1720 1004 2096 1075 corporalibus

494 1093 727 1148 vinculis
756 1102 1034 1148 teneretur
1062 1093 1337 1149 astrictus.
1374 1094 1517 1164 Ergo
1540 1098 1842 1165 speciosam
1875 1097 1925 1149 in
1958 1096 2098 1150 Can-

491 1186 613 1241 ticis
655 1185 922 1255 significat
969 1186 1162 1241 animae
1207 1187 1712 1254 pulchritudinem,
1763 1204 1884 1259 quae
1932 1203 2099 1245 carne

493 1288 752 1348 tanquam
783 1279 1156 1334 calceamento
1184 1279 1388 1346 utitur,
1415 1287 1471 1334 et
1494 1279 1547 1333 in
1580 1281 1697 1349 ipso
1726 1280 2100 1336 calceamento

493 1371 947 1442 impedimentum
973 1387 1076 1425 non
1101 1373 1333 1441 patitur,
1362 1372 1458 1426 sed
1482 1373 1723 1427 incessus
1744 1372 1942 1429 decere
1965 1389 2103 1444 pra:-

495 1466 667 1520 ceilit.
690 1461 912 1520 Calceat
937 1480 1068 1537 ergo
1098 1479 1157 1521 se
1182 1467 1361 1520 anima
1389 1467 1815 1522 ecclesiasticam
1838 1470 2064 1537 gratiam
2082 1511 2098 1538 ,

495 1568 553 1614 ut
592 1574 810 1615 cursum
843 1561 977 1614 vita:
996 1561 1155 1629 hujus
1186 1569 1242 1615 et
1271 1562 1557 1616 transitum
1587 1575 1707 1615 cum
1735 1562 1933 1618 decore
1961 1578 2101 1631 prte-

500 1659 695 1707 tereat.
730 1650 885 1717 Quod
921 1651 975 1705 fit
1010 1653 1052 1705 si
1080 1652 1510 1706 calceamentum
1540 1668 1695 1707 somn
1727 1668 1835 1709 non
1862 1655 2104 1725 inquinet

496 1744 612 1799 iuta
625 1743 1028 1812 corporali,non
1046 1745 1098 1797 in
1115 1744 1368 1799 vitiorum
1386 1755 1593 1814 mergat
1614 1748 1901 1815 voragine:
1924 1749 1967 1802 si
1982 1762 2105 1803 cas-

2194 556 2347 609 opere
2371 557 2621 596 manuum
2646 545 2901 614 artiﬁcis;
2930 553 2988 600 ut
3010 546 3338 614 pesteritatis
3358 545 3613 600 Ecclesiae
3633 560 3832 599 orna.

2197 640 2374 686 menta
2393 644 2742 691 canerentur.
2770 636 2871 691 Per
2896 636 3070 691 femur
3091 638 3234 691 enim
3261 637 3475 707 insigne
3490 638 3835 707 generatio-

2197 724 2281 779 nis
2311 727 2678 795 agnoscimus,
2707 728 2859 797 juxta
2886 730 3014 784 illud
3041 745 3055 783 :
3090 729 3373 799 Accingere
3394 729 3629 800 gladium
3649 739 3831 783 tuum

2195 832 2349 888 super
2375 818 2545 886 femur
2566 860 2582 885 ,
2629 822 2984 888 potentissime
3013 821 3032 894 (
3059 820 3202 876 Psal.
3236 838 3391 886 xuv,
3418 821 3494 893 ι)
3533 842 3544 877 :
3576 839 3693 893 quo
3743 823 3833 877 si-

2196 909 2481 979 gniﬁcatur
2501 912 2641 980 quod
2671 912 2841 968 Filius
2866 913 2965 968 Dei
2988 930 3108 969 cum
3138 916 3495 985 semetipsum
3520 916 3831 971 exinanis-

2198 1006 2311 1065 set,
2358 1000 2518 1057 Verbi
2566 1005 2845 1060 accinctus
2888 1006 3264 1073 divinitatem,
3308 1020 3358 1062 et
3392 1009 3828 1077 generationem

2199 1094 2469 1150 calceatus
2513 1096 2835 1165 humanam,
2885 1102 3124 1166 prodiret
3169 1116 3235 1156 ex
3276 1101 3504 1172 Virgine
3545 1104 3828 1158 omnibus

2200 1185 2430 1242 daturus
2471 1190 2722 1244 salutem.
2753 1190 2951 1246 Moduli
2980 1202 3158 1247 autem
3195 1193 3452 1248 dicuntur
3485 1206 3826 1251 ornamenta

2205 1279 2437 1346 pretiosa
2463 1319 2476 1340 ,
2525 1293 2645 1350 qua:
2676 1283 2929 1352 suspendi
2972 1294 3342 1337 matronarum
3373 1285 3689 1340 cervicibus
3716 1302 3831 1339 so-

2203 1370 2335 1424 lent.
2359 1371 2564 1427 Tantus
2594 1388 2723 1445 ergo
2749 1390 3036 1444 processus
3066 1377 3319 1431 Ecclesia:
3345 1377 3682 1448 signiﬁcatur
3706 1419 3727 1445 ,
3767 1387 3831 1435 ut

2204 1466 2539 1519 ornamentis
2570 1468 2976 1533 pretiosissimis
3005 1479 3352 1539 comparatus
3382 1470 3483 1535 sit,
3518 1480 3576 1525 et
3605 1473 3831 1540 torqui-

2209 1556 2305 1610 bus
2330 1556 2775 1625 triumphantium
2798 1576 2812 1625 ;
2841 1560 2957 1614 haec
2976 1562 3121 1616 enim
3145 1574 3466 1617 ornamenta
3489 1573 3616 1617 sunt
3637 1564 3829 1619 bella-

2207 1657 2405 1703 torum.
2454 1650 2609 1707 Unde
2635 1660 2691 1707 et
2718 1652 3079 1725 Symmachus
3110 1654 3473 1723 Epitrachciia
3503 1656 3675 1722 dixit,
3711 1656 3827 1711 hoc

2208 1756 2308 1808 est,
2338 1760 2456 1812 qua:
2478 1745 2589 1800 sint
2609 1747 2751 1801 circa
2773 1748 3130 1804 collum.Sive
3150 1763 3282 1817 ergo
3303 1751 3592 1817 generatio
3610 1749 3827 1805 Christi

498 1838 631 1908 liget
656 1851 882 1893 carnem
915 1850 1100 1904 suam,
1131 1853 1197 1891 ne
1224 1846 1470 1892 moretur
1498 1838 1564 1892 ad
1590 1852 1809 1894 cursum
1833 1881 1848 1905 ,
1874 1849 1927 1895 et
1956 1842 2101 1895 arvi-
2134 1838 2182 1900 B
2207 1850 2271 1890 ex
2299 1836 2516 1907 Virgine
2536 1879 2550 1903 ,
2583 1839 2698 1893 sive
2724 1839 2984 1895 Ecclesiae
3015 1841 3358 1911 propagatio,
3384 1843 3573 1911 specie
3593 1842 3828 1912 quidem

498 1943 580 1983 nae
609 1930 821 1999 pinguis
851 1928 1093 1999 pondere
1117 1941 1502 1999 prmgravetur.
1529 1930 1737 1984 Bonum
1760 1931 2100 1987 calceamen-

501 2030 612 2075 tum
634 2022 828 2075 animae
851 2020 1109 2091 pudicitia
1128 2030 1240 2086 est,
1267 2022 1439 2076 honos
1456 2035 1676 2091 gressus
1694 2033 1776 2077 est
1799 2021 1852 2077 in
1873 2024 2101 2095 vestigio

498 2113 786 2167 castitatis.
820 2112 1099 2182 Sapientia
1129 2122 1309 2168 autem
1341 2112 1573 2168 amictus
1597 2123 1680 2168 est
1706 2115 1932 2180 animai,
1960 2115 2104 2172 unde

501 2210 761 2279 scriptum
793 2218 879 2264 est
905 2228 919 2263 :
956 2208 1174 2263 Honora
1206 2224 1349 2273 eam,
1382 2218 1428 2263 et
1458 2210 1794 2280 amplectetur
1821 2219 1868 2263 te
1897 2212 1915 2282 (
1942 2209 2101 2265 Prov.

502 2316 585 2369 tv,
615 2303 707 2373 8).
752 2301 979 2357 Utamur
1007 2316 1137 2373 ergo
1175 2316 1406 2371 corpore
1445 2313 1699 2372 tanquam
1736 2304 2106 2359 calceamento

502 2393 568 2449 ad
615 2394 890 2451 inferioris
928 2409 1094 2464 opera
1145 2396 1397 2450 virtutis:
1438 2397 1505 2450 ad
1553 2396 1945 2464 ministerium,
1997 2413 2103 2454 non

506 2497 833 2558 prmceptum
868 2504 882 2541 :
916 2486 980 2542 ad
1013 2488 1329 2558 obsequium
1354 2528 1367 2552 ,
1406 2502 1510 2542 non
1543 2488 1958 2543 delectationem
1992 2503 2006 2542 :
2038 2489 2104 2545 ad

503 2576 873 2636 obedientiam
895 2623 910 2647 ,
942 2596 1049 2636 non
1079 2582 1510 2649 dissensionem;
1543 2591 1599 2637 et
1627 2582 1679 2636 in
1712 2582 1793 2637 via
1824 2584 2109 2653 sapientiae

505 2672 792 2743 vestigium
814 2673 1177 2739 collocemus,
1212 2688 1279 2729 ne
1300 2688 1520 2745 gressus
1544 2682 1760 2728 nostros
1786 2674 1868 2730 vis
1898 2684 2111 2731 torren—

508 2763 577 2819 tis
600 2765 778 2835 aliqua
812 2765 1122 2821 concludat.

580 2857 635 2911 ὅ.
658 2856 785 2911 ideo
805 2857 870 2911 ad
896 2857 1115 2927 Moysen
1140 2858 1345 2913 dictum
1375 2867 1459 2914 est
1482 2873 1495 2911 :
1528 2858 1687 2915 Salue
1710 2861 2112 2916 calceamentum

513 2944 529 3017 (
555 2945 728 3001 Exodi
759 2963 814 3002 ut
836 2991 849 3013 ,
879 2949 964 3021 5).
998 2948 1209 3005 Dictum
1243 2961 1325 3006 est
1351 2958 1408 3006 et
1435 2949 1500 3005 ad
1528 2951 1713 3007 Jesum
1741 2953 1894 3008 Nave
1916 2952 2115 3027 (Josne

512 3052 573 3104 v,
610 3037 733 3109 i6).
769 3038 844 3094 De
863 3037 1082 3095 Christo
1107 3050 1287 3095 autem
1316 3042 1517 3096 dictum
1547 3057 1652 3097 non
1681 3050 1790 3109 est,
1817 3044 1910 3099 sed
1945 3047 2116 3116 magis

510 3132 769 3202 scriptum
815 3141 933 3199 cst,
977 3132 1192 3189 dicente
1233 3132 1473 3201 Baptista
1507 3151 1519 3187 :
1563 3134 1691 3188 Post
1729 3150 1807 3189 me
1835 3137 1970 3190 venit
2008 3138 2112 3203 vir,

2205 1936 2479 1999 tamquam
2519 1945 2682 1984 manu
2724 1930 2951 1986 artiiicis
2994 1932 3277 2001 torquibus
3316 1932 3631 1997 adornatis,
3671 1948 3829 1988 vera

2205 2028 2386 2075 autem
2436 2022 2653 2078 virtutis
2698 2021 2925 2092 insignis
2963 2024 3337 2094 spiritualihus
3381 2028 3625 2081 cervices
3677 2027 3828 2081 lide-

2207 2113 2338 2166 lium
2358 2113 2661 2170 adornavit.
2695 2115 2935 2186 Denique
2959 2127 3069 2171 tota
3095 2117 3195 2172 ista
3219 2116 3516 2187 descriptio
3539 2119 3826 2173 membro-

2207 2219 2324 2258 rum
2356 2205 2616 2261 Ecclesiae
2663 2209 2819 2277 plena
2853 2208 3067 2262 decoris
3113 2217 3169 2263 ct
3198 2209 3375 2264 laudis
3414 2220 3520 2264 est.
3555 2210 3690 2264 Nam
3726 2220 3824 2265 et:

2279 2297 2331 2349 ’1.
2368 2296 2548 2367 (Vers.
2579 2298 2663 2367 '2.)
2696 2298 2981 2354 Umbiiicus
3010 2303 3124 2372 ejus
3152 2311 3411 2371 tamquam
3444 2311 3613 2355 crater
3640 2313 3828 2356 torna-

2213 2389 2321 2444 tilis
2374 2391 2739 2461 prmdicatur,
2775 2396 2944 2449 mitto
2991 2409 3096 2448 non
3140 2394 3428 2472 deiiciens;
3462 2410 3531 2450 eo
3573 2396 3725 2466 quod
3773 2398 3828 2451 in

2211 2484 2359 2536 omni
2392 2483 2642 2538 doctrina
2687 2494 2963 2552 tornatos,
2996 2485 3332 2554 plenitudine
3364 2486 3699 2553 cognitionis
3726 2526 3743 2551 ,
3774 2496 3827 2540 et

2213 2585 2341 2647 potu
2372 2591 2478 2631 non
2513 2576 2700 2632 deﬁcit
2742 2578 2997 2647 spiritali.
3040 2577 3110 2633 Et
3138 2590 3327 2633 venter
3351 2579 3470 2646 ejus
3500 2595 3606 2634 non
3636 2580 3826 2635 solum

2212 2686 2407 2726 acervo
2436 2672 2631 2735 tritici,
2663 2672 2714 2727 id
2743 2682 2857 2739 est,
2884 2673 3023 2727 cibis
3052 2672 3368 2727 fortioribus
3399 2674 3640 2729 cmlestis
3673 2689 3830 2746 mys-

2213 2762 2334 2818 terii
2366 2765 2643 2833 saginetur
2667 2805 2683 2828 ,
2714 2780 2903 2818 verum
2935 2765 3098 2818 etiam
3131 2773 3406 2835 tamquam
3442 2764 3572 2820 liliis
3596 2767 3831 2836 quibus-

2214 2855 2337 2910 dam
2391 2855 2680 2910 moralium
2739 2855 3006 2911 suavitate
3056 2857 3356 2926 repleatur.
3403 2856 3560 2913 Unde
3603 2869 3657 2913 et
3708 2859 3829 2928 ipsa

2217 2957 2490 3018 tamquam
2521 2949 2658 3003 bene
2689 2950 2881 3004 merita
2914 2950 3099 3020 regina
3128 2948 3329 3004 Christi
3356 2951 3625 3021 sanguine
3660 2967 3832 3007 coro-

2216 3054 2405 3108 natur,
2436 3045 2576 3097 sicut
2606 3043 2863 3111 scriptnm
2888 3054 2973 3099 est
2996 3060 3011 3097 :
3038 3042 3103 3097 Et
3132 3055 3346 3097 ornatus
3366 3044 3554 3115 capitis
3579 3045 3657 3097 sui
3691 3045 3833 3098 sicut

2219 3148 2468 3204 purpura.
2521 3132 2752 3203 Sanguis
2794 3132 2993 3188 Christi
3041 3147 3276 3203 purpura
3326 3141 3449 3201 est,
3505 3134 3596 3200 qui
3654 3133 3832 3189 inﬁcit

510 3226 661 3294 cujus
689 3240 792 3278 non
813 3240 927 3279 sum
952 3225 1138 3292 dignus
1163 3226 1507 3279 calceamento
1538 3235 1743 3295 portare
1767 3225 1991 3298 (Matth.
2021 3241 2077 3282 ut
2096 3270 2110 3295 ,
2142 3215 2189 3278 C
2219 3236 2526 3281 sanctorum
2568 3227 2778 3280 animas
2802 3268 2817 3291 ,
2851 3241 2957 3281 non
2988 3225 3162 3281 solum
3194 3225 3380 3280 colore
3421 3224 3790 3294 resplendcns
3816 3267 3830 3287 ,

515 3318 637 3387 ti);
686 3318 810 3387 quia
842 3316 921 3373 illi
955 3313 1092 3374 bene
1122 3318 1517 3385 admonentur,
1562 3328 1619 3374 ut
1654 3320 1866 3375 solvant
1894 3321 2111 3377 calceo-

514 3422 754 3466 mentum
789 3426 943 3467 suum
964 3455 978 3479 ,
1009 3415 1101 3483 qui
1141 3416 1261 3469 sine
1291 3423 1515 3485 peccato
1547 3428 1669 3469 esse
1698 3428 1804 3469 non
1836 3422 2109 3484 poterant.

514 3502 613 3557 ilic
641 3512 821 3559 autem
857 3521 962 3559 non
993 3508 1169 3561 solum
1201 3507 1630 3561 calceamentum
1661 3521 1766 3561 non
1794 3508 1982 3574 solvit,
2016 3508 2112 3563 sed

514 3598 677 3652 etiam
703 3597 1067 3653 calceamento
1100 3599 1329 3654 aliorum
1360 3599 1626 3666 absolvit;
1661 3601 1782 3670 quia
1807 3614 1913 3656 non
1938 3602 2112 3656 solum

512 3702 713 3759 corpus
739 3704 896 3745 suum
926 3707 956 3745 a
986 3693 1222 3762 peccatis
1256 3693 1491 3749 immune
1516 3696 1752 3749 servavit
1778 3735 1792 3759 ,
1825 3694 1919 3750 sed
1950 3688 2113 3750 etiam

516 3784 757 3836 omnium
790 3782 940 3838 dedit
968 3783 1354 3854 indulgentiam
1386 3793 1748 3856 peccatorum.

584 3874 638 3928 4.
679 3875 821 3947 Ergo
853 3874 1095 3931 Ecclesia
1127 3877 1193 3931 ad
1228 3878 1587 3934 imitationem
1626 3879 1826 3934 Christi
1868 3877 2114 3949 speciosa

518 3976 629 4033 est,
659 3974 711 4022 et
754 3967 807 4021 in
847 3968 1234 4024 calceamentis
1259 3972 1406 4025 omni
1437 3972 1619 4027 abluta
1643 3971 1867 4028 delicto.
1910 3971 1979 4026 Et
2010 3973 2119 4026 ior-

518 4068 660 4113 tasse
702 4061 918 4129 quando
968 4062 1285 4129 sapientiam
1333 4062 1476 4119 inter
1523 4064 1794 4134 perfectos
1838 4066 2113 4136 loquitur,

518 4151 764 4216 speciosa
791 4160 871 4204 est
895 4151 948 4205 in
980 4154 1351 4221 superioribus
1374 4155 1665 4211 membris:
1694 4159 1913 4227 quando
1933 4166 2115 4213 autem

516 4243 681 4297 etiam
705 4243 973 4300 inferioris
993 4246 1194 4315 gradus
1215 4257 1306 4301 aut
1325 4248 1589 4303 doctrinae
1611 4249 1859 4306 homines
1879 4250 2115 4307 Verbum

522 4346 850 4407 sequuntur,
883 4339 1002 4395 ηιίθὶ
1027 4341 1225 4396 seriem
1250 4356 1356 4396 non
1374 4340 1764 4397 obliviscuntur
1781 4385 1796 4409 ,
1822 4345 2120 4401 sacerdotis

519 4440 791 4500 pra-cepta
819 4431 1170 4499 custodiunt,
1203 4432 1448 4501 speciosa
1481 4440 1564 4488 est
1609 4434 1660 4487 in
1710 4433 2117 4491 calceamentis.

414 4522 426 4529 '
519 4521 847 4592 Plerumque
875 4523 1054 4579 clerus
1082 4523 1321 4591 erravit,
1352 4522 1610 4580 sacerdos
1638 4524 1863 4580 mutavit
1904 4535 2122 4582 senten-

2218 3318 2312 3373 sed
2343 3319 2506 3373 etiam
2534 3327 2820 3387 potestate;
2851 3318 2975 3387 quia
3006 3332 3161 3386 reges
3190 3316 3338 3382 facit,
3368 3327 3425 3370 et
3452 3317 3717 3373 meliores
3740 3331 3829 3371 re-

2216 3425 2311 3481 ges
2332 3412 2526 3482 qoihus
2554 3415 2778 3482 regnum
2805 3411 2899 3465 dat
2927 3419 3212 3465 aeternum.

2289 3504 2343 3557 8.
2377 3511 2403 3539 ⁸
2421 3502 2704 3558 Umbilicus
2725 3513 2845 3558 tuus
2870 3513 2923 3557 ut
2949 3511 3116 3557 crater
3135 3502 3419 3567 tornatitis,
3442 3517 3728 3573 numquam
3752 3503 3832 3556 itt-

2219 3597 2403 3665 digens
2442 3594 2665 3662 poculis.
2705 3593 3000 3651 Umbilicus
3049 3596 3248 3648 animai
3287 3608 3353 3649 ac
3393 3604 3586 3650 venter
3613 3595 3831 3649 subtilis

2218 3696 2303 3740 est
2332 3685 2477 3738 illius
2503 3700 2625 3755 qua:
2655 3686 2903 3740 ascendit
2928 3685 2995 3740 ad
3025 3684 3341 3750 Christum;
3375 3684 3608 3756 ideoque
3637 3685 3828 3740 lauda-

2220 3788 2306 3833 tur
2331 3793 2463 3834 voce
2483 3779 2680 3849 Sponsi
2703 3779 2939 3836 dicentis
2963 3793 2978 3835 :
3005 3778 3293 3835 Umbilicus
3317 3789 3436 3834 tuus
3458 3790 3510 3833 ut
3533 3790 3703 3835 crater
3723 3789 3831 3834 tor-

2219 3872 2395 3927 natilis
2416 3910 2431 3936 ,
2463 3889 2565 3927 non
2593 3872 2840 3942 deﬁciens
2870 3875 3030 3927 mixto
3050 3889 3068 3937 ;
3092 3881 3263 3926 venter
3286 3882 3404 3926 tuus
3424 3888 3639 3927 acervus
3666 3872 3828 3925 tritici

2221 3966 2406 4019 muniti
2426 3966 2557 4020 inter
2578 3963 2712 4019 lilia.
2738 3965 2830 4020 Est
2853 3966 2999 4020 enim
3024 3966 3076 4019 in
3098 3966 3245 4019 omni
3274 3964 3522 4019 doctrina
3547 3974 3791 4020 tornatos
3809 4004 3823 4029 ,

2219 4066 2278 4112 et
2309 4068 2464 4126 potus
2494 4056 2757 4125 spiritalis
2784 4071 2891 4110 non
2923 4055 3188 4111 deﬁciens
3215 4054 3559 4125 plenitudine
3582 4098 3597 4121 ,
3630 4067 3684 4111 et
3717 4070 3823 4110 cce-

2223 4150 2436 4203 iestium
2460 4159 2792 4204 secretorqu
2816 4150 3148 4220 cognitione.
3172 4148 3375 4204 Venter
3392 4164 3611 4219 quoque
3629 4149 3821 4203 animm

2224 4241 2515 4313 mysticus,
2562 4241 2700 4296 sicut
2743 4242 3067 4305 umbilicus,
3109 4257 3217 4310 quo
3262 4249 3457 4296 ventre
3499 4257 3609 4297 non
3651 4243 3816 4295 solum

2226 4334 2419 4389 fortem
2447 4335 2625 4390 cibum
2649 4336 2813 4389 sumit
2841 4350 2949 4405 quo
2978 4334 3147 4390 corda
3176 4333 3485 4401 firmantur,
3518 4334 3620 4390 sed
3662 4334 3819 4390 etiam

2225 4442 2389 4484 suave
2419 4442 2481 4481 ac
2509 4426 2852 4483 ﬂorulentum
2882 4444 2988 4498 quo
3028 4428 3393 4483 delectantur.

2299 4520 2351 4576 9.
2386 4520 2564 4590 (Vers.
2589 4519 2671 4593 4.)
2696 4520 2722 4559 ι)
2745 4519 2893 4574 Oculi
2922 4520 2998 4573 tui
3019 4529 3201 4590 stagna
3221 4519 3275 4573 in
3310 4518 3567 4585 Hesebou,
3593 4518 3647 4573 in
3671 4519 3819 4589 portis

522 4612 681 4681 tiam,
713 4615 911 4670 divites
946 4631 1068 4671 cum
1106 4616 1288 4671 saeculi
1322 4617 1478 4672 istius
1517 4626 1735 4673 terreno
1776 4633 1902 4690 rege
1938 4634 2124 4675 sense-
2148 4603 2204 4666 Β
2229 4616 2353 4686 ﬁlia:
2376 4617 2692 4680 multorum,
2721 4614 2891 4681 Nam
2919 4624 3019 4669 tum
3045 4614 3177 4669 sicut
3201 4615 3359 4668 turris
3388 4612 3598 4667 Libani.
3628 4613 3819 4681 Stagna

522 4714 686 4772 runt,
718 4710 949 4779 populus
979 4710 1140 4765 iidem
1175 4712 1448 4780 pmpriam
1482 4711 1801 4768 reservavit.

594 4802 645 4856 5.
680 4801 833 4858 Unde
862 4804 1023 4858 etiant
1053 4803 1121 4859 de
1153 4805 1384 4859 Domino
1413 4804 1539 4860 Jesu
1565 4804 1706 4860 bene
1735 4821 2024 4876 possumus
2044 4806 2126 4862 di-

521 4906 647 4946 cere
668 4932 684 4957 ,
716 4892 841 4963 quia
869 4903 924 4947 et
954 4894 1005 4947 in
1041 4892 1125 4949 bis
1163 4908 1285 4964 quae
1311 4895 1621 4965 corporalia
1650 4906 1812 4963 sunt,
1846 4898 2125 4967 speciosus

520 4999 744 5054 gressus
779 4984 1013 5040 Verbum
1046 4985 1275 5053 habeat,
1305 5002 1429 5043 cum
1457 4988 1525 5043 de
1554 4988 1850 5043 moralibus
1879 4989 2126 5059 disputa-

524 5083 631 5130 tur.
667 5076 734 5130 Et
760 5077 992 5145 apostoli
1034 5076 1157 5133 ideo
1186 5078 1417 5136 fortasse
1447 5080 1604 5135 nudis
1644 5081 1931 5136 mittuntur
1979 5082 2129 5151 pedi-

525 5168 626 5223 bus
651 5208 666 5234 ,
701 5184 768 5225 ne
798 5170 1159 5227 obumbratur
1184 5188 1373 5228 eorum
1405 5174 1697 5241 diSputatio
1720 5214 1735 5239 ,
1768 5174 1866 5230 sed
1894 5175 2126 5230 eluceat.

525 5259 712 5331 itaque
756 5262 999 5317 Ecclesia
1033 5263 1141 5318 filia
1175 5262 1514 5328 Aminadab,
1548 5264 1652 5320 hoc
1693 5274 1804 5331 est,
1841 5266 2134 5322 voluntarii

528 5354 611 5408 vel
640 5354 995 5424 beneplaciti;
1030 5357 1154 5425 quia
1192 5358 1528 5412 voluntarius
1554 5373 1674 5413 eam
1704 5359 1786 5413 vel
1819 5358 2132 5429 beneplaci-

2229 4709 2284 4762 in
2314 4707 2565 4762 ilesebon
2599 4706 2727 4776 quid
2753 4719 2838 4761 est
2863 4743 2877 4769 ,
2913 4705 3018 4760 nisi
3047 4706 3099 4760 in
3132 4705 3556 4775 cogitationibus
3588 4705 3817 4758 rationa-

2231 4800 2426 4857 bilihus
2456 4799 2788 4854 abundantia
2815 4837 2830 4865 ,
2860 4812 2983 4867 qum
3010 4807 3097 4851 est
3124 4798 3175 4851 in
3212 4796 3385 4865 portis
3414 4796 3712 4863 Ecclesiae,
3743 4793 3819 4849 cui

2228 4894 2424 4946 merito
2445 4889 2690 4945 defertur
2719 4888 3009 4944 multitudo
3040 4886 3334 4942 doctrinae?
3360 4886 3498 4941 Filia
3518 4887 3666 4941 enim
3693 4885 3818 4941 mul-

2227 4992 2426 5043 torum.
2462 4983 2813 5051 plurimarum
2842 4981 3211 5036 doctrinarum
3244 4979 3536 5049 posteritas
3558 4988 3647 5035 est
3672 4989 3726 5034 et
3748 4975 3819 5031 ef-

2235 5076 2437 5141 fectus,
2472 5076 2626 5146 cujus
2658 5089 2818 5131 nares
2849 5074 2985 5130 odor
3015 5083 3100 5129 est
3133 5071 3531 5129 sacriﬁciorum
3556 5112 3572 5138 ,
3605 5070 3820 5126 ﬂoribus

2235 5170 2488 5224 omnibus
2517 5177 2805 5237 priestans.

2307 5265 2395 5318 10.
2426 5273 2447 5300 ο
2480 5260 2660 5317 Nasus
2690 5272 2808 5316 tuus
2838 5262 2971 5315 sicut
3000 5261 3159 5314 turris
3190 5256 3375 5312 Libani
3401 5274 3414 5311 :
3447 5257 3713 5326 praecelsa
3745 5270 3819 5311 su-

2237 5370 2329 5424 pra
2382 5354 2641 5420 modum,
2697 5364 2753 5409 et
2793 5353 2917 5408 ideo
2973 5351 3233 5423 prospicit
3280 5348 3475 5406 faciem
3539 5347 3815 5409 Damasci.

527 5452 612 5500 tus
643 5448 1025 5516 congregavit,
1055 5456 1110 5501 et
1134 5447 1186 5502 in
1216 5448 1599 5505 calceamentis
1625 5448 1873 5519 speciosa
1894 5458 1996 5506 est.
2023 5449 2134 5507 Me-
2234 5448 2492 5518 gentilem
2517 5446 2726 5502 scilicet
2750 5447 3003 5516 pupulum
3034 5445 3270 5499 odorans
3289 5482 3303 5509 ,
3332 5451 3390 5498 et
3416 5441 3578 5498 (idem
3606 5443 3723 5513 ejus
3741 5454 3818 5495 cu-

530 5538 747 5611 ritoque
774 5539 1018 5595 additum
1042 5550 1126 5594 est
1150 5558 1164 5594 :

610 5732 637 5794 9
668 5724 843 5794 Epist.
870 5722 937 5779 ad
965 5722 1248 5778 irenteum.

606 5790 636 5832 ι’
678 5790 738 5877 In
767 5809 849 5861 ps.
877 5807 1079 5873 cxvto,
1108 5807 1272 5871 Serm.
1306 5794 1393 5879 16.

2238 5543 2323 5612 ius
2345 5542 2517 5613 gratia
2538 5540 2861 5596 delictorum
2882 5553 3103 5595 suorum
3129 5537 3437 5607 detergeret
3457 5535 3711 5592 fetorem.
3735 5532 3817 5591 Fac

2316 5739 2337 5767 ε
2371 5727 2427 5786 in
2458 5727 2597 5801 psal.
2629 5742 2798 5787 cxvut
2824 5766 2840 5794 ,
2870 5740 3038 5783 term.
3067 5723 3136 5793 5,
3165 5736 3316 5779 nam.
3344 5719 3438 5781 34.

3924 340 3927 409 λ
