3964 6314
66 304 197 359 1949

60 421 163 474 cius
193 417 358 489 igitur
386 418 633 475 Damasci
665 419 800 476 fides
838 430 921 478 est
948 424 1189 489 gentium
1215 463 1233 490 ,
1276 426 1426 481 nullo
1451 425 1643 481 obum-
1673 427 1727 486 A

60 510 201 565 brata
247 508 453 565 amictu
482 552 496 577 ,
537 511 686 566 nullo
731 512 991 583 adoperta
1032 518 1228 571 vestitu
1253 556 1269 583 ,
1314 517 1455 573 nuda
1492 532 1556 574 ac
1586 518 1650 574 li-

57 602 178 658 bera
204 644 216 663 ,
251 601 395 658 caelo
425 603 596 674 magis
622 605 827 660 intenta
865 621 1023 673 quam
1063 609 1241 664 terris.
1272 609 1423 666 Hanc
1450 627 1646 682 specu-

56 693 230 746 lantur
266 702 324 748 et
356 695 694 764 prosiiiciunt
737 711 898 753 nares
940 699 1200 756 Ecclesiae
1226 742 1240 767 ,
1294 703 1437 772 quod
1483 718 1648 761 suave

55 794 127 840 est
149 786 197 837 in
226 800 285 839 ea
315 792 370 838 et
396 784 628 841 odorum
651 788 996 856 aspirationis
1016 803 1069 847 et
1089 794 1278 863 gratim
1304 795 1643 867 colligentes.

123 877 205 931 11.
235 876 301 930 Ει
328 877 474 933 bene
494 920 509 945 ,
545 877 717 934 Nares
751 883 864 951 ejus
901 884 1034 938 sicut
1072 887 1233 942 turris
1260 886 1444 943 Libani
1467 908 1487 956 ;
1518 892 1643 959 quia

55 970 101 1025 in
128 967 410 1023 sacrificiis
438 969 577 1025 odor
602 974 787 1027 suavis
813 975 1074 1032 Ecclesiae
1105 988 1221 1042 est,
1257 981 1310 1035 in
1334 982 1533 1051 quibus
1559 996 1644 1041 est

53 1061 168 1115 boni
194 1060 379 1115 odoris
412 1061 590 1117 hostia
618 1066 869 1121 remissio
890 1081 1263 1138 peccatorum.
1289 1072 1456 1128 Sume
1482 1076 1643 1145 igitur

55 1151 142 1206 has
175 1166 355 1218 nares,
389 1167 423 1206 ο
454 1153 620 1208 homo
643 1197 658 1221 ,
709 1165 768 1210 ut
807 1173 836 1210 a
876 1161 1322 1228 graveolentibus
1355 1163 1641 1223 florulenta

54 1260 324 1310 secernas,
356 1255 413 1300 et
446 1257 574 1301 tunc
603 1248 897 1306 vivificabit
933 1262 984 1308 te
1008 1253 1294 1311 Dominus.
1330 1257 1463 1312 Cum
1496 1260 1639 1315 enim

54 1338 334 1392 adverterit
386 1340 522 1409 quid
575 1340 643 1397 de
689 1342 810 1412 ipso
857 1345 1029 1411 petis,
1079 1356 1136 1400 ut
1190 1359 1404 1403 avertat
1451 1351 1640 1407 oculos

54 1432 231 1486 mentis
258 1440 364 1487 tua:
394 1447 424 1488 a
459 1434 702 1489 vanitate
721 1475 737 1502 ,
767 1448 1101 1507 cooperator
1126 1440 1326 1496 anima:
1350 1450 1486 1509 tua},
1512 1453 1569 1498 ut
1592 1444 1639 1499 si

54 1526 215 1592 specie
243 1525 422 1597 aliqua
456 1528 691 1596 capitur,
723 1530 1030 1585 antduritia
1060 1541 1152 1587 aut
1184 1532 1499 1592 inﬁrmitate
1529 1551 1637 1593 nou

55 1616 302 1683 ﬂectitur,
348 1617 536 1674 ﬂectat
574 1636 693 1676 eam
734 1622 867 1693 jngo
914 1623 1113 1694 Verbi,
1160 1633 1216 1681 et
1260 1625 1489 1683 habenis
1521 1629 1637 1685 suis

54 1716 222 1777 regat,
251 1718 310 1764 ut
341 1711 629 1767 voluntate
658 1713 751 1769 Dei
785 1714 1093 1772 abducatur
1131 1732 1160 1772 a
1191 1717 1338 1773 vitiis
1362 1758 1378 1782 ,
1412 1728 1469 1776 et
1508 1720 1635 1777 vitae

56 1804 250 1859 odorem
282 1807 465 1876 capiat
494 1817 740 1863 aeternae.

114 1897 193 1956 i2.
223 1897 403 1970 (Vers.
439 1899 523 1970 ὃ.)
558 1909 584 1937 ﬁ
607 1901 896 1958 Ascendam
917 1904 969 1958 in
988 1907 1239 1977 palmam,
1262 1918 1309 1962 et
1341 1909 1632 1979 apprehen-

58 1994 158 2046 dam
181 1995 547 2050 sublimitatem
572 2000 705 2071 ejus.
743 1998 896 2055 Unde
930 2016 1201 2071 cognosce
1229 2005 1355 2074 quia
1390 2016 1445 2061 et
1472 2008 1629 2063 istam

56 2087 301 2155 ascendit,
331 2100 384 2143 et
414 2090 678 2160 perduxit
704 2108 824 2148 eam
854 2095 920 2148 ad
953 2095 1130 2151 locum
1162 2097 1383 2167 palnne,
1410 2100 1631 2170 quando

57 2190 99 2234 et
131 2181 250 2236 dicit
284 2181 354 2237 ad
402 2198 528 2237 eam
565 2199 581 2240 :
624 2182 793 2251 Quam
830 2185 1052 2258 pulchra
1099 2197 1149 2241 et
1173 2176 1347 2243 suavis
1376 2192 1515 2261 facta
1543 2209 1627 2260 es,

58 2274 252 2329 cliaritas
273 2316 288 2341 ,
318 2277 370 2330 in
397 2278 607 2332 deliciis
636 2278 780 2333 tuis!
810 2279 1027 2335 Statura
1054 2291 1147 2336 tua
1172 2283 1362 2338 similis
1393 2286 1531 2354 facta
1559 2297 1633 2342 est

58 2366 217 2435 palma:
242 2365 413 2438 (Cant.
443 2385 518 2423 vn
541 2408 555 2431 .
582 2368 660 2442 6).
686 2370 752 2425 Et
787 2372 900 2442 ipsa
928 2373 1044 2428 ait:
1081 2373 1228 2439 Dixi,
1254 2377 1529 2431 ascendam
1559 2377 1629 2433 ad

58 2462 271 2527 palmam.
303 2461 411 2517 Sed
443 2463 610 2518 etiam
642 2462 757 2533 ipsa
780 2466 1021 2522 charitas
1050 2468 1224 2537 palma
1256 2478 1341 2524 cst
1361 2511 1376 2536 ,
1404 2469 1519 2541 ipsa
1544 2481 1630 2528 est

61 2554 179 2606 enim
206 2554 482 2622 plenitudo
509 2556 792 2623 victoria;
817 2557 1105 2629 plenitudo
1131 2562 1277 2616 enim
1306 2561 1465 2633 Legis
1491 2564 1625 2618 cha-

59 2643 168 2699 ritas
191 2656 289 2701 est.
319 2645 627 2704 Curramus
657 2665 788 2720 ergo
821 2659 879 2705 ut
905 2652 1470 2722 comprehendamus,
1504 2671 1628 2712 cur-

62 2752 217 2793 ramus
239 2748 291 2794 ut
314 2744 601 2797 vincamus
627 2758 639 2795 :
667 2744 758 2811 qui
788 2744 950 2810 vicit,
979 2746 1230 2812 ascendit
1262 2747 1312 2801 in
1347 2748 1582 2817 palmam
1607 2789 1621 2815 ,

61 2840 102 2884 et
122 2833 385 2889 manducet
410 2835 628 2891 fructus
653 2837 772 2905 ejus
797 2855 811 2893 :
835 2839 925 2909 qui
959 2840 1124 2907 vicit,
1147 2840 1258 2912 jam
1286 2860 1392 2897 non
1415 2846 1621 2911 currit,

64 2924 135 2976 sed
149 2924 306 2991 sedet,
330 2928 471 2984 sicut
495 2928 709 3002 1611
734 2932 995 2999 scriptum
1016 2943 1098 2989 est
1118 2951 1130 2988 :
1150 2934 1251 3002 Qui
1272 2936 1465 3004 vicerit,
1490 2937 1624 2992 dabo

62 3016 99 3068 ei
120 3018 276 3073 sedere
304 3036 501 3075 mecum
534 3023 591 3075 in
617 3022 738 3076 sede
766 3039 906 3088 mea,
936 3026 1065 3080 sicut
1088 3036 1136 3080 et
1163 3044 1257 3099 eqo
1286 3029 1406 3094 uici,
1435 3038 1481 3083 et
1512 3030 1623 3084 sedi

66 3123 157 3159 cum
193 3107 339 3164 Patre
367 3129 477 3166 meo
516 3112 576 3166 in
618 3113 739 3167 sede
762 3113 929 3186 ipsius
954 3115 1138 3187 (Apoc.
1184 3133 1268 3184 ιιι,
1316 3119 1434 3185 21).
1482 3120 1620 3177 Hinc

68 3197 331 3272 philosophi
370 3205 601 3260 currilia
642 3206 730 3261 illa
759 3209 1065 3264 animarum
1104 3212 1158 3266 in
1184 3213 1298 3267 suis
1336 3213 1491 3270 libris
1527 3224 1623 3270 ex»
1650 3191 1696 3255 Ο

68 3306 280 3359 pressere
306 3300 609 3355 certamina
638 3338 654 3363 ,
688 3315 788 3355 nec
817 3309 998 3357 tamen
1043 3303 1111 3358 ad
1145 3304 1379 3373 palmam
1424 3323 1619 3377 perve-

68 3384 160 3437 nire
186 3396 500 3455 potuerunt;
547 3393 809 3460 quoniam
854 3396 1180 3451 suavitatem
1216 3397 1377 3453 Verbi
1409 3408 1466 3454 et
1494 3401 1620 3455 alti-

71 3476 312 3545 tudinem,
364 3481 588 3537 illorum
642 3484 836 3539 animae
892 3487 1226 3543 nescierunt.
1287 3490 1618 3560 Ascendam,

68 3566 241 3635 inquit,
283 3573 332 3625 in
375 3575 605 3641 palmam
650 3576 915 3632 vincendo
959 3582 1261 3649 sacculum;
1307 3594 1365 3638 ut
1406 3596 1617 3642 teneam

70 3655 198 3716 Verbi
233 3666 614 3733 altitudinem,
648 3683 810 3738 quam
852 3675 1110 3743 cognovit
1139 3674 1258 3732 hzcc
1298 3679 1479 3734 anima
1506 3720 1520 3746 ,
1563 3681 1619 3735 in

69 3764 148 3818 qua
174 3768 277 3811 erat
308 3760 464 3815 Verbi
493 3764 825 3830 conversio;
856 3766 937 3822 sic
966 3768 1108 3822 enim
1139 3771 1213 3824 ait
1238 3786 1252 3824 :

127 3847 196 3902 15.
222 3850 399 3919 (Vers.
436 3855 560 3927 10.)
589 3853 704 3926 Ego
732 3859 891 3928 fratri
933 3877 1077 3929 meo,
1108 3872 1161 3918 et
1193 3881 1349 3938 super
1378 3885 1457 3924 me
1496 3888 1620 3929 con-

68 3940 201 3991 ret'sio
226 3943 350 4011 ejus.
384 3944 536 4001 Hunc
568 3962 786 4003 sensum
822 3952 985 4006 tertio
1028 3956 1278 4025 repetivit
1316 3959 1536 4019 diverse
1564 3965 1617 4020 in

68 4027 263 4088 (latiticis
297 4039 655 4094 canticorum.
697 4041 750 4095 In
784 4044 1052 4115 principio
1092 4048 1206 4103 ait:
1249 4048 1438 4107 Frater
1473 4066 1618 4112 meus

69 4122 168 4174 mild
184 4164 198 4188 ,
226 4135 268 4178 et
292 4144 380 4201 ego
406 4131 450 4183 ei
476 4146 496 4185 :
521 4133 610 4202 qui
638 4134 868 4202 poscitur
892 4136 947 4191 in
976 4138 1103 4193 liliis
1134 4156 1296 4211 usque
1320 4144 1442 4199 dum
1468 4149 1614 4218 aspi-

71 4222 126 4307 ret
152 4216 278 4307 dies,
306 4233 349 4274 et
377 4223 691 4280 inclinentur
720 4227 915 4283 umbro:
940 4228 1126 4301 (Gaul.
1160 4248 1198 4288 ιι
1221 4275 1237 4300 ,
1269 4235 1379 4307 16).
1414 4216 1617 4298 Deinde

68 4303 155 4357 ait:
182 4306 284 4381 Ego
311 4315 464 4382 fratri
487 4332 630 4384 meo,
663 4329 712 4373 et
737 4324 899 4390 frater
927 4339 1067 4378 meus
1092 4326 1245 4394 mihi,
1273 4303 1362 4398 qui
1389 4332 1617 4399 pascitur

69 4394 175 4451 inter
200 4402 302 4455 lilia
328 4404 494 4475 (Cant.
526 4425 607 4475 v1,
637 4410 717 4480 2).
750 4411 807 4467 ιιι
842 4413 953 4469 ﬁne
982 4416 1096 4470 ait:
1129 4417 1238 4489 Ego
1278 4394 1431 4489 fratri
1460 4442 1571 4482 meo
1595 4467 1611 4494 ,

69 4496 103 4538 et
126 4506 258 4559 super
284 4513 359 4551 me
385 4502 645 4556 conversio
668 4506 803 4576 ejus.
840 4505 1077 4563 Primum
1116 4511 1182 4565 ad
1217 4512 1611 4574 institutionem

69 4580 267 4645 animm;
306 4588 426 4644 ideo
463 4601 521 4648 et
570 4596 868 4665 praemisit:
907 4598 1093 4655 Frater
1136 4620 1277 4659 naeus
1316 4608 1479 4676 mihi;
1519 4611 1613 4668 illo

69 4673 183 4728 enim
218 4677 611 4743 demonstrante
640 4704 701 4744 se
727 4690 891 4746 etiam
936 4694 1250 4753 adhaerendi
1311 4701 1423 4757 Deo
1466 4718 1609 4761 sum-

74 4765 430 4863 psit‘affectuni.
467 4780 619 4847 Quod
651 4786 899 4855 sequitur
927 4789 1227 4845 secundum
1259 4794 1561 4863 profectum
1596 4816 1610 4854 :

72 4859 252 4957 tertium
289 4872 579 4928 secundum
621 4875 1029 4943 perfectionem.
1064 4882 1120 4936 in
1164 4884 1337 4953 primo
1363 4890 1515 4958 quasi
1556 4893 1610 4948 in

72 4946 365 5045 institutione
411 4964 585 5022 adhuc
638 4970 857 5027 umbras
910 4972 1059 5028 videt
1106 4977 1319 5045 anima,
1376 4982 1608 5038 necdum

72 5037 202 5140 Verbi
252 5058 724 5130 apprOpinquantis
778 5066 1109 5122 revelatione
1166 5082 1505 5140 commotas;
1560 5090 1615 5133 et

72 5129 354 5233 ideoadhuc
377 5149 423 5203 ei
455 5129 569 5206 dies
602 5153 886 5225 Evangelii
930 5174 1039 5213 non
1074 5160 1375 5233 refulgebat
1400 5182 1417 5222 :
1442 5129 1505 5223 in,
1526 5129 1614 5226 se;

72 5228 216 5322 cando
229 5236 336 5292 sine
357 5242 661 5300 umbrarum
684 5249 1001 5308 confusione
1026 5253 1226 5312 odores
1251 5260 1370 5328 pios
1394 5265 1569 5333 carpit
1593 5282 1609 5323 :

73 5329 112 5368 ιιι
134 5327 272 5380 tertio
286 5331 394 5397 jam
417 5337 648 5400 perfecta
671 5344 915 5411 requiem
940 5344 992 5399 in
1010 5362 1073 5403 se
1103 5327 1284 5408 Verbo
1306 5327 1610 5425 ministrat;

75 5417 117 5459 ut
143 5426 464 5480 convertatur
492 5443 654 5500 super
701 5447 818 5489 eam
847 5476 862 5502 ,
895 5446 952 5493 et
986 5452 1147 5509 caput
1176 5458 1334 5501 suum
1382 5417 1613 5509 reclinet

74 5506 205 5570 illilue
231 5514 549 5588 requiescat;
580 5534 635 5580 et
664 5526 859 5584 invitat
883 5531 952 5586 ad
983 5506 1170 5604 agrum
1194 5553 1353 5596 suum
1378 5506 1607 5603 dicensve

130 5710 158 5811 ξ
185 5708 293 5787 [tib-
320 5715 386 5773 de
416 5717 588 5808 issue,
615 5736 736 5796 cap.
769 5724 803 5785 8
823 5766 837 5793 ,
868 5740 1017 5788 num.
1045 5732 1114 5789 67
1138 5738 1195 5789 et
1218 5744 1338 5808 seq.

170 5774 367 5833 Lib.de
395 5790 703 5833 \‘immngm
747 5814 848 5833 Mn
898 5801 932 5833 ιι
994 5820 1119 5833 ........
1172 5808 1234 5833 ῃ

178 5778 275 5845 Lib.
302 5786 367 5845 de
395 5778 1263 5875 Υἱιείιιῖιᾶιέέῶῥίὸ

1059 310 1099 365 E
1137 308 1447 368 SCRIPTIS
1488 312 1545 369 S.
1591 311 1914 372 AMBROSII
1952 317 2383 379 COLLECTUS.

3223 329 3358 386 1930

1832 448 1917 503 14.
1969 450 2165 522 (Vers.
2196 453 2324 525 11.)
2359 452 2507 522 Vem‘,
2570 457 2732 526 frater
2783 470 2960 526 meus,
3015 474 3253 517 exeamus
3307 468 3361 519 in

1752 554 1969 610 agrum,
2017 545 2395 614 requiescamus
2434 548 2488 602 in
2526 550 2768 605 castellis.
2817 548 2989 621 Supra
3029 554 3094 609 ad
3140 550 3357 614 hortum

1752 630 2061 701 invitabat;
2115 636 2200 692 liic
2239 638 2305 693 ad
2337 652 2524 708 agrum
2568 640 2854 698 habentem
2904 660 3011 700 non
3052 647 3225 704 solum
3256 647 3358 706 ιιο-

1748 738 1868 779 rum
1893 726 2121 796 gratiam
2146 772 2160 796 ,
2204 731 2299 787 sed
2333 733 2492 788 etiam
2540 735 2777 792 triticum
2817 748 2870 794 et
2902 738 3202 811 hordeum,
3252 747 3355 803 hoc

1749 827 1831 871 est
1858 857 1872 882 ,
1904 818 2206 877 solidarnm
2248 824 2649 883 firmamentum
2694 830 2956 886 virtutum
2982 874 2994 895 ,
3042 842 3100 888 ut
3147 836 3353 893 fructus

1748 907 1864 977 ejus
1902 911 2147 978 aspiciat.
2181 911 2613 985 Requiescamus,
2657 918 2871 991 inquit,
2901 923 2954 977 in
2985 927 3208 981 castellis
3232 968 3247 994 ,
3282 926 3349 985 ad

1746 1017 1866 1070 qua:
1895 1003 2066 1059 Adam
2097 1022 2221 1062 cum
2249 1012 2317 1063 de
2346 1012 2595 1079 paradiso
2621 1014 2826 1083 ejectus
2853 1025 3032 1085 esset,
3064 1017 3241 1076 fuerat
3264 1038 3348 1079 rc-

1745 1096 2005 1167 legatus:
2048 1103 2101 1156 in
2149 1102 2233 1157 his
2283 1107 2700 1175 requiescebat,
2748 1110 2841 1165 sed
2902 1120 3101 1169 terram
3150 1126 3345 1188 Opera.

1752 1189 1932 1244 batur.

1818 1283 1905 1339 15.
1938 1283 2054 1351 Qua
2084 1295 2264 1343 autem
2296 1291 2507 1347 ratione
2535 1294 2685 1350 exire
2714 1308 2836 1350 eum
2871 1298 2923 1351 in
2957 1311 3145 1369 agrum
3176 1302 3302 1358 velit
3328 1346 3342 1371 ,

1742 1373 2058 1431 intellectus
2106 1379 2425 1438 manifestus
2471 1392 2592 1451 est;
2639 1394 2697 1440 ut
2741 1388 2894 1456 quasi
2942 1389 3117 1448 hamis
3162 1404 3347 1463 pastor

1740 1477 1925 1537 pascat
1952 1482 2172 1539 gregem
2204 1484 2361 1527 suum
2380 1516 2394 1538 ,
2428 1476 2607 1532 lassos
2636 1478 2838 1535 allevet
2862 1523 2877 1545 ,
2907 1491 3127 1539 revocet
3155 1500 3346 1541 erran-

1740 1569 1844 1617 tes.
1878 1561 2010 1617 Nam
2041 1572 2097 1619 et
2127 1565 2171 1620 si
2203 1566 2306 1622 ista
2337 1569 2517 1624 anima
2559 1585 2697 1627 nova
2745 1585 2795 1629 et
2838 1585 3021 1631 vetera
3065 1579 3301 1633 servavit
3330 1623 3346 1649 ,

1741 1662 1921 1709 tamen
1961 1663 2088 1709 sunt
2133 1657 2311 1713 adhuc
2343 1661 2491 1715 Velut
2532 1663 2689 1733 agni,
2726 1664 2815 1734 qui
2862 1665 3018 1723 lactis
3047 1684 3211 1725 succo
3240 1686 3340 1726 nu-

1738 1746 1930 1801 triendi
1962 1758 2109 1803 sunt.
2152 1750 2295 1822 Ergo
2328 1755 2481 1823 quasi
2514 1755 2750 1824 perfecta
2772 1800 2786 1822 ,
2823 1772 2928 1814 non
2970 1774 3068 1830 pro
3113 1778 3171 1818 se
3197 1805 3210 1828 ,
3245 1760 3340 1820 sed

1662 1816 1711 1878 Β
1737 1852 1836 1908 pro
1864 1839 1989 1895 aliis
2018 1816 2428 1909 intervenia-ut
2450 1816 2664 1902 de-sinu
2694 1850 2866 1919 patris
2891 1816 3047 1907 exeat
3069 1896 3083 1919 ,
3119 1864 3176 1909 ut
3216 1870 3342 1925 pro-

1733 1931 1895 1987 cedat
1919 1933 2060 1987 foras
2084 1943 2359 2005 tamquam
2392 1948 2626 2005 Sponsus
2656 1942 2724 1996 de
2751 1942 2991 2001 thalamo
3022 1958 3154 2013 suo;
3186 1959 3342 2018 egre-

1731 2024 1888 2081 diens
1915 2037 2094 2082 currat
2124 2031 2266 2084 viam
2293 2071 2307 2095 ,
2339 2040 2400 2086 ut
2424 2033 2672 2089 infirmos
2705 2037 2987 2103 lucretur;
3023 2055 3129 2094 non
3161 2042 3216 2095 in
3246 2040 3341 2096 illo

1731 2128 1942 2173 secreto
1972 2122 2143 2188 patris
2174 2122 2311 2178 solio
2335 2165 2350 2189 ,
2383 2132 2437 2178 et
2467 2125 2520 2179 in
2551 2126 2638 2180 illa
2682 2128 2806 2183 luce
2836 2128 3159 2187 immoretur
3185 2175 3198 2199 ,
3231 2142 3338 2204 quo

1733 2207 1961 2264 invalidi
1993 2210 2115 2280 equi
2155 2215 2525 2271 conscendere
2556 2232 2662 2271 non
2693 2230 2937 2287 queunt;
2970 2220 3066 2277 sed
3099 2233 3157 2277 ut
3184 2234 3338 2279 assu-

1731 2308 1909 2353 matur
1932 2311 2005 2354 .et
2032 2300 2320 2359 inducatur
2350 2308 2404 2359 in
2457 2307 2677 2364 domum
2710 2310 2936 2379 Sponsa:
2962 2322 3127 2384 atque
3153 2330 3340 2372 secre-

1730 2400 1865 2448 tum.
1895 2395 1974 2450 Sit
2007 2394 2142 2453 foris
2171 2398 2271 2453 sibi
2304 2444 2315 2466 ,
2346 2409 2406 2456 ιιι
2432 2403 2588 2458 nobis
2616 2405 2799 2461 intus:
2832 2408 2904 2462 sit
2936 2403 3173 2464 medium
3208 2426 3335 2464 nos-

1731 2497 1894 2554 trum,
1925 2492 2026 2545 etsi
2055 2508 2161 2547 non
2185 2494 2433 2550 videatur
2468 2512 2495 2549 a
2522 2497 2698 2553 nobis.
2726 2498 2880 2555 Unde
2901 2500 2976 2555 ait
3001 2519 3013 2556 :
3043 2502 3171 2569 Quis
3192 2502 3334 2559 dabit

1728 2594 1777 2639 te
1798 2624 1812 2651 ,
1846 2588 2004 2656 frater
2023 2626 2038 2654 ,
2071 2587 2344 2644 luctantem
2386 2592 2545 2645 ubera
2572 2594 2752 2648 matris
2783 2610 2906 2649 mem
2926 2596 2953 2649 Ρ
2981 2593 3255 2651 Invenietis
3287 2608 3335 2653 te

1729 2677 1858 2746 foris
1878 2720 1893 2747 ,
1929 2682 2204 2735 osculabar
2228 2693 2277 2737 te
2306 2683 2483 2755 (Cant.
2522 2698 2616 2740 vni
2636 2727 2650 2751 ,
2681 2684 2754 2760 1).
2789 2686 2939 2742 Bona
2971 2690 3180 2757 anima,
3210 2706 3331 2760 qua:

1728 2770 1860 2828 foris
1898 2786 2011 2842 eat,
2055 2785 2114 2829 tit
2147 2776 2379 2831 Verbum
2427 2778 2573 2833 intus
2614 2780 2683 2834 sit
2720 2795 2735 2837 :
2768 2778 2856 2835 illa
2889 2790 3048 2837 extra
3092 2798 3288 2854 corpus
3314 2827 3328 2850 ,

1727 2874 1786 2919 ut
1811 2866 2045 2922 Verbum
2072 2867 2279 2925 habitet
2310 2872 2364 2924 in
2398 2870 2578 2927 nobis.

1800 2958 1888 3012 16.
1921 2958 2193 3014 Assumam
2223 2969 2270 3014 te
2293 3003 2307 3027 ,
2340 2962 2545 3032 inquit,
2574 2972 2621 3016 et
2651 2962 2897 3018 inducam
2926 2974 2974 3018 te
3001 2961 3167 3032 (Ibid.
3195 3009 3209 3034 ,
3244 2965 3327 3038 Ξ).

1730 3049 1895 3105 Recte
1936 3052 2235 3107 assamitur
2259 3095 2273 3119 ,
2310 3063 2379 3109 .et
2418 3054 2690 3110 inducitur
2724 3055 2959 3113 Verbum
3013 3049 3148 3121 Dei;
3202 3060 3326 3130 quia

1726 3145 1908 3214 pulsat
1948 3146 2215 3212 animam,
2261 3154 2319 3201 ut
2366 3149 2648 3218 aperiatur
2697 3150 2799 3204 sibi
2842 3152 3083 3205 ostium:
3128 3159 3183 3206 et
3226 3152 3328 3206 nisi

1727 3247 1974 3306 apertum
2023 3238 2127 3295 sibi
2157 3241 2358 3296 ostium
2402 3241 2707 3311 invenerit,
2748 3258 2856 3299 non
2902 3245 3089 3300 intrat.
3120 3246 3175 3301 Si
3207 3248 3329 3317 quis

1724 3339 1904 3385 autem
1928 3334 2207 3401 aperuerit
2226 3333 2447 3404 januam
2465 3377 2479 3399 ,
2510 3336 2673 3390 intrat
2699 3346 2753 3392 et
2775 3346 2973 3392 ccenat.
3002 3339 3093 3394 Sic
3116 3339 3325 3409 Sponsa

1724 3423 1960 3479 Verbum
1992 3427 2252 3491 assumit,
2283 3434 2343 3481 ut
2372 3428 2703 3483 assumendo
2729 3426 3010 3485 doceatur.
3039 3428 3193 3486 Unde
3218 3444 3325 3487 non

1724 3518 1998 3574 immerito
2036 3520 2284 3575 ascendit
2314 3521 2381 3576 ad
2414 3521 2554 3577 hanc
2580 3565 2593 3589 ,
2627 3518 2695 3578 ad
2736 3525 3051 3594 superiores
3092 3524 3329 3582 mansio-

1724 3626 1823 3667 nes
1844 3653 1858 3676 ,
1890 3621 1943 3667 et
1970 3624 2190 3683 semper
2221 3628 2538 3683 processum
2570 3616 2768 3684 accipit
2796 3617 3037 3672 virtutis.

1795 3706 1884 3760 17.
1911 3704 1940 3744 lt
1964 3705 2117 3769 Veni,
2145 3710 2312 3777 frater
2332 3724 2497 3772 meus,
2529 3726 2770 3765 exeamus
2793 3710 2845 3765 in
2868 3724 3077 3782 agrum,
3108 3714 3329 3783 requies-

1721 3814 1899 3851 camus
1934 3799 1989 3852 in
2027 3801 2255 3853 castellis
2279 3842 2295 3868 ,
2344 3801 2580 3855 diluculo
2623 3814 2893 3871 surgamus
2925 3802 2976 3855 in
3007 3804 3201 3869 vineis,
3245 3803 3322 3856 υἱ-

1721 3888 1935 3943 deamus
1960 3890 2003 3942 si
2025 3890 2205 3956 floruit
2233 3892 2368 3945 vitis.
2402 3888 2552 3946 Multi
2580 3891 2694 3961 agri
2720 3890 2928 3948 fructus
2953 3890 3156 3948 habent
3183 3910 3197 3959 ;
3225 3894 3321 3948 sed

1720 3978 1814 4035 ille
1835 3980 2031 4036 melior
2050 3990 2161 4043 est,
2195 3983 2287 4049 qui
2318 3992 2371 4038 et
2401 3982 2669 4038 fructibus
2697 3982 2964 4039 redundat
2987 3995 3041 4039 et
3068 3982 3316 4039 floribus.

1722 4073 1817 4127 Est
1844 4087 1975 4144 ergo
2005 4069 2264 4129 Ecclesiae
2289 4089 2419 4144 ager
2443 4074 2676 4130 diversis
2710 4075 2968 4131 recandus
2994 4076 3187 4146 copiis.
3225 4072 3322 4131 llic

1718 4178 1911 4220 cernas
1935 4165 2178 4234 germine
2203 4165 2529 4235 virginitatis
2555 4166 2692 4221 ﬂore
2713 4166 3029 4233 vernantia‘;
3054 4162 3163 4223 illic
3187 4178 3323 4222 tam-

1718 4272 1881 4328 quam
1914 4258 1964 4312 in
1998 4259 2203 4328 campis
2234 4260 2388 4314 silva:
2413 4301 2426 4323 ,
2459 4260 2776 4315 viduitatem
2810 4260 3077 4330 gravitate
3105 4260 3320 4332 pollen-

1719 4358 1859 4415 tem;
1889 4349 2018 4404 alibi
2042 4359 2319 4421 tamquam
2340 4348 2564 4407 uberem
2595 4351 2806 4423 frugem
2840 4352 3129 4419 Ecclesiae,
3161 4366 3321 4421 sege-

1718 4447 1829 4495 tem
1883 4440 2123 4512 conjugii
2171 4443 2479 4512 rapientem
2527 4444 2710 4497 mundi
2760 4445 2984 4507 horrea,
3034 4456 3097 4496 ac
3150 4444 3320 4497 veluti

1722 4534 1990 4589 maritatae
2020 4537 2193 4590 vinem
2238 4535 2439 4592 fetibus
2468 4537 2761 4591 toreularia
2805 4536 3017 4590 Domini
3062 4535 3187 4591 Jcsu
3227 4550 3317 4590 re-

1717 4626 2054 4691 dundantia,
2088 4628 2141 4681 in
2188 4627 2388 4699 quibus
2435 4628 2611 4684 fidelis
2658 4628 2893 4700 conjugii
2939 4628 3146 4683 fructus
3185 4642 3320 4684 exu-

1716 4718 1890 4775 berat.

1790 4812 1880 4868 18.
1907 4824 1931 4853 ο
1953 4812 2164 4884 Sponsa
2187 4808 2444 4870 desiderii
2473 4815 2555 4871 sui
2581 4814 2793 4886 capiam
2824 4813 3020 4885 adepta
3038 4862 3053 4887 ,
3079 4814 3319 4885 loquitur

1714 4908 1781 4963 ad
1813 4909 2085 4978 Sponsum
2117 4927 2131 4965 :
2170 4908 2321 4973 Veni,
2353 4912 2514 4981 frater
2543 4922 2708 4975 uicus,
2734 4920 2977 4964 exeamus
3006 4908 3061 4962 in
3091 4924 3273 4979 agrum
3300 4949 3315 4973 ,

1714 5004 2100 5071 'requiescamus
2123 5004 2179 5057 in
2204 5003 2453 5071 castellis,
2479 5004 2710 5058 diluculo
2733 5016 3007 5073 surgamus
3032 5004 3100 5055 ad
3123 5002 3317 5056 uineas.

1714 5094 1971 5151 Advertis
1994 5096 2451 5167 quemadmodum
2475 5096 2688 5166 Sponsa
2714 5094 2947 5149 Verbum
2975 5094 3165 5149 invitet
3189 5093 3312 5159 Dei,

1717 5200 1773 5243 ut
1805 5194 1982 5246 venint
2014 5190 2067 5244 in
2099 5198 2277 5246 terras
2302 5201 2357 5246 et
2384 5191 2540 5246 tollat
2564 5199 2785 5264 peccata
2814 5186 3023 5243 mundi.
3055 5186 3201 5258 Ager
3230 5186 3318 5242 hic

1715 5289 1835 5335 erat
1881 5290 2009 5335 ante
2056 5281 2337 5348 desertus,
2384 5282 2632 5337 sentibus
2677 5290 2991 5335 nostrorum
3035 5279 3316 5347 squalidus

1714 5372 2072 5439 delictorum,
2105 5373 2359 5429 horridus
2388 5375 2583 5444 spinis.
2618 5373 2915 5429 Castellum
2953 5381 3072 5427 erat
3112 5370 3166 5426 in
3209 5386 3318 5442 quo

1716 5462 1979 5535 religatus
2024 5464 2197 5522 Adam
2244 5474 2505 5536 perpetuo
2536 5478 2650 5521 suae
2693 5464 3028 5534 posteritatis
3070 5462 3320 5519 hieredcs

1719 5557 2024 5628 stringebat
2042 5556 2257 5614 exsilio.
2284 5557 2381 5612 illo
2402 5570 2532 5628 ergo
2552 5556 2704 5613 ducit
2730 5555 2972 5612 Ecclesia
3001 5554 3284 5611 Christum
3301 5593 3319 5624 ,

1804 5762 1826 5793 ο
1862 5752 1920 5810 in
1947 5755 2080 5827 psal.
2112 5769 2307 5826 cxvni,
2340 5766 2506 5814 εει-ιιι.
2536 5748 2606 5815 19
2630 5797 2646 5825 ,
2675 5769 2827 5813 num.
2854 5753 2928 5833 25
2952 5760 3008 5833 et
3034 5767 3151 5829 seq.
