3964 6322
573 271 709 329 1951

1560 271 2105 333 COMMENTARIUS
2143 274 2210 332 ΙΝ
2247 274 2549 332 CANTICA
2588 273 2854 332 CANTIC.

3760 278 3880 334 19ὸέ

567 396 630 444 ιιι
664 387 836 444 Adam
873 387 1086 444 liberet.
1123 385 1328 442 Deinde
1372 387 1649 444 exsulibus
1681 389 1967 455 absolutis,
1999 390 2164 462 erepit
2198 390 2254 452 A
2275 398 2432 459 caput
2450 388 2994 461 suum‘superlaavam
3018 392 3402 462 sapientias,ut
3424 393 3679 466 aperiret
3707 408 3881 451 manus

567 481 758 539 mundi
803 482 963 537 istius
1003 495 1132 551 ager
1164 479 1392 536 idoneos
1432 479 1633 537 habere
1671 483 1912 538 cultores
1947 500 1959 536 :
1999 492 2052 538 et
2081 484 2173 554 qui

571 582 832 631 eratante
854 573 1097 642 jejunus,
1119 573 1288 629 factus
1307 581 1390 628 est
1410 573 1536 630 vitis
1550 583 1769 630 aeterna:
1798 575 2008 649 1612
2027 577 2178 646 plan-

572 667 775 722 tatione
803 665 1085 720 fecundus.
1110 663 1221 720 Nec
1247 664 1327 719 sic
1353 674 1533 721 tamen
1557 667 1896 736 spiritalibus
1921 670 2041 724 laeta
2064 670 2181 738 pal-

573 758 795 814 mitibus
829 766 1112 828 evagatur,
1138 760 1234 814 sed
1254 758 1319 814 ad
1352 757 1450 814 bas
1479 761 1666 815 vineas
1697 771 1854 818 vocat
1878 761 2178 830 Christum,

578 851 665 906 ubi
685 851 980 922 psallentes
1003 852 1113 906 sint
1145 859 1202 907 et
1221 861 1473 919 orantes,
1511 853 1602 908 ttbi
1629 854 1878 910 noctibus
1907 870 1970 910 ac
1991 855 2182 911 diebus

578 944 787 1000 fructus
815 946 1070 1000 innoxius
1099 956 1438 1015 perseveret.

652 1037 742 1092 19.
774 1037 958 1111 (Vers.
995 1039 1110 1110 1'2.)
1146 1037 1265 1105 Ibi,
1301 1039 1510 1110 inquit,
1560 1041 1694 1096 dabo
1731 1041 1889 1096 ubera
1933 1060 2077 1110 mea,
2114 1044 2187 1098 ibi

583 1129 950 1201 mandragorae
997 1130 1249 1184 dederunt
1277 1132 1509 1185 odorem.
1563 1131 1819 1203 Plerique
1867 1133 2189 1190 discernunt

581 1222 875 1292 quemdam
920 1222 1070 1277 inter
1116 1222 1506 1293 mandragoras
1538 1239 1764 1290 sexum;
1812 1235 1870 1280 ut
1915 1235 1970 1281 et
2010 1242 2190 1284 mares

586 1325 640 1369 ct
670 1315 901 1369 feminas
933 1323 1129 1384 putent
1171 1331 1326 1382 esse,
1374 1318 1470 1372 sed
1505 1317 1734 1372 feminas
1761 1320 1942 1389 gravis
1981 1320 2185 1377 odoris.

589 1406 873 1477 Signiﬁcat
902 1421 1034 1478 ergo
1069 1416 1292 1477 gentes,
1325 1424 1446 1479 qua:
1477 1419 1604 1463 ante
1635 1409 1878 1466 fetebant
1901 1453 1915 1477 ,
1945 1426 2067 1466 cum
2100 1427 2183 1467 es-

587 1505 714 1554 sent
742 1497 1072 1554 inﬁrmiores
1101 1499 1306 1554 evirata
1347 1501 1577 1570 quadam
1607 1502 1986 1559 imbecillitate
2025 1505 2192 1575 perﬁ-

589 1590 726 1657 diae,
758 1591 885 1648 boni
910 1592 1097 1648 odoris
1125 1593 1330 1649 fructus
1361 1594 1503 1650 ferre
1531 1596 1796 1665 coepisse,
1822 1606 2108 1668 postquam
2141 1603 2194 1653 in

590 1684 884 1740 adventum
917 1685 1127 1741 Domini
1159 1687 1528 1743 crediderunt.
1563 1688 1820 1760 Legimus
1853 1691 2017 1745 etiam
2049 1691 2194 1762 quod

2279 481 2501 552 pauperi
2533 482 2597 536 ad
2611 482 3222 555 subvenienduminopi;
3249 485 3462 554 partitis
3487 494 3585 540 aut
3609 484 3883 542 derelictis

2277 574 2416 640 sibi,
2441 589 2548 630 non
2573 574 2771 630 invasis
2802 585 2963 646 atque
2981 575 3206 646 direptis
3231 575 3434 631 divitiis
3456 586 3723 633 uteretur
3741 620 3756 643 ,
3783 595 3882 647 qua
3922 574 3923 612 ξ

2279 665 2464 736 gloriae
2501 666 2696 736 cupida
2725 667 2885 722 bouis
2925 669 3088 723 etiam
3131 668 3388 738 operibus
3427 671 3769 739 acquisivit,
3797 685 3885 726 non

2283 758 2429 813 inani
2472 759 2748 814 smcularis
2779 759 3036 828 jactantia
3068 760 3289 815 ambivit
3320 760 3603 830 dignitatis
3631 803 3648 828 ,
3687 760 3796 817 hoc
3822 775 3886 818 est

2284 853 2430 908 enim
2463 862 2628 924 caput
2671 869 2861 920 suum,
2899 863 2954 909 et
2985 853 3254 924 quoddam
3297 869 3554 910 sensuum
3593 855 3887 926 principale

2284 959 2446 1014 supra
2492 961 2708 999 manum
2735 945 3015 1015 sapientia:
3057 946 3412 1002 constituere.
3458 946 3532 1002 Ea
3555 988 3576 1017 ,
3634 947 3888 1020 inquam,
3922 945 3923 1004 Υ

2287 1039 2470 1094 anima
2500 1041 2709 1096 meritis
2740 1040 2987 1096 ascendit
3021 1041 3360 1108 albentibus,
3395 1058 3461 1097 ex
3504 1042 3614 1096 isto
3645 1043 3777 1096 vita:
3807 1041 3889 1096 hu-
3922 1047 3923 1054 ‘

2284 1132 2373 1203 jus
2416 1140 2475 1186 ut
2509 1133 2753 1202 plerique
2789 1132 2990 1187 habent
3031 1132 3277 1200 deserto,
3311 1133 3378 1187 ad
3411 1132 3562 1188 illum
3612 1132 3885 1190 ﬂorentem

2291 1240 2510 1295 semper
2541 1226 2719 1281 locum
2749 1226 3106 1294 jucunditatis
3133 1236 3374 1281 aeternae.

2362 1318 2417 1374 2.
2448 1317 2567 1373 Ista:
2587 1328 2715 1374 sunt
2739 1319 3136 1389 virtutes,'qua:
3161 1328 3215 1372 ct
3237 1319 3289 1372 in
3314 1317 3494 1374 Esaia:
3519 1318 3670 1374 libro
3690 1318 3885 1373 dicunt:
3922 1341 3923 1368 :

2298 1411 2430 1480 Quis
2457 1421 2531 1466 est
2560 1413 2658 1466 iste
2686 1412 2773 1482 qui
2812 1411 3022 1466 advenit
3052 1413 3115 1466 de
3143 1409 3342 1477 Edam,
3376 1414 3538 1466 rubor
3566 1413 3888 1467 vestimento-

2295 1520 2412 1558 rum
2442 1519 2504 1558 ea:
2540 1502 2736 1570 Bosar,
2768 1504 2844 1558 sic
2873 1505 3135 1575 speciosus
3161 1503 3215 1556 in
3243 1503 3376 1557 stola
3403 1502 3578 1573 (Esai.
3614 1516 3789 1566 um,
3825 1501 3893 1572 ψ

2298 1597 2420 1653 lstre
2441 1640 2454 1660 ,
2479 1597 2697 1667 inquam
2721 1639 2736 1664 ,
2769 1606 2896 1652 sunt
2925 1613 3045 1668 quae
3069 1597 3335 1651 mirantur
3359 1611 3423 1651 ex
3449 1596 3557 1650 isto
3581 1595 3895 1666 confragoso

2299 1690 2698 1760 scopulosaque
2753 1691 2972 1746 deserto
3028 1689 3264 1759 aliquam
3311 1687 3624 1744 ascendere
3676 1687 3891 1743 animam

593 1777 989 1848 mandragoras
1029 1780 1303 1849 acceperit
1333 1790 1519 1836 sancta
1566 1781 1766 1837 Rachel
1801 1797 1832 1836 a
1873 1797 2065 1839 sorore
2094 1798 2192 1839 sua
2222 1775 2270 1834 B
2299 1800 2490 1855 posse,
2519 1786 2638 1840 sine
2669 1798 2988 1854 magnorum
3018 1783 3138 1838 labe
3171 1781 3460 1847 vitiorum;
3490 1790 3546 1835 et
3573 1781 3705 1836 ideo
3733 1791 3893 1852 gratu-

595 1867 691 1923 l.ia
718 1911 733 1935 ,
768 1879 827 1923 ut
853 1871 1182 1926 concederet
1207 1871 1256 1925 ei
1289 1870 1377 1924 illa
1413 1881 1570 1928 nocte
1596 1872 1837 1930 dormire
1859 1889 1981 1929 cum
2007 1884 2198 1931 sancto

597 1962 786 2018 Jacob.
826 1965 1216 2034 Mandragoras
1266 1965 1458 2020 Ruben
1508 1967 1899 2038 primogenitus
1941 1969 2203 2026 attulerat

602 2056 761 2111 matri
793 2070 907 2110 suae
935 2056 1048 2110 Lia:
1069 2099 1084 2123 ,
1117 2072 1238 2127 quae
1276 2058 1630 2128 lippientibus
1659 2061 1866 2128 oculis,
1900 2062 2201 2135 Synagoga:

603 2148 831 2218 figuram
857 2150 1096 2218 accepit;
1117 2151 1241 2219 quia
1265 2149 1465 2206 Christi
1495 2154 1723 2222 gratiam
1752 2153 1939 2210 videre
1972 2171 2080 2211 non
2108 2170 2204 2225 po-

605 2241 738 2309 tuit,
774 2241 1031 2297 hebetato
1053 2242 1250 2298 debilis
1277 2245 1474 2299 mentis
1503 2247 1718 2302 obtutu.
1743 2247 1862 2316 Quo
1893 2248 2205 2305 declaratur

606 2332 750 2404 quod
781 2333 989 2389 fructus
1019 2351 1158 2405 quos
1184 2347 1313 2392 ante
1342 2336 1627 2410 Synagoga
1657 2355 1686 2394 a
1717 2342 2081 2412 primogenito
2109 2342 2207 2398 Dei

609 2424 748 2481 Filio
773 2437 1118 2498 susceperat,
1153 2430 1414 2486 Ecclesia:
1442 2436 1739 2490 concessit.
1771 2434 1877 2491 Sed
1905 2437 2030 2505 quia
2064 2437 2207 2495 illius

609 2518 787 2573 noctis
828 2521 994 2587 petito
1032 2522 1326 2577 concubitu
1365 2527 1618 2594 concepit
1653 2536 1709 2582 et
1750 2528 1937 2596 genuit
1971 2528 2064 2584 Lia
2095 2545 2209 2586 sua:

612 2612 947 2684 posteritatis
970 2613 1242 2669 ltteredem
1261 2657 1277 2682 ,
1308 2617 1555 2688 implevit
1575 2621 1922 2692 mysterium;
1951 2624 2208 2693 quoniam

613 2706 960 2762 credentibus
979 2708 1266 2776 apostolis,
1284 2711 1526 2780 reliquiae
1543 2711 1855 2770 Judmorum
1872 2730 1970 2786 per
1987 2716 2212 2773 electio-

617 2814 742 2853 nem
772 2800 964 2868 gratite
993 2801 1160 2857 salva:
1195 2803 1352 2858 facta:
1380 2816 1542 2872 sunt,
1578 2806 1720 2862 unde
1747 2809 1821 2862 ait
1850 2808 2094 2865 Ecclesia
2127 2829 2140 2866 :

686 2889 780 2945 20.
813 2891 995 2960 (Vers.
1025 2891 1141 2964 15.)
1185 2895 1334 2950 Νουα
1365 2906 1412 2950 ει
1451 2907 1658 2964 vetera,
1691 2908 1855 2969 frater
1892 2918 2035 2957 meus
2058 2944 2072 2967 ,
2102 2919 2213 2957 ser-

617 2983 729 3038 vavi
758 2983 870 3037 tibi.
909 2985 1038 3050 Quis
1066 2985 1208 3040 dabit
1232 2997 1280 3041 te
1306 2994 1520 3058 fratrem
1547 2991 1822 3046 laetantem
1853 2995 2008 3048 ubera
2036 2999 2218 3051 matris

619 3075 1080 3132 nteanveniens
1104 3087 1152 3132 te
1182 3080 1313 3150 foris
1335 3122 1350 3147 ,
1385 3083 1660 3136 osculabar
1683 3094 1760 3147 te,
1794 3096 1840 3138 et
1868 3088 2075 3158 quidem
2113 3107 2217 3146 non

617 3183 861 3243 spernent
888 3189 986 3228 me.
1011 3173 1286 3228 Assumam
1316 3185 1364 3228 te
1390 3185 1437 3230 et
1467 3177 1712 3233 inducam
1733 3181 1787 3234 in
1809 3183 2017 3237 domum
2040 3188 2210 3240 matria

2325 3171 2437 3226 Αιω
2461 3173 2594 3244 ejus,
2625 3172 2725 3226 ala:
2746 3173 2899 3244 ignis,
2929 3183 2977 3227 et
3001 3174 3244 3242 ﬂammae.
3276 3171 3424 3243 Aqua
3453 3174 3628 3226 multa
3654 3169 3895 3226 excludere

620 3281 765 3328 meta,
791 3274 838 3318 et
869 3265 924 3318 in
950 3276 1202 3320 secretum
1226 3271 1336 3339 ejus
1363 3284 1477 3336 qua:
1498 3272 1735 3338 concepit
1774 3289 1882 3336 me,
1915 3275 1989 3328 ibi
2013 3275 2219 3334 docebis

622 3374 723 3412 me.
756 3358 968 3414 llahens
991 3374 1122 3431 ergo
1145 3359 1581 3417 informationem
1609 3379 1870 3420 novarum
1897 3377 1951 3422 et
1976 3378 2217 3425 veterum

625 3449 1170 3520 Scripturarum,nec
1197 3452 1586 3523 despicabilem
1615 3471 1676 3512 se
1705 3461 1967 3526 sentiens,
2000 3477 2110 3517 non
2133 3477 2224 3517 so-

625 3541 736 3595 lum
769 3543 1106 3600 orationibus
1135 3544 1186 3598 in
1214 3556 1429 3603 secreto
1450 3547 1632 3604 cordis
1658 3549 1891 3607 Verbum
1921 3563 2098 3623 tenet,
2131 3573 2223 3612 ve-

628 3650 746 3690 rum
770 3636 933 3691 etiam
958 3637 1241 3706 psallentis
1265 3637 1417 3695 chori
1441 3641 1664 3697 vocibus
1682 3684 1697 3708 ,
1729 3642 1879 3699 velut
1899 3645 2223 3716 quibusdam

628 3743 750 3783 eum
780 3731 968 3797 gratim
994 3730 1196 3784 osculis
1221 3731 1518 3788 osculatur.

699 3818 760 3874 2|
779 3861 791 3875 .
821 3828 847 3856 ⁸
882 3818 1032 3875 Νουα
1054 3830 1100 3874 et
1126 3833 1326 3890 vetera,
1353 3827 1512 3895 frater
1537 3843 1683 3880 meus
1704 3869 1718 3895 ,
1745 3829 1943 3885 servavi
1968 3829 2098 3896 tibi;
2124 3829 2228 3888 hoc

633 3911 959 3980 estdicere,
1013 3921 1175 3970 teneo
1214 3915 1396 3971 omnia
1449 3916 1701 3974 mandata
1751 3921 1876 3976 novi
1926 3932 1983 3978 et
2024 3924 2229 3979 veteris

628 4006 984 4061 'l‘estamenti.
1035 4008 1156 4062 Sola
1201 4008 1304 4065 huc
1345 4011 1529 4067 dicere
1568 4013 1816 4069 Ecclesia
1862 4022 2085 4085 potest:
2121 4031 2229 4072 non

631 4097 761 4153 dicit
795 4098 900 4152 alia
939 4103 1322 4170 congregatio,
1357 4120 1462 4158 non
1491 4104 1625 4160 dicit
1654 4107 1936 4178 Syuagoga
1958 4150 1974 4177 ,
2008 4125 2107 4165 nec
2140 4126 2230 4166 se-

634 4191 870 4246 cundum
901 4192 1138 4249 litteram
1172 4209 1308 4250 nova
1339 4204 1571 4263 tenens;
1608 4215 1710 4256 nec
1739 4201 2037 4257 secundum
2069 4191 2265 4274 spiri-‘

635 4295 746 4349 tum
767 4293 974 4342 vetera.
1001 4286 1119 4342 Non
1143 4287 1273 4344 dicit
1300 4289 1525 4345 haeresis
1546 4292 1836 4349 Manichtea
1861 4335 1875 4358 ,
1906 4294 2096 4350 Vetera
2119 4313 2232 4352 ser-

634 4376 748 4431 vavi
790 4376 912 4446 tibi,
941 4394 1060 4450 quas
1105 4382 1398 4450 prophetas
1421 4392 1539 4437 ‘non
1571 4383 1816 4455 suscipit.
1850 4385 2042 4442 Merito
2083 4387 2236 4444 deal-

637 4473 760 4530 bata
791 4471 1010 4538 dicitur,
1034 4489 1153 4544 qua:
1181 4473 1461 4544 utriusque
1484 4474 1651 4546 fulget
1671 4477 1845 4548 gratia
1867 4477 2227 4537 Testamenti.

2307 1878 2489 1932 lantur
2515 1886 2818 1947 repertam,
2871 1891 2991 1946 qua:
3041 1875 3364 1931 vestimenta
3395 1873 3737 1928 innocentia:
3763 1879 3894 1926 natu-
3922 1903 3923 1948 ξ

2306 1971 2436 2026 ralis
2479 1988 2584 2025 tton
2625 1970 2880 2040 polluerit
2916 1977 3224 2025 atramento
3250 1967 3586 2038 insipientia:
3608 1965 3892 2028 mularis,
3922 1967 3923 1974 ‘

2308 2064 2403 2118 sed
2434 2062 2604 2134 magis
2625 2063 2904 2132 sapientia:
2927 2060 3187 2132 Spiritalis
3211 2070 3267 2116 et
3286 2060 3476 2130 gratia:
3491 2059 3745 2115 candore
3764 2072 3896 2113 mun-

2310 2156 2471 2211 darit.
2516 2155 2868 2210 Admirantur
2905 2153 3030 2209 ﬁlim
3057 2153 3399 2208 Hierusalem
3423 2195 3437 2219 ,
3488 2162 3704 2208 saneta:
3726 2152 3923 2222 animae

2313 2246 2742 2317 patriarcharum
2777 2256 2830 2302 et
2874 2245 3299 2316 pr0pltetarum,
3341 2253 3714 2321 veterumque
3749 2244 3923 2312 justo-‘

2311 2354 2464 2406 rum,
2497 2340 2581 2393 vel
2610 2340 2859 2394 caelestes
2889 2338 3144 2409 potentia:
3171 2337 3455 2394 dicentes:
3494 2348 3516 2375 ε
3548 2338 3689 2405 Qui:
3714 2346 3785 2391 est
3807 2335 3892 2389 lter

2312 2449 2428 2506 qua:
2469 2432 2701 2488 ascendit
2735 2433 2972 2488 dealbata
3019 2432 3241 2486 innitens
3278 2448 3435 2498 super
3473 2434 3703 2503 fratrem
3731 2429 3890 2484 suum?

2316 2524 2430 2580 Hoc
2457 2536 2542 2582 est
2567 2567 2582 2590 ,
2617 2525 2815 2579 talibus
2855 2524 3292 2579 solemnitatibus
3333 2522 3504 2593 fulget
3549 2522 3825 2584 Ecclesia,
3849 2528 3887 2573 et
3922 2539 3923 2542 η

2315 2632 2436 2687 quae
2465 2625 2590 2672 ante
2620 2631 2715 2686 per
2745 2616 2887 2671 diem
2919 2615 3066 2670 fusca
3097 2625 3248 2681 erat,
3277 2615 3388 2685 jam
3420 2615 3684 2684 splendet
3713 2613 3764 2667 in
3793 2626 3891 2666 uoco

2321 2708 2464 2763 tibus
2480 2749 2496 2775 ,
2521 2716 2577 2764 et
2599 2708 2822 2763 relucet.
2849 2707 2968 2778 Ipse
2993 2723 3210 2779 quoque
3232 2705 3494 2763 Dominus
3515 2714 3678 2762 tanto
3702 2719 3891 2762 munere
3922 2697 3923 2762 ἶ

2320 2800 2668 2870 psallentium
2701 2799 3004 2856 delectatus
3031 2801 3109 2855 ait
3134 2817 3148 2855 :

2393 2893 2445 2947 5.
2495 2893 2674 2962 (Vers.
2706 2892 2787 2965 6.)
2842 2892 2986 2947 Pone
3030 2910 3110 2948 me
3155 2903 3212 2947 ut
3259 2893 3590 2964 signaculum
3643 2908 3794 2965 super
3828 2905 3894 2942 cor

2323 2995 2490 3054 tuum,
2521 2995 2575 3041 ut
2595 2987 2827 3057 sigillum
2847 3003 3002 3056 super
3023 2985 3287 3040 brachium
3311 2995 3458 3039 tuum
3477 3001 3495 3049 ;
3513 2986 3642 3054 quia
3660 2983 3824 3038 ualida
3843 2989 3896 3034 est

2325 3091 2381 3134 ut
2408 3096 2545 3134 mors
2567 3080 2811 3146 cltaritas,
2837 3079 2998 3134 durus
3025 3079 3236 3152 1613
3256 3080 3388 3133 sicut
3419 3080 3601 3148 inferi,
3627 3079 3767 3134 zelus
3786 3090 3891 3130 tatu.

2325 3281 2427 3318 non
2451 3268 2634 3333 poterit
2653 3264 2974 3332 charilatem,
2994 3275 3040 3319 et
3052 3266 3271 3336 ﬂumina
3287 3280 3390 3318 non
3403 3265 3625 3319 obruent
3647 3279 3778 3318 eam.
3791 3259 3894 3329 Qui:

2323 3359 2455 3414 vidit
2477 3367 2679 3414 tantam
2703 3360 3045 3415 devotionem
3072 3358 3338 3425 Ecclesia,
3373 3359 3604 3414 idoneos
3629 3363 3780 3428 putat
3805 3365 3896 3408 esse

2322 3451 2433 3520 jam
2473 3451 2738 3520 pepulos,
2770 3454 2859 3519 qui
2893 3451 2946 3504 in
2987 3452 3151 3506 corde
3193 3461 3381 3507 nostro
3418 3462 3472 3506 et
3503 3450 3556 3504 in
3601 3447 3820 3506 brachio
3843 3444 3892 3497 εἰς

2326 3541 2611 3611 gnaculum
2651 3541 2769 3611 ejus
2798 3550 3020 3612 portare
3055 3543 3343 3613 possimus.
3377 3541 3558 3613 Ipsum
3588 3540 3739 3596 enim
3771 3539 3893 3593 Patet

2329 3633 2560 3704 signavit
2593 3633 2765 3700 Deus,
2797 3645 2853 3689 et
2888 3635 2984 3706 qui
3011 3636 3383 3691 testimonium
3423 3635 3542 3704 ejus
3582 3631 3816 3702 accepit,
3844 3628 3894 3680 si-

2329 3725 2512 3796 gnavit
2541 3725 2665 3796 quia
2701 3726 2839 3781 Deus
2867 3741 3032 3782 verax
3060 3736 3175 3794 est;
3206 3736 3261 3782 et
3282 3727 3405 3782 ideo
3431 3733 3725 3796 operantes
3749 3720 3894 3775 cibum

2331 3822 2809 3892 permanentemiu
2835 3822 3000 3877 vitam
3026 3832 3314 3888 aeternam,
3339 3820 3538 3892 signati
3563 3817 3769 3875 suntad
3785 3816 3893 3870 ima-

2332 3914 2514 3986 ginem
2542 3923 2598 3970 et
2635 3914 3045 3971 similitudinem
3072 3914 3309 3981 Christi,
3340 3913 3434 3984 qui
3465 3922 3552 3968 est
3589 3914 3759 3980 imago
3788 3905 3896 3962 iuvi-

2333 4009 2507 4064 sibilis
2539 4008 2654 4064 Dei.
2701 4009 2851 4065 Sicut
2880 4024 3010 4079 ergo
3056 4010 3197 4065 Deus
3229 4023 3392 4064 verax
3434 4017 3552 4072 est;
3595 4016 3652 4062 et
3693 4015 3744 4060 tu
3769 4002 3894 4070 signa

2335 4105 2390 4160 in
2421 4112 2510 4158 tuo
2540 4119 2704 4158 sensu
2732 4113 2785 4160 et
2810 4118 2978 4174 opere
3009 4103 3326 4168 veritatem;
3361 4110 3421 4156 ut
3447 4116 3509 4155 os
3544 4111 3689 4156 tuum
3712 4111 3806 4152 non
3833 4093 3892 4145 lo-
3922 4101 3923 4110 ‘

2334 4205 2532 4267 quatur
2559 4195 2899 4251 mendacium
2917 4237 2934 4262 _.
2958 4211 3151 4251 manus
3174 4205 3280 4250 tuae
3309 4210 3416 4250 non
3442 4204 3736 4265 operentur
3757 4199 3890 4258 opera

2336 4288 2642 4356 hominum,
2659 4304 2777 4360 quae
2802 4299 2928 4343 sunt
2951 4288 3153 4344 fallacis
3174 4289 3332 4344 istius
3345 4287 3535 4344 mundi
3554 4306 3566 4340 :
3583 4287 3676 4342 sed
3701 4284 3780 4340 illa
3796 4291 3887 4349 qua:

2336 4377 2434 4434 Dei
2479 4390 2637 4444 sunt,
2682 4388 2740 4434 ut
2780 4380 3112 4451 pauperibus
3139 4380 3476 4450 largiantur,
3517 4379 3723 4435 debiles
3747 4368 3884 4428 suble-

2339 4481 2499 4539 vent,
2524 4484 2770 4528 mortuos
2800 4475 3071 4529 honorent
3095 4473 3317 4529 tumulis
3339 4473 3660 4543 sepulturae.
3682 4467 3764 4524 llis
3787 4475 3880 4531 ope-

709 4565 802 4619 2'2.
823 4566 1074 4633 Adiuravi
1098 4582 1205 4630 vos,
1230 4567 1356 4636 filia:
1381 4545 1886 4638 Hierusalem,'quod
1906 4572 2160 4628 suscitetis
2182 4583 2232 4629 et
2260 4545 2312 4604 Β
2337 4563 2492 4620 ribus
2513 4563 2748 4620 Charilas
2770 4567 3030 4634 queritur
3048 4607 3064 4633 ,
3091 4574 3149 4620 ιιι
3175 4580 3332 4621 nemo
3355 4564 3530 4637 9058i!
3552 4580 3583 4619 ε
3607 4561 3804 4619 Chiis“)
3825 4549 3886 4606 vel

639 4662 949 4716 resuscitetis
973 4662 1295 4716 dilectionem
1317 4679 1581 4734 usquequo
1603 4666 1842 4721 voluerit.
1869 4667 2061 4724 Adhuc
2084 4685 2236 4740 qua:-

640 4751 712 4806 rit
748 4753 1102 4808 suscitantem
1128 4794 1143 4819 ,
1179 4763 1233 4809 et
1260 4756 1509 4812 suscitari
1541 4773 1659 4812 eam
1693 4758 1793 4814 sibi
1833 4762 2009 4827 poscit
2036 4777 2064 4815 a
2101 4762 2236 4820 ﬁlia-

640 4843 741 4898 bus
768 4844 1101 4901 llierusalem
1121 4889 1135 4910 ,
1163 4863 1390 4917 quarum
1419 4850 1620 4918 gratia,
1651 4850 1757 4908 hoc
1787 4863 1902 4918 est,
1931 4855 2234 4912 animarum

644 4935 881 4991 ﬁdelium
911 4937 1187 5007 Sponsum
1216 4940 1270 4994 in
1301 4955 1542 4997 amorem
1573 4943 1655 4998 sui
1684 4944 1988 5001 uberiorem
2018 4947 2236 5004 deside-

643 5039 729 5083 rat
758 5032 1059 5099 provocari.
1086 5031 1280 5087 Dicunt
1311 5031 1493 5104 itaque
1535 5035 1765 5092 virtutes
1796 5037 1937 5107 illae,
1961 5055 2082 5110 quae
2113 5054 2237 5111 por-

643 5131 724 5179 tas
752 5124 1066 5181 custodiunt
1094 5126 1237 5182 coeli.

1123 5261 1354 5321 CAPUT
1391 5264 1749 5322 OCTAVUM.

715 5401 767 5457 1.
803 5400 981 5472 (Vers.
1011 5398 1092 5470 5.)
1125 5397 1154 5438 ι’
1177 5399 1306 5465 Qua:
1336 5410 1408 5454 est
1443 5417 1560 5471 qua:
1583 5401 1695 5456 [nec
1723 5403 1958 5458 ascendit
1988 5402 2234 5468 candida,

639 5492 864 5551 innitens
893 5509 1049 5565 super
1070 5496 1282 5566 fratrem
1311 5494 1499 5550 suum?
1523 5494 1807 5564 Quomodo
1836 5511 1900 5552 ea
1922 5511 2041 5568 qua:
2059 5495 2240 5567 posuit

712 5683 736 5711 α
766 5672 826 5728 ιη
851 5670 990 5742 psal.
1020 5683 1182 5736 cxvnt
1204 5708 1218 5732 ,
1251 5682 1417 5723 serm.
1450 5667 1556 5742 22,
1589 5681 1736 5722 num.
1767 5667 1856 5742 ξιξ.

710 5742 737 5778 ι’
769 5743 824 5797 lu
853 5729 992 5813 psal.
1023 5729 1226 5804 civili,
1260 5753 1425 5795 serm.
1465 5729 1560 5804 ll}.
1596 5752 1743 5792 num.
1773 5729 1862 5791 '54.

2341 4656 2585 4726 periculo
2617 4657 2808 4711 mortis
2835 4657 3036 4723 avelli;
3072 4657 3216 4713 unde
3245 4657 3339 4713 ille
3365 4659 3480 4712 ait:
3512 4657 3643 4724 Quis
3667 4669 3751 4709 nos
3775 4662 3888 4718 sepa-

2339 4748 2472 4802 rabit
2499 4765 2531 4801 a
2559 4747 2765 4803 Christo
2791 4749 2815 4803 Ξ)
2848 4748 3131 4804 Tribulatio
3149 4789 3166 4816 ,
3195 4765 3265 4803 an
3291 4749 3531 4820 angustia
3554 4790 3571 4814 ,
3604 4765 3669 4803 an
3694 4753 3890 4814 persecu-

2340 4841 2412 4896 tio
2441 4840 2620 4914 (Rom.
2661 4858 2756 4896 Vlll
2775 4884 2788 4907 ,
2821 4842 2959 4912 55)?
2990 4843 3054 4898 Et
3081 4843 3220 4897 infra
3247 4860 3258 4894 :
3292 4840 3513 4911 Conﬁdo
3540 4843 3674 4897 enim
3698 4835 3799 4909 quia
3822 4843 3890 4882 ne.

2338 4950 2437 5004 que
2467 4951 2604 4989 mors
2627 4976 2640 5000 ,
2671 4951 2833 5004 neque
2862 4935 2996 5002 vita,
3028 4952 3187 5007 neque
3211 4936 3386 5006 angeli
3412 4933 3622 5008 (Ibid).

2412 5029 2468 5083 4.
2519 5028 2596 5083 Ea
2638 5030 2822 5098 specie
2874 5031 3042 5084 etiam
3091 5031 3240 5085 zelus
3276 5029 3448 5085 durus
3484 5037 3567 5084 est
3615 5015 3883 5083 cbaritatis.

2346 5129 2402 5176 et
2445 5120 2550 5177 alae
2577 5120 2696 5191 ejus
2743 5121 2845 5176 alae
2895 5121 3057 5193 ignis.
3089 5121 3264 5177 Habet
3311 5120 3428 5175 alas
3476 5120 3619 5176 sicut
3658 5109 3884 5172 columba.

2345 5223 2475 5269 sunt
2522 5216 2666 5270 enim
2719 5229 2912 5286 penna:
2970 5216 3238 5271 columba:
3284 5214 3685 5284 deargentatae,
3732 5201 3885 5276 quibus

2344 5311 2531 5366 evolat
2554 5313 2648 5383 qui
2680 5312 2891 5382 diligit,
2917 5312 3142 5368 dicens:
3171 5309 3307 5366 Ecce
3341 5309 3580 5381 elongavi
3629 5303 3818 5378 fugin”.
3851 5297 3886 5391 ξι

2345 5407 2514 5460 mansi
2537 5407 2592 5460 in
2613 5407 2892 5462 solitudine
2913 5407 2931 5476 (
2947 5405 3097 5460 Psal.
3123 5421 3231 5470 LW,
3275 5402 3367 5476 8).
3395 5402 3504 5458 Sed
3536 5401 3636 5456 alte
3659 5391 3884 5452 cbaritatts

2344 5497 2449 5556 ala:
2484 5509 2613 5556 sunt
2634 5501 2798 5572 ignis,
2825 5499 3025 5572 quibus
3072 5497 3384 5556 dilectionis
3433 5495 3720 5551 inflammat
3755 5476 3882 5538 ardo-

2426 5680 2446 5706 ε
2480 5669 2537 5725 1η
2571 5670 2707 5742 psal.
2737 5672 2901 5729 cxvtit
2921 5712 2936 5738 ,
2963 5683 3131 5728 serm.
3166 5667 3263 5740 l9,
3293 5683 3448 5728 num.
3479 5666 3552 5722 27
3579 5674 3635 5725 et
3659 5673 3755 5728 κει·
