  <div class='ocr_page' id='page_1' title='image "/cluster/home/n/w/nwhite01/storage/ocr_20150623/15/uva.x000826533/392.png"; bbox 0 0 3964 6316; ppageno 0'>
   <div class='ocr_carea' id='block_1_1' title="bbox 74 318 208 376">
    <p class='ocr_par' dir='ltr' id='par_1_1' title="bbox 74 318 208 376">
     <span class='ocr_line' id='line_1_1' title="bbox 74 318 208 376; baseline 0 -1"><span class='ocrx_word' id='word_1_1' title='bbox 74 318 208 376; x_wconf 78' lang='grc'><strong>1955</strong></span> 
     </span>
    </p>
   </div>
   <div class='ocr_carea' id='block_1_2' title="bbox 1076 311 2402 377">
    <p class='ocr_par' dir='ltr' id='par_1_2' title="bbox 1076 311 2402 377">
     <span class='ocr_line' id='line_1_2' title="bbox 1076 311 2402 377; baseline -0.004 -2"><span class='ocrx_word' id='word_1_2' title='bbox 1076 317 1118 375; x_wconf 85' lang='grc' dir='ltr'>Ε</span> <span class='ocrx_word' id='word_1_3' title='bbox 1160 317 1472 377; x_wconf 78' lang='lat' dir='ltr'><strong>SCRIPTIS</strong></span> <span class='ocrx_word' id='word_1_4' title='bbox 1510 319 1568 377; x_wconf 90' lang='lat' dir='ltr'><strong>S.</strong></span> <span class='ocrx_word' id='word_1_5' title='bbox 1610 313 1938 376; x_wconf 78' lang='lat' dir='ltr'><strong>AMBROSII</strong></span> <span class='ocrx_word' id='word_1_6' title='bbox 1976 311 2402 373; x_wconf 82' lang='lat' dir='ltr'><strong>COLLECTUS:</strong></span> 
     </span>
    </p>
   </div>
   <div class='ocr_carea' id='block_1_3' title="bbox 3231 313 3370 372">
    <p class='ocr_par' dir='ltr' id='par_1_3' title="bbox 3231 313 3370 372">
     <span class='ocr_line' id='line_1_3' title="bbox 3231 313 3370 372; baseline 0.029 -4"><span class='ocrx_word' id='word_1_7' title='bbox 3231 313 3370 372; x_wconf 70' lang='grc'><strong>1954</strong></span> 
     </span>
    </p>
   </div>
   <div class='ocr_carea' id='block_1_4' title="bbox 71 425 3381 511">
    <p class='ocr_par' dir='ltr' id='par_1_4' title="bbox 71 425 3381 511">
     <span class='ocr_line' id='line_1_4' title="bbox 71 425 3381 511; baseline -0.004 -16"><span class='ocrx_word' id='word_1_8' title='bbox 71 454 204 495; x_wconf 87' lang='lat' dir='ltr'><strong>rem.</strong></span> <span class='ocrx_word' id='word_1_9' title='bbox 257 435 377 492; x_wconf 82' lang='lat' dir='ltr'><strong>Hoc</strong></span> <span class='ocrx_word' id='word_1_10' title='bbox 405 449 607 508; x_wconf 81' lang='lat' dir='ltr'><strong>vapore</strong></span> <span class='ocrx_word' id='word_1_11' title='bbox 640 434 766 492; x_wconf 86' lang='lat' dir='ltr'><strong>fecit</strong></span> <span class='ocrx_word' id='word_1_12' title='bbox 795 435 1060 492; x_wconf 86' lang='lat' dir='ltr'><strong>Dominus</strong></span> <span class='ocrx_word' id='word_1_13' title='bbox 1105 438 1383 496; x_wconf 87' lang='lat' dir='ltr'><strong>ferventes</strong></span> <span class='ocrx_word' id='word_1_14' title='bbox 1427 441 1667 511; x_wconf 82' lang='lat' dir='ltr'><strong>Angelos</strong></span> <span class='ocrx_word' id='word_1_15' title='bbox 1696 445 1749 507; x_wconf 83' lang='grc' dir='ltr'><strong>Α</strong></span> <span class='ocrx_word' id='word_1_16' title='bbox 1776 437 1976 494; x_wconf 89' lang='lat' dir='ltr'><strong>cimur.</strong></span> <span class='ocrx_word' id='word_1_17' title='bbox 2011 435 2399 490; x_wconf 77' lang='lat' dir='ltr'><strong>Parturiuntur</strong></span> <span class='ocrx_word' id='word_1_18' title='bbox 2429 435 2609 487; x_wconf 89' lang='lat' dir='ltr'><strong>autem</strong></span> <span class='ocrx_word' id='word_1_19' title='bbox 2644 429 2699 486; x_wconf 92' lang='lat' dir='ltr'><strong>in</strong></span> <span class='ocrx_word' id='word_1_20' title='bbox 2731 428 2926 501; x_wconf 83' lang='lat' dir='ltr'><strong>quibus</strong></span> <span class='ocrx_word' id='word_1_21' title='bbox 2958 429 3136 498; x_wconf 86' lang='lat' dir='ltr'><strong>imago</strong></span> <span class='ocrx_word' id='word_1_22' title='bbox 3177 425 3381 482; x_wconf 86' lang='lat' dir='ltr'><strong>Christi</strong></span> 
     </span>
    </p>
   </div>
   <div class='ocr_carea' id='block_1_5' title="bbox 73 528 1667 600">
    <p class='ocr_par' dir='ltr' id='par_1_5' title="bbox 73 528 1667 600">
     <span class='ocr_line' id='line_1_5' title="bbox 73 528 1667 600; baseline -0.001 -17"><span class='ocrx_word' id='word_1_23' title='bbox 73 545 198 584; x_wconf 87' lang='lat' dir='ltr'><strong>suos</strong></span> <span class='ocrx_word' id='word_1_24' title='bbox 253 529 508 598; x_wconf 77' lang='lat' dir='ltr'><strong>spiritus,</strong></span> <span class='ocrx_word' id='word_1_25' title='bbox 551 539 605 582; x_wconf 86' lang='lat' dir='ltr'><strong>et</strong></span> <span class='ocrx_word' id='word_1_26' title='bbox 653 528 932 582; x_wconf 87' lang='lat' dir='ltr'><strong>ministros</strong></span> <span class='ocrx_word' id='word_1_27' title='bbox 987 543 1114 584; x_wconf 91' lang='lat' dir='ltr'><strong>suos</strong></span> <span class='ocrx_word' id='word_1_28' title='bbox 1161 529 1342 600; x_wconf 91' lang='lat' dir='ltr'><strong>ignem</strong></span> <span class='ocrx_word' id='word_1_29' title='bbox 1393 541 1667 597; x_wconf 79' lang='lat' dir='ltr'><strong>urentem,</strong></span> 
     </span>
    </p>
   </div>
   <div class='ocr_carea' id='block_1_6' title="bbox 75 619 1672 694">
    <p class='ocr_par' dir='ltr' id='par_1_6' title="bbox 75 619 1672 694">
     <span class='ocr_line' id='line_1_6' title="bbox 75 619 1672 694; baseline 0.002 -19"><span class='ocrx_word' id='word_1_30' title='bbox 75 621 166 676; x_wconf 89' lang='lat' dir='ltr'><strong>sed</strong></span> <span class='ocrx_word' id='word_1_31' title='bbox 212 635 320 674; x_wconf 89' lang='lat' dir='ltr'><strong>non</strong></span> <span class='ocrx_word' id='word_1_32' title='bbox 370 629 712 675; x_wconf 75' lang='lat' dir='ltr'><strong>exurentem.</strong></span> <span class='ocrx_word' id='word_1_33' title='bbox 760 619 1016 691; x_wconf 78' lang='lat' dir='ltr'><strong>Legimus</strong></span> <span class='ocrx_word' id='word_1_34' title='bbox 1055 629 1111 677; x_wconf 90' lang='lat' dir='ltr'><strong>et</strong></span> <span class='ocrx_word' id='word_1_35' title='bbox 1149 623 1293 678; x_wconf 87' lang='lat' dir='ltr'><strong>alam</strong></span> <span class='ocrx_word' id='word_1_36' title='bbox 1334 624 1545 694; x_wconf 91' lang='lat' dir='ltr'><strong>templi,</strong></span> <span class='ocrx_word' id='word_1_37' title='bbox 1577 639 1672 678; x_wconf 86' lang='lat' dir='ltr'><strong>su-</strong></span> 
     </span>
    </p>
   </div>
   <div class='ocr_carea' id='block_1_7' title="bbox 77 712 1676 783">
    <p class='ocr_par' dir='ltr' id='par_1_7' title="bbox 77 712 1676 783">
     <span class='ocr_line' id='line_1_7' title="bbox 77 712 1676 783; baseline 0.006 -19"><span class='ocrx_word' id='word_1_38' title='bbox 77 729 165 783; x_wconf 81' lang='lat' dir='ltr'><strong>pra</strong></span> <span class='ocrx_word' id='word_1_39' title='bbox 191 727 354 782; x_wconf 90' lang='lat' dir='ltr'><strong>quam</strong></span> <span class='ocrx_word' id='word_1_40' title='bbox 385 712 637 768; x_wconf 82' lang='lat' dir='ltr'><strong>diabolus</strong></span> <span class='ocrx_word' id='word_1_41' title='bbox 665 721 902 781; x_wconf 90' lang='lat' dir='ltr'><strong>tentans,</strong></span> <span class='ocrx_word' id='word_1_42' title='bbox 934 713 1066 769; x_wconf 86' lang='lat' dir='ltr'><strong>fecit</strong></span> <span class='ocrx_word' id='word_1_43' title='bbox 1090 715 1394 772; x_wconf 87' lang='lat' dir='ltr'><strong>ascendere</strong></span> <span class='ocrx_word' id='word_1_44' title='bbox 1427 715 1676 772; x_wconf 87' lang='lat' dir='ltr'><strong>Salvato-</strong></span> 
     </span>
    </p>
   </div>
   <div class='ocr_carea' id='block_1_8' title="bbox 79 803 1674 878">
    <p class='ocr_par' dir='ltr' id='par_1_8' title="bbox 79 803 1674 878">
     <span class='ocr_line' id='line_1_8' title="bbox 79 803 1674 878; baseline 0.003 -19"><span class='ocrx_word' id='word_1_45' title='bbox 79 821 212 872; x_wconf 90' lang='lat' dir='ltr'><strong>rem,</strong></span> <span class='ocrx_word' id='word_1_46' title='bbox 264 818 389 874; x_wconf 72' lang='lat' dir='ltr'><strong>quae</strong></span> <span class='ocrx_word' id='word_1_47' title='bbox 443 813 560 858; x_wconf 90' lang='lat' dir='ltr'><strong>erat</strong></span> <span class='ocrx_word' id='word_1_48' title='bbox 607 803 663 859; x_wconf 91' lang='lat' dir='ltr'><strong>in</strong></span> <span class='ocrx_word' id='word_1_49' title='bbox 693 805 885 876; x_wconf 92' lang='lat' dir='ltr'><strong>templi</strong></span> <span class='ocrx_word' id='word_1_50' title='bbox 935 805 1174 862; x_wconf 91' lang='lat' dir='ltr'><strong>culmine</strong></span> <span class='ocrx_word' id='word_1_51' title='bbox 1215 805 1438 876; x_wconf 78' lang='lat' dir='ltr'><strong>(Matth.</strong></span> <span class='ocrx_word' id='word_1_52' title='bbox 1487 823 1562 875; x_wconf 85' lang='lat' dir='ltr'><strong>tv,</strong></span> <span class='ocrx_word' id='word_1_53' title='bbox 1595 805 1674 878; x_wconf 82' lang='lat'><strong>5).</strong></span> 
     </span>
    </p>
   </div>
   <div class='ocr_carea' id='block_1_9' title="bbox 79 897 1677 969">
    <p class='ocr_par' dir='ltr' id='par_1_9' title="bbox 79 897 1677 969">
     <span class='ocr_line' id='line_1_9' title="bbox 79 897 1677 969; baseline 0.001 -15"><span class='ocrx_word' id='word_1_54' title='bbox 79 899 212 954; x_wconf 90' lang='lat' dir='ltr'><strong>Sunt</strong></span> <span class='ocrx_word' id='word_1_55' title='bbox 250 911 388 968; x_wconf 89' lang='lat' dir='ltr'><strong>ergo</strong></span> <span class='ocrx_word' id='word_1_56' title='bbox 413 897 628 968; x_wconf 84' lang='lat' dir='ltr'><strong>fastigia</strong></span> <span class='ocrx_word' id='word_1_57' title='bbox 659 897 901 969; x_wconf 89' lang='lat' dir='ltr'><strong>pietatis,</strong></span> <span class='ocrx_word' id='word_1_58' title='bbox 931 911 1058 955; x_wconf 90' lang='lat' dir='ltr'><strong>sunt</strong></span> <span class='ocrx_word' id='word_1_59' title='bbox 1100 900 1341 956; x_wconf 84' lang='lat' dir='ltr'><strong>culmina</strong></span> <span class='ocrx_word' id='word_1_60' title='bbox 1369 902 1677 968; x_wconf 86' lang='lat' dir='ltr'><strong>charitatis,</strong></span> 
     </span>
    </p>
   </div>
   <div class='ocr_carea' id='block_1_10' title="bbox 83 989 1682 1060">
    <p class='ocr_par' dir='ltr' id='par_1_10' title="bbox 83 989 1682 1060">
     <span class='ocr_line' id='line_1_10' title="bbox 83 989 1682 1060; baseline 0.001 -16"><span class='ocrx_word' id='word_1_61' title='bbox 83 1004 198 1060; x_wconf 76' lang='lat' dir='ltr'><strong>qua:</strong></span> <span class='ocrx_word' id='word_1_62' title='bbox 252 1003 514 1059; x_wconf 81' lang='lat' dir='ltr'><strong>vaporem</strong></span> <span class='ocrx_word' id='word_1_63' title='bbox 571 989 766 1060; x_wconf 73' lang='lat' dir='ltr'><strong>gratia:</strong></span> <span class='ocrx_word' id='word_1_64' title='bbox 807 991 1120 1060; x_wconf 81' lang='lat' dir='ltr'><strong>pectoribus</strong></span> <span class='ocrx_word' id='word_1_65' title='bbox 1161 990 1416 1046; x_wconf 88' lang='lat' dir='ltr'><strong>humanis</strong></span> <span class='ocrx_word' id='word_1_66' title='bbox 1458 991 1682 1047; x_wconf 87' lang='lat' dir='ltr'><strong>adolere</strong></span> 
     </span>
    </p>
   </div>
   <div class='ocr_carea' id='block_1_11' title="bbox 82 1083 1681 1156">
    <p class='ocr_par' dir='ltr' id='par_1_11' title="bbox 82 1083 1681 1156">
     <span class='ocr_line' id='line_1_11' title="bbox 82 1083 1681 1156; baseline 0 -18"><span class='ocrx_word' id='word_1_67' title='bbox 82 1093 518 1149; x_wconf 87' lang='lat' dir='ltr'><strong>consueverunt;</strong></span> <span class='ocrx_word' id='word_1_68' title='bbox 543 1091 603 1136; x_wconf 92' lang='lat' dir='ltr'><strong>ut</strong></span> <span class='ocrx_word' id='word_1_69' title='bbox 629 1083 796 1137; x_wconf 89' lang='lat' dir='ltr'><strong>multa</strong></span> <span class='ocrx_word' id='word_1_70' title='bbox 828 1097 971 1154; x_wconf 86' lang='lat' dir='ltr'><strong>aqua</strong></span> <span class='ocrx_word' id='word_1_71' title='bbox 993 1085 1346 1155; x_wconf 90' lang='lat' dir='ltr'><strong>exstinguere</strong></span> <span class='ocrx_word' id='word_1_72' title='bbox 1381 1094 1545 1156; x_wconf 90' lang='lat' dir='ltr'><strong>atque</strong></span> <span class='ocrx_word' id='word_1_73' title='bbox 1581 1099 1681 1140; x_wconf 82' lang='lat' dir='ltr'><strong>ex-</strong></span> 
     </span>
    </p>
   </div>
   <div class='ocr_carea' id='block_1_12' title="bbox 86 1174 1686 1245">
    <p class='ocr_par' dir='ltr' id='par_1_12' title="bbox 86 1174 1686 1245">
     <span class='ocr_line' id='line_1_12' title="bbox 86 1174 1686 1245; baseline 0.001 -15"><span class='ocrx_word' id='word_1_74' title='bbox 86 1174 299 1231; x_wconf 88' lang='lat' dir='ltr'><strong>cludere</strong></span> <span class='ocrx_word' id='word_1_75' title='bbox 327 1189 437 1230; x_wconf 91' lang='lat' dir='ltr'><strong>non</strong></span> <span class='ocrx_word' id='word_1_76' title='bbox 468 1187 630 1245; x_wconf 80' lang='lat' dir='ltr'><strong>queat</strong></span> <span class='ocrx_word' id='word_1_77' title='bbox 660 1177 1010 1244; x_wconf 87' lang='lat' dir='ltr'><strong>charitatem,</strong></span> <span class='ocrx_word' id='word_1_78' title='bbox 1045 1189 1098 1234; x_wconf 92' lang='lat' dir='ltr'><strong>et</strong></span> <span class='ocrx_word' id='word_1_79' title='bbox 1120 1177 1341 1233; x_wconf 84' lang='lat' dir='ltr'><strong>ﬂumina</strong></span> <span class='ocrx_word' id='word_1_80' title='bbox 1361 1193 1484 1234; x_wconf 87' lang='lat' dir='ltr'><strong>eam</strong></span> <span class='ocrx_word' id='word_1_81' title='bbox 1511 1192 1686 1234; x_wconf 81' lang='lat' dir='ltr'><strong>saecu-</strong></span> 
     </span>
    </p>
   </div>
   <div class='ocr_carea' id='block_1_13' title="bbox 92 1269 1686 1340">
    <p class='ocr_par' dir='ltr' id='par_1_13' title="bbox 92 1269 1686 1340">
     <span class='ocr_line' id='line_1_13' title="bbox 92 1269 1686 1340; baseline 0.001 -17"><span class='ocrx_word' id='word_1_82' title='bbox 92 1269 282 1324; x_wconf 87' lang='lat' dir='ltr'><strong>larium</strong></span> <span class='ocrx_word' id='word_1_83' title='bbox 307 1275 699 1337; x_wconf 84' lang='lat' dir='ltr'><strong>tempestatum</strong></span> <span class='ocrx_word' id='word_1_84' title='bbox 726 1269 872 1323; x_wconf 88' lang='lat' dir='ltr'><strong>nulla</strong></span> <span class='ocrx_word' id='word_1_85' title='bbox 895 1269 1244 1325; x_wconf 88' lang='lat' dir='ltr'><strong>concludant.</strong></span> <span class='ocrx_word' id='word_1_86' title='bbox 1286 1270 1532 1326; x_wconf 81' lang='lat' dir='ltr'><strong>Diximus</strong></span> <span class='ocrx_word' id='word_1_87' title='bbox 1560 1271 1686 1340; x_wconf 88' lang='lat' dir='ltr'><strong>quia</strong></span> 
     </span>
    </p>
   </div>
   <div class='ocr_carea' id='block_1_14' title="bbox 92 1360 1689 1436">
    <p class='ocr_par' dir='ltr' id='par_1_14' title="bbox 92 1360 1689 1436">
     <span class='ocr_line' id='line_1_14' title="bbox 92 1360 1689 1436; baseline 0 -19"><span class='ocrx_word' id='word_1_88' title='bbox 92 1361 319 1417; x_wconf 83' lang='lat' dir='ltr'><strong>charitas</strong></span> <span class='ocrx_word' id='word_1_89' title='bbox 340 1360 587 1416; x_wconf 88' lang='lat' dir='ltr'><strong>excludit</strong></span> <span class='ocrx_word' id='word_1_90' title='bbox 619 1363 896 1430; x_wconf 88' lang='lat' dir='ltr'><strong>timorem,</strong></span> <span class='ocrx_word' id='word_1_91' title='bbox 929 1379 1036 1418; x_wconf 91' lang='lat' dir='ltr'><strong>non</strong></span> <span class='ocrx_word' id='word_1_92' title='bbox 1065 1363 1305 1418; x_wconf 73' lang='lat' dir='ltr'><strong>diximus</strong></span> <span class='ocrx_word' id='word_1_93' title='bbox 1334 1364 1478 1436; x_wconf 92' lang='lat' dir='ltr'><strong>quod</strong></span> <span class='ocrx_word' id='word_1_94' title='bbox 1503 1364 1689 1419; x_wconf 84' lang='lat' dir='ltr'><strong>exclu-</strong></span> 
     </span>
    </p>
   </div>
   <div class='ocr_carea' id='block_1_15' title="bbox 95 1453 1688 1528">
    <p class='ocr_par' dir='ltr' id='par_1_15' title="bbox 95 1453 1688 1528">
     <span class='ocr_line' id='line_1_15' title="bbox 95 1453 1688 1528; baseline 0.001 -19"><span class='ocrx_word' id='word_1_95' title='bbox 95 1453 169 1509; x_wconf 87' lang='lat' dir='ltr'><strong>dit</strong></span> <span class='ocrx_word' id='word_1_96' title='bbox 218 1467 436 1508; x_wconf 89' lang='lat' dir='ltr'><strong>omnem</strong></span> <span class='ocrx_word' id='word_1_97' title='bbox 497 1454 1008 1522; x_wconf 85' lang='lat' dir='ltr'><strong>perturbationem;</strong></span> <span class='ocrx_word' id='word_1_98' title='bbox 1090 1457 1292 1511; x_wconf 85' lang='lat' dir='ltr'><strong>etenim</strong></span> <span class='ocrx_word' id='word_1_99' title='bbox 1368 1457 1461 1528; x_wconf 90' lang='lat' dir='ltr'><strong>qui</strong></span> <span class='ocrx_word' id='word_1_100' title='bbox 1518 1457 1688 1512; x_wconf 91' lang='lat' dir='ltr'><strong>Deum</strong></span> 
     </span>
    </p>
   </div>
   <div class='ocr_carea' id='block_1_16' title="bbox 98 1546 1690 1622">
    <p class='ocr_par' dir='ltr' id='par_1_16' title="bbox 98 1546 1690 1622">
     <span class='ocr_line' id='line_1_16' title="bbox 98 1546 1690 1622; baseline 0.003 -20"><span class='ocrx_word' id='word_1_101' title='bbox 98 1547 284 1619; x_wconf 88' lang='lat' dir='ltr'><strong>diligit,</strong></span> <span class='ocrx_word' id='word_1_102' title='bbox 319 1546 589 1618; x_wconf 87' lang='lat' dir='ltr'><strong>profunda</strong></span> <span class='ocrx_word' id='word_1_103' title='bbox 619 1557 703 1604; x_wconf 89' lang='lat' dir='ltr'><strong>est</strong></span> <span class='ocrx_word' id='word_1_104' title='bbox 731 1549 780 1604; x_wconf 92' lang='lat' dir='ltr'><strong>ei</strong></span> <span class='ocrx_word' id='word_1_105' title='bbox 808 1549 1142 1605; x_wconf 74' lang='lat' dir='ltr'><strong>conﬁrmata:</strong></span> <span class='ocrx_word' id='word_1_106' title='bbox 1186 1550 1384 1606; x_wconf 92' lang='lat' dir='ltr'><strong>mentis</strong></span> <span class='ocrx_word' id='word_1_107' title='bbox 1425 1551 1690 1622; x_wconf 89' lang='lat' dir='ltr'><strong>tranquil-</strong></span> 
     </span>
    </p>
   </div>
   <div class='ocr_carea' id='block_1_17' title="bbox 101 1642 234 1697">
    <p class='ocr_par' dir='ltr' id='par_1_17' title="bbox 101 1642 234 1697">
     <span class='ocr_line' id='line_1_17' title="bbox 101 1642 234 1697; baseline -0.015 0"><span class='ocrx_word' id='word_1_108' title='bbox 101 1642 234 1697; x_wconf 88' lang='lat' dir='ltr'><strong>litas.</strong></span> 
     </span>
    </p>
   </div>
   <div class='ocr_carea' id='block_1_18' title="bbox 165 1732 1694 1806">
    <p class='ocr_par' dir='ltr' id='par_1_18' title="bbox 165 1732 1694 1806">
     <span class='ocr_line' id='line_1_18' title="bbox 165 1732 1694 1806; baseline -0.001 -17"><span class='ocrx_word' id='word_1_109' title='bbox 247 1733 433 1804; x_wconf 84' lang='lat' dir='ltr'><strong>(Vers.</strong></span> <span class='ocrx_word' id='word_1_110' title='bbox 460 1733 514 1788; x_wconf 79' lang='lat'><strong>7.</strong></span> <span class='ocrx_word' id='word_1_111' title='bbox 541 1732 607 1806; x_wconf 61' lang='lat' dir='ltr'><strong>)‘t</strong></span> <span class='ocrx_word' id='word_1_112' title='bbox 653 1734 839 1806; x_wconf 69' lang='lat' dir='ltr'><strong>Aquaz,</strong></span> <span class='ocrx_word' id='word_1_113' title='bbox 880 1735 1076 1806; x_wconf 87' lang='lat' dir='ltr'><strong>inquit,</strong></span> <span class='ocrx_word' id='word_1_114' title='bbox 1108 1736 1286 1790; x_wconf 67' lang='lat' dir='ltr'><strong>multa:</strong></span> <span class='ocrx_word' id='word_1_115' title='bbox 1315 1752 1418 1790; x_wconf 85' lang='lat' dir='ltr'><strong>non</strong></span> <span class='ocrx_word' id='word_1_116' title='bbox 1458 1742 1694 1805; x_wconf 86' lang='lat' dir='ltr'><strong>poterunt</strong></span> 
     </span>
    </p>
   </div>
   <div class='ocr_carea' id='block_1_19' title="bbox 1772 519 3378 597">
    <p class='ocr_par' dir='ltr' id='par_1_19' title="bbox 1772 519 3378 597">
     <span class='ocr_line' id='line_1_19' title="bbox 1772 519 3378 597; baseline -0.006 -15"><span class='ocrx_word' id='word_1_117' title='bbox 1772 530 2065 594; x_wconf 85' lang='lat' dir='ltr'><strong>iormatur,</strong></span> <span class='ocrx_word' id='word_1_118' title='bbox 2118 525 2261 580; x_wconf 89' lang='lat' dir='ltr'><strong>unde</strong></span> <span class='ocrx_word' id='word_1_119' title='bbox 2303 523 2515 597; x_wconf 63' lang='lat'><strong>1614</strong></span> <span class='ocrx_word' id='word_1_120' title='bbox 2545 533 2598 578; x_wconf 89' lang='lat' dir='ltr'><strong>et</strong></span> <span class='ocrx_word' id='word_1_121' title='bbox 2627 523 2826 578; x_wconf 85' lang='lat' dir='ltr'><strong>Paulus</strong></span> <span class='ocrx_word' id='word_1_122' title='bbox 2863 521 2938 576; x_wconf 84' lang='lat' dir='ltr'><strong>ait</strong></span> <span class='ocrx_word' id='word_1_123' title='bbox 2971 538 2982 574; x_wconf 91' lang='lat'><strong>:</strong></span> <span class='ocrx_word' id='word_1_124' title='bbox 3030 519 3213 573; x_wconf 62' lang='grc' dir='ltr'><strong>Ναυῆ</strong></span> <span class='ocrx_word' id='word_1_125' title='bbox 3252 533 3378 588; x_wconf 83' lang='lat' dir='ltr'><strong>quos</strong></span> 
     </span>
    </p>
   </div>
   <div class='ocr_carea' id='block_1_20' title="bbox 1773 612 3376 694">
    <p class='ocr_par' dir='ltr' id='par_1_20' title="bbox 1773 612 3376 694">
     <span class='ocr_line' id='line_1_20' title="bbox 1773 612 3376 694; baseline -0.009 -15"><span class='ocrx_word' id='word_1_126' title='bbox 1773 640 1867 694; x_wconf 84' lang='lat' dir='ltr'><strong>ego</strong></span> <span class='ocrx_word' id='word_1_127' title='bbox 1890 623 2148 694; x_wconf 83' lang='lat' dir='ltr'><strong>parturio,</strong></span> <span class='ocrx_word' id='word_1_128' title='bbox 2174 623 2338 676; x_wconf 84' lang='lat' dir='ltr'><strong>donec</strong></span> <span class='ocrx_word' id='word_1_129' title='bbox 2368 625 2622 691; x_wconf 71' lang='lat' dir='ltr'><strong>{oranelur</strong></span> <span class='ocrx_word' id='word_1_130' title='bbox 2649 615 2883 672; x_wconf 84' lang='lat' dir='ltr'><strong>Christus</strong></span> <span class='ocrx_word' id='word_1_131' title='bbox 2915 616 2967 670; x_wconf 85' lang='lat' dir='ltr'><strong>in</strong></span> <span class='ocrx_word' id='word_1_132' title='bbox 2993 614 3133 670; x_wconf 83' lang='lat' dir='ltr'><strong>vobis</strong></span> <span class='ocrx_word' id='word_1_133' title='bbox 3175 612 3376 688; x_wconf 78' lang='lat' dir='ltr'><strong>(Colat.</strong></span> 
     </span>
    </p>
   </div>
   <div class='ocr_carea' id='block_1_21' title="bbox 1776 707 3383 789">
    <p class='ocr_par' dir='ltr' id='par_1_21' title="bbox 1776 707 3383 789">
     <span class='ocr_line' id='line_1_21' title="bbox 1776 707 3383 789; baseline -0.007 -15"><span class='ocrx_word' id='word_1_134' title='bbox 1776 735 1851 785; x_wconf 89' lang='lat' dir='ltr'><strong>tv,</strong></span> <span class='ocrx_word' id='word_1_135' title='bbox 1903 718 2020 789; x_wconf 84' lang='grc'><strong>19).</strong></span> <span class='ocrx_word' id='word_1_136' title='bbox 2054 718 2348 773; x_wconf 87' lang='lat' dir='ltr'><strong>Parturivit</strong></span> <span class='ocrx_word' id='word_1_137' title='bbox 2377 716 2526 772; x_wconf 91' lang='lat' dir='ltr'><strong>enim</strong></span> <span class='ocrx_word' id='word_1_138' title='bbox 2558 715 2649 785; x_wconf 94' lang='lat' dir='ltr'><strong>qui</strong></span> <span class='ocrx_word' id='word_1_139' title='bbox 2679 713 2735 769; x_wconf 89' lang='lat' dir='ltr'><strong>in</strong></span> <span class='ocrx_word' id='word_1_140' title='bbox 2774 721 2932 768; x_wconf 89' lang='lat' dir='ltr'><strong>utero</strong></span> <span class='ocrx_word' id='word_1_141' title='bbox 2974 709 3173 780; x_wconf 85' lang='lat' dir='ltr'><strong>accipit</strong></span> <span class='ocrx_word' id='word_1_142' title='bbox 3217 707 3383 778; x_wconf 88' lang='lat' dir='ltr'><strong>spiri-</strong></span> 
     </span>
    </p>
   </div>
   <div class='ocr_carea' id='block_1_22' title="bbox 1779 799 3386 875">
    <p class='ocr_par' dir='ltr' id='par_1_22' title="bbox 1779 799 3386 875">
     <span class='ocr_line' id='line_1_22' title="bbox 1779 799 3386 875; baseline -0.008 -9"><span class='ocrx_word' id='word_1_143' title='bbox 1779 821 1891 866; x_wconf 90' lang='lat' dir='ltr'><strong>tum</strong></span> <span class='ocrx_word' id='word_1_144' title='bbox 1914 810 2131 873; x_wconf 84' lang='lat' dir='ltr'><strong>salutis,</strong></span> <span class='ocrx_word' id='word_1_145' title='bbox 2159 819 2214 864; x_wconf 90' lang='lat' dir='ltr'><strong>et</strong></span> <span class='ocrx_word' id='word_1_146' title='bbox 2239 808 2361 864; x_wconf 89' lang='lat' dir='ltr'><strong>aliis</strong></span> <span class='ocrx_word' id='word_1_147' title='bbox 2391 807 2648 863; x_wconf 84' lang='lat' dir='ltr'><strong>infundit.</strong></span> <span class='ocrx_word' id='word_1_148' title='bbox 2680 804 2834 862; x_wconf 83' lang='lat' dir='ltr'><strong>Unde</strong></span> <span class='ocrx_word' id='word_1_149' title='bbox 2855 803 3116 875; x_wconf 89' lang='lat' dir='ltr'><strong>quoniam</strong></span> <span class='ocrx_word' id='word_1_150' title='bbox 3133 803 3244 872; x_wconf 89' lang='lat' dir='ltr'><strong>jam</strong></span> <span class='ocrx_word' id='word_1_151' title='bbox 3273 799 3386 854; x_wconf 84' lang='lat' dir='ltr'><strong>for-</strong></span> 
     </span>
    </p>
   </div>
   <div class='ocr_carea' id='block_1_23' title="bbox 1780 898 2758 964">
    <p class='ocr_par' dir='ltr' id='par_1_23' title="bbox 1780 898 2758 964">
     <span class='ocr_line' id='line_1_23' title="bbox 1780 898 2758 964; baseline -0.006 -6"><span class='ocrx_word' id='word_1_152' title='bbox 1780 913 1960 958; x_wconf 90' lang='lat' dir='ltr'><strong>matus</strong></span> <span class='ocrx_word' id='word_1_153' title='bbox 1987 904 2039 957; x_wconf 92' lang='lat' dir='ltr'><strong>in</strong></span> <span class='ocrx_word' id='word_1_154' title='bbox 2065 904 2167 956; x_wconf 91' lang='lat' dir='ltr'><strong>hac</strong></span> <span class='ocrx_word' id='word_1_155' title='bbox 2195 909 2315 956; x_wconf 88' lang='lat' dir='ltr'><strong>erat</strong></span> <span class='ocrx_word' id='word_1_156' title='bbox 2339 898 2615 964; x_wconf 85' lang='lat' dir='ltr'><strong>Christus,</strong></span> <span class='ocrx_word' id='word_1_157' title='bbox 2643 901 2719 953; x_wconf 88' lang='lat' dir='ltr'><strong>ait</strong></span> <span class='ocrx_word' id='word_1_158' title='bbox 2745 916 2758 952; x_wconf 92' lang='lat'><strong>:</strong></span> 
     </span>
    </p>
   </div>
   <div class='ocr_carea' id='block_1_24' title="bbox 1853 990 3382 1070">
    <p class='ocr_par' dir='ltr' id='par_1_24' title="bbox 1853 990 3382 1070">
     <span class='ocr_line' id='line_1_24' title="bbox 1853 990 3382 1070; baseline -0.009 -17"><span class='ocrx_word' id='word_1_159' title='bbox 1853 999 1908 1053; x_wconf 90' lang='grc'><strong>9.</strong></span> <span class='ocrx_word' id='word_1_160' title='bbox 1939 997 2121 1070; x_wconf 85' lang='lat' dir='ltr'><strong>(Vers.</strong></span> <span class='ocrx_word' id='word_1_161' title='bbox 2153 995 2235 1066; x_wconf 89' lang='lat'><strong>6.)</strong></span> <span class='ocrx_word' id='word_1_162' title='bbox 2269 995 2414 1049; x_wconf 85' lang='lat' dir='ltr'><strong>Pone</strong></span> <span class='ocrx_word' id='word_1_163' title='bbox 2440 1010 2520 1048; x_wconf 85' lang='lat' dir='ltr'><strong>me</strong></span> <span class='ocrx_word' id='word_1_164' title='bbox 2544 1003 2601 1048; x_wconf 86' lang='lat' dir='ltr'><strong>ut</strong></span> <span class='ocrx_word' id='word_1_165' title='bbox 2637 991 2965 1064; x_wconf 75' lang='lat' dir='ltr'><strong>signaculum</strong></span> <span class='ocrx_word' id='word_1_166' title='bbox 3004 990 3064 1044; x_wconf 91' lang='lat' dir='ltr'><strong>in</strong></span> <span class='ocrx_word' id='word_1_167' title='bbox 3096 1004 3186 1044; x_wconf 89' lang='lat' dir='ltr'><strong>cor</strong></span> <span class='ocrx_word' id='word_1_168' title='bbox 3215 997 3382 1053; x_wconf 87' lang='lat' dir='ltr'><strong>tuum,</strong></span> 
     </span>
    </p>
   </div>
   <div class='ocr_carea' id='block_1_25' title="bbox 1785 1079 3388 1160">
    <p class='ocr_par' dir='ltr' id='par_1_25' title="bbox 1785 1079 3388 1160">
     <span class='ocr_line' id='line_1_25' title="bbox 1785 1079 3388 1160; baseline -0.006 -17"><span class='ocrx_word' id='word_1_169' title='bbox 1785 1099 1841 1144; x_wconf 86' lang='lat' dir='ltr'><strong>ut</strong></span> <span class='ocrx_word' id='word_1_170' title='bbox 1863 1089 2097 1160; x_wconf 76' lang='lat' dir='ltr'><strong>sigillum</strong></span> <span class='ocrx_word' id='word_1_171' title='bbox 2126 1089 2180 1142; x_wconf 84' lang='lat' dir='ltr'><strong>in</strong></span> <span class='ocrx_word' id='word_1_172' title='bbox 2208 1088 2476 1141; x_wconf 76' lang='lat' dir='ltr'><strong>brachium</strong></span> <span class='ocrx_word' id='word_1_173' title='bbox 2509 1094 2675 1140; x_wconf 86' lang='lat' dir='ltr'><strong>tuum.</strong></span> <span class='ocrx_word' id='word_1_174' title='bbox 2709 1082 3059 1154; x_wconf 87' lang='lat' dir='ltr'><strong>Signaculum</strong></span> <span class='ocrx_word' id='word_1_175' title='bbox 3089 1080 3291 1136; x_wconf 88' lang='lat' dir='ltr'><strong>Christi</strong></span> <span class='ocrx_word' id='word_1_176' title='bbox 3331 1079 3388 1133; x_wconf 87' lang='lat' dir='ltr'><strong>in</strong></span> 
     </span>
    </p>
   </div>
   <div class='ocr_carea' id='block_1_26' title="bbox 1786 1176 3389 1250">
    <p class='ocr_par' dir='ltr' id='par_1_26' title="bbox 1786 1176 3389 1250">
     <span class='ocr_line' id='line_1_26' title="bbox 1786 1176 3389 1250; baseline -0.006 -12"><span class='ocrx_word' id='word_1_177' title='bbox 1786 1183 1967 1238; x_wconf 79' lang='lat' dir='ltr'><strong>fronte</strong></span> <span class='ocrx_word' id='word_1_178' title='bbox 1995 1189 2099 1248; x_wconf 88' lang='lat' dir='ltr'><strong>est,</strong></span> <span class='ocrx_word' id='word_1_179' title='bbox 2124 1181 2466 1250; x_wconf 81' lang='lat' dir='ltr'><strong>signaculum</strong></span> <span class='ocrx_word' id='word_1_180' title='bbox 2495 1180 2551 1234; x_wconf 91' lang='lat' dir='ltr'><strong>in</strong></span> <span class='ocrx_word' id='word_1_181' title='bbox 2578 1179 2742 1234; x_wconf 88' lang='lat' dir='ltr'><strong>corde</strong></span> <span class='ocrx_word' id='word_1_182' title='bbox 2779 1195 2792 1230; x_wconf 94' lang='lat'><strong>:</strong></span> <span class='ocrx_word' id='word_1_183' title='bbox 2821 1179 2876 1231; x_wconf 92' lang='lat' dir='ltr'><strong>in</strong></span> <span class='ocrx_word' id='word_1_184' title='bbox 2901 1176 3106 1242; x_wconf 91' lang='lat' dir='ltr'><strong>fronte,</strong></span> <span class='ocrx_word' id='word_1_185' title='bbox 3154 1184 3211 1229; x_wconf 92' lang='lat' dir='ltr'><strong>ut</strong></span> <span class='ocrx_word' id='word_1_186' title='bbox 3241 1188 3389 1229; x_wconf 89' lang='lat' dir='ltr'><strong>sem-</strong></span> 
     </span>
    </p>
   </div>
   <div class='ocr_carea' id='block_1_27' title="bbox 1789 1266 3390 1345">
    <p class='ocr_par' dir='ltr' id='par_1_27' title="bbox 1789 1266 3390 1345">
     <span class='ocr_line' id='line_1_27' title="bbox 1789 1266 3390 1345; baseline -0.002 -19"><span class='ocrx_word' id='word_1_187' title='bbox 1789 1289 1885 1345; x_wconf 87' lang='lat' dir='ltr'><strong>per</strong></span> <span class='ocrx_word' id='word_1_188' title='bbox 1911 1274 2271 1329; x_wconf 87' lang='lat' dir='ltr'><strong>conliteamur</strong></span> <span class='ocrx_word' id='word_1_189' title='bbox 2305 1288 2320 1327; x_wconf 91' lang='lat'><strong>:</strong></span> <span class='ocrx_word' id='word_1_190' title='bbox 2362 1272 2415 1326; x_wconf 93' lang='lat' dir='ltr'><strong>in</strong></span> <span class='ocrx_word' id='word_1_191' title='bbox 2448 1272 2638 1338; x_wconf 89' lang='lat' dir='ltr'><strong>corde,</strong></span> <span class='ocrx_word' id='word_1_192' title='bbox 2670 1278 2730 1325; x_wconf 90' lang='lat' dir='ltr'><strong>ut</strong></span> <span class='ocrx_word' id='word_1_193' title='bbox 2790 1283 3008 1339; x_wconf 87' lang='lat' dir='ltr'><strong>semper</strong></span> <span class='ocrx_word' id='word_1_194' title='bbox 3053 1266 3345 1338; x_wconf 77' lang='lat' dir='ltr'><strong>diligamus</strong></span> <span class='ocrx_word' id='word_1_195' title='bbox 3373 1280 3390 1322; x_wconf 91' lang='lat'><strong>:</strong></span> 
     </span>
    </p>
   </div>
   <div class='ocr_carea' id='block_1_28' title="bbox 1788 1359 3396 1439">
    <p class='ocr_par' dir='ltr' id='par_1_28' title="bbox 1788 1359 3396 1439">
     <span class='ocr_line' id='line_1_28' title="bbox 1788 1359 3396 1439; baseline -0.006 -16"><span class='ocrx_word' id='word_1_196' title='bbox 1788 1367 2131 1439; x_wconf 77' lang='lat' dir='ltr'><strong>signaculum</strong></span> <span class='ocrx_word' id='word_1_197' title='bbox 2165 1367 2218 1421; x_wconf 93' lang='lat' dir='ltr'><strong>in</strong></span> <span class='ocrx_word' id='word_1_198' title='bbox 2251 1365 2492 1431; x_wconf 88' lang='lat' dir='ltr'><strong>brachio,</strong></span> <span class='ocrx_word' id='word_1_199' title='bbox 2524 1373 2582 1420; x_wconf 92' lang='lat' dir='ltr'><strong>ut</strong></span> <span class='ocrx_word' id='word_1_200' title='bbox 2603 1378 2824 1434; x_wconf 89' lang='lat' dir='ltr'><strong>semper</strong></span> <span class='ocrx_word' id='word_1_201' title='bbox 2852 1375 3165 1433; x_wconf 89' lang='lat' dir='ltr'><strong>operemur.</strong></span> <span class='ocrx_word' id='word_1_202' title='bbox 3191 1359 3396 1414; x_wconf 86' lang='lat' dir='ltr'><strong>Luceat</strong></span> 
     </span>
    </p>
   </div>
   <div class='ocr_carea' id='block_1_29' title="bbox 1791 1451 3398 1530">
    <p class='ocr_par' dir='ltr' id='par_1_29' title="bbox 1791 1451 3398 1530">
     <span class='ocr_line' id='line_1_29' title="bbox 1791 1451 3398 1530; baseline -0.004 -15"><span class='ocrx_word' id='word_1_203' title='bbox 1791 1474 1923 1529; x_wconf 86' lang='lat' dir='ltr'><strong>ergo</strong></span> <span class='ocrx_word' id='word_1_204' title='bbox 1965 1461 2144 1530; x_wconf 80' lang='lat' dir='ltr'><strong>imago</strong></span> <span class='ocrx_word' id='word_1_205' title='bbox 2191 1458 2311 1528; x_wconf 83' lang='lat' dir='ltr'><strong>ejus</strong></span> <span class='ocrx_word' id='word_1_206' title='bbox 2365 1458 2419 1513; x_wconf 92' lang='lat' dir='ltr'><strong>in</strong></span> <span class='ocrx_word' id='word_1_207' title='bbox 2458 1457 2808 1513; x_wconf 82' lang='lat' dir='ltr'><strong>confessione</strong></span> <span class='ocrx_word' id='word_1_208' title='bbox 2853 1463 3069 1520; x_wconf 87' lang='lat' dir='ltr'><strong>nostra,</strong></span> <span class='ocrx_word' id='word_1_209' title='bbox 3123 1453 3305 1509; x_wconf 90' lang='lat' dir='ltr'><strong>luceat</strong></span> <span class='ocrx_word' id='word_1_210' title='bbox 3341 1451 3398 1509; x_wconf 92' lang='lat' dir='ltr'><strong>in</strong></span> 
     </span>
    </p>
   </div>
   <div class='ocr_carea' id='block_1_30' title="bbox 1792 1541 3398 1620">
    <p class='ocr_par' dir='ltr' id='par_1_30' title="bbox 1792 1541 3398 1620">
     <span class='ocr_line' id='line_1_30' title="bbox 1792 1541 3398 1620; baseline -0.006 -13"><span class='ocrx_word' id='word_1_211' title='bbox 1792 1551 2052 1617; x_wconf 90' lang='lat' dir='ltr'><strong>lectione,</strong></span> <span class='ocrx_word' id='word_1_212' title='bbox 2101 1552 2282 1606; x_wconf 88' lang='lat' dir='ltr'><strong>luceat</strong></span> <span class='ocrx_word' id='word_1_213' title='bbox 2333 1551 2386 1606; x_wconf 90' lang='lat' dir='ltr'><strong>in</strong></span> <span class='ocrx_word' id='word_1_214' title='bbox 2442 1549 2703 1620; x_wconf 88' lang='lat' dir='ltr'><strong>operibus</strong></span> <span class='ocrx_word' id='word_1_215' title='bbox 2749 1559 2805 1604; x_wconf 88' lang='lat' dir='ltr'><strong>et</strong></span> <span class='ocrx_word' id='word_1_216' title='bbox 2832 1548 3024 1612; x_wconf 86' lang='lat' dir='ltr'><strong>factis;</strong></span> <span class='ocrx_word' id='word_1_217' title='bbox 3079 1554 3137 1602; x_wconf 89' lang='lat' dir='ltr'><strong>ut</strong></span> <span class='ocrx_word' id='word_1_218' title='bbox 3183 1546 3229 1602; x_wconf 93' lang='lat' dir='ltr'><strong>si</strong></span> <span class='ocrx_word' id='word_1_219' title='bbox 3273 1541 3398 1600; x_wconf 84' lang='lat' dir='ltr'><strong>fieri</strong></span> 
     </span>
    </p>
   </div>
   <div class='ocr_carea' id='block_1_31' title="bbox 1797 1638 3402 1717">
    <p class='ocr_par' dir='ltr' id='par_1_31' title="bbox 1797 1638 3402 1717">
     <span class='ocr_line' id='line_1_31' title="bbox 1797 1638 3402 1717; baseline -0.004 -17"><span class='ocrx_word' id='word_1_220' title='bbox 1797 1653 1994 1717; x_wconf 84' lang='lat' dir='ltr'><strong>potest,</strong></span> <span class='ocrx_word' id='word_1_221' title='bbox 2031 1655 2143 1699; x_wconf 87' lang='lat' dir='ltr'><strong>tota</strong></span> <span class='ocrx_word' id='word_1_222' title='bbox 2197 1645 2319 1715; x_wconf 83' lang='lat' dir='ltr'><strong>ejus</strong></span> <span class='ocrx_word' id='word_1_223' title='bbox 2365 1643 2578 1715; x_wconf 88' lang='lat' dir='ltr'><strong>species</strong></span> <span class='ocrx_word' id='word_1_224' title='bbox 2605 1642 2946 1712; x_wconf 81' lang='lat' dir='ltr'><strong>exprimatur</strong></span> <span class='ocrx_word' id='word_1_225' title='bbox 2978 1643 3032 1696; x_wconf 92' lang='lat' dir='ltr'><strong>in</strong></span> <span class='ocrx_word' id='word_1_226' title='bbox 3065 1638 3246 1696; x_wconf 91' lang='lat' dir='ltr'><strong>nobis.</strong></span> <span class='ocrx_word' id='word_1_227' title='bbox 3279 1639 3402 1708; x_wconf 87' lang='lat' dir='ltr'><strong>Ipse</strong></span> 
     </span>
    </p>
   </div>
   <div class='ocr_carea' id='block_1_32' title="bbox 1797 1732 3402 1809">
    <p class='ocr_par' dir='ltr' id='par_1_32' title="bbox 1797 1732 3402 1809">
     <span class='ocr_line' id='line_1_32' title="bbox 1797 1732 3402 1809; baseline -0.004 -15"><span class='ocrx_word' id='word_1_228' title='bbox 1797 1741 1869 1794; x_wconf 94' lang='lat' dir='ltr'><strong>sit</strong></span> <span class='ocrx_word' id='word_1_229' title='bbox 1897 1747 2062 1808; x_wconf 89' lang='lat' dir='ltr'><strong>caput</strong></span> <span class='ocrx_word' id='word_1_230' title='bbox 2102 1749 2374 1804; x_wconf 92' lang='lat' dir='ltr'><strong>nostrum,</strong></span> <span class='ocrx_word' id='word_1_231' title='bbox 2419 1738 2545 1809; x_wconf 91' lang='lat' dir='ltr'><strong>quia</strong></span> <span class='ocrx_word' id='word_1_232' title='bbox 2591 1747 2753 1806; x_wconf 91' lang='lat' dir='ltr'><strong>caput</strong></span> <span class='ocrx_word' id='word_1_233' title='bbox 2797 1735 2906 1790; x_wconf 91' lang='lat' dir='ltr'><strong>viri</strong></span> <span class='ocrx_word' id='word_1_234' title='bbox 2951 1735 3240 1791; x_wconf 85' lang='lat' dir='ltr'><strong>Christus:</strong></span> <span class='ocrx_word' id='word_1_235' title='bbox 3282 1732 3402 1803; x_wconf 82' lang='lat' dir='ltr'><strong>ipse</strong></span> 
     </span>
    </p>
   </div>
   <div class='ocr_carea' id='block_1_33' title="bbox 106 1828 3401 1906">
    <p class='ocr_par' dir='ltr' id='par_1_33' title="bbox 106 1828 3401 1906">
     <span class='ocr_line' id='line_1_33' title="bbox 106 1828 3401 1906; baseline -0 -24"><span class='ocrx_word' id='word_1_236' title='bbox 106 1828 365 1884; x_wconf 67' lang='lat' dir='ltr'><strong>excludere</strong></span> <span class='ocrx_word' id='word_1_237' title='bbox 401 1832 727 1897; x_wconf 85' lang='lat' dir='ltr'><strong>charitatem,</strong></span> <span class='ocrx_word' id='word_1_238' title='bbox 779 1839 829 1884; x_wconf 86' lang='lat' dir='ltr'><strong>et</strong></span> <span class='ocrx_word' id='word_1_239' title='bbox 869 1830 1086 1899; x_wconf 76' lang='lat' dir='ltr'><strong>[Iuntina</strong></span> <span class='ocrx_word' id='word_1_240' title='bbox 1112 1845 1215 1884; x_wconf 84' lang='lat' dir='ltr'><strong>non</strong></span> <span class='ocrx_word' id='word_1_241' title='bbox 1254 1828 1577 1884; x_wconf 83' lang='lat' dir='ltr'><strong>inundabunt</strong></span> <span class='ocrx_word' id='word_1_242' title='bbox 1607 1829 1693 1898; x_wconf 89' lang='lat' dir='ltr'><strong>ip-</strong></span> <span class='ocrx_word' id='word_1_243' title='bbox 1724 1843 1771 1906; x_wconf 75' lang='grc' dir='ltr'><strong>Β</strong></span> <span class='ocrx_word' id='word_1_244' title='bbox 1799 1832 1991 1888; x_wconf 88' lang='lat' dir='ltr'><strong>oculus</strong></span> <span class='ocrx_word' id='word_1_245' title='bbox 2021 1841 2227 1900; x_wconf 82' lang='lat' dir='ltr'><strong>noster,</strong></span> <span class='ocrx_word' id='word_1_246' title='bbox 2257 1840 2314 1886; x_wconf 85' lang='lat' dir='ltr'><strong>ut</strong></span> <span class='ocrx_word' id='word_1_247' title='bbox 2342 1846 2439 1902; x_wconf 87' lang='lat' dir='ltr'><strong>per</strong></span> <span class='ocrx_word' id='word_1_248' title='bbox 2463 1831 2615 1886; x_wconf 90' lang='lat' dir='ltr'><strong>illum</strong></span> <span class='ocrx_word' id='word_1_249' title='bbox 2657 1829 2938 1885; x_wconf 83' lang='lat' dir='ltr'><strong>videamus</strong></span> <span class='ocrx_word' id='word_1_250' title='bbox 2961 1829 3194 1901; x_wconf 52' lang='lat' dir='ltr'><strong>.Patrem</strong></span> <span class='ocrx_word' id='word_1_251' title='bbox 3223 1843 3238 1881; x_wconf 94' lang='lat'><strong>:</strong></span> <span class='ocrx_word' id='word_1_252' title='bbox 3283 1828 3401 1897; x_wconf 88' lang='lat' dir='ltr'><strong>ipse</strong></span> 
     </span>
    </p>
   </div>
   <div class='ocr_carea' id='block_1_34' title="bbox 106 1919 1698 1993">
    <p class='ocr_par' dir='ltr' id='par_1_34' title="bbox 106 1919 1698 1993">
     <span class='ocr_line' id='line_1_34' title="bbox 106 1919 1698 1993; baseline -0.001 -16"><span class='ocrx_word' id='word_1_253' title='bbox 106 1940 222 1978; x_wconf 81' lang='lat' dir='ltr'><strong>sant.</strong></span> <span class='ocrx_word' id='word_1_254' title='bbox 260 1922 425 1978; x_wconf 77' lang='lat' dir='ltr'><strong>Multa</strong></span> <span class='ocrx_word' id='word_1_255' title='bbox 456 1937 596 1993; x_wconf 85' lang='lat' dir='ltr'><strong>aqua</strong></span> <span class='ocrx_word' id='word_1_256' title='bbox 625 1923 966 1978; x_wconf 90' lang='lat' dir='ltr'><strong>diversarum</strong></span> <span class='ocrx_word' id='word_1_257' title='bbox 1004 1932 1086 1978; x_wconf 90' lang='lat' dir='ltr'><strong>est</strong></span> <span class='ocrx_word' id='word_1_258' title='bbox 1127 1923 1465 1992; x_wconf 79' lang='lat' dir='ltr'><strong>passionum,</strong></span> <span class='ocrx_word' id='word_1_259' title='bbox 1507 1927 1560 1977; x_wconf 87' lang='lat' dir='ltr'><strong>et</strong></span> <span class='ocrx_word' id='word_1_260' title='bbox 1593 1919 1698 1976; x_wconf 84' lang='lat' dir='ltr'><strong>llu-</strong></span> 
     </span>
    </p>
   </div>
   <div class='ocr_carea' id='block_1_35' title="bbox 109 2013 1702 2085">
    <p class='ocr_par' dir='ltr' id='par_1_35' title="bbox 109 2013 1702 2085">
     <span class='ocr_line' id='line_1_35' title="bbox 109 2013 1702 2085; baseline 0 -15"><span class='ocrx_word' id='word_1_261' title='bbox 109 2015 240 2070; x_wconf 89' lang='lat' dir='ltr'><strong>miua</strong></span> <span class='ocrx_word' id='word_1_262' title='bbox 267 2015 614 2071; x_wconf 74' lang='lat' dir='ltr'><strong>saecularium</strong></span> <span class='ocrx_word' id='word_1_263' title='bbox 642 2015 1001 2085; x_wconf 90' lang='lat' dir='ltr'><strong>cupiditatum</strong></span> <span class='ocrx_word' id='word_1_264' title='bbox 1042 2015 1420 2085; x_wconf 87' lang='lat' dir='ltr'><strong>corporalibus</strong></span> <span class='ocrx_word' id='word_1_265' title='bbox 1463 2013 1702 2070; x_wconf 79' lang='lat' dir='ltr'><strong>motibus</strong></span> 
     </span>
    </p>
   </div>
   <div class='ocr_carea' id='block_1_36' title="bbox 110 2105 1702 2177">
    <p class='ocr_par' dir='ltr' id='par_1_36' title="bbox 110 2105 1702 2177">
     <span class='ocr_line' id='line_1_36' title="bbox 110 2105 1702 2177; baseline 0.001 -17"><span class='ocrx_word' id='word_1_266' title='bbox 110 2108 337 2174; x_wconf 85' lang='lat' dir='ltr'><strong>incitata,</strong></span> <span class='ocrx_word' id='word_1_267' title='bbox 382 2122 508 2177; x_wconf 75' lang='lat' dir='ltr'><strong>qua:</strong></span> <span class='ocrx_word' id='word_1_268' title='bbox 553 2116 732 2161; x_wconf 91' lang='lat' dir='ltr'><strong>tamen</strong></span> <span class='ocrx_word' id='word_1_269' title='bbox 787 2121 1002 2160; x_wconf 63' lang='lat' dir='ltr'><strong>mut-um</strong></span> <span class='ocrx_word' id='word_1_270' title='bbox 1049 2105 1333 2160; x_wconf 88' lang='lat' dir='ltr'><strong>charitatis</strong></span> <span class='ocrx_word' id='word_1_271' title='bbox 1381 2105 1702 2161; x_wconf 84' lang='lat' dir='ltr'><strong>subvertere</strong></span> 
     </span>
    </p>
   </div>
   <div class='ocr_carea' id='block_1_37' title="bbox 114 2198 1700 2270">
    <p class='ocr_par' dir='ltr' id='par_1_37' title="bbox 114 2198 1700 2270">
     <span class='ocr_line' id='line_1_37' title="bbox 114 2198 1700 2270; baseline 0.001 -17"><span class='ocrx_word' id='word_1_272' title='bbox 114 2215 210 2254; x_wconf 91' lang='lat' dir='ltr'><strong>nou</strong></span> <span class='ocrx_word' id='word_1_273' title='bbox 271 2206 524 2270; x_wconf 88' lang='lat' dir='ltr'><strong>possunt.</strong></span> <span class='ocrx_word' id='word_1_274' title='bbox 592 2198 829 2270; x_wconf 86' lang='lat' dir='ltr'><strong>Ideoque</strong></span> <span class='ocrx_word' id='word_1_275' title='bbox 880 2198 1152 2255; x_wconf 87' lang='lat' dir='ltr'><strong>charitate</strong></span> <span class='ocrx_word' id='word_1_276' title='bbox 1208 2198 1465 2256; x_wconf 77' lang='lat' dir='ltr'><strong>fundatus</strong></span> <span class='ocrx_word' id='word_1_277' title='bbox 1526 2200 1700 2255; x_wconf 89' lang='lat' dir='ltr'><strong>dicit:</strong></span> 
     </span>
    </p>
   </div>
   <div class='ocr_carea' id='block_1_38' title="bbox 115 2290 1699 2364">
    <p class='ocr_par' dir='ltr' id='par_1_38' title="bbox 115 2290 1699 2364">
     <span class='ocr_line' id='line_1_38' title="bbox 115 2290 1699 2364; baseline 0.001 -20"><span class='ocrx_word' id='word_1_278' title='bbox 115 2290 398 2346; x_wconf 81' lang='lat' dir='ltr'><strong>Torrentem</strong></span> <span class='ocrx_word' id='word_1_279' title='bbox 422 2292 760 2362; x_wconf 81' lang='lat' dir='ltr'><strong>pertransivit</strong></span> <span class='ocrx_word' id='word_1_280' title='bbox 789 2291 964 2346; x_wconf 88' lang='lat' dir='ltr'><strong>anima</strong></span> <span class='ocrx_word' id='word_1_281' title='bbox 995 2301 1172 2348; x_wconf 88' lang='lat' dir='ltr'><strong>nostra</strong></span> <span class='ocrx_word' id='word_1_282' title='bbox 1197 2291 1372 2364; x_wconf 84' lang='lat' dir='ltr'><strong>(Psal.</strong></span> <span class='ocrx_word' id='word_1_283' title='bbox 1396 2307 1585 2359; x_wconf 73' lang='lat' dir='ltr'><strong>C.\&#39;Xlll,</strong></span> <span class='ocrx_word' id='word_1_284' title='bbox 1619 2291 1699 2361; x_wconf 87' lang='lat'><strong>5).</strong></span> 
     </span>
    </p>
   </div>
   <div class='ocr_carea' id='block_1_39' title="bbox 118 2385 1706 2460">
    <p class='ocr_par' dir='ltr' id='par_1_39' title="bbox 118 2385 1706 2460">
     <span class='ocr_line' id='line_1_39' title="bbox 118 2385 1706 2460; baseline 0.003 -21"><span class='ocrx_word' id='word_1_285' title='bbox 118 2385 368 2456; x_wconf 81' lang='lat' dir='ltr'><strong>Numquid</strong></span> <span class='ocrx_word' id='word_1_286' title='bbox 401 2401 546 2458; x_wconf 88' lang='lat' dir='ltr'><strong>aqua</strong></span> <span class='ocrx_word' id='word_1_287' title='bbox 572 2387 744 2442; x_wconf 90' lang='lat' dir='ltr'><strong>maris</strong></span> <span class='ocrx_word' id='word_1_288' title='bbox 776 2387 1070 2443; x_wconf 79' lang='lat' dir='ltr'><strong>excludere</strong></span> <span class='ocrx_word' id='word_1_289' title='bbox 1089 2388 1290 2460; x_wconf 82' lang='lat' dir='ltr'><strong>Moysis</strong></span> <span class='ocrx_word' id='word_1_290' title='bbox 1318 2390 1495 2460; x_wconf 92' lang='lat' dir='ltr'><strong>potuit</strong></span> <span class='ocrx_word' id='word_1_291' title='bbox 1523 2387 1706 2443; x_wconf 88' lang='lat' dir='ltr'><strong>chari-</strong></span> 
     </span>
    </p>
   </div>
   <div class='ocr_carea' id='block_1_40' title="bbox 121 2478 1706 2552">
    <p class='ocr_par' dir='ltr' id='par_1_40' title="bbox 121 2478 1706 2552">
     <span class='ocr_line' id='line_1_40' title="bbox 121 2478 1706 2552; baseline 0.001 -19"><span class='ocrx_word' id='word_1_292' title='bbox 121 2478 304 2534; x_wconf 86' lang='lat' dir='ltr'><strong>tatem‘l</strong></span> <span class='ocrx_word' id='word_1_293' title='bbox 353 2480 418 2534; x_wconf 83' lang='lat' dir='ltr'><strong>Et</strong></span> <span class='ocrx_word' id='word_1_294' title='bbox 463 2490 527 2535; x_wconf 90' lang='lat' dir='ltr'><strong>ut</strong></span> <span class='ocrx_word' id='word_1_295' title='bbox 573 2481 876 2536; x_wconf 89' lang='lat' dir='ltr'><strong>secundum</strong></span> <span class='ocrx_word' id='word_1_296' title='bbox 931 2481 1172 2537; x_wconf 89' lang='lat' dir='ltr'><strong>litteram</strong></span> <span class='ocrx_word' id='word_1_297' title='bbox 1221 2483 1318 2537; x_wconf 91' lang='lat' dir='ltr'><strong>tibi</strong></span> <span class='ocrx_word' id='word_1_298' title='bbox 1373 2482 1706 2552; x_wconf 90' lang='lat' dir='ltr'><strong>psalmorum</strong></span> 
     </span>
    </p>
   </div>
   <div class='ocr_carea' id='block_1_41' title="bbox 122 2569 1707 2643">
    <p class='ocr_par' dir='ltr' id='par_1_41' title="bbox 122 2569 1707 2643">
     <span class='ocr_line' id='line_1_41' title="bbox 122 2569 1707 2643; baseline 0.003 -20"><span class='ocrx_word' id='word_1_299' title='bbox 122 2569 278 2626; x_wconf 84' lang='lat' dir='ltr'><strong>series</strong></span> <span class='ocrx_word' id='word_1_300' title='bbox 327 2570 694 2643; x_wconf 70' lang='lat' dir='ltr'><strong>suffragetur,</strong></span> <span class='ocrx_word' id='word_1_301' title='bbox 748 2587 946 2642; x_wconf 90' lang='lat' dir='ltr'><strong>nempe</strong></span> <span class='ocrx_word' id='word_1_302' title='bbox 990 2571 1226 2643; x_wconf 84' lang='lat' dir='ltr'><strong>diligens</strong></span> <span class='ocrx_word' id='word_1_303' title='bbox 1273 2573 1477 2640; x_wconf 91' lang='lat' dir='ltr'><strong>Deum,</strong></span> <span class='ocrx_word' id='word_1_304' title='bbox 1532 2581 1707 2628; x_wconf 88' lang='lat' dir='ltr'><strong>tutum</strong></span> 
     </span>
    </p>
   </div>
   <div class='ocr_carea' id='block_1_42' title="bbox 123 2663 1709 2738">
    <p class='ocr_par' dir='ltr' id='par_1_42' title="bbox 123 2663 1709 2738">
     <span class='ocr_line' id='line_1_42' title="bbox 123 2663 1709 2738; baseline 0.003 -20"><span class='ocrx_word' id='word_1_305' title='bbox 123 2663 217 2718; x_wconf 87' lang='lat' dir='ltr'><strong>sibi</strong></span> <span class='ocrx_word' id='word_1_306' title='bbox 263 2663 498 2720; x_wconf 88' lang='lat' dir='ltr'><strong>credidit</strong></span> <span class='ocrx_word' id='word_1_307' title='bbox 537 2665 646 2719; x_wconf 90' lang='lat' dir='ltr'><strong>iter</strong></span> <span class='ocrx_word' id='word_1_308' title='bbox 681 2678 806 2721; x_wconf 83' lang='lat' dir='ltr'><strong>esse</strong></span> <span class='ocrx_word' id='word_1_309' title='bbox 837 2680 934 2736; x_wconf 91' lang='lat' dir='ltr'><strong>per</strong></span> <span class='ocrx_word' id='word_1_310' title='bbox 969 2665 1142 2720; x_wconf 86' lang='lat' dir='ltr'><strong>maria</strong></span> <span class='ocrx_word' id='word_1_311' title='bbox 1175 2683 1188 2720; x_wconf 97' lang='lat'><strong>:</strong></span> <span class='ocrx_word' id='word_1_312' title='bbox 1244 2667 1336 2738; x_wconf 92' lang='lat' dir='ltr'><strong>qui</strong></span> <span class='ocrx_word' id='word_1_313' title='bbox 1393 2676 1709 2723; x_wconf 89' lang='lat' dir='ltr'><strong>autemnon</strong></span> 
     </span>
    </p>
   </div>
   <div class='ocr_carea' id='block_1_43' title="bbox 127 2756 1708 2836">
    <p class='ocr_par' dir='ltr' id='par_1_43' title="bbox 127 2756 1708 2836">
     <span class='ocr_line' id='line_1_43' title="bbox 127 2756 1708 2836; baseline 0.007 -26"><span class='ocrx_word' id='word_1_314' title='bbox 127 2756 416 2815; x_wconf 81' lang='lat' dir='ltr'><strong>dilexerunt</strong></span> <span class='ocrx_word' id='word_1_315' title='bbox 447 2761 648 2825; x_wconf 91' lang='lat' dir='ltr'><strong>Deum,</strong></span> <span class='ocrx_word' id='word_1_316' title='bbox 679 2761 732 2815; x_wconf 92' lang='lat' dir='ltr'><strong>hi</strong></span> <span class='ocrx_word' id='word_1_317' title='bbox 773 2762 1012 2818; x_wconf 86' lang='lat' dir='ltr'><strong>demersi</strong></span> <span class='ocrx_word' id='word_1_318' title='bbox 1041 2762 1318 2832; x_wconf 83' lang='lat' dir='ltr'><strong>ﬂuctibus,</strong></span> <span class='ocrx_word' id='word_1_319' title='bbox 1358 2764 1580 2836; x_wconf 87' lang='lat' dir='ltr'><strong>dignum</strong></span> <span class='ocrx_word' id='word_1_320' title='bbox 1616 2780 1708 2820; x_wconf 91' lang='lat' dir='ltr'><strong>sa-</strong></span> 
     </span>
    </p>
   </div>
   <div class='ocr_carea' id='block_1_44' title="bbox 128 2851 1084 2924">
    <p class='ocr_par' dir='ltr' id='par_1_44' title="bbox 128 2851 1084 2924">
     <span class='ocr_line' id='line_1_44' title="bbox 128 2851 1084 2924; baseline 0.004 -20"><span class='ocrx_word' id='word_1_321' title='bbox 128 2851 318 2924; x_wconf 87' lang='lat' dir='ltr'><strong>crilegii</strong></span> <span class='ocrx_word' id='word_1_322' title='bbox 355 2853 441 2908; x_wconf 90' lang='lat' dir='ltr'><strong>sui</strong></span> <span class='ocrx_word' id='word_1_323' title='bbox 473 2855 684 2908; x_wconf 87' lang='lat' dir='ltr'><strong>exitum</strong></span> <span class='ocrx_word' id='word_1_324' title='bbox 715 2854 1084 2924; x_wconf 90' lang='lat' dir='ltr'><strong>pertulerunt.</strong></span> 
     </span>
    </p>
   </div>
   <div class='ocr_carea' id='block_1_45' title="bbox 195 2942 1714 3018">
    <p class='ocr_par' dir='ltr' id='par_1_45' title="bbox 195 2942 1714 3018">
     <span class='ocr_line' id='line_1_45' title="bbox 195 2942 1714 3018; baseline 0.002 -20"><span class='ocrx_word' id='word_1_325' title='bbox 195 2946 242 2998; x_wconf 85' lang='lat'><strong>6.</strong></span> <span class='ocrx_word' id='word_1_326' title='bbox 293 2945 472 3016; x_wconf 81' lang='lat' dir='ltr'><strong>(Vers.</strong></span> <span class='ocrx_word' id='word_1_327' title='bbox 508 2942 595 3017; x_wconf 87' lang='lat'><strong>5.)</strong></span> <span class='ocrx_word' id='word_1_328' title='bbox 629 2944 656 2983; x_wconf 71' lang='grc' dir='ltr'><strong>ι)</strong></span> <span class='ocrx_word' id='word_1_329' title='bbox 689 2946 821 3015; x_wconf 74' lang='lat' dir='ltr'><strong>Qua:</strong></span> <span class='ocrx_word' id='word_1_330' title='bbox 865 2957 936 3001; x_wconf 84' lang='lat' dir='ltr'><strong>est</strong></span> <span class='ocrx_word' id='word_1_331' title='bbox 982 2947 1092 3002; x_wconf 74' lang='lat' dir='ltr'><strong>lucc</strong></span> <span class='ocrx_word' id='word_1_332' title='bbox 1120 2963 1236 3018; x_wconf 76' lang='lat' dir='ltr'><strong>qua:</strong></span> <span class='ocrx_word' id='word_1_333' title='bbox 1273 2948 1526 3014; x_wconf 79' lang='lat' dir='ltr'><strong>ascendit,</strong></span> <span class='ocrx_word' id='word_1_334' title='bbox 1577 2948 1714 3002; x_wconf 86' lang='lat' dir='ltr'><strong>inni-</strong></span> 
     </span>
    </p>
   </div>
   <div class='ocr_carea' id='block_1_46' title="bbox 137 3039 1716 3110">
    <p class='ocr_par' dir='ltr' id='par_1_46' title="bbox 137 3039 1716 3110">
     <span class='ocr_line' id='line_1_46' title="bbox 137 3039 1716 3110; baseline 0.005 -23"><span class='ocrx_word' id='word_1_335' title='bbox 137 3043 230 3090; x_wconf 86' lang='lat' dir='ltr'><strong>tens</strong></span> <span class='ocrx_word' id='word_1_336' title='bbox 253 3051 399 3106; x_wconf 87' lang='lat' dir='ltr'><strong>super</strong></span> <span class='ocrx_word' id='word_1_337' title='bbox 430 3039 652 3109; x_wconf 79' lang='lat' dir='ltr'><strong>fratrem</strong></span> <span class='ocrx_word' id='word_1_338' title='bbox 689 3039 888 3093; x_wconf 80' lang='lat' dir='ltr'><strong>suum?</strong></span> <span class='ocrx_word' id='word_1_339' title='bbox 926 3039 1189 3110; x_wconf 81' lang='lat' dir='ltr'><strong>Superius</strong></span> <span class='ocrx_word' id='word_1_340' title='bbox 1228 3040 1518 3106; x_wconf 82' lang='lat' dir='ltr'><strong>dixerunt,</strong></span> <span class='ocrx_word' id='word_1_341' title='bbox 1563 3041 1716 3106; x_wconf 79' lang='lat' dir='ltr'><strong>Qua:-</strong></span> 
     </span>
    </p>
   </div>
   <div class='ocr_carea' id='block_1_47' title="bbox 1803 1922 3407 1996">
    <p class='ocr_par' dir='ltr' id='par_1_47' title="bbox 1803 1922 3407 1996">
     <span class='ocr_line' id='line_1_47' title="bbox 1803 1922 3407 1996; baseline -0.002 -15"><span class='ocrx_word' id='word_1_342' title='bbox 1803 1941 1906 1981; x_wconf 83' lang='lat' dir='ltr'><strong>vox</strong></span> <span class='ocrx_word' id='word_1_343' title='bbox 1936 1934 2144 1992; x_wconf 88' lang='lat' dir='ltr'><strong>nostra,</strong></span> <span class='ocrx_word' id='word_1_344' title='bbox 2191 1940 2291 1996; x_wconf 90' lang='lat' dir='ltr'><strong>per</strong></span> <span class='ocrx_word' id='word_1_345' title='bbox 2341 1939 2502 1995; x_wconf 90' lang='lat' dir='ltr'><strong>quam</strong></span> <span class='ocrx_word' id='word_1_346' title='bbox 2547 1924 2836 1994; x_wconf 87' lang='lat' dir='ltr'><strong>loquamur</strong></span> <span class='ocrx_word' id='word_1_347' title='bbox 2856 1922 2925 1978; x_wconf 88' lang='lat' dir='ltr'><strong>ad</strong></span> <span class='ocrx_word' id='word_1_348' title='bbox 2987 1923 3243 1978; x_wconf 83' lang='lat' dir='ltr'><strong>Patrem:</strong></span> <span class='ocrx_word' id='word_1_349' title='bbox 3287 1922 3407 1994; x_wconf 89' lang='lat' dir='ltr'><strong>ipse</strong></span> 
     </span>
    </p>
   </div>
   <div class='ocr_carea' id='block_1_48' title="bbox 1801 2014 3406 2089">
    <p class='ocr_par' dir='ltr' id='par_1_48' title="bbox 1801 2014 3406 2089">
     <span class='ocr_line' id='line_1_48' title="bbox 1801 2014 3406 2089; baseline -0.004 -15"><span class='ocrx_word' id='word_1_350' title='bbox 1801 2018 2048 2086; x_wconf 82' lang='lat' dir='ltr'><strong>dextera,</strong></span> <span class='ocrx_word' id='word_1_351' title='bbox 2099 2033 2195 2088; x_wconf 89' lang='lat' dir='ltr'><strong>per</strong></span> <span class='ocrx_word' id='word_1_352' title='bbox 2223 2033 2386 2089; x_wconf 82' lang='lat' dir='ltr'><strong>quain</strong></span> <span class='ocrx_word' id='word_1_353' title='bbox 2431 2016 2546 2072; x_wconf 90' lang='lat' dir='ltr'><strong>Deo</strong></span> <span class='ocrx_word' id='word_1_354' title='bbox 2577 2015 2726 2071; x_wconf 88' lang='lat' dir='ltr'><strong>Patri</strong></span> <span class='ocrx_word' id='word_1_355' title='bbox 2785 2014 3117 2071; x_wconf 82' lang='lat' dir='ltr'><strong>sacriﬁcium</strong></span> <span class='ocrx_word' id='word_1_356' title='bbox 3155 2023 3406 2069; x_wconf 90' lang='lat' dir='ltr'><strong>nostrum</strong></span> 
     </span>
    </p>
   </div>
   <div class='ocr_carea' id='block_1_49' title="bbox 1803 2109 3402 2181">
    <p class='ocr_par' dir='ltr' id='par_1_49' title="bbox 1803 2109 3402 2181">
     <span class='ocr_line' id='line_1_49' title="bbox 1803 2109 3402 2181; baseline -0.004 -15"><span class='ocrx_word' id='word_1_357' title='bbox 1803 2111 2114 2168; x_wconf 75' lang='lat' dir='ltr'><strong>offeramus.</strong></span> <span class='ocrx_word' id='word_1_358' title='bbox 2170 2111 2292 2181; x_wconf 84' lang='lat' dir='ltr'><strong>Ipse</strong></span> <span class='ocrx_word' id='word_1_359' title='bbox 2335 2125 2556 2181; x_wconf 91' lang='lat' dir='ltr'><strong>quoque</strong></span> <span class='ocrx_word' id='word_1_360' title='bbox 2605 2119 2690 2165; x_wconf 90' lang='lat' dir='ltr'><strong>est</strong></span> <span class='ocrx_word' id='word_1_361' title='bbox 2743 2109 3084 2179; x_wconf 88' lang='lat' dir='ltr'><strong>signaculum</strong></span> <span class='ocrx_word' id='word_1_362' title='bbox 3117 2115 3402 2174; x_wconf 85' lang='lat' dir='ltr'><strong>nostrum,</strong></span> 
     </span>
    </p>
   </div>
   <div class='ocr_carea' id='block_1_50' title="bbox 1802 2200 3407 2276">
    <p class='ocr_par' dir='ltr' id='par_1_50' title="bbox 1802 2200 3407 2276">
     <span class='ocr_line' id='line_1_50' title="bbox 1802 2200 3407 2276; baseline -0.002 -16"><span class='ocrx_word' id='word_1_363' title='bbox 1802 2206 1949 2276; x_wconf 91' lang='lat' dir='ltr'><strong>quod</strong></span> <span class='ocrx_word' id='word_1_364' title='bbox 2005 2214 2088 2260; x_wconf 92' lang='lat' dir='ltr'><strong>est</strong></span> <span class='ocrx_word' id='word_1_365' title='bbox 2116 2203 2401 2260; x_wconf 89' lang='lat' dir='ltr'><strong>charitatis</strong></span> <span class='ocrx_word' id='word_1_366' title='bbox 2432 2211 2489 2258; x_wconf 92' lang='lat' dir='ltr'><strong>et</strong></span> <span class='ocrx_word' id='word_1_367' title='bbox 2540 2202 2895 2273; x_wconf 80' lang='lat' dir='ltr'><strong>perfectionis</strong></span> <span class='ocrx_word' id='word_1_368' title='bbox 2954 2201 3207 2273; x_wconf 90' lang='lat' dir='ltr'><strong>insigne;</strong></span> <span class='ocrx_word' id='word_1_369' title='bbox 3276 2200 3407 2272; x_wconf 82' lang='lat' dir='ltr'><strong>quia</strong></span> 
     </span>
    </p>
   </div>
   <div class='ocr_carea' id='block_1_51' title="bbox 1804 2295 3408 2370">
    <p class='ocr_par' dir='ltr' id='par_1_51' title="bbox 1804 2295 3408 2370">
     <span class='ocr_line' id='line_1_51' title="bbox 1804 2295 3408 2370; baseline -0.003 -17"><span class='ocrx_word' id='word_1_370' title='bbox 1804 2297 2037 2370; x_wconf 86' lang='lat' dir='ltr'><strong>diligens</strong></span> <span class='ocrx_word' id='word_1_371' title='bbox 2068 2307 2222 2368; x_wconf 87' lang='lat' dir='ltr'><strong>pater</strong></span> <span class='ocrx_word' id='word_1_372' title='bbox 2247 2296 2481 2368; x_wconf 88' lang='lat' dir='ltr'><strong>signavit</strong></span> <span class='ocrx_word' id='word_1_373' title='bbox 2507 2295 2730 2362; x_wconf 84' lang='lat' dir='ltr'><strong>Filium,</strong></span> <span class='ocrx_word' id='word_1_374' title='bbox 2771 2297 2915 2352; x_wconf 88' lang='lat' dir='ltr'><strong>sicut</strong></span> <span class='ocrx_word' id='word_1_375' title='bbox 2941 2297 3206 2366; x_wconf 88' lang='lat' dir='ltr'><strong>legimus:</strong></span> <span class='ocrx_word' id='word_1_376' title='bbox 3241 2295 3408 2363; x_wconf 83' lang='lat' dir='ltr'><strong>Quem</strong></span> 
     </span>
    </p>
   </div>
   <div class='ocr_carea' id='block_1_52' title="bbox 1806 2386 3412 2462">
    <p class='ocr_par' dir='ltr' id='par_1_52' title="bbox 1806 2386 3412 2462">
     <span class='ocr_line' id='line_1_52' title="bbox 1806 2386 3412 2462; baseline 0.001 -20"><span class='ocrx_word' id='word_1_377' title='bbox 1806 2387 1972 2443; x_wconf 86' lang='lat' dir='ltr'><strong>Pater</strong></span> <span class='ocrx_word' id='word_1_378' title='bbox 2009 2390 2232 2462; x_wconf 85' lang='lat' dir='ltr'><strong>signavit</strong></span> <span class='ocrx_word' id='word_1_379' title='bbox 2264 2386 2407 2443; x_wconf 85' lang='lat' dir='ltr'><strong>Deus</strong></span> <span class='ocrx_word' id='word_1_380' title='bbox 2444 2386 2629 2458; x_wconf 78' lang='lat' dir='ltr'><strong>(Joau.</strong></span> <span class='ocrx_word' id='word_1_381' title='bbox 2659 2404 2736 2458; x_wconf 84' lang='lat' dir='ltr'><strong>vt,</strong></span> <span class='ocrx_word' id='word_1_382' title='bbox 2761 2388 2877 2458; x_wconf 71' lang='lat'><strong>27).</strong></span> <span class='ocrx_word' id='word_1_383' title='bbox 2925 2389 3177 2444; x_wconf 86' lang='lat' dir='ltr'><strong>Charitas</strong></span> <span class='ocrx_word' id='word_1_384' title='bbox 3229 2390 3412 2458; x_wconf 84' lang='lat' dir='ltr'><strong>itaque</strong></span> 
     </span>
    </p>
   </div>
   <div class='ocr_carea' id='block_1_53' title="bbox 1809 2483 3411 2555">
    <p class='ocr_par' dir='ltr' id='par_1_53' title="bbox 1809 2483 3411 2555">
     <span class='ocr_line' id='line_1_53' title="bbox 1809 2483 3411 2555; baseline 0.001 -17"><span class='ocrx_word' id='word_1_385' title='bbox 1809 2494 1994 2540; x_wconf 88' lang='lat' dir='ltr'><strong>nostra</strong></span> <span class='ocrx_word' id='word_1_386' title='bbox 2037 2485 2307 2539; x_wconf 80' lang='lat' dir='ltr'><strong>Christus.</strong></span> <span class='ocrx_word' id='word_1_387' title='bbox 2340 2483 2489 2539; x_wconf 90' lang='lat' dir='ltr'><strong>Bona</strong></span> <span class='ocrx_word' id='word_1_388' title='bbox 2519 2483 2783 2550; x_wconf 87' lang='lat' dir='ltr'><strong>charitas,</strong></span> <span class='ocrx_word' id='word_1_389' title='bbox 2832 2483 3052 2555; x_wconf 89' lang='lat' dir='ltr'><strong>quando</strong></span> <span class='ocrx_word' id='word_1_390' title='bbox 3097 2483 3301 2540; x_wconf 88' lang='lat' dir='ltr'><strong>obtulit</strong></span> <span class='ocrx_word' id='word_1_391' title='bbox 3349 2496 3411 2541; x_wconf 90' lang='lat' dir='ltr'><strong>se</strong></span> 
     </span>
    </p>
   </div>
   <div class='ocr_carea' id='block_1_54' title="bbox 1809 2575 3412 2646">
    <p class='ocr_par' dir='ltr' id='par_1_54' title="bbox 1809 2575 3412 2646">
     <span class='ocr_line' id='line_1_54' title="bbox 1809 2575 3412 2646; baseline 0.001 -16"><span class='ocrx_word' id='word_1_392' title='bbox 1809 2577 1972 2630; x_wconf 87' lang='lat' dir='ltr'><strong>morti</strong></span> <span class='ocrx_word' id='word_1_393' title='bbox 2022 2590 2120 2646; x_wconf 91' lang='lat' dir='ltr'><strong>pro</strong></span> <span class='ocrx_word' id='word_1_394' title='bbox 2169 2576 2386 2632; x_wconf 90' lang='lat' dir='ltr'><strong>dilectis</strong></span> <span class='ocrx_word' id='word_1_395' title='bbox 2420 2593 2434 2630; x_wconf 96' lang='lat'><strong>:</strong></span> <span class='ocrx_word' id='word_1_396' title='bbox 2468 2575 2611 2631; x_wconf 89' lang='lat' dir='ltr'><strong>bona</strong></span> <span class='ocrx_word' id='word_1_397' title='bbox 2665 2575 2904 2631; x_wconf 90' lang='lat' dir='ltr'><strong>charitas</strong></span> <span class='ocrx_word' id='word_1_398' title='bbox 2957 2590 3080 2646; x_wconf 70' lang='lat' dir='ltr'><strong>qua:</strong></span> <span class='ocrx_word' id='word_1_399' title='bbox 3128 2584 3412 2645; x_wconf 86' lang='lat' dir='ltr'><strong>peccatum</strong></span> 
     </span>
    </p>
   </div>
   <div class='ocr_carea' id='block_1_55' title="bbox 1810 2668 2038 2724">
    <p class='ocr_par' dir='ltr' id='par_1_55' title="bbox 1810 2668 2038 2724">
     <span class='ocr_line' id='line_1_55' title="bbox 1810 2668 2038 2724; baseline -0.004 -2"><span class='ocrx_word' id='word_1_400' title='bbox 1810 2668 2038 2724; x_wconf 90' lang='lat' dir='ltr'><strong>remisit.</strong></span> 
     </span>
    </p>
   </div>
   <div class='ocr_carea' id='block_1_56' title="bbox 1886 2759 3412 2828">
    <p class='ocr_par' dir='ltr' id='par_1_56' title="bbox 1886 2759 3412 2828">
     <span class='ocr_line' id='line_1_56' title="bbox 1886 2759 3412 2828; baseline 0.003 -14"><span class='ocrx_word' id='word_1_401' title='bbox 1886 2759 1972 2816; x_wconf 88' lang='grc'><strong>10.</strong></span> <span class='ocrx_word' id='word_1_402' title='bbox 2017 2759 2088 2814; x_wconf 84' lang='grc' dir='ltr'><strong>Ει</strong></span> <span class='ocrx_word' id='word_1_403' title='bbox 2118 2759 2240 2816; x_wconf 91' lang='lat' dir='ltr'><strong>ideo</strong></span> <span class='ocrx_word' id='word_1_404' title='bbox 2276 2761 2457 2816; x_wconf 91' lang='lat' dir='ltr'><strong>anima</strong></span> <span class='ocrx_word' id='word_1_405' title='bbox 2487 2768 2676 2816; x_wconf 87' lang='lat' dir='ltr'><strong>nostra</strong></span> <span class='ocrx_word' id='word_1_406' title='bbox 2727 2759 2917 2816; x_wconf 84' lang='lat' dir='ltr'><strong>induat</strong></span> <span class='ocrx_word' id='word_1_407' title='bbox 2953 2760 3306 2828; x_wconf 89' lang='lat' dir='ltr'><strong>charitatem,</strong></span> <span class='ocrx_word' id='word_1_408' title='bbox 3356 2771 3412 2818; x_wconf 89' lang='lat' dir='ltr'><strong>et</strong></span> 
     </span>
    </p>
   </div>
   <div class='ocr_carea' id='block_1_57' title="bbox 1811 2851 3415 2924">
    <p class='ocr_par' dir='ltr' id='par_1_57' title="bbox 1811 2851 3415 2924">
     <span class='ocr_line' id='line_1_57' title="bbox 1811 2851 3415 2924; baseline 0.001 -16"><span class='ocrx_word' id='word_1_409' title='bbox 1811 2853 2134 2908; x_wconf 86' lang='lat' dir='ltr'><strong>cbaritatem</strong></span> <span class='ocrx_word' id='word_1_410' title='bbox 2157 2851 2428 2923; x_wconf 86' lang='lat' dir='ltr'><strong>ejusmodi</strong></span> <span class='ocrx_word' id='word_1_411' title='bbox 2455 2867 2578 2924; x_wconf 87' lang='lat' dir='ltr'><strong>quae</strong></span> <span class='ocrx_word' id='word_1_412' title='bbox 2620 2853 2694 2908; x_wconf 90' lang='lat' dir='ltr'><strong>sit</strong></span> <span class='ocrx_word' id='word_1_413' title='bbox 2730 2851 2908 2907; x_wconf 88' lang='lat' dir='ltr'><strong>valida</strong></span> <span class='ocrx_word' id='word_1_414' title='bbox 2951 2861 3007 2907; x_wconf 91' lang='lat' dir='ltr'><strong>ut</strong></span> <span class='ocrx_word' id='word_1_415' title='bbox 3053 2865 3232 2917; x_wconf 88' lang='lat' dir='ltr'><strong>mors;</strong></span> <span class='ocrx_word' id='word_1_416' title='bbox 3285 2852 3415 2922; x_wconf 83' lang='lat' dir='ltr'><strong>quia</strong></span> 
     </span>
    </p>
   </div>
   <div class='ocr_carea' id='block_1_58' title="bbox 1813 2945 3411 3017">
    <p class='ocr_par' dir='ltr' id='par_1_58' title="bbox 1813 2945 3411 3017">
     <span class='ocr_line' id='line_1_58' title="bbox 1813 2945 3411 3017; baseline 0 -16"><span class='ocrx_word' id='word_1_417' title='bbox 1813 2947 1956 3001; x_wconf 89' lang='lat' dir='ltr'><strong>sicut</strong></span> <span class='ocrx_word' id='word_1_418' title='bbox 2002 2962 2152 3002; x_wconf 87' lang='lat' dir='ltr'><strong>mors</strong></span> <span class='ocrx_word' id='word_1_419' title='bbox 2196 2949 2320 3001; x_wconf 86' lang='lat' dir='ltr'><strong>linis</strong></span> <span class='ocrx_word' id='word_1_420' title='bbox 2352 2955 2698 3017; x_wconf 89' lang='lat' dir='ltr'><strong>peccatorum</strong></span> <span class='ocrx_word' id='word_1_421' title='bbox 2743 2953 2850 3013; x_wconf 87' lang='lat' dir='ltr'><strong>est,</strong></span> <span class='ocrx_word' id='word_1_422' title='bbox 2899 2945 2972 3000; x_wconf 90' lang='lat' dir='ltr'><strong>ita</strong></span> <span class='ocrx_word' id='word_1_423' title='bbox 3029 2955 3085 3000; x_wconf 90' lang='lat' dir='ltr'><strong>et</strong></span> <span class='ocrx_word' id='word_1_424' title='bbox 3135 2945 3411 3012; x_wconf 88' lang='lat' dir='ltr'><strong>charitas;</strong></span> 
     </span>
    </p>
   </div>
   <div class='ocr_carea' id='block_1_59' title="bbox 1815 3037 3416 3109">
    <p class='ocr_par' dir='ltr' id='par_1_59' title="bbox 1815 3037 3416 3109">
     <span class='ocr_line' id='line_1_59' title="bbox 1815 3037 3416 3109; baseline 0.001 -17"><span class='ocrx_word' id='word_1_425' title='bbox 1815 3037 2070 3108; x_wconf 90' lang='lat' dir='ltr'><strong>quoniam</strong></span> <span class='ocrx_word' id='word_1_426' title='bbox 2115 3038 2212 3108; x_wconf 91' lang='lat' dir='ltr'><strong>qui</strong></span> <span class='ocrx_word' id='word_1_427' title='bbox 2267 3038 2445 3109; x_wconf 87' lang='lat' dir='ltr'><strong>diligit</strong></span> <span class='ocrx_word' id='word_1_428' title='bbox 2517 3038 2833 3106; x_wconf 92' lang='lat' dir='ltr'><strong>Dominum,</strong></span> <span class='ocrx_word' id='word_1_429' title='bbox 2893 3053 3126 3109; x_wconf 90' lang='lat' dir='ltr'><strong>peccare</strong></span> <span class='ocrx_word' id='word_1_430' title='bbox 3175 3039 3416 3094; x_wconf 90' lang='lat' dir='ltr'><strong>desiuit:</strong></span> 
     </span>
    </p>
   </div>
   <div class='ocr_carea' id='block_1_60' title="bbox 139 3129 3418 3206">
    <p class='ocr_par' dir='ltr' id='par_1_60' title="bbox 139 3129 3418 3206">
     <span class='ocr_line' id='line_1_60' title="bbox 139 3129 3418 3206; baseline 0.002 -27"><span class='ocrx_word' id='word_1_431' title='bbox 139 3143 242 3180; x_wconf 87' lang='lat' dir='ltr'><strong>nam</strong></span> <span class='ocrx_word' id='word_1_432' title='bbox 265 3141 333 3182; x_wconf 89' lang='lat' dir='ltr'><strong>est</strong></span> <span class='ocrx_word' id='word_1_433' title='bbox 363 3129 472 3184; x_wconf 79' lang='lat' dir='ltr'><strong>hwc</strong></span> <span class='ocrx_word' id='word_1_434' title='bbox 501 3129 824 3202; x_wconf 84' lang='lat' dir='ltr'><strong>prospiciens</strong></span> <span class='ocrx_word' id='word_1_435' title='bbox 852 3143 1096 3201; x_wconf 88' lang='lat' dir='ltr'><strong>tanquam</strong></span> <span class='ocrx_word' id='word_1_436' title='bbox 1125 3133 1438 3201; x_wconf 81' lang='lat' dir='ltr'><strong>diluculum,</strong></span> <span class='ocrx_word' id='word_1_437' title='bbox 1481 3134 1717 3204; x_wconf 82' lang='lat' dir='ltr'><strong>speciosa</strong></span> <span class='ocrx_word' id='word_1_438' title='bbox 1818 3131 2056 3188; x_wconf 88' lang='lat' dir='ltr'><strong>Cltaritas</strong></span> <span class='ocrx_word' id='word_1_439' title='bbox 2086 3133 2231 3187; x_wconf 90' lang='lat' dir='ltr'><strong>enim</strong></span> <span class='ocrx_word' id='word_1_440' title='bbox 2261 3148 2364 3186; x_wconf 86' lang='lat' dir='ltr'><strong>non</strong></span> <span class='ocrx_word' id='word_1_441' title='bbox 2394 3133 2586 3206; x_wconf 84' lang='lat' dir='ltr'><strong>cogitat</strong></span> <span class='ocrx_word' id='word_1_442' title='bbox 2613 3134 2829 3198; x_wconf 90' lang='lat' dir='ltr'><strong>malum,</strong></span> <span class='ocrx_word' id='word_1_443' title='bbox 2865 3148 3026 3203; x_wconf 87' lang='lat' dir='ltr'><strong>neque</strong></span> <span class='ocrx_word' id='word_1_444' title='bbox 3053 3133 3242 3204; x_wconf 81' lang='lat' dir='ltr'><strong>gaudet</strong></span> <span class='ocrx_word' id='word_1_445' title='bbox 3262 3147 3418 3203; x_wconf 82' lang='lat' dir='ltr'><strong>super</strong></span> 
     </span>
    </p>
   </div>
   <div class='ocr_carea' id='block_1_61' title="bbox 141 3223 3419 3298">
    <p class='ocr_par' dir='ltr' id='par_1_61' title="bbox 141 3223 3419 3298">
     <span class='ocr_line' id='line_1_61' title="bbox 141 3223 3419 3298; baseline 0.002 -24"><span class='ocrx_word' id='word_1_446' title='bbox 141 3223 254 3276; x_wconf 85' lang='lat' dir='ltr'><strong>sicut</strong></span> <span class='ocrx_word' id='word_1_447' title='bbox 276 3224 416 3289; x_wconf 86' lang='lat' dir='ltr'><strong>luna,</strong></span> <span class='ocrx_word' id='word_1_448' title='bbox 448 3224 616 3278; x_wconf 89' lang='lat' dir='ltr'><strong>electa</strong></span> <span class='ocrx_word' id='word_1_449' title='bbox 642 3234 695 3278; x_wconf 90' lang='lat' dir='ltr'><strong>ut</strong></span> <span class='ocrx_word' id='word_1_450' title='bbox 737 3226 860 3278; x_wconf 86' lang='lat' dir='ltr'><strong>sol?</strong></span> <span class='ocrx_word' id='word_1_451' title='bbox 889 3226 985 3280; x_wconf 80' lang='lat' dir='ltr'><strong>llic</strong></span> <span class='ocrx_word' id='word_1_452' title='bbox 1014 3226 1134 3295; x_wconf 90' lang='lat' dir='ltr'><strong>plus</strong></span> <span class='ocrx_word' id='word_1_453' title='bbox 1179 3227 1324 3297; x_wconf 93' lang='lat' dir='ltr'><strong>quod</strong></span> <span class='ocrx_word' id='word_1_454' title='bbox 1348 3227 1711 3298; x_wconf 57' lang='lat' dir='ltr'><strong>gadjiceretur,</strong></span> <span class='ocrx_word' id='word_1_455' title='bbox 1741 3223 1787 3286; x_wconf 89' lang='lat' dir='ltr'><strong>C</strong></span> <span class='ocrx_word' id='word_1_456' title='bbox 1820 3228 2088 3298; x_wconf 87' lang='lat' dir='ltr'><strong>iniquitate</strong></span> <span class='ocrx_word' id='word_1_457' title='bbox 2108 3268 2122 3293; x_wconf 95' lang='lat'><strong>,</strong></span> <span class='ocrx_word' id='word_1_458' title='bbox 2154 3227 2245 3282; x_wconf 89' lang='lat' dir='ltr'><strong>sed</strong></span> <span class='ocrx_word' id='word_1_459' title='bbox 2275 3227 2448 3281; x_wconf 86' lang='lat' dir='ltr'><strong>omnia</strong></span> <span class='ocrx_word' id='word_1_460' title='bbox 2488 3229 2703 3282; x_wconf 86' lang='lat' dir='ltr'><strong>sustinet</strong></span> <span class='ocrx_word' id='word_1_461' title='bbox 2736 3225 2791 3298; x_wconf 88' lang='lat' dir='ltr'><strong>(l</strong></span> <span class='ocrx_word' id='word_1_462' title='bbox 2819 3223 2940 3281; x_wconf 89' lang='lat' dir='ltr'><strong>Cor.</strong></span> <span class='ocrx_word' id='word_1_463' title='bbox 2992 3242 3108 3295; x_wconf 85' lang='lat' dir='ltr'><strong>xm,</strong></span> <span class='ocrx_word' id='word_1_464' title='bbox 3155 3227 3236 3298; x_wconf 83' lang='lat'><strong>5).</strong></span> <span class='ocrx_word' id='word_1_465' title='bbox 3282 3225 3419 3282; x_wconf 85' lang='lat' dir='ltr'><strong>Nam</strong></span> 
     </span>
    </p>
   </div>
   <div class='ocr_carea' id='block_1_62' title="bbox 143 3313 1714 3386">
    <p class='ocr_par' dir='ltr' id='par_1_62' title="bbox 143 3313 1714 3386">
     <span class='ocr_line' id='line_1_62' title="bbox 143 3313 1714 3386; baseline 0.003 -18"><span class='ocrx_word' id='word_1_466' title='bbox 143 3313 396 3370; x_wconf 78' lang='lat' dir='ltr'><strong>inventum</strong></span> <span class='ocrx_word' id='word_1_467' title='bbox 423 3326 535 3383; x_wconf 87' lang='lat' dir='ltr'><strong>est,</strong></span> <span class='ocrx_word' id='word_1_468' title='bbox 569 3331 637 3371; x_wconf 93' lang='lat' dir='ltr'><strong>eo</strong></span> <span class='ocrx_word' id='word_1_469' title='bbox 658 3315 803 3386; x_wconf 90' lang='lat' dir='ltr'><strong>quod</strong></span> <span class='ocrx_word' id='word_1_470' title='bbox 830 3316 1006 3372; x_wconf 86' lang='lat' dir='ltr'><strong>Verbo</strong></span> <span class='ocrx_word' id='word_1_471' title='bbox 1035 3317 1130 3371; x_wconf 86' lang='lat' dir='ltr'><strong>Dei</strong></span> <span class='ocrx_word' id='word_1_472' title='bbox 1154 3317 1338 3372; x_wconf 77' lang='lat' dir='ltr'><strong>innixa</strong></span> <span class='ocrx_word' id='word_1_473' title='bbox 1362 3317 1714 3382; x_wconf 82' lang='lat' dir='ltr'><strong>ascenderat;</strong></span> 
     </span>
    </p>
   </div>
   <div class='ocr_carea' id='block_1_63' title="bbox 145 3408 1723 3478">
    <p class='ocr_par' dir='ltr' id='par_1_63' title="bbox 145 3408 1723 3478">
     <span class='ocr_line' id='line_1_63' title="bbox 145 3408 1723 3478; baseline 0.004 -18"><span class='ocrx_word' id='word_1_474' title='bbox 145 3409 472 3474; x_wconf 88' lang='lat' dir='ltr'><strong>perfectiores</strong></span> <span class='ocrx_word' id='word_1_475' title='bbox 501 3408 653 3465; x_wconf 86' lang='lat' dir='ltr'><strong>enim</strong></span> <span class='ocrx_word' id='word_1_476' title='bbox 681 3425 846 3478; x_wconf 87' lang='lat' dir='ltr'><strong>supra</strong></span> <span class='ocrx_word' id='word_1_477' title='bbox 887 3410 1167 3465; x_wconf 78' lang='lat' dir='ltr'><strong>Christum</strong></span> <span class='ocrx_word' id='word_1_478' title='bbox 1200 3412 1549 3477; x_wconf 88' lang='lat' dir='ltr'><strong>recumbunt,</strong></span> <span class='ocrx_word' id='word_1_479' title='bbox 1580 3411 1723 3466; x_wconf 83' lang='lat' dir='ltr'><strong>sicut</strong></span> 
     </span>
    </p>
   </div>
   <div class='ocr_carea' id='block_1_64' title="bbox 145 3497 1722 3575">
    <p class='ocr_par' dir='ltr' id='par_1_64' title="bbox 145 3497 1722 3575">
     <span class='ocr_line' id='line_1_64' title="bbox 145 3497 1722 3575; baseline 0.004 -23"><span class='ocrx_word' id='word_1_480' title='bbox 145 3505 192 3552; x_wconf 87' lang='lat' dir='ltr'><strong>et</strong></span> <span class='ocrx_word' id='word_1_481' title='bbox 215 3497 439 3557; x_wconf 78' lang='lat' dir='ltr'><strong>Joannes</strong></span> <span class='ocrx_word' id='word_1_482' title='bbox 465 3503 524 3557; x_wconf 91' lang='lat' dir='ltr'><strong>in</strong></span> <span class='ocrx_word' id='word_1_483' title='bbox 558 3500 764 3557; x_wconf 87' lang='lat' dir='ltr'><strong>Christi</strong></span> <span class='ocrx_word' id='word_1_484' title='bbox 809 3514 1033 3574; x_wconf 84' lang='lat' dir='ltr'><strong>pectore</strong></span> <span class='ocrx_word' id='word_1_485' title='bbox 1072 3506 1446 3560; x_wconf 85' lang='lat' dir='ltr'><strong>recumbebat.</strong></span> <span class='ocrx_word' id='word_1_486' title='bbox 1492 3504 1567 3559; x_wconf 88' lang='lat' dir='ltr'><strong>lla</strong></span> <span class='ocrx_word' id='word_1_487' title='bbox 1593 3519 1722 3575; x_wconf 82' lang='lat' dir='ltr'><strong>ergo</strong></span> 
     </span>
    </p>
   </div>
   <div class='ocr_carea' id='block_1_65' title="bbox 148 3591 1720 3670">
    <p class='ocr_par' dir='ltr' id='par_1_65' title="bbox 148 3591 1720 3670">
     <span class='ocr_line' id='line_1_65' title="bbox 148 3591 1720 3670; baseline 0.006 -25"><span class='ocrx_word' id='word_1_488' title='bbox 148 3601 194 3646; x_wconf 89' lang='lat' dir='ltr'><strong>et</strong></span> <span class='ocrx_word' id='word_1_489' title='bbox 218 3592 320 3649; x_wconf 68' lang='lat' dir='ltr'><strong>hzec</strong></span> <span class='ocrx_word' id='word_1_490' title='bbox 347 3597 427 3651; x_wconf 86' lang='lat' dir='ltr'><strong>vel</strong></span> <span class='ocrx_word' id='word_1_491' title='bbox 463 3591 821 3652; x_wconf 81' lang='lat' dir='ltr'><strong>incumbebat</strong></span> <span class='ocrx_word' id='word_1_492' title='bbox 843 3598 896 3651; x_wconf 91' lang='lat' dir='ltr'><strong>in</strong></span> <span class='ocrx_word' id='word_1_493' title='bbox 913 3597 1217 3665; x_wconf 88' lang='lat' dir='ltr'><strong>Christum,</strong></span> <span class='ocrx_word' id='word_1_494' title='bbox 1244 3601 1328 3654; x_wconf 87' lang='lat' dir='ltr'><strong>vel</strong></span> <span class='ocrx_word' id='word_1_495' title='bbox 1351 3615 1514 3670; x_wconf 88' lang='lat' dir='ltr'><strong>supra</strong></span> <span class='ocrx_word' id='word_1_496' title='bbox 1543 3599 1720 3670; x_wconf 90' lang='lat' dir='ltr'><strong>ipsum</strong></span> 
     </span>
    </p>
   </div>
   <div class='ocr_carea' id='block_1_66' title="bbox 151 3689 1725 3764">
    <p class='ocr_par' dir='ltr' id='par_1_66' title="bbox 151 3689 1725 3764">
     <span class='ocr_line' id='line_1_66' title="bbox 151 3689 1725 3764; baseline 0.006 -25"><span class='ocrx_word' id='word_1_497' title='bbox 151 3699 200 3740; x_wconf 89' lang='lat' dir='ltr'><strong>se</strong></span> <span class='ocrx_word' id='word_1_498' title='bbox 225 3689 512 3747; x_wconf 90' lang='lat' dir='ltr'><strong>reclinabat</strong></span> <span class='ocrx_word' id='word_1_499' title='bbox 547 3709 562 3744; x_wconf 90' lang='lat'><strong>:</strong></span> <span class='ocrx_word' id='word_1_500' title='bbox 593 3702 688 3746; x_wconf 89' lang='lat' dir='ltr'><strong>aut</strong></span> <span class='ocrx_word' id='word_1_501' title='bbox 713 3701 860 3747; x_wconf 90' lang='lat' dir='ltr'><strong>certe</strong></span> <span class='ocrx_word' id='word_1_502' title='bbox 882 3693 1138 3762; x_wconf 88' lang='lat' dir='ltr'><strong>quoniam</strong></span> <span class='ocrx_word' id='word_1_503' title='bbox 1190 3694 1258 3748; x_wconf 92' lang='lat' dir='ltr'><strong>de</strong></span> <span class='ocrx_word' id='word_1_504' title='bbox 1307 3694 1508 3764; x_wconf 90' lang='lat' dir='ltr'><strong>nuptiis</strong></span> <span class='ocrx_word' id='word_1_505' title='bbox 1546 3694 1725 3764; x_wconf 90' lang='lat' dir='ltr'><strong>loqui-</strong></span> 
     </span>
    </p>
   </div>
   <div class='ocr_carea' id='block_1_67' title="bbox 152 3782 1726 3856">
    <p class='ocr_par' dir='ltr' id='par_1_67' title="bbox 152 3782 1726 3856">
     <span class='ocr_line' id='line_1_67' title="bbox 152 3782 1726 3856; baseline 0.006 -24"><span class='ocrx_word' id='word_1_506' title='bbox 152 3792 276 3847; x_wconf 89' lang='lat' dir='ltr'><strong>mur,</strong></span> <span class='ocrx_word' id='word_1_507' title='bbox 295 3782 402 3853; x_wconf 79' lang='lat' dir='ltr'><strong>jam</strong></span> <span class='ocrx_word' id='word_1_508' title='bbox 434 3791 595 3856; x_wconf 84' lang='lat' dir='ltr'><strong>quasi</strong></span> <span class='ocrx_word' id='word_1_509' title='bbox 626 3787 830 3841; x_wconf 88' lang='lat' dir='ltr'><strong>tradita</strong></span> <span class='ocrx_word' id='word_1_510' title='bbox 864 3787 916 3841; x_wconf 89' lang='lat' dir='ltr'><strong>iu</strong></span> <span class='ocrx_word' id='word_1_511' title='bbox 946 3787 1151 3842; x_wconf 90' lang='lat' dir='ltr'><strong>Christi</strong></span> <span class='ocrx_word' id='word_1_512' title='bbox 1182 3788 1427 3854; x_wconf 87' lang='lat' dir='ltr'><strong>dextera,</strong></span> <span class='ocrx_word' id='word_1_513' title='bbox 1461 3789 1513 3842; x_wconf 94' lang='lat' dir='ltr'><strong>in</strong></span> <span class='ocrx_word' id='word_1_514' title='bbox 1552 3788 1726 3842; x_wconf 87' lang='lat' dir='ltr'><strong>thala-</strong></span> 
     </span>
    </p>
   </div>
   <div class='ocr_carea' id='block_1_68' title="bbox 154 3877 1729 3951">
    <p class='ocr_par' dir='ltr' id='par_1_68' title="bbox 154 3877 1729 3951">
     <span class='ocr_line' id='line_1_68' title="bbox 154 3877 1729 3951; baseline 0.007 -27"><span class='ocrx_word' id='word_1_515' title='bbox 154 3886 281 3928; x_wconf 93' lang='lat' dir='ltr'><strong>mum</strong></span> <span class='ocrx_word' id='word_1_516' title='bbox 309 3877 611 3933; x_wconf 86' lang='lat' dir='ltr'><strong>ducebatur</strong></span> <span class='ocrx_word' id='word_1_517' title='bbox 639 3878 875 3950; x_wconf 89' lang='lat' dir='ltr'><strong>Sponso.</strong></span> <span class='ocrx_word' id='word_1_518' title='bbox 907 3880 975 3935; x_wconf 88' lang='lat' dir='ltr'><strong>Et</strong></span> <span class='ocrx_word' id='word_1_519' title='bbox 1009 3881 1132 3950; x_wconf 88' lang='lat' dir='ltr'><strong>quia</strong></span> <span class='ocrx_word' id='word_1_520' title='bbox 1165 3881 1276 3950; x_wconf 87' lang='lat' dir='ltr'><strong>jatn</strong></span> <span class='ocrx_word' id='word_1_521' title='bbox 1307 3882 1500 3951; x_wconf 87' lang='lat' dir='ltr'><strong>copula</strong></span> <span class='ocrx_word' id='word_1_522' title='bbox 1545 3880 1729 3936; x_wconf 89' lang='lat' dir='ltr'><strong>chari-</strong></span> 
     </span>
    </p>
   </div>
   <div class='ocr_carea' id='block_1_69' title="bbox 155 3968 1336 4044">
    <p class='ocr_par' dir='ltr' id='par_1_69' title="bbox 155 3968 1336 4044">
     <span class='ocr_line' id='line_1_69' title="bbox 155 3968 1336 4044; baseline 0.008 -26"><span class='ocrx_word' id='word_1_523' title='bbox 155 3968 264 4021; x_wconf 84' lang='lat' dir='ltr'><strong>tatis</strong></span> <span class='ocrx_word' id='word_1_524' title='bbox 287 3979 387 4036; x_wconf 91' lang='lat' dir='ltr'><strong>est,</strong></span> <span class='ocrx_word' id='word_1_525' title='bbox 411 3970 693 4027; x_wconf 89' lang='lat' dir='ltr'><strong>blanditur</strong></span> <span class='ocrx_word' id='word_1_526' title='bbox 721 3973 770 4028; x_wconf 89' lang='lat' dir='ltr'><strong>ei</strong></span> <span class='ocrx_word' id='word_1_527' title='bbox 801 3987 1058 4044; x_wconf 89' lang='lat' dir='ltr'><strong>sponsus,</strong></span> <span class='ocrx_word' id='word_1_528' title='bbox 1089 3983 1145 4028; x_wconf 91' lang='lat' dir='ltr'><strong>et</strong></span> <span class='ocrx_word' id='word_1_529' title='bbox 1164 3973 1336 4028; x_wconf 87' lang='lat' dir='ltr'><strong>dicit:</strong></span> 
     </span>
    </p>
   </div>
   <div class='ocr_carea' id='block_1_70' title="bbox 217 4060 1733 4136">
    <p class='ocr_par' dir='ltr' id='par_1_70' title="bbox 217 4060 1733 4136">
     <span class='ocr_line' id='line_1_70' title="bbox 217 4060 1733 4136; baseline 0.005 -22"><span class='ocrx_word' id='word_1_530' title='bbox 217 4060 264 4113; x_wconf 85' lang='lat'><strong>7.</strong></span> <span class='ocrx_word' id='word_1_531' title='bbox 296 4063 399 4118; x_wconf 86' lang='lat' dir='ltr'><strong>Sub</strong></span> <span class='ocrx_word' id='word_1_532' title='bbox 429 4067 612 4122; x_wconf 84' lang='lat' dir='ltr'><strong>arbore</strong></span> <span class='ocrx_word' id='word_1_533' title='bbox 643 4067 781 4121; x_wconf 89' lang='lat' dir='ltr'><strong>malo</strong></span> <span class='ocrx_word' id='word_1_534' title='bbox 810 4068 999 4122; x_wconf 72' lang='lat' dir='ltr'><strong>elevari</strong></span> <span class='ocrx_word' id='word_1_535' title='bbox 1029 4076 1092 4132; x_wconf 89' lang='lat' dir='ltr'><strong>te,</strong></span> <span class='ocrx_word' id='word_1_536' title='bbox 1126 4067 1238 4121; x_wconf 86' lang='lat' dir='ltr'><strong>illic</strong></span> <span class='ocrx_word' id='word_1_537' title='bbox 1259 4067 1530 4136; x_wconf 86' lang='lat' dir='ltr'><strong>parturivit</strong></span> <span class='ocrx_word' id='word_1_538' title='bbox 1553 4077 1600 4122; x_wconf 91' lang='lat' dir='ltr'><strong>te</strong></span> <span class='ocrx_word' id='word_1_539' title='bbox 1621 4083 1733 4122; x_wconf 85' lang='lat' dir='ltr'><strong>ma-</strong></span> 
     </span>
    </p>
   </div>
   <div class='ocr_carea' id='block_1_71' title="bbox 159 4160 1732 4234">
    <p class='ocr_par' dir='ltr' id='par_1_71' title="bbox 159 4160 1732 4234">
     <span class='ocr_line' id='line_1_71' title="bbox 159 4160 1732 4234; baseline 0.01 -31"><span class='ocrx_word' id='word_1_540' title='bbox 159 4160 224 4205; x_wconf 83' lang='lat' dir='ltr'><strong>ter</strong></span> <span class='ocrx_word' id='word_1_541' title='bbox 263 4164 378 4227; x_wconf 88' lang='lat' dir='ltr'><strong>tua,</strong></span> <span class='ocrx_word' id='word_1_542' title='bbox 421 4162 531 4216; x_wconf 87' lang='lat' dir='ltr'><strong>illic</strong></span> <span class='ocrx_word' id='word_1_543' title='bbox 576 4164 852 4232; x_wconf 82' lang='lat' dir='ltr'><strong>purturivit</strong></span> <span class='ocrx_word' id='word_1_544' title='bbox 896 4174 942 4218; x_wconf 90' lang='lat' dir='ltr'><strong>te</strong></span> <span class='ocrx_word' id='word_1_545' title='bbox 1011 4179 1126 4232; x_wconf 68' lang='lat' dir='ltr'><strong>qua:</strong></span> <span class='ocrx_word' id='word_1_546' title='bbox 1193 4164 1390 4234; x_wconf 80' lang='lat' dir='ltr'><strong>peperit</strong></span> <span class='ocrx_word' id='word_1_547' title='bbox 1456 4171 1520 4218; x_wconf 87' lang='lat' dir='ltr'><strong>te.</strong></span> <span class='ocrx_word' id='word_1_548' title='bbox 1580 4163 1732 4218; x_wconf 86' lang='lat' dir='ltr'><strong>Bona</strong></span> 
     </span>
    </p>
   </div>
   <div class='ocr_carea' id='block_1_72' title="bbox 159 4247 1734 4325">
    <p class='ocr_par' dir='ltr' id='par_1_72' title="bbox 159 4247 1734 4325">
     <span class='ocr_line' id='line_1_72' title="bbox 159 4247 1734 4325; baseline 0.01 -28"><span class='ocrx_word' id='word_1_549' title='bbox 159 4247 316 4304; x_wconf 88' lang='lat' dir='ltr'><strong>anima</strong></span> <span class='ocrx_word' id='word_1_550' title='bbox 342 4268 460 4323; x_wconf 77' lang='lat' dir='ltr'><strong>qua:</strong></span> <span class='ocrx_word' id='word_1_551' title='bbox 488 4255 781 4325; x_wconf 86' lang='lat' dir='ltr'><strong>requiescit</strong></span> <span class='ocrx_word' id='word_1_552' title='bbox 801 4257 903 4313; x_wconf 89' lang='lat' dir='ltr'><strong>sub</strong></span> <span class='ocrx_word' id='word_1_553' title='bbox 930 4259 1129 4313; x_wconf 86' lang='lat' dir='ltr'><strong>arbore</strong></span> <span class='ocrx_word' id='word_1_554' title='bbox 1145 4258 1441 4325; x_wconf 80' lang='lat' dir='ltr'><strong>fructuosa,</strong></span> <span class='ocrx_word' id='word_1_555' title='bbox 1473 4265 1526 4314; x_wconf 92' lang='lat' dir='ltr'><strong>et</strong></span> <span class='ocrx_word' id='word_1_556' title='bbox 1557 4257 1734 4313; x_wconf 85' lang='lat' dir='ltr'><strong>maxi-</strong></span> 
     </span>
    </p>
   </div>
   <div class='ocr_carea' id='block_1_73' title="bbox 160 4344 1737 4424">
    <p class='ocr_par' dir='ltr' id='par_1_73' title="bbox 160 4344 1737 4424">
     <span class='ocr_line' id='line_1_73' title="bbox 160 4344 1737 4424; baseline 0.011 -31"><span class='ocrx_word' id='word_1_557' title='bbox 160 4353 236 4396; x_wconf 88' lang='lat' dir='ltr'><strong>me</strong></span> <span class='ocrx_word' id='word_1_558' title='bbox 269 4344 388 4401; x_wconf 88' lang='lat' dir='ltr'><strong>boui</strong></span> <span class='ocrx_word' id='word_1_559' title='bbox 419 4349 625 4407; x_wconf 88' lang='lat' dir='ltr'><strong>odoris.</strong></span> <span class='ocrx_word' id='word_1_560' title='bbox 677 4350 811 4406; x_wconf 85' lang='lat' dir='ltr'><strong>Nam</strong></span> <span class='ocrx_word' id='word_1_561' title='bbox 864 4354 910 4408; x_wconf 91' lang='lat' dir='ltr'><strong>si</strong></span> <span class='ocrx_word' id='word_1_562' title='bbox 955 4352 1259 4410; x_wconf 86' lang='lat' dir='ltr'><strong>Nathanael</strong></span> <span class='ocrx_word' id='word_1_563' title='bbox 1297 4354 1499 4421; x_wconf 89' lang='lat' dir='ltr'><strong>bonus,</strong></span> <span class='ocrx_word' id='word_1_564' title='bbox 1531 4353 1585 4409; x_wconf 93' lang='lat' dir='ltr'><strong>in</strong></span> <span class='ocrx_word' id='word_1_565' title='bbox 1626 4349 1737 4424; x_wconf 86' lang='lat' dir='ltr'><strong>quo</strong></span> 
     </span>
    </p>
   </div>
   <div class='ocr_carea' id='block_1_74' title="bbox 162 4431 1738 4520">
    <p class='ocr_par' dir='ltr' id='par_1_74' title="bbox 162 4431 1738 4520">
     <span class='ocr_line' id='line_1_74' title="bbox 162 4431 1738 4520; baseline 0.011 -32"><span class='ocrx_word' id='word_1_566' title='bbox 162 4431 303 4494; x_wconf 87' lang='lat' dir='ltr'><strong>dolus</strong></span> <span class='ocrx_word' id='word_1_567' title='bbox 340 4443 522 4500; x_wconf 91' lang='lat' dir='ltr'><strong>nullus</strong></span> <span class='ocrx_word' id='word_1_568' title='bbox 553 4452 693 4513; x_wconf 87' lang='lat' dir='ltr'><strong>erat,</strong></span> <span class='ocrx_word' id='word_1_569' title='bbox 722 4447 824 4503; x_wconf 93' lang='lat' dir='ltr'><strong>sub</strong></span> <span class='ocrx_word' id='word_1_570' title='bbox 864 4450 1062 4504; x_wconf 89' lang='lat' dir='ltr'><strong>arbore</strong></span> <span class='ocrx_word' id='word_1_571' title='bbox 1089 4448 1178 4504; x_wconf 84' lang='lat' dir='ltr'><strong>lici</strong></span> <span class='ocrx_word' id='word_1_572' title='bbox 1222 4449 1373 4506; x_wconf 87' lang='lat' dir='ltr'><strong>visus</strong></span> <span class='ocrx_word' id='word_1_573' title='bbox 1395 4457 1514 4517; x_wconf 89' lang='lat' dir='ltr'><strong>est;</strong></span> <span class='ocrx_word' id='word_1_574' title='bbox 1549 4450 1738 4520; x_wconf 84' lang='lat' dir='ltr'><strong>utique</strong></span> 
     </span>
    </p>
   </div>
   <div class='ocr_carea' id='block_1_75' title="bbox 164 4524 1738 4610">
    <p class='ocr_par' dir='ltr' id='par_1_75' title="bbox 164 4524 1738 4610">
     <span class='ocr_line' id='line_1_75' title="bbox 164 4524 1738 4610; baseline 0.01 -29"><span class='ocrx_word' id='word_1_575' title='bbox 164 4524 292 4585; x_wconf 88' lang='lat' dir='ltr'><strong>bona</strong></span> <span class='ocrx_word' id='word_1_576' title='bbox 335 4535 534 4604; x_wconf 89' lang='lat' dir='ltr'><strong>anima,</strong></span> <span class='ocrx_word' id='word_1_577' title='bbox 584 4553 707 4610; x_wconf 65' lang='lat' dir='ltr'><strong>quae</strong></span> <span class='ocrx_word' id='word_1_578' title='bbox 755 4538 858 4595; x_wconf 90' lang='lat' dir='ltr'><strong>sub</strong></span> <span class='ocrx_word' id='word_1_579' title='bbox 897 4539 1095 4596; x_wconf 91' lang='lat' dir='ltr'><strong>arbore</strong></span> <span class='ocrx_word' id='word_1_580' title='bbox 1146 4541 1274 4596; x_wconf 91' lang='lat' dir='ltr'><strong>mali</strong></span> <span class='ocrx_word' id='word_1_581' title='bbox 1321 4541 1534 4597; x_wconf 85' lang='lat' dir='ltr'><strong>elevata</strong></span> <span class='ocrx_word' id='word_1_582' title='bbox 1584 4550 1668 4596; x_wconf 88' lang='lat' dir='ltr'><strong>est</strong></span> <span class='ocrx_word' id='word_1_583' title='bbox 1705 4556 1738 4596; x_wconf 88' lang='lat' dir='ltr'><strong>a</strong></span> 
     </span>
    </p>
   </div>
   <div class='ocr_carea' id='block_1_76' title="bbox 1818 3317 3419 3391">
    <p class='ocr_par' dir='ltr' id='par_1_76' title="bbox 1818 3317 3419 3391">
     <span class='ocr_line' id='line_1_76' title="bbox 1818 3317 3419 3391; baseline -0.001 -17"><span class='ocrx_word' id='word_1_584' title='bbox 1818 3321 1908 3391; x_wconf 90' lang='lat' dir='ltr'><strong>qui</strong></span> <span class='ocrx_word' id='word_1_585' title='bbox 1933 3336 2055 3391; x_wconf 82' lang='lat' dir='ltr'><strong>quae</strong></span> <span class='ocrx_word' id='word_1_586' title='bbox 2073 3336 2171 3375; x_wconf 90' lang='lat' dir='ltr'><strong>sua</strong></span> <span class='ocrx_word' id='word_1_587' title='bbox 2199 3329 2328 3374; x_wconf 91' lang='lat' dir='ltr'><strong>sunt</strong></span> <span class='ocrx_word' id='word_1_588' title='bbox 2370 3334 2479 3375; x_wconf 88' lang='lat' dir='ltr'><strong>non</strong></span> <span class='ocrx_word' id='word_1_589' title='bbox 2521 3322 2738 3390; x_wconf 65' lang='lat' dir='ltr'><strong>quaerit,</strong></span> <span class='ocrx_word' id='word_1_590' title='bbox 2771 3319 3045 3390; x_wconf 87' lang='lat' dir='ltr'><strong>quomodo</strong></span> <span class='ocrx_word' id='word_1_591' title='bbox 3070 3317 3419 3389; x_wconf 76' lang='lat' dir='ltr'><strong>alienaquze-</strong></span> 
     </span>
    </p>
   </div>
   <div class='ocr_carea' id='block_1_77' title="bbox 1823 3409 3426 3482">
    <p class='ocr_par' dir='ltr' id='par_1_77' title="bbox 1823 3409 3426 3482">
     <span class='ocr_line' id='line_1_77' title="bbox 1823 3409 3426 3482; baseline -0.001 -13"><span class='ocrx_word' id='word_1_592' title='bbox 1823 3412 1950 3469; x_wconf 88' lang='lat' dir='ltr'><strong>ret?</strong></span> <span class='ocrx_word' id='word_1_593' title='bbox 1974 3413 2070 3467; x_wconf 76' lang='lat' dir='ltr'><strong>Est</strong></span> <span class='ocrx_word' id='word_1_594' title='bbox 2097 3423 2152 3468; x_wconf 93' lang='lat' dir='ltr'><strong>et</strong></span> <span class='ocrx_word' id='word_1_595' title='bbox 2173 3429 2321 3468; x_wconf 88' lang='lat' dir='ltr'><strong>mors</strong></span> <span class='ocrx_word' id='word_1_596' title='bbox 2355 3413 2443 3466; x_wconf 88' lang='lat' dir='ltr'><strong>illa</strong></span> <span class='ocrx_word' id='word_1_597' title='bbox 2468 3413 2642 3466; x_wconf 86' lang='lat' dir='ltr'><strong>valida</strong></span> <span class='ocrx_word' id='word_1_598' title='bbox 2677 3427 2775 3482; x_wconf 92' lang='lat' dir='ltr'><strong>per</strong></span> <span class='ocrx_word' id='word_1_599' title='bbox 2804 3414 3104 3479; x_wconf 85' lang='lat' dir='ltr'><strong>lavacrum,</strong></span> <span class='ocrx_word' id='word_1_600' title='bbox 3138 3426 3238 3482; x_wconf 89' lang='lat' dir='ltr'><strong>per</strong></span> <span class='ocrx_word' id='word_1_601' title='bbox 3280 3409 3426 3482; x_wconf 87' lang='lat' dir='ltr'><strong>quod</strong></span> 
     </span>
    </p>
   </div>
   <div class='ocr_carea' id='block_1_78' title="bbox 1827 3503 3427 3576">
    <p class='ocr_par' dir='ltr' id='par_1_78' title="bbox 1827 3503 3427 3576">
     <span class='ocr_line' id='line_1_78' title="bbox 1827 3503 3427 3576; baseline -0.001 -16"><span class='ocrx_word' id='word_1_602' title='bbox 1827 3516 2110 3574; x_wconf 88' lang='lat' dir='ltr'><strong>peccatum</strong></span> <span class='ocrx_word' id='word_1_603' title='bbox 2140 3520 2302 3560; x_wconf 89' lang='lat' dir='ltr'><strong>omne</strong></span> <span class='ocrx_word' id='word_1_604' title='bbox 2329 3507 2615 3576; x_wconf 87' lang='lat' dir='ltr'><strong>sepelitur,</strong></span> <span class='ocrx_word' id='word_1_605' title='bbox 2648 3512 2704 3559; x_wconf 89' lang='lat' dir='ltr'><strong>et</strong></span> <span class='ocrx_word' id='word_1_606' title='bbox 2732 3504 2892 3574; x_wconf 86' lang='lat' dir='ltr'><strong>culpa</strong></span> <span class='ocrx_word' id='word_1_607' title='bbox 2928 3503 3244 3558; x_wconf 91' lang='lat' dir='ltr'><strong>dimittitur.</strong></span> <span class='ocrx_word' id='word_1_608' title='bbox 3277 3503 3427 3559; x_wconf 84' lang='lat' dir='ltr'><strong>Talis</strong></span> 
     </span>
    </p>
   </div>
   <div class='ocr_carea' id='block_1_79' title="bbox 1825 3594 3426 3668">
    <p class='ocr_par' dir='ltr' id='par_1_79' title="bbox 1825 3594 3426 3668">
     <span class='ocr_line' id='line_1_79' title="bbox 1825 3594 3426 3668; baseline -0.001 -18"><span class='ocrx_word' id='word_1_609' title='bbox 1825 3605 1942 3650; x_wconf 86' lang='lat' dir='ltr'><strong>erat</strong></span> <span class='ocrx_word' id='word_1_610' title='bbox 1963 3597 2204 3652; x_wconf 81' lang='lat' dir='ltr'><strong>charitas</strong></span> <span class='ocrx_word' id='word_1_611' title='bbox 2231 3613 2392 3668; x_wconf 90' lang='lat' dir='ltr'><strong>quam</strong></span> <span class='ocrx_word' id='word_1_612' title='bbox 2425 3595 2708 3652; x_wconf 85' lang='lat' dir='ltr'><strong>deferebat</strong></span> <span class='ocrx_word' id='word_1_613' title='bbox 2737 3595 3064 3667; x_wconf 81' lang='lat' dir='ltr'><strong>Evangelica</strong></span> <span class='ocrx_word' id='word_1_614' title='bbox 3091 3594 3182 3650; x_wconf 89' lang='lat' dir='ltr'><strong>illa</strong></span> <span class='ocrx_word' id='word_1_615' title='bbox 3206 3595 3426 3664; x_wconf 90' lang='lat' dir='ltr'><strong>mulier,</strong></span> 
     </span>
    </p>
   </div>
   <div class='ocr_carea' id='block_1_80' title="bbox 1827 3689 3429 3761">
    <p class='ocr_par' dir='ltr' id='par_1_80' title="bbox 1827 3689 3429 3761">
     <span class='ocr_line' id='line_1_80' title="bbox 1827 3689 3429 3761; baseline -0.002 -16"><span class='ocrx_word' id='word_1_616' title='bbox 1827 3689 1896 3745; x_wconf 91' lang='lat' dir='ltr'><strong>de</strong></span> <span class='ocrx_word' id='word_1_617' title='bbox 1935 3705 2041 3761; x_wconf 91' lang='lat' dir='ltr'><strong>qua</strong></span> <span class='ocrx_word' id='word_1_618' title='bbox 2089 3691 2354 3746; x_wconf 86' lang='lat' dir='ltr'><strong>Dominus</strong></span> <span class='ocrx_word' id='word_1_619' title='bbox 2403 3689 2481 3744; x_wconf 88' lang='lat' dir='ltr'><strong>ait</strong></span> <span class='ocrx_word' id='word_1_620' title='bbox 2532 3689 2820 3744; x_wconf 82' lang='lat' dir='ltr'><strong>:Remissa</strong></span> <span class='ocrx_word' id='word_1_621' title='bbox 2875 3701 2993 3743; x_wconf 88' lang='lat' dir='ltr'><strong>sunt</strong></span> <span class='ocrx_word' id='word_1_622' title='bbox 3051 3699 3262 3758; x_wconf 85' lang='lat' dir='ltr'><strong>peccata</strong></span> <span class='ocrx_word' id='word_1_623' title='bbox 3314 3691 3429 3761; x_wconf 85' lang='lat' dir='ltr'><strong>ejus</strong></span> 
     </span>
    </p>
   </div>
   <div class='ocr_carea' id='block_1_81' title="bbox 1830 3780 3432 3854">
    <p class='ocr_par' dir='ltr' id='par_1_81' title="bbox 1830 3780 3432 3854">
     <span class='ocr_line' id='line_1_81' title="bbox 1830 3780 3432 3854; baseline 0.001 -18"><span class='ocrx_word' id='word_1_624' title='bbox 1830 3785 2015 3849; x_wconf 88' lang='lat' dir='ltr'><strong>multa,</strong></span> <span class='ocrx_word' id='word_1_625' title='bbox 2045 3784 2288 3854; x_wconf 87' lang='lat' dir='ltr'><strong>quoniam</strong></span> <span class='ocrx_word' id='word_1_626' title='bbox 2321 3783 2502 3836; x_wconf 76' lang='lat' dir='ltr'><strong>dilexit</strong></span> <span class='ocrx_word' id='word_1_627' title='bbox 2532 3784 2754 3836; x_wconf 85' lang='lat' dir='ltr'><strong>multum</strong></span> <span class='ocrx_word' id='word_1_628' title='bbox 2781 3780 2932 3854; x_wconf 86' lang='lat' dir='ltr'><strong>(Luc.</strong></span> <span class='ocrx_word' id='word_1_629' title='bbox 2968 3797 3060 3848; x_wconf 81' lang='lat' dir='ltr'><strong>vn,</strong></span> <span class='ocrx_word' id='word_1_630' title='bbox 3089 3780 3207 3852; x_wconf 71' lang='grc'><strong>47).</strong></span> <span class='ocrx_word' id='word_1_631' title='bbox 3241 3784 3338 3837; x_wconf 79' lang='lat' dir='ltr'><strong>Est</strong></span> <span class='ocrx_word' id='word_1_632' title='bbox 3375 3791 3432 3838; x_wconf 90' lang='lat' dir='ltr'><strong>et</strong></span> 
     </span>
    </p>
   </div>
   <div class='ocr_carea' id='block_1_82' title="bbox 1829 3874 3430 3946">
    <p class='ocr_par' dir='ltr' id='par_1_82' title="bbox 1829 3874 3430 3946">
     <span class='ocr_line' id='line_1_82' title="bbox 1829 3874 3430 3946; baseline -0.001 -14"><span class='ocrx_word' id='word_1_633' title='bbox 1829 3875 1922 3932; x_wconf 90' lang='lat' dir='ltr'><strong>illa</strong></span> <span class='ocrx_word' id='word_1_634' title='bbox 1948 3893 2098 3932; x_wconf 86' lang='lat' dir='ltr'><strong>mors</strong></span> <span class='ocrx_word' id='word_1_635' title='bbox 2127 3887 2440 3932; x_wconf 87' lang='lat' dir='ltr'><strong>sanctorum</strong></span> <span class='ocrx_word' id='word_1_636' title='bbox 2480 3889 2784 3946; x_wconf 88' lang='lat' dir='ltr'><strong>martyrum</strong></span> <span class='ocrx_word' id='word_1_637' title='bbox 2817 3874 3017 3944; x_wconf 86' lang='lat' dir='ltr'><strong>valida,</strong></span> <span class='ocrx_word' id='word_1_638' title='bbox 3055 3892 3176 3946; x_wconf 72' lang='lat' dir='ltr'><strong>qua:</strong></span> <span class='ocrx_word' id='word_1_639' title='bbox 3211 3876 3430 3946; x_wconf 88' lang='lat' dir='ltr'><strong>culpam</strong></span> 
     </span>
    </p>
   </div>
   <div class='ocr_carea' id='block_1_83' title="bbox 1830 3968 3433 4040">
    <p class='ocr_par' dir='ltr' id='par_1_83' title="bbox 1830 3968 3433 4040">
     <span class='ocr_line' id='line_1_83' title="bbox 1830 3968 3433 4040; baseline 0.001 -18"><span class='ocrx_word' id='word_1_640' title='bbox 1830 3969 2014 4025; x_wconf 87' lang='lat' dir='ltr'><strong>abolet</strong></span> <span class='ocrx_word' id='word_1_641' title='bbox 2037 3971 2411 4040; x_wconf 89' lang='lat' dir='ltr'><strong>superiorem;</strong></span> <span class='ocrx_word' id='word_1_642' title='bbox 2435 3977 2491 4023; x_wconf 93' lang='lat' dir='ltr'><strong>et</strong></span> <span class='ocrx_word' id='word_1_643' title='bbox 2523 3969 2645 4023; x_wconf 89' lang='lat' dir='ltr'><strong>ideo</strong></span> <span class='ocrx_word' id='word_1_644' title='bbox 2673 3969 2873 4036; x_wconf 91' lang='lat' dir='ltr'><strong>valida,</strong></span> <span class='ocrx_word' id='word_1_645' title='bbox 2915 3969 3071 4038; x_wconf 89' lang='lat' dir='ltr'><strong>cujus</strong></span> <span class='ocrx_word' id='word_1_646' title='bbox 3103 3984 3213 4023; x_wconf 91' lang='lat' dir='ltr'><strong>non</strong></span> <span class='ocrx_word' id='word_1_647' title='bbox 3257 3968 3433 4040; x_wconf 89' lang='lat' dir='ltr'><strong>impar</strong></span> 
     </span>
    </p>
   </div>
   <div class='ocr_carea' id='block_1_84' title="bbox 1832 4062 3437 4134">
    <p class='ocr_par' dir='ltr' id='par_1_84' title="bbox 1832 4062 3437 4134">
     <span class='ocr_line' id='line_1_84' title="bbox 1832 4062 3437 4134; baseline 0.002 -16"><span class='ocrx_word' id='word_1_648' title='bbox 1832 4073 1916 4118; x_wconf 86' lang='lat' dir='ltr'><strong>est</strong></span> <span class='ocrx_word' id='word_1_649' title='bbox 1941 4063 2204 4130; x_wconf 90' lang='lat' dir='ltr'><strong>charitas,</strong></span> <span class='ocrx_word' id='word_1_650' title='bbox 2231 4077 2352 4133; x_wconf 73' lang='lat' dir='ltr'><strong>qua:</strong></span> <span class='ocrx_word' id='word_1_651' title='bbox 2378 4062 2696 4134; x_wconf 73' lang='lat' dir='ltr'><strong>adtequatur</strong></span> <span class='ocrx_word' id='word_1_652' title='bbox 2731 4072 3032 4133; x_wconf 88' lang='lat' dir='ltr'><strong>martyrum</strong></span> <span class='ocrx_word' id='word_1_653' title='bbox 3062 4064 3327 4134; x_wconf 88' lang='lat' dir='ltr'><strong>passioni,</strong></span> <span class='ocrx_word' id='word_1_654' title='bbox 3376 4073 3437 4122; x_wconf 86' lang='lat' dir='ltr'><strong>ut</strong></span> 
     </span>
    </p>
   </div>
   <div class='ocr_carea' id='block_1_85' title="bbox 1833 4155 2704 4213">
    <p class='ocr_par' dir='ltr' id='par_1_85' title="bbox 1833 4155 2704 4213">
     <span class='ocr_line' id='line_1_85' title="bbox 1833 4155 2704 4213; baseline -0.001 -2"><span class='ocrx_word' id='word_1_655' title='bbox 1833 4155 2047 4212; x_wconf 82' lang='lat' dir='ltr'><strong>auferat</strong></span> <span class='ocrx_word' id='word_1_656' title='bbox 2077 4158 2331 4212; x_wconf 91' lang='lat' dir='ltr'><strong>meritum</strong></span> <span class='ocrx_word' id='word_1_657' title='bbox 2356 4156 2704 4213; x_wconf 89' lang='lat' dir='ltr'><strong>delictorum.</strong></span> 
     </span>
    </p>
   </div>
   <div class='ocr_carea' id='block_1_86' title="bbox 1912 4249 3440 4322">
    <p class='ocr_par' dir='ltr' id='par_1_86' title="bbox 1912 4249 3440 4322">
     <span class='ocr_line' id='line_1_86' title="bbox 1912 4249 3440 4322; baseline 0.003 -18"><span class='ocrx_word' id='word_1_658' title='bbox 1912 4250 1998 4304; x_wconf 90' lang='grc'><strong>11.</strong></span> <span class='ocrx_word' id='word_1_659' title='bbox 2059 4249 2220 4304; x_wconf 81' lang='lat' dir='ltr'><strong>Zelus</strong></span> <span class='ocrx_word' id='word_1_660' title='bbox 2267 4265 2486 4321; x_wconf 88' lang='lat' dir='ltr'><strong>quoque</strong></span> <span class='ocrx_word' id='word_1_661' title='bbox 2542 4259 2600 4304; x_wconf 92' lang='lat' dir='ltr'><strong>ut</strong></span> <span class='ocrx_word' id='word_1_662' title='bbox 2649 4251 2847 4317; x_wconf 85' lang='lat' dir='ltr'><strong>inferi,</strong></span> <span class='ocrx_word' id='word_1_663' title='bbox 2897 4251 3153 4322; x_wconf 90' lang='lat' dir='ltr'><strong>quoniam</strong></span> <span class='ocrx_word' id='word_1_664' title='bbox 3199 4251 3294 4322; x_wconf 92' lang='lat' dir='ltr'><strong>qui</strong></span> <span class='ocrx_word' id='word_1_665' title='bbox 3343 4251 3440 4308; x_wconf 91' lang='lat' dir='ltr'><strong>Dei</strong></span> 
     </span>
    </p>
   </div>
   <div class='ocr_carea' id='block_1_87' title="bbox 1837 4343 3444 4417">
    <p class='ocr_par' dir='ltr' id='par_1_87' title="bbox 1837 4343 3444 4417">
     <span class='ocr_line' id='line_1_87' title="bbox 1837 4343 3444 4417; baseline 0.003 -20"><span class='ocrx_word' id='word_1_666' title='bbox 1837 4343 2015 4400; x_wconf 89' lang='lat' dir='ltr'><strong>zelum</strong></span> <span class='ocrx_word' id='word_1_667' title='bbox 2040 4344 2227 4412; x_wconf 88' lang='lat' dir='ltr'><strong>habet,</strong></span> <span class='ocrx_word' id='word_1_668' title='bbox 2263 4359 2362 4416; x_wconf 94' lang='lat' dir='ltr'><strong>pro</strong></span> <span class='ocrx_word' id='word_1_669' title='bbox 2389 4345 2608 4400; x_wconf 81' lang='lat' dir='ltr'><strong>Christo</strong></span> <span class='ocrx_word' id='word_1_670' title='bbox 2638 4360 2739 4400; x_wconf 91' lang='lat' dir='ltr'><strong>nec</strong></span> <span class='ocrx_word' id='word_1_671' title='bbox 2777 4347 2889 4400; x_wconf 89' lang='lat' dir='ltr'><strong>suis</strong></span> <span class='ocrx_word' id='word_1_672' title='bbox 2928 4349 3124 4416; x_wconf 87' lang='lat' dir='ltr'><strong>parcit.</strong></span> <span class='ocrx_word' id='word_1_673' title='bbox 3168 4346 3351 4417; x_wconf 86' lang='lat' dir='ltr'><strong>Itaque</strong></span> <span class='ocrx_word' id='word_1_674' title='bbox 3388 4354 3444 4402; x_wconf 83' lang='lat' dir='ltr'><strong>et</strong></span> 
     </span>
    </p>
   </div>
   <div class='ocr_carea' id='block_1_88' title="bbox 1839 4437 3444 4507">
    <p class='ocr_par' dir='ltr' id='par_1_88' title="bbox 1839 4437 3444 4507">
     <span class='ocr_line' id='line_1_88' title="bbox 1839 4437 3444 4507; baseline 0.002 -16"><span class='ocrx_word' id='word_1_675' title='bbox 1839 4443 2073 4494; x_wconf 88' lang='lat' dir='ltr'><strong>mortem</strong></span> <span class='ocrx_word' id='word_1_676' title='bbox 2101 4437 2269 4493; x_wconf 88' lang='lat' dir='ltr'><strong>habet</strong></span> <span class='ocrx_word' id='word_1_677' title='bbox 2291 4439 2554 4504; x_wconf 89' lang='lat' dir='ltr'><strong>charitas,</strong></span> <span class='ocrx_word' id='word_1_678' title='bbox 2587 4447 2643 4492; x_wconf 92' lang='lat' dir='ltr'><strong>et</strong></span> <span class='ocrx_word' id='word_1_679' title='bbox 2671 4439 2846 4494; x_wconf 83' lang='lat' dir='ltr'><strong>zelum</strong></span> <span class='ocrx_word' id='word_1_680' title='bbox 2876 4437 3039 4494; x_wconf 79' lang='lat' dir='ltr'><strong>habet</strong></span> <span class='ocrx_word' id='word_1_681' title='bbox 3065 4438 3338 4507; x_wconf 8' lang='lat' dir='ltr'><strong>gebat-itas,</strong></span> <span class='ocrx_word' id='word_1_682' title='bbox 3387 4447 3444 4494; x_wconf 86' lang='lat' dir='ltr'><strong>et</strong></span> 
     </span>
    </p>
   </div>
   <div class='ocr_carea' id='block_1_89' title="bbox 1838 4529 3445 4602">
    <p class='ocr_par' dir='ltr' id='par_1_89' title="bbox 1838 4529 3445 4602">
     <span class='ocr_line' id='line_1_89' title="bbox 1838 4529 3445 4602; baseline 0.002 -18"><span class='ocrx_word' id='word_1_683' title='bbox 1838 4530 1958 4586; x_wconf 85' lang='lat' dir='ltr'><strong>alas</strong></span> <span class='ocrx_word' id='word_1_684' title='bbox 1982 4533 2120 4602; x_wconf 90' lang='lat' dir='ltr'><strong>ignis</strong></span> <span class='ocrx_word' id='word_1_685' title='bbox 2142 4530 2305 4586; x_wconf 89' lang='lat' dir='ltr'><strong>habet</strong></span> <span class='ocrx_word' id='word_1_686' title='bbox 2328 4531 2589 4586; x_wconf 84' lang='lat' dir='ltr'><strong>charitas.</strong></span> <span class='ocrx_word' id='word_1_687' title='bbox 2636 4530 2878 4602; x_wconf 89' lang='lat' dir='ltr'><strong>Denique</strong></span> <span class='ocrx_word' id='word_1_688' title='bbox 2919 4529 3168 4587; x_wconf 89' lang='lat' dir='ltr'><strong>Christus</strong></span> <span class='ocrx_word' id='word_1_689' title='bbox 3208 4531 3445 4602; x_wconf 84' lang='lat' dir='ltr'><strong>diligens</strong></span> 
     </span>
    </p>
   </div>
   <div class='ocr_carea' id='block_1_90' title="bbox 166 4611 3445 4703">
    <p class='ocr_par' dir='ltr' id='par_1_90' title="bbox 166 4611 3445 4703">
     <span class='ocr_line' id='line_1_90' title="bbox 166 4611 3445 4703; baseline 0.002 -29"><span class='ocrx_word' id='word_1_690' title='bbox 166 4617 358 4690; x_wconf 90' lang='lat' dir='ltr'><strong>Sponso</strong></span> <span class='ocrx_word' id='word_1_691' title='bbox 411 4643 531 4685; x_wconf 90' lang='lat' dir='ltr'><strong>suo.</strong></span> <span class='ocrx_word' id='word_1_692' title='bbox 587 4630 718 4687; x_wconf 87' lang='lat' dir='ltr'><strong>Plus</strong></span> <span class='ocrx_word' id='word_1_693' title='bbox 742 4640 826 4686; x_wconf 90' lang='lat' dir='ltr'><strong>est</strong></span> <span class='ocrx_word' id='word_1_694' title='bbox 850 4631 995 4687; x_wconf 89' lang='lat' dir='ltr'><strong>enim</strong></span> <span class='ocrx_word' id='word_1_695' title='bbox 1047 4631 1273 4700; x_wconf 89' lang='lat' dir='ltr'><strong>elevari,</strong></span> <span class='ocrx_word' id='word_1_696' title='bbox 1313 4648 1474 4703; x_wconf 87' lang='lat' dir='ltr'><strong>quam</strong></span> <span class='ocrx_word' id='word_1_697' title='bbox 1528 4633 1734 4689; x_wconf 87' lang='lat' dir='ltr'><strong>videri:</strong></span> <span class='ocrx_word' id='word_1_698' title='bbox 1763 4611 1818 4672; x_wconf 85' lang='grc' dir='ltr'><strong>Ῑ)</strong></span> <span class='ocrx_word' id='word_1_699' title='bbox 1844 4625 2102 4696; x_wconf 81' lang='lat' dir='ltr'><strong>Moysen,</strong></span> <span class='ocrx_word' id='word_1_700' title='bbox 2143 4624 2200 4679; x_wconf 90' lang='lat' dir='ltr'><strong>in</strong></span> <span class='ocrx_word' id='word_1_701' title='bbox 2241 4624 2366 4696; x_wconf 88' lang='lat' dir='ltr'><strong>igne</strong></span> <span class='ocrx_word' id='word_1_702' title='bbox 2404 4624 2454 4680; x_wconf 90' lang='lat' dir='ltr'><strong>ei</strong></span> <span class='ocrx_word' id='word_1_703' title='bbox 2479 4624 2753 4696; x_wconf 88' lang='lat' dir='ltr'><strong>apparuit.</strong></span> <span class='ocrx_word' id='word_1_704' title='bbox 2795 4624 2862 4679; x_wconf 79' lang='lat' dir='ltr'><strong>Et</strong></span> <span class='ocrx_word' id='word_1_705' title='bbox 2893 4623 3197 4680; x_wconf 83' lang='lat' dir='ltr'><strong>Hieremias</strong></span> <span class='ocrx_word' id='word_1_706' title='bbox 3233 4623 3445 4681; x_wconf 85' lang='lat' dir='ltr'><strong>habens</strong></span> 
     </span>
    </p>
   </div>
   <div class='ocr_carea' id='block_1_91' title="bbox 169 4714 1742 4795">
    <p class='ocr_par' dir='ltr' id='par_1_91' title="bbox 169 4714 1742 4795">
     <span class='ocr_line' id='line_1_91' title="bbox 169 4714 1742 4795; baseline 0.006 -24"><span class='ocrx_word' id='word_1_707' title='bbox 169 4714 277 4781; x_wconf 76' lang='lat' dir='ltr'><strong>plus</strong></span> <span class='ocrx_word' id='word_1_708' title='bbox 317 4720 476 4777; x_wconf 90' lang='lat' dir='ltr'><strong>etiam</strong></span> <span class='ocrx_word' id='word_1_709' title='bbox 521 4739 549 4778; x_wconf 89' lang='lat' dir='ltr'><strong>a</strong></span> <span class='ocrx_word' id='word_1_710' title='bbox 590 4738 796 4795; x_wconf 92' lang='lat' dir='ltr'><strong>sponso</strong></span> <span class='ocrx_word' id='word_1_711' title='bbox 845 4725 1072 4782; x_wconf 86' lang='lat' dir='ltr'><strong>elevari.</strong></span> <span class='ocrx_word' id='word_1_712' title='bbox 1130 4725 1266 4782; x_wconf 84' lang='lat' dir='ltr'><strong>Nam</strong></span> <span class='ocrx_word' id='word_1_713' title='bbox 1293 4728 1398 4782; x_wconf 92' lang='lat' dir='ltr'><strong>etsi</strong></span> <span class='ocrx_word' id='word_1_714' title='bbox 1439 4726 1742 4783; x_wconf 83' lang='lat' dir='ltr'><strong>Nathauael</strong></span> 
     </span>
    </p>
   </div>
   <div class='ocr_carea' id='block_1_92' title="bbox 170 4807 1740 4890">
    <p class='ocr_par' dir='ltr' id='par_1_92' title="bbox 170 4807 1740 4890">
     <span class='ocr_line' id='line_1_92' title="bbox 170 4807 1740 4890; baseline 0.012 -33"><span class='ocrx_word' id='word_1_715' title='bbox 170 4807 430 4868; x_wconf 86' lang='lat' dir='ltr'><strong>videbatur</strong></span> <span class='ocrx_word' id='word_1_716' title='bbox 454 4817 554 4872; x_wconf 88' lang='lat' dir='ltr'><strong>sub</strong></span> <span class='ocrx_word' id='word_1_717' title='bbox 577 4819 797 4884; x_wconf 87' lang='lat' dir='ltr'><strong>arbore.</strong></span> <span class='ocrx_word' id='word_1_718' title='bbox 842 4830 1023 4875; x_wconf 90' lang='lat' dir='ltr'><strong>tamen</strong></span> <span class='ocrx_word' id='word_1_719' title='bbox 1053 4821 1234 4876; x_wconf 89' lang='lat' dir='ltr'><strong>anima</strong></span> <span class='ocrx_word' id='word_1_720' title='bbox 1261 4820 1381 4890; x_wconf 86' lang='lat' dir='ltr'><strong>ejus</strong></span> <span class='ocrx_word' id='word_1_721' title='bbox 1401 4835 1600 4890; x_wconf 88' lang='lat' dir='ltr'><strong>sponsa</strong></span> <span class='ocrx_word' id='word_1_722' title='bbox 1634 4836 1740 4877; x_wconf 92' lang='lat' dir='ltr'><strong>non</strong></span> 
     </span>
    </p>
   </div>
   <div class='ocr_carea' id='block_1_93' title="bbox 171 4907 1741 4984">
    <p class='ocr_par' dir='ltr' id='par_1_93' title="bbox 171 4907 1741 4984">
     <span class='ocr_line' id='line_1_93' title="bbox 171 4907 1741 4984; baseline 0.002 -18"><span class='ocrx_word' id='word_1_723' title='bbox 171 4910 308 4966; x_wconf 74' lang='grc' dir='ltr'>θττιις</span> <span class='ocrx_word' id='word_1_724' title='bbox 337 4907 458 4974; x_wconf 91' lang='lat' dir='ltr'><strong>quia</strong></span> <span class='ocrx_word' id='word_1_725' title='bbox 486 4909 699 4966; x_wconf 89' lang='lat' dir='ltr'><strong>occulte</strong></span> <span class='ocrx_word' id='word_1_726' title='bbox 723 4909 980 4968; x_wconf 89' lang='lat' dir='ltr'><strong>veniebat</strong></span> <span class='ocrx_word' id='word_1_727' title='bbox 1003 4911 1071 4968; x_wconf 89' lang='lat' dir='ltr'><strong>ad</strong></span> <span class='ocrx_word' id='word_1_728' title='bbox 1099 4909 1402 4980; x_wconf 89' lang='lat' dir='ltr'><strong>Christum,</strong></span> <span class='ocrx_word' id='word_1_729' title='bbox 1426 4917 1555 4984; x_wconf 90' lang='lat' dir='ltr'><strong>quia</strong></span> <span class='ocrx_word' id='word_1_730' title='bbox 1583 4928 1741 4969; x_wconf 84' lang='lat' dir='ltr'><strong>vere-</strong></span> 
     </span>
    </p>
   </div>
   <div class='ocr_carea' id='block_1_94' title="bbox 175 4987 1744 5076">
    <p class='ocr_par' dir='ltr' id='par_1_94' title="bbox 175 4987 1744 5076">
     <span class='ocr_line' id='line_1_94' title="bbox 175 4987 1744 5076; baseline 0.011 -33"><span class='ocrx_word' id='word_1_731' title='bbox 175 4987 315 5046; x_wconf 86' lang='lat' dir='ltr'><strong>batur</strong></span> <span class='ocrx_word' id='word_1_732' title='bbox 337 4993 568 5056; x_wconf 79' lang='lat' dir='ltr'><strong>Judaeos.</strong></span> <span class='ocrx_word' id='word_1_733' title='bbox 603 5003 720 5058; x_wconf 88' lang='lat' dir='ltr'><strong>Non</strong></span> <span class='ocrx_word' id='word_1_734' title='bbox 747 5013 865 5059; x_wconf 89' lang='lat' dir='ltr'><strong>erat</strong></span> <span class='ocrx_word' id='word_1_735' title='bbox 894 5005 1145 5076; x_wconf 86' lang='lat' dir='ltr'><strong>speciosa</strong></span> <span class='ocrx_word' id='word_1_736' title='bbox 1183 5005 1326 5061; x_wconf 89' lang='lat' dir='ltr'><strong>sicut</strong></span> <span class='ocrx_word' id='word_1_737' title='bbox 1372 5005 1522 5071; x_wconf 91' lang='lat' dir='ltr'><strong>luna,</strong></span> <span class='ocrx_word' id='word_1_738' title='bbox 1568 5006 1744 5061; x_wconf 89' lang='lat' dir='ltr'><strong>electa</strong></span> 
     </span>
    </p>
   </div>
   <div class='ocr_carea' id='block_1_95' title="bbox 176 5086 1746 5170">
    <p class='ocr_par' dir='ltr' id='par_1_95' title="bbox 176 5086 1746 5170">
     <span class='ocr_line' id='line_1_95' title="bbox 176 5086 1746 5170; baseline 0.01 -31"><span class='ocrx_word' id='word_1_739' title='bbox 176 5090 229 5134; x_wconf 82' lang='lat' dir='ltr'><strong>ut</strong></span> <span class='ocrx_word' id='word_1_740' title='bbox 265 5086 364 5155; x_wconf 91' lang='lat' dir='ltr'><strong>sol,</strong></span> <span class='ocrx_word' id='word_1_741' title='bbox 400 5105 518 5162; x_wconf 74' lang='lat' dir='ltr'><strong>qua:</strong></span> <span class='ocrx_word' id='word_1_742' title='bbox 567 5103 686 5151; x_wconf 90' lang='lat' dir='ltr'><strong>erat</strong></span> <span class='ocrx_word' id='word_1_743' title='bbox 713 5096 768 5151; x_wconf 95' lang='lat' dir='ltr'><strong>iu</strong></span> <span class='ocrx_word' id='word_1_744' title='bbox 797 5097 988 5152; x_wconf 87' lang='lat' dir='ltr'><strong>umbra</strong></span> <span class='ocrx_word' id='word_1_745' title='bbox 1017 5113 1032 5164; x_wconf 91' lang='lat'><strong>;</strong></span> <span class='ocrx_word' id='word_1_746' title='bbox 1065 5099 1191 5170; x_wconf 88' lang='lat' dir='ltr'><strong>quia</strong></span> <span class='ocrx_word' id='word_1_747' title='bbox 1221 5115 1344 5170; x_wconf 71' lang='lat' dir='ltr'><strong>qua:</strong></span> <span class='ocrx_word' id='word_1_748' title='bbox 1392 5114 1596 5170; x_wconf 89' lang='lat' dir='ltr'><strong>sponsa</strong></span> <span class='ocrx_word' id='word_1_749' title='bbox 1647 5115 1746 5169; x_wconf 84' lang='lat' dir='ltr'><strong>per</strong></span> 
     </span>
    </p>
   </div>
   <div class='ocr_carea' id='block_1_96' title="bbox 177 5171 1746 5257">
    <p class='ocr_par' dir='ltr' id='par_1_96' title="bbox 177 5171 1746 5257">
     <span class='ocr_line' id='line_1_96' title="bbox 177 5171 1746 5257; baseline 0.015 -31"><span class='ocrx_word' id='word_1_750' title='bbox 177 5171 302 5231; x_wconf 88' lang='lat' dir='ltr'><strong>diem</strong></span> <span class='ocrx_word' id='word_1_751' title='bbox 325 5183 493 5252; x_wconf 87' lang='lat' dir='ltr'><strong>nubit,</strong></span> <span class='ocrx_word' id='word_1_752' title='bbox 523 5188 737 5257; x_wconf 92' lang='lat' dir='ltr'><strong>publice</strong></span> <span class='ocrx_word' id='word_1_753' title='bbox 757 5191 1074 5246; x_wconf 85' lang='lat' dir='ltr'><strong>confitetur.</strong></span> <span class='ocrx_word' id='word_1_754' title='bbox 1102 5191 1230 5248; x_wconf 85' lang='lat' dir='ltr'><strong>Ideo</strong></span> <span class='ocrx_word' id='word_1_755' title='bbox 1259 5193 1364 5248; x_wconf 90' lang='lat' dir='ltr'><strong>ista</strong></span> <span class='ocrx_word' id='word_1_756' title='bbox 1402 5193 1505 5249; x_wconf 89' lang='lat' dir='ltr'><strong>sub</strong></span> <span class='ocrx_word' id='word_1_757' title='bbox 1544 5194 1746 5250; x_wconf 89' lang='lat' dir='ltr'><strong>arbore</strong></span> 
     </span>
    </p>
   </div>
   <div class='ocr_carea' id='block_1_97' title="bbox 180 5270 1745 5355">
    <p class='ocr_par' dir='ltr' id='par_1_97' title="bbox 180 5270 1745 5355">
     <span class='ocr_line' id='line_1_97' title="bbox 180 5270 1745 5355; baseline 0.015 -36"><span class='ocrx_word' id='word_1_758' title='bbox 180 5270 313 5336; x_wconf 86' lang='lat' dir='ltr'><strong>mali,</strong></span> <span class='ocrx_word' id='word_1_759' title='bbox 332 5273 416 5330; x_wconf 91' lang='lat' dir='ltr'><strong>illa</strong></span> <span class='ocrx_word' id='word_1_760' title='bbox 433 5279 531 5335; x_wconf 91' lang='lat' dir='ltr'><strong>sub</strong></span> <span class='ocrx_word' id='word_1_761' title='bbox 555 5281 679 5351; x_wconf 81' lang='lat' dir='ltr'><strong>ficu;</strong></span> <span class='ocrx_word' id='word_1_762' title='bbox 711 5283 836 5355; x_wconf 89' lang='lat' dir='ltr'><strong>quia</strong></span> <span class='ocrx_word' id='word_1_763' title='bbox 867 5287 983 5340; x_wconf 68' lang='lat' dir='ltr'><strong>haec</strong></span> <span class='ocrx_word' id='word_1_764' title='bbox 995 5285 1357 5343; x_wconf 85' lang='lat' dir='ltr'><strong>confessionis</strong></span> <span class='ocrx_word' id='word_1_765' title='bbox 1379 5302 1494 5343; x_wconf 72' lang='lat' dir='ltr'><strong>sua:</strong></span> <span class='ocrx_word' id='word_1_766' title='bbox 1519 5287 1745 5344; x_wconf 86' lang='lat' dir='ltr'><strong>odorem</strong></span> 
     </span>
    </p>
   </div>
   <div class='ocr_carea' id='block_1_98' title="bbox 179 5356 1750 5462">
    <p class='ocr_par' dir='ltr' id='par_1_98' title="bbox 179 5356 1750 5462">
     <span class='ocr_line' id='line_1_98' title="bbox 179 5356 1750 5462; baseline 0.016 -50"><span class='ocrx_word' id='word_1_767' title='bbox 179 5356 493 5462; x_wconf 31' lang='lat' dir='ltr'><strong>doill‘uudehat</strong></span> <span class='ocrx_word' id='word_1_768' title='bbox 516 5373 748 5447; x_wconf 89' lang='lat' dir='ltr'><strong>longius,</strong></span> <span class='ocrx_word' id='word_1_769' title='bbox 779 5376 872 5432; x_wconf 91' lang='lat' dir='ltr'><strong>illa</strong></span> <span class='ocrx_word' id='word_1_770' title='bbox 919 5377 1152 5434; x_wconf 83' lang='lat' dir='ltr'><strong>habebat</strong></span> <span class='ocrx_word' id='word_1_771' title='bbox 1192 5380 1444 5450; x_wconf 88' lang='lat' dir='ltr'><strong>puritatis</strong></span> <span class='ocrx_word' id='word_1_772' title='bbox 1485 5382 1750 5436; x_wconf 91' lang='lat' dir='ltr'><strong>innocen-</strong></span> 
     </span>
    </p>
   </div>
   <div class='ocr_carea' id='block_1_99' title="bbox 185 5460 1657 5545">
    <p class='ocr_par' dir='ltr' id='par_1_99' title="bbox 185 5460 1657 5545">
     <span class='ocr_line' id='line_1_99' title="bbox 185 5460 1657 5545; baseline 0.014 -35"><span class='ocrx_word' id='word_1_773' title='bbox 185 5460 261 5510; x_wconf 70' lang='lat' dir='ltr'><strong>tiae</strong></span> <span class='ocrx_word' id='word_1_774' title='bbox 283 5465 614 5538; x_wconf 87' lang='lat' dir='ltr'><strong>suavitatem,</strong></span> <span class='ocrx_word' id='word_1_775' title='bbox 641 5472 981 5543; x_wconf 82' lang='lat' dir='ltr'><strong>flagrantiam</strong></span> <span class='ocrx_word' id='word_1_776' title='bbox 1011 5475 1238 5545; x_wconf 88' lang='lat' dir='ltr'><strong>spiritus</strong></span> <span class='ocrx_word' id='word_1_777' title='bbox 1263 5492 1370 5531; x_wconf 92' lang='lat' dir='ltr'><strong>non</strong></span> <span class='ocrx_word' id='word_1_778' title='bbox 1405 5477 1657 5534; x_wconf 89' lang='lat' dir='ltr'><strong>habebat.</strong></span> 
     </span>
    </p>
   </div>
   <div class='ocr_carea' id='block_1_100' title="bbox 247 5550 1752 5643">
    <p class='ocr_par' dir='ltr' id='par_1_100' title="bbox 247 5550 1752 5643">
     <span class='ocr_line' id='line_1_100' title="bbox 247 5550 1752 5643; baseline 0.013 -35"><span class='ocrx_word' id='word_1_779' title='bbox 247 5550 295 5604; x_wconf 89' lang='lat'><strong>8.</strong></span> <span class='ocrx_word' id='word_1_780' title='bbox 327 5553 464 5628; x_wconf 83' lang='lat' dir='ltr'><strong>Illic,</strong></span> <span class='ocrx_word' id='word_1_781' title='bbox 497 5563 688 5636; x_wconf 88' lang='lat' dir='ltr'><strong>inquit,</strong></span> <span class='ocrx_word' id='word_1_782' title='bbox 723 5567 998 5638; x_wconf 86' lang='lat' dir='ltr'><strong>parturiuit</strong></span> <span class='ocrx_word' id='word_1_783' title='bbox 1028 5577 1077 5623; x_wconf 86' lang='lat' dir='ltr'><strong>te</strong></span> <span class='ocrx_word' id='word_1_784' title='bbox 1104 5579 1266 5624; x_wconf 88' lang='lat' dir='ltr'><strong>mater</strong></span> <span class='ocrx_word' id='word_1_785' title='bbox 1294 5579 1405 5638; x_wconf 89' lang='lat' dir='ltr'><strong>tua,</strong></span> <span class='ocrx_word' id='word_1_786' title='bbox 1429 5571 1537 5626; x_wconf 88' lang='lat' dir='ltr'><strong>illic</strong></span> <span class='ocrx_word' id='word_1_787' title='bbox 1566 5581 1752 5643; x_wconf 82' lang='lat' dir='ltr'><strong>partu-</strong></span> 
     </span>
    </p>
   </div>
   <div class='ocr_carea' id='block_1_101' title="bbox 188 5642 1754 5735">
    <p class='ocr_par' dir='ltr' id='par_1_101' title="bbox 188 5642 1754 5735">
     <span class='ocr_line' id='line_1_101' title="bbox 188 5642 1754 5735; baseline 0.018 -39"><span class='ocrx_word' id='word_1_788' title='bbox 188 5642 290 5700; x_wconf 80' lang='lat' dir='ltr'><strong>rioit</strong></span> <span class='ocrx_word' id='word_1_789' title='bbox 314 5657 356 5704; x_wconf 86' lang='lat' dir='ltr'><strong>te</strong></span> <span class='ocrx_word' id='word_1_790' title='bbox 383 5669 491 5723; x_wconf 75' lang='lat' dir='ltr'><strong>quat</strong></span> <span class='ocrx_word' id='word_1_791' title='bbox 515 5660 710 5731; x_wconf 85' lang='lat' dir='ltr'><strong>peperit</strong></span> <span class='ocrx_word' id='word_1_792' title='bbox 736 5671 824 5728; x_wconf 85' lang='lat' dir='ltr'><strong>te;</strong></span> <span class='ocrx_word' id='word_1_793' title='bbox 853 5663 927 5719; x_wconf 92' lang='lat' dir='ltr'><strong>ibi</strong></span> <span class='ocrx_word' id='word_1_794' title='bbox 958 5663 1102 5721; x_wconf 89' lang='lat' dir='ltr'><strong>enim</strong></span> <span class='ocrx_word' id='word_1_795' title='bbox 1134 5666 1434 5735; x_wconf 87' lang='lat' dir='ltr'><strong>nascimur,</strong></span> <span class='ocrx_word' id='word_1_796' title='bbox 1458 5666 1532 5724; x_wconf 91' lang='lat' dir='ltr'><strong>ibi</strong></span> <span class='ocrx_word' id='word_1_797' title='bbox 1561 5642 1754 5724; x_wconf 87' lang='lat' dir='ltr'><strong>renas-</strong></span> 
     </span>
    </p>
   </div>
   <div class='ocr_carea' id='block_1_102' title="bbox 263 5808 1127 5890">
    <p class='ocr_par' dir='ltr' id='par_1_102' title="bbox 263 5808 1127 5890">
     <span class='ocr_line' id='line_1_102' title="bbox 263 5808 1127 5890; baseline 0.021 -25"><span class='ocrx_word' id='word_1_798' title='bbox 263 5816 284 5844; x_wconf 75' lang='grc'>⁸</span> <span class='ocrx_word' id='word_1_799' title='bbox 322 5808 375 5868; x_wconf 90' lang='lat' dir='ltr'><strong>lu</strong></span> <span class='ocrx_word' id='word_1_800' title='bbox 403 5817 595 5886; x_wconf 87' lang='lat' dir='ltr'><strong>psalm.</strong></span> <span class='ocrx_word' id='word_1_801' title='bbox 625 5835 814 5890; x_wconf 86' lang='lat' dir='ltr'><strong>cxvm,</strong></span> <span class='ocrx_word' id='word_1_802' title='bbox 843 5836 1011 5882; x_wconf 86' lang='lat' dir='ltr'><strong>serm.</strong></span> <span class='ocrx_word' id='word_1_803' title='bbox 1035 5825 1127 5883; x_wconf 74' lang='grc'><strong>21.</strong></span> 
     </span>
    </p>
   </div>
   <div class='ocr_carea' id='block_1_103' title="bbox 1843 4716 3445 4787">
    <p class='ocr_par' dir='ltr' id='par_1_103' title="bbox 1843 4716 3445 4787">
     <span class='ocr_line' id='line_1_103' title="bbox 1843 4716 3445 4787; baseline -0.001 -13"><span class='ocrx_word' id='word_1_804' title='bbox 1843 4719 1896 4774; x_wconf 92' lang='lat' dir='ltr'><strong>in</strong></span> <span class='ocrx_word' id='word_1_805' title='bbox 1919 4734 1980 4774; x_wconf 91' lang='lat' dir='ltr'><strong>se</strong></span> <span class='ocrx_word' id='word_1_806' title='bbox 2009 4718 2214 4773; x_wconf 88' lang='lat' dir='ltr'><strong>donum</strong></span> <span class='ocrx_word' id='word_1_807' title='bbox 2244 4717 2442 4773; x_wconf 75' lang='lat' dir='ltr'><strong>divina:</strong></span> <span class='ocrx_word' id='word_1_808' title='bbox 2463 4718 2770 4782; x_wconf 87' lang='lat' dir='ltr'><strong>charitatis,</strong></span> <span class='ocrx_word' id='word_1_809' title='bbox 2791 4717 3008 4773; x_wconf 85' lang='lat' dir='ltr'><strong>dicebat</strong></span> <span class='ocrx_word' id='word_1_810' title='bbox 3035 4734 3046 4770; x_wconf 93' lang='lat'><strong>:</strong></span> <span class='ocrx_word' id='word_1_811' title='bbox 3080 4716 3145 4772; x_wconf 85' lang='lat' dir='ltr'><strong>Et</strong></span> <span class='ocrx_word' id='word_1_812' title='bbox 3166 4727 3278 4772; x_wconf 88' lang='lat' dir='ltr'><strong>erat</strong></span> <span class='ocrx_word' id='word_1_813' title='bbox 3308 4718 3445 4787; x_wconf 84' lang='lat' dir='ltr'><strong>ignis</strong></span> 
     </span>
    </p>
   </div>
   <div class='ocr_carea' id='block_1_104' title="bbox 1843 4811 3449 4883">
    <p class='ocr_par' dir='ltr' id='par_1_104' title="bbox 1843 4811 3449 4883">
     <span class='ocr_line' id='line_1_104' title="bbox 1843 4811 3449 4883; baseline 0 -17"><span class='ocrx_word' id='word_1_814' title='bbox 1843 4814 2178 4883; x_wconf 86' lang='lat' dir='ltr'><strong>inﬂammans</strong></span> <span class='ocrx_word' id='word_1_815' title='bbox 2217 4813 2272 4866; x_wconf 83' lang='lat' dir='ltr'><strong>in</strong></span> <span class='ocrx_word' id='word_1_816' title='bbox 2301 4812 2500 4867; x_wconf 85' lang='lat' dir='ltr'><strong>ossibus</strong></span> <span class='ocrx_word' id='word_1_817' title='bbox 2547 4813 2698 4879; x_wconf 87' lang='lat' dir='ltr'><strong>meis,</strong></span> <span class='ocrx_word' id='word_1_818' title='bbox 2735 4821 2785 4866; x_wconf 85' lang='lat' dir='ltr'><strong>et</strong></span> <span class='ocrx_word' id='word_1_819' title='bbox 2826 4811 3110 4868; x_wconf 80' lang='lat' dir='ltr'><strong>dissolutus</strong></span> <span class='ocrx_word' id='word_1_820' title='bbox 3150 4829 3263 4867; x_wconf 90' lang='lat' dir='ltr'><strong>sum</strong></span> <span class='ocrx_word' id='word_1_821' title='bbox 3293 4812 3449 4866; x_wconf 85' lang='lat' dir='ltr'><strong>undi-</strong></span> 
     </span>
    </p>
   </div>
   <div class='ocr_carea' id='block_1_105' title="bbox 1845 4901 3449 4976">
    <p class='ocr_par' dir='ltr' id='par_1_105' title="bbox 1845 4901 3449 4976">
     <span class='ocr_line' id='line_1_105' title="bbox 1845 4901 3449 4976; baseline 0.001 -17"><span class='ocrx_word' id='word_1_822' title='bbox 1845 4921 1962 4976; x_wconf 83' lang='lat' dir='ltr'><strong>que,</strong></span> <span class='ocrx_word' id='word_1_823' title='bbox 1990 4915 2038 4959; x_wconf 85' lang='lat' dir='ltr'><strong>et</strong></span> <span class='ocrx_word' id='word_1_824' title='bbox 2065 4906 2203 4975; x_wconf 77' lang='lat' dir='ltr'><strong>ferre</strong></span> <span class='ocrx_word' id='word_1_825' title='bbox 2235 4921 2336 4958; x_wconf 89' lang='lat' dir='ltr'><strong>non</strong></span> <span class='ocrx_word' id='word_1_826' title='bbox 2363 4920 2576 4974; x_wconf 88' lang='lat' dir='ltr'><strong>possum</strong></span> <span class='ocrx_word' id='word_1_827' title='bbox 2601 4901 2819 4975; x_wconf 82' lang='lat' dir='ltr'><strong>(lerem.</strong></span> <span class='ocrx_word' id='word_1_828' title='bbox 2852 4919 2946 4970; x_wconf 87' lang='lat' dir='ltr'><strong>xx,</strong></span> <span class='ocrx_word' id='word_1_829' title='bbox 2987 4905 3067 4973; x_wconf 89' lang='lat'><strong>9).</strong></span> <span class='ocrx_word' id='word_1_830' title='bbox 3103 4903 3253 4957; x_wconf 86' lang='lat' dir='ltr'><strong>Bona</strong></span> <span class='ocrx_word' id='word_1_831' title='bbox 3283 4903 3449 4973; x_wconf 84' lang='lat' dir='ltr'><strong>igitur</strong></span> 
     </span>
    </p>
   </div>
   <div class='ocr_carea' id='block_1_106' title="bbox 1846 4997 3450 5070">
    <p class='ocr_par' dir='ltr' id='par_1_106' title="bbox 1846 4997 3450 5070">
     <span class='ocr_line' id='line_1_106' title="bbox 1846 4997 3450 5070; baseline -0.002 -14"><span class='ocrx_word' id='word_1_832' title='bbox 1846 4999 2084 5056; x_wconf 89' lang='lat' dir='ltr'><strong>charitas</strong></span> <span class='ocrx_word' id='word_1_833' title='bbox 2109 5001 2226 5056; x_wconf 91' lang='lat' dir='ltr'><strong>alas</strong></span> <span class='ocrx_word' id='word_1_834' title='bbox 2256 5000 2465 5062; x_wconf 86' lang='lat' dir='ltr'><strong>habens</strong></span> <span class='ocrx_word' id='word_1_835' title='bbox 2495 5000 2635 5070; x_wconf 91' lang='lat' dir='ltr'><strong>ignis</strong></span> <span class='ocrx_word' id='word_1_836' title='bbox 2673 4999 2940 5064; x_wconf 85' lang='lat' dir='ltr'><strong>ardentis,</strong></span> <span class='ocrx_word' id='word_1_837' title='bbox 2973 5013 3098 5070; x_wconf 64' lang='lat' dir='ltr'><strong>quae</strong></span> <span class='ocrx_word' id='word_1_838' title='bbox 3125 4997 3318 5053; x_wconf 89' lang='lat' dir='ltr'><strong>volitat</strong></span> <span class='ocrx_word' id='word_1_839' title='bbox 3353 5013 3450 5068; x_wconf 90' lang='lat' dir='ltr'><strong>per</strong></span> 
     </span>
    </p>
   </div>
   <div class='ocr_carea' id='block_1_107' title="bbox 1853 5089 3454 5168">
    <p class='ocr_par' dir='ltr' id='par_1_107' title="bbox 1853 5089 3454 5168">
     <span class='ocr_line' id='line_1_107' title="bbox 1853 5089 3454 5168; baseline -0.001 -19"><span class='ocrx_word' id='word_1_840' title='bbox 1853 5103 2074 5168; x_wconf 89' lang='lat' dir='ltr'><strong>pectora</strong></span> <span class='ocrx_word' id='word_1_841' title='bbox 2125 5103 2181 5149; x_wconf 89' lang='lat' dir='ltr'><strong>et</strong></span> <span class='ocrx_word' id='word_1_842' title='bbox 2232 5093 2394 5149; x_wconf 84' lang='lat' dir='ltr'><strong>corda</strong></span> <span class='ocrx_word' id='word_1_843' title='bbox 2456 5102 2811 5158; x_wconf 90' lang='lat' dir='ltr'><strong>sanctorum,</strong></span> <span class='ocrx_word' id='word_1_844' title='bbox 2857 5101 2914 5148; x_wconf 91' lang='lat' dir='ltr'><strong>et</strong></span> <span class='ocrx_word' id='word_1_845' title='bbox 2963 5092 3142 5148; x_wconf 86' lang='lat' dir='ltr'><strong>exurit</strong></span> <span class='ocrx_word' id='word_1_846' title='bbox 3189 5089 3454 5162; x_wconf 87' lang='lat' dir='ltr'><strong>quidquid</strong></span> 
     </span>
    </p>
   </div>
   <div class='ocr_carea' id='block_1_108' title="bbox 1855 5185 3454 5257">
    <p class='ocr_par' dir='ltr' id='par_1_108' title="bbox 1855 5185 3454 5257">
     <span class='ocr_line' id='line_1_108' title="bbox 1855 5185 3454 5257; baseline -0.002 -14"><span class='ocrx_word' id='word_1_847' title='bbox 1855 5187 2141 5243; x_wconf 89' lang='lat' dir='ltr'><strong>materiale</strong></span> <span class='ocrx_word' id='word_1_848' title='bbox 2169 5197 2225 5242; x_wconf 93' lang='lat' dir='ltr'><strong>et</strong></span> <span class='ocrx_word' id='word_1_849' title='bbox 2255 5195 2534 5242; x_wconf 90' lang='lat' dir='ltr'><strong>terrenum</strong></span> <span class='ocrx_word' id='word_1_850' title='bbox 2558 5195 2643 5241; x_wconf 88' lang='lat' dir='ltr'><strong>est</strong></span> <span class='ocrx_word' id='word_1_851' title='bbox 2672 5201 2687 5238; x_wconf 97' lang='lat'><strong>:</strong></span> <span class='ocrx_word' id='word_1_852' title='bbox 2717 5185 2982 5257; x_wconf 89' lang='lat' dir='ltr'><strong>quidquid</strong></span> <span class='ocrx_word' id='word_1_853' title='bbox 3009 5200 3140 5241; x_wconf 91' lang='lat' dir='ltr'><strong>vero</strong></span> <span class='ocrx_word' id='word_1_854' title='bbox 3178 5186 3454 5241; x_wconf 90' lang='lat' dir='ltr'><strong>sincerum</strong></span> 
     </span>
    </p>
   </div>
   <div class='ocr_carea' id='block_1_109' title="bbox 1856 5279 3416 5353">
    <p class='ocr_par' dir='ltr' id='par_1_109' title="bbox 1856 5279 3416 5353">
     <span class='ocr_line' id='line_1_109' title="bbox 1856 5279 3416 5353; baseline -0.003 -14"><span class='ocrx_word' id='word_1_855' title='bbox 1856 5293 1962 5348; x_wconf 89' lang='lat' dir='ltr'><strong>est,</strong></span> <span class='ocrx_word' id='word_1_856' title='bbox 1991 5281 2228 5353; x_wconf 90' lang='lat' dir='ltr'><strong>probat;</strong></span> <span class='ocrx_word' id='word_1_857' title='bbox 2261 5290 2318 5335; x_wconf 89' lang='lat' dir='ltr'><strong>et</strong></span> <span class='ocrx_word' id='word_1_858' title='bbox 2339 5280 2484 5352; x_wconf 87' lang='lat' dir='ltr'><strong>quod</strong></span> <span class='ocrx_word' id='word_1_859' title='bbox 2515 5280 2834 5351; x_wconf 89' lang='lat' dir='ltr'><strong>contigerit,</strong></span> <span class='ocrx_word' id='word_1_860' title='bbox 2865 5295 2967 5335; x_wconf 92' lang='lat' dir='ltr'><strong>suo</strong></span> <span class='ocrx_word' id='word_1_861' title='bbox 2995 5281 3118 5352; x_wconf 89' lang='lat' dir='ltr'><strong>igne</strong></span> <span class='ocrx_word' id='word_1_862' title='bbox 3142 5279 3416 5334; x_wconf 85' lang='lat' dir='ltr'><strong>meliorat.</strong></span> 
     </span>
    </p>
   </div>
   <div class='ocr_carea' id='block_1_110' title="bbox 1932 5369 3460 5444">
    <p class='ocr_par' dir='ltr' id='par_1_110' title="bbox 1932 5369 3460 5444">
     <span class='ocr_line' id='line_1_110' title="bbox 1932 5369 3460 5444; baseline -0.001 -15"><span class='ocrx_word' id='word_1_863' title='bbox 1932 5374 2022 5430; x_wconf 78' lang='grc'><strong>12.</strong></span> <span class='ocrx_word' id='word_1_864' title='bbox 2047 5374 2200 5430; x_wconf 81' lang='lat' dir='ltr'><strong>[tunc</strong></span> <span class='ocrx_word' id='word_1_865' title='bbox 2221 5373 2404 5444; x_wconf 89' lang='lat' dir='ltr'><strong>ignem</strong></span> <span class='ocrx_word' id='word_1_866' title='bbox 2433 5374 2706 5428; x_wconf 89' lang='lat' dir='ltr'><strong>interram</strong></span> <span class='ocrx_word' id='word_1_867' title='bbox 2730 5372 2883 5427; x_wconf 90' lang='lat' dir='ltr'><strong>misit</strong></span> <span class='ocrx_word' id='word_1_868' title='bbox 2908 5373 3168 5427; x_wconf 87' lang='lat' dir='ltr'><strong>Dominus</strong></span> <span class='ocrx_word' id='word_1_869' title='bbox 3188 5369 3369 5440; x_wconf 86' lang='lat' dir='ltr'><strong>Jesus,</strong></span> <span class='ocrx_word' id='word_1_870' title='bbox 3400 5379 3460 5428; x_wconf 79' lang='lat' dir='ltr'><strong>et</strong></span> 
     </span>
    </p>
   </div>
   <div class='ocr_carea' id='block_1_111' title="bbox 1857 5465 3464 5537">
    <p class='ocr_par' dir='ltr' id='par_1_111' title="bbox 1857 5465 3464 5537">
     <span class='ocr_line' id='line_1_111' title="bbox 1857 5465 3464 5537; baseline -0.001 -13"><span class='ocrx_word' id='word_1_871' title='bbox 1857 5465 2072 5525; x_wconf 72' lang='lat' dir='ltr'><strong>refulsit</strong></span> <span class='ocrx_word' id='word_1_872' title='bbox 2119 5470 2274 5537; x_wconf 85' lang='lat' dir='ltr'><strong>lides,</strong></span> <span class='ocrx_word' id='word_1_873' title='bbox 2318 5481 2547 5523; x_wconf 90' lang='lat' dir='ltr'><strong>accensa</strong></span> <span class='ocrx_word' id='word_1_874' title='bbox 2600 5477 2687 5522; x_wconf 89' lang='lat' dir='ltr'><strong>est</strong></span> <span class='ocrx_word' id='word_1_875' title='bbox 2729 5466 2972 5532; x_wconf 78' lang='lat' dir='ltr'><strong>devotio,</strong></span> <span class='ocrx_word' id='word_1_876' title='bbox 3021 5466 3328 5521; x_wconf 86' lang='lat' dir='ltr'><strong>illuminata</strong></span> <span class='ocrx_word' id='word_1_877' title='bbox 3375 5473 3464 5522; x_wconf 90' lang='lat' dir='ltr'><strong>est</strong></span> 
     </span>
    </p>
   </div>
   <div class='ocr_carea' id='block_1_112' title="bbox 1857 5558 3465 5633">
    <p class='ocr_par' dir='ltr' id='par_1_112' title="bbox 1857 5558 3465 5633">
     <span class='ocr_line' id='line_1_112' title="bbox 1857 5558 3465 5633; baseline -0.002 -13"><span class='ocrx_word' id='word_1_878' title='bbox 1857 5559 2125 5629; x_wconf 79' lang='lat' dir='ltr'><strong>charitas,</strong></span> <span class='ocrx_word' id='word_1_879' title='bbox 2166 5561 2380 5633; x_wconf 87' lang='lat' dir='ltr'><strong>justitia</strong></span> <span class='ocrx_word' id='word_1_880' title='bbox 2403 5559 2761 5631; x_wconf 88' lang='lat' dir='ltr'><strong>respleuduit.</strong></span> <span class='ocrx_word' id='word_1_881' title='bbox 2798 5559 2914 5616; x_wconf 78' lang='lat' dir='ltr'><strong>Hoc</strong></span> <span class='ocrx_word' id='word_1_882' title='bbox 2940 5561 3067 5632; x_wconf 88' lang='lat' dir='ltr'><strong>igne</strong></span> <span class='ocrx_word' id='word_1_883' title='bbox 3097 5558 3465 5618; x_wconf 84' lang='lat' dir='ltr'><strong>inﬂammavit</strong></span> 
     </span>
    </p>
   </div>
   <div class='ocr_carea' id='block_1_113' title="bbox 1858 5651 3462 5731">
    <p class='ocr_par' dir='ltr' id='par_1_113' title="bbox 1858 5651 3462 5731">
     <span class='ocr_line' id='line_1_113' title="bbox 1858 5651 3462 5731; baseline -0.005 -15"><span class='ocrx_word' id='word_1_884' title='bbox 1858 5659 2026 5716; x_wconf 88' lang='lat' dir='ltr'><strong>corda</strong></span> <span class='ocrx_word' id='word_1_885' title='bbox 2054 5657 2428 5731; x_wconf 90' lang='lat' dir='ltr'><strong>apostolorum</strong></span> <span class='ocrx_word' id='word_1_886' title='bbox 2453 5669 2706 5723; x_wconf 87' lang='lat' dir='ltr'><strong>suorum,</strong></span> <span class='ocrx_word' id='word_1_887' title='bbox 2745 5654 2888 5711; x_wconf 85' lang='lat' dir='ltr'><strong>sicut</strong></span> <span class='ocrx_word' id='word_1_888' title='bbox 2920 5661 3148 5711; x_wconf 90' lang='lat' dir='ltr'><strong>testatur</strong></span> <span class='ocrx_word' id='word_1_889' title='bbox 3185 5651 3462 5724; x_wconf 84' lang='lat' dir='ltr'><strong>Cleophas</strong></span> 
     </span>
    </p>
   </div>
   <div class='ocr_carea' id='block_1_114' title="bbox 1829 5817 2995 5890">
    <p class='ocr_par' dir='ltr' id='par_1_114' title="bbox 1829 5817 2995 5890">
     <span class='ocr_line' id='line_1_114' title="bbox 1829 5817 2995 5890; baseline -0.008 -9"><span class='ocrx_word' id='word_1_890' title='bbox 1829 5825 1854 5865; x_wconf 71' lang='grc' dir='ltr'>δ</span> <span class='ocrx_word' id='word_1_891' title='bbox 1895 5823 2017 5882; x_wconf 89' lang='lat' dir='ltr'><strong>Lib.</strong></span> <span class='ocrx_word' id='word_1_892' title='bbox 2048 5823 2118 5882; x_wconf 87' lang='lat' dir='ltr'><strong>de</strong></span> <span class='ocrx_word' id='word_1_893' title='bbox 2148 5821 2322 5888; x_wconf 85' lang='lat' dir='ltr'><strong>lsaac,</strong></span> <span class='ocrx_word' id='word_1_894' title='bbox 2356 5837 2406 5878; x_wconf 93' lang='lat' dir='ltr'><strong>c.</strong></span> <span class='ocrx_word' id='word_1_895' title='bbox 2435 5819 2492 5888; x_wconf 90' lang='lat'><strong>8,</strong></span> <span class='ocrx_word' id='word_1_896' title='bbox 2517 5833 2668 5877; x_wconf 85' lang='lat' dir='ltr'><strong>num.</strong></span> <span class='ocrx_word' id='word_1_897' title='bbox 2700 5817 2772 5874; x_wconf 71' lang='lat'><strong>72</strong></span> <span class='ocrx_word' id='word_1_898' title='bbox 2797 5827 2853 5877; x_wconf 87' lang='lat' dir='ltr'><strong>et</strong></span> <span class='ocrx_word' id='word_1_899' title='bbox 2877 5832 2995 5890; x_wconf 88' lang='lat' dir='ltr'><strong>seq.</strong></span> 
     </span>
    </p>
   </div>
  </div>
