3964 6358
564 296 706 367 4955
1551 293 2102 361 COMMENTARIUS
2142 296 2209 359 IN
2244 290 2549 359 CAN‘l‘lCA
2584 290 2857 359 CANTiC.
3740 284 3871 356 tea-'7.

561 426 789 479 dicens:
825 421 1012 477 Nonne
1036 436 1126 476 cor
1152 429 1386 475 nostrum
1406 418 1596 474 ardens
1626 427 1733 473 erat
1764 419 1817 472 in
1849 418 2014 485 nobis,
2048 434 2166 471 cum
2193 423 2247 482 Α
2271 413 2341 469 tis
2379 414 2553 472 Adam
2600 422 2657 471 et
2685 415 2797 469 Eva
2828 413 2898 470 de
2940 411 3179 485 paradisi
3209 411 3366 480 sede,
3402 411 3594 484 posuit
3621 412 3774 468 Deus
3827 416 3868 465 iu
3916 411 3921 479 l

558 517 788 588 aperiret
816 515 1119 584 Scripturas
1150 511 1306 581 (Luc.
1340 527 1502 579 χιιι,
1529 509 1806 583 39)?Alte
1841 510 2003 581 igitur
2026 511 2162 580 ignis
2264 510 2411 564 exitu
2454 508 2688 579 paradisi
2722 508 2961 581 gladium
3012 510 3225 579 igneum
3270 506 3616 563 versatiiem.
3668 506 3871 561 Omnes
3918 506 3921 581 ᾖ

566 610 621 665 in
653 610 889 673 ﬂamma,
915 606 1212 673 Scriptura:
1243 614 1375 661 sunt
1410 604 1630 660 divina'.
1668 606 1913 674 Denique
1945 605 2163 675 aperie-

565 702 656 758 bat
700 701 1033 772 Scripturas.
1075 711 1129 755 et
1159 701 1299 769 ignis
1353 700 1557 767 exibat,
1614 712 1778 772 atque
1827 700 2160 756 audientium

562 794 726 849 ciu-da
769 793 1109 864 penetrabat.
1157 792 1225 848 Et
1253 808 1397 849 verae
1426 794 1527 848 ala:
1550 793 1712 863 ignis,
1744 793 1907 863 quia:
1940 791 2165 859 Eloquia

563 884 775 939 Domini
832 886 1040 958 eloquia
1091 895 1273 953 casta,
1322 896 1594 958 argentum
1645 886 1765 957 igne
1810 886 2165 940 examinatum

561 977 791 1047 (Psalm.
820 993 893 1040 ιιι.
929 976 1009 1048 7).
1049 977 1183 1032 Cum
1215 977 1415 1033 Paulus
1459 993 1677 1048 quoque
1714 986 2087 1033 assumeretur
2131 990 2163 1031 a

558 1067 804 1135 Christo,
860 1066 998 1123 vidit
1047 1067 1478 1125 circumlulsisse
1529 1082 1698 1137 super
1745 1083 1806 1124 se
1853 1068 2054 1135 lucem,
2109 1075 2165 1122 et

561 1176 729 1232 super
757 1178 853 1217 eos
882 1162 975 1232 qui
1001 1162 1159 1218 simul
1187 1173 1365 1230 erant,
1396 1163 1596 1218 cecidit
1623 1178 1654 1218 a
1696 1177 1917 1233 pavore,
1947 1172 2005 1218 et
2034 1176 2161 1233 pro-

561 1257 744 1313 batior
774 1256 1095 1311 resurrexit.
1130 1256 1376 1326 Denique
1412 1256 1699 1327 apostolus
1730 1255 1906 1312 lactus
1935 1266 2042 1324 est,
2073 1255 2163 1324 qui

560 1358 881 1419 persecutor
926 1348 1250 1404 advenerat.
1294 1348 1531 1417 Spiritus
1555 1364 1774 1419 quoque
1812 1358 2038 1404 sanctus
2067 1348 2164 1404 de-

558 1443 794 1507 scendit,
822 1451 875 1497 et
899 1441 1128 1511 replevit
1149 1450 1317 1496 totam
1347 1441 1566 1496 domum
1597 1441 1650 1495 in
1675 1457 1777 1511 qua
1805 1449 1965 1496 erant
1995 1440 2164 1510 pluri-

561 1534 634 1589 mi
665 1531 944 1598 sedentes,
975 1540 1027 1587 et
1051 1530 1182 1587 visa:
1204 1538 1331 1586 sunt
1353 1530 1656 1601 dispertita:
1680 1531 1881 1600 lingua:
1904 1538 2159 1600 tanquam

560 1626 723 1696 ignis.
758 1625 924 1681 Bome
950 1625 1073 1690 altu,
1107 1624 1207 1681 ala:
1236 1624 1547 1688 cbaritatis,
1580 1638 1709 1679 vere
1737 1623 1839 1677 altu
1868 1637 1991 1692 quas
2024 1622 2160 1677 voli-

565 1720 757 1776 labant
776 1735 872 1790 per
901 1734 996 1774 ora
1027 1719 1398 1789 apostolorum
1426 1733 1440 1770 :
1467 1727 1523 1775 et
1552 1716 1654 1773 ala:
1685 1717 1845 1789 ignis,
1878 1717 2001 1787 quia
2034 1731 2162 1786 pur-

557 1823 747 1883 gatum
772 1826 1084 1868 sermonem
1112 1811 1494 1881 loquebantur.

634 1902 720 1957 l3.
755 1902 850 1959 liis
876 1902 977 1958 alis
1009 1903 1247 1959 evolavit
1271 1901 1480 1968 Enoch,
1518 1910 1705 1971 raptus
1734 1900 1802 1956 ad
1831 1901 2054 1965 ctelnm;
2075 1899 2157 1954 his

556 1993 660 2049 alis
702 1994 939 2050 evolavit
970 1993 1138 2062 Elias,
1182 2010 1346 2049 curru
1376 1995 1535 2065 igneo
1565 2004 1621 2049 et
1664 1994 1822 2063 equis
1866 1992 2041 2064 igneis
2089 1992 2155 2046 ad

557 2100 792 2156 superna
824 2088 1145 2144 translatus.
1191 2088 1287 2144 llis
1314 2087 1414 2144 alis
1440 2087 1704 2144 Dominus
1751 2087 1894 2143 Dens
1924 2102 2021 2158 per
2065 2101 2159 2141 co-

557 2173 799 2232 lumnam
844 2178 984 2248 ignis
1027 2178 1262 2234 ducebat
1304 2189 1520 2249 patrum
1578 2179 1815 2249 plebem.
1866 2178 1976 2234 llas
2043 2180 2159 2233 alas

558 2268 745 2325 habuit
793 2268 1107 2341 Seraphim,
1158 2270 1377 2339 quando
1419 2272 1654 2339 sumpsit
1706 2269 1975 2325 carbones
2019 2269 2159 2339 ignis

556 2360 625 2417 dc
650 2359 834 2428 altari,
861 2369 918 2416 et
947 2360 1131 2431 tetigit
1170 2375 1233 2416 os
1262 2361 1567 2430 prophetat,
1601 2369 1656 2415 et
1687 2361 2001 2431 iniquitates
2041 2360 2160 2429 ejus

556 2452 801 2520 abstulit,
853 2462 909 2507 et
949 2463 1177 2523 peccata
1209 2452 1479 2523 purgavit.
1525 2452 1729 2509 Harum
1778 2454 1986 2508 alarum
2033 2452 2160 2523 igne

563 2545 780 2617 purgati
801 2554 928 2599 sunt
961 2544 1056 2599 lilii
1078 2544 1294 2611 Levi,et
1316 2544 1735 2614 baptizabantur
1766 2544 1956 2615 populi
1982 2546 2161 2601 natio-

557 2652 709 2701 num,
740 2637 882 2690 sicut
912 2636 1235 2690 testilicatur
1281 2635 1541 2701 Joannes,
1575 2635 1767 2691 dicens
1809 2636 1878 2692 de
1926 2635 2158 2691 Domino

551 2727 679 2786 Jesu
722 2746 736 2783 :
774 2727 895 2802 Ipse
933 2743 1022 2783 vos
1052 2726 1335 2799 baptisabit
1378 2728 1434 2783 in
1479 2728 1668 2798 spiritu
1706 2737 1753 2783 et
1784 2728 1906 2801 igne
1934 2727 2154 2798 (Matth.

557 2836 656 2888 ιιι,
706 2822 768 2877 ll
806 2819 851 2891 ).
903 2821 1095 2876 Merito
1156 2820 1239 2877 uri
1306 2835 1469 2877 renes
1521 2835 1653 2883 suos
1709 2821 1923 2878 volebat
1972 2830 2029 2879 et
2064 2835 2159 2876 cor

556 2930 715 2981 suum
746 2913 937 2980 David,
968 2914 1091 2984 quia
1121 2915 1235 2971 alas
1269 2915 1456 2985 igneas
1476 2913 1756 2973 cbaritatis
1795 2915 2005 2971 sciebat
2049 2929 2157 2969 non

555 3024 678 3067 esse
722 3007 1064 3069 metuendae.
1105 3008 1297 3063 Merito
1349 3009 1563 3064 llebraei
1625 3011 1780 3079 pueri
1825 3010 1877 3063 in
1938 3008 2157 3064 lornace

556 3100 765 3157 ardenti
798 3113 906 3155 non
939 3098 1249 3155 sentiebant
1272 3098 1415 3169 ignis
1446 3099 1732 3167 incendia,
1765 3100 1889 3169 quia
1912 3098 2155 3156 cbarita-

3918 500 3921 527 l

2261 610 2482 671 oportet
2537 603 2776 659 transire
2830 617 2928 672 per
2968 602 3257 668 ll.munas,
3309 601 3429 658 sive
3482 601 3577 657 ille
3626 601 3869 657 Joannes
3920 592 3921 597 “

2265 698 2601 768 evangelista
2630 698 2720 763 sit,
2747 713 2911 769 quem
2946 698 3019 752 ita
3043 698 3237 754 dilexit
3272 699 3566 766 Dominus,
3602 707 3660 753 ut
3700 698 3778 753 de
3818 713 3874 752 eo
3918 690 3921 695 “

2263 787 2473 847 diceret
2499 789 2565 843 ad
2595 788 2819 844 Petrum
2850 806 2863 842 :
2896 788 2957 844 Si
2984 806 3100 844 eum
3128 791 3243 844 volo
3269 806 3495 855 manere,
3526 788 3654 859 quid
3683 790 3763 844 ad
3790 793 3873 844 te?
3920 788 3921 791 “

2264 878 2345 933 Tu
2373 897 2452 934 me
2472 897 2681 950 sequere
2711 880 2897 953 (Joan.
2932 897 3045 949 ut,
3077 881 3191 955 ἓξ).
3233 882 3306 937 De
3333 891 3516 938 morte
3543 882 3661 953 ejus
3701 883 3872 953 aliqui

2264 975 2675 1039 dubitaverunt,
2729 975 2798 1031 de
2838 976 3067 1030 transitu
3110 992 3206 1046 per
3242 977 3425 1048 ignem
3467 976 3718 1031 dubitare
3769 991 3872 1029 mu

2266 1081 2595 1137 possumus;
2639 1068 2765 1138 quia
2807 1069 2859 1122 in
2900 1068 3154 1139 paradiso
3202 1079 3311 1134 est,
3362 1083 3464 1123 nec
3503 1077 3795 1137 separatur
3845 1083 3869 1120 a

2264 1160 2503 1213 Christo.
2530 1157 2658 1215 Sive
2687 1160 2780 1215 ille
2801 1160 2873 1215 sit
2904 1159 3119 1226 Petrus,
3144 1160 3233 1230 qui
3261 1161 3444 1216 claves
3475 1161 3689 1231 accepit
3719 1163 3868 1230 regni

2263 1254 2552 1318 calorum,
2584 1253 2679 1324 qni
2710 1268 2874 1324 supra
2901 1268 3049 1307 mare
3072 1252 3391 1320 ambulavit,
3433 1262 3655 1325 oportet
3691 1254 3865 1308 dicat:

2263 1345 2618 1402 Trausieintus
2661 1363 2756 1419 per
2798 1348 2969 1418 ignem
3001 1357 3049 1401 et
3075 1363 3285 1418 aquam,
3330 1357 3378 1401 et
3424 1348 3657 1402 eduxiin
3694 1365 3788 1402 nos
3820 1349 3863 1401 is

2263 1440 2594 1511 refrigerium
2624 1439 2849 1511 (Psalm.
2898 1454 3024 1506 ων,
3060 1438 3174 1509 12).
3222 1438 3327 1495 Sed
3358 1437 3558 1494 Joanni
3601 1441 3706 1494 cito
3747 1455 3867 1494 ver-

2265 1537 2478 1590 sabitur
2525 1535 2739 1606 gladius
2782 1536 3006 1606 igneus;
3055 1536 3180 1603 quia
3233 1549 3338 1588 non
3370 1535 3657 1588 invenitur
3698 1534 3750 1589 in
3804 1549 3865 1588 eo

2264 1627 2538 1696 iniquitas,
2572 1641 2733 1695 quem
2765 1625 2959 1680 dilexit
2986 1625 3237 1696 aequitas.
3275 1622 3333 1679 Si
3361 1625 3493 1696 quid
3530 1624 3585 1678 in
3637 1638 3702 1679 eo
3750 1623 3865 1678 vitii

2264 1716 2486 1772 humani
2530 1717 2652 1784 luit,
2685 1717 2925 1772 cbaritas
2954 1716 3139 1772 divina
3170 1717 3421 1773 decoxit:
3455 1716 3574 1770 Alte
3597 1717 3729 1771 enim
3753 1719 3867 1788 ejus

2186 1806 2396 1870 Bsicut
2431 1811 2533 1865 alte
2559 1812 2714 1883 ignis.
2755 1811 2858 1879 Qui
2900 1810 2987 1867 hic
3025 1809 3278 1865 habuerit
3323 1810 3615 1865 cbaritatis
3666 1811 3857 1880 ignem,

2264 1904 2377 1959 illic
2419 1906 2596 1975 ignem
2621 1903 2788 1975 gladii
2825 1903 3021 1958 timere
3062 1918 3167 1958 non
3194 1901 3412 1972 poterit.
3442 1901 3554 1971 ipsi
3586 1901 3744 1957 Petro
3768 1902 3860 1971 qui

2266 1998 2428 2052 toties
2495 2007 2730 2051 mortem
2781 2011 2936 2052 suam
2994 2010 3093 2066 pro
3134 1995 3358 2050 ειη-ἰειο
3410 1995 3636 2059 obtulit,
3689 1994 3858 2049 dicit:

2263 2087 2479 2154 Transi,
2510 2087 2792 2144 recumbe.
2817 2087 2923 2144 Sed
2949 2088 3041 2143 ille
3065 2087 3231 2143 dicit:
3255 2086 3390 2160 Igne
3413 2104 3510 2144 nos
3529 2089 3854 2155 examinavit,

2263 2182 2394 2234 sicut
2424 2186 2534 2251 ipse
2567 2182 2884 2235 examinavit
2923 2190 3214 2253 argentum.

2336 2273 2426 2329 16.
2452 2273 2565 2328 Alte
2591 2277 2728 2346 ejus,
2755 2274 2857 2328 alte
2881 2273 3036 2344 ignis.
3068 2271 3096 2311 ¹³
3128 2273 3270 2342 Ergo
3292 2272 3420 2344 quia
3460 2272 3680 2329 volandi
3706 2272 3852 2329 nobis

2264 2366 2386 2422 data
2428 2376 2512 2423 est
2546 2370 2735 2438 copia,
2774 2369 2979 2424 excitet
3023 2369 3396 2439 unuSquisque
3436 2368 3489 2423 in
3528 2383 3591 2424 se
3633 2368 3847 2443 gratiam

2264 2460 2383 2526 Dei,
2413 2475 2478 2515 ac
2515 2462 2821 2530 posteriora
2865 2461 3217 2529 oblivisccns,
3254 2462 3433 2531 priora
3462 2471 3747 2533 appetens,
3786 2460 3847 2514 ad

2264 2551 2541 2607 destinata
2589 2552 2909 2608 contendat.
2958 2554 3151 2608 Procul
3202 2569 3233 2608 a
3278 2554 3491 2608 militia:
3542 2553 3845 2614 honoribus.

2263 2644 2453 2714 procul
2483 2645 2554 2699 ab
2603 2645 2829 2700 testibus
2853 2645 3075 2711 mundi;
3130 2660 3197 2700 ne
3235 2645 3380 2715 quod
3409 2645 3609 2700 fabula:
3656 2645 3846 2707 lerunt,

2266 2749 2402 2794 aestu
2435 2738 2571 2794 solis
2613 2753 2739 2795 cera
2769 2739 3003 2795 resoluta
3028 2740 3242 2795 lcareos
3273 2739 3488 2794 volatus
3518 2755 3696 2810 penna
3722 2740 3848 2795 rela-

2262 2832 2425 2889 bente
2454 2834 2741 2889 destituat.
2774 2832 2909 2889 Nam
2940 2834 3071 2889 licet
3095 2837 3337 2905 gravitas
3373 2834 3648 2890 dictorum
3694 2835 3845 2899 obsit,

2261 2931 2476 3000 poetico
2501 2938 2681 2985 tamen
2727 2929 2841 2985 sale
2871 2928 3157 2985 declarare
3194 2930 3484 2984 voluerunt
3512 2931 3847 3000 prudentium

2263 3021 2564 3076 maturitati
2592 3031 2737 3075 tutos
2762 3035 2885 3076 esse
2915 3021 3131 3076 volatus
3164 3037 3264 3092 per
3292 3022 3522 3088 caelum;
3569 3024 3848 3095 iuvenilem

2262 3130 2397 3171 vero
2453 3114 2730 3170 levitatem
2777 3116 3068 3170 obnoxiam
3099 3116 3491 3186 cupiditatibus
3526 3118 3736 3184 mundi,
3768 3133 3849 3174 re-

558 3194 625 3249 tis
656 3209 753 3249 eos
782 3192 995 3246 ﬂamma
1025 3192 1399 3263 relrigerabat.
1431 3192 1497 3247 Et
1530 3202 1586 3248 ut
1609 3192 1824 3262 plenius
1854 3206 2153 3265 cognosca-

2261 3206 2553 3263 liuentibus
2594 3208 2810 3277 pennis,
2839 3216 2896 3262 et
2919 3221 3016 3277 per
3038 3207 3235 3262 oblivia
3260 3208 3509 3263 veritatis
3540 3209 3846 3265 meritorum

555 3303 678 3351 mus
730 3285 941 3360 1615
1002 3288 1126 3358 quia
1184 3284 1302 3340 alas
1370 3285 1534 3341 habet
1586 3286 1824 3356 perlecta
1878 3288 2148 3357 cbaritas,

556 3380 757 3435 audisti
803 3381 1007 3435 dudum
1045 3378 1320 3434 dicentem
1354 3395 1367 3431 :
1401 3378 1611 3444 Quoties
1654 3380 1792 3435 volui
1841 3398 2155 3454 congregare

556 3474 694 3544 ﬁlios
719 3482 857 3539 tuos,
886 3474 1018 3527 sicut
1050 3473 1248 3544 gallina
1272 3481 1551 3545 congregat
1579 3473 1753 3544 pullos
1780 3491 1901 3531 suos
1925 3475 2020 3532 sub
2039 3476 2153 3535 alas

555 3581 676 3621 suas
704 3564 920 3636 (Matth.
949 3579 1105 3628 mn,
1140 3563 1256 3635 27).

630 3655 717 3713 14.
755 3658 1049 3713 Sumamus
1083 3657 1245 3727 igitur
1288 3655 1385 3711 has
1408 3654 1545 3722 alas,
1594 3671 1714 3727 quae
1738 3657 1881 3713 sicut
1919 3657 2152 3715 ﬂamma:

548 3749 617 3807 ad
656 3749 942 3819 superiora
966 3749 1227 3820 dirigunt.
1276 3748 1451 3804 Exuat
1498 3751 1876 3821 unusquisque
1912 3752 2149 3808 animam

551 3859 706 3900 suam
737 3844 1035 3899 involucris
1061 3839 1493 3908 sordidioribus,
1523 3852 1580 3898 et
1603 3844 1759 3913 quasi
1798 3859 1990 3901 aurum
2029 3846 2152 3916 igne

551 3936 819 4008 approbet
860 3934 1132 3991 detersam
1179 3934 1313 3991 luto.
1357 3934 1450 3991 Sic
1480 3937 1625 3991 enim
1656 3948 1919 4007 purgatur
1948 3937 2147 4005 anima,

554 4032 704 4084 veiut
750 4044 944 4083 aurum
978 4030 1269 4099 optimum.
1321 4027 1675 4085 Pulchritudo
1729 4041 1912 4089 autem
1954 4032 2151 4086 animte

550 4122 763 4175 sincera
790 4122 958 4174 virtus
983 4132 1038 4175 et
1062 4121 1249 4186 decor,
1278 4122 1466 4177 verior
1486 4121 1727 4185 cognitio
1749 4139 2147 4193 supernorum;

551 4220 611 4267 ut
640 4212 823 4266 videat
854 4212 987 4266 illud
1021 4214 1220 4267 bonum
1246 4228 1311 4269 ex
1341 4229 1450 4284 quo
1481 4214 1718 4285 pendent
1741 4218 1943 4280 omnia,
1974 4219 2148 4286 ipsum

549 4316 729 4360 autem
763 4321 825 4360 ex
860 4305 1031 4361 nullo.
1072 4306 1151 4361 Eo
1183 4306 1346 4377 igitur
1379 4309 1545 4376 vivit,
1602 4322 1766 4382 atque
1815 4311 2148 4368 intellectum

550 4396 768 4467 accipit.
806 4397 938 4452 Vitae
965 4398 1113 4454 enim
1163 4399 1288 4456 fons
1326 4409 1411 4456 est
1444 4417 1719 4459 summum
1760 4402 1893 4459 illud
1923 4402 2146 4469 bonum,

547 4492 702 4563 cujus
732 4493 784 4548 in
814 4492 970 4548 nobis
992 4493 1312 4552 accenditur
1338 4495 1695 4563 desiderium,
1727 4499 1812 4553 cui
1855 4499 2147 4569 apprOpin-

2254 3315 2520 3371 compage
2574 3301 2838 3366 resoluta,
2899 3299 3107 3369 majore
3165 3300 3412 3370 pernicie
3465 3302 3517 3355 in
3541 3310 3739 3357 terram
3767 3316 3849 3356 re-
3918 3322 3919 3371 ξ

2254 3392 2386 3448 labi.

2329 3485 2415 3540 l7.
2453 3484 2606 3541 Haud
2646 3483 2823 3541 l‘acilis
2857 3485 3076 3541 volatus
3121 3486 3398 3560 omnibus,
3436 3485 3673 3542 difﬁcilis
3693 3489 3844 3542 etiam

2254 3579 2695 3635 discordantibus
2748 3581 2803 3634 in
2864 3581 3029 3635 terris
3091 3581 3423 3636 animalibus
3485 3582 3610 3637 vita:
3663 3596 3844 3636 cursus

2256 3671 2509 3726 humana:
2540 3681 2644 3727 est.
2682 3676 2754 3727 At
2774 3672 2820 3726 si
2873 3672 2969 3727 tibi
3002 3682 3156 3727 actus
3184 3674 3353 3728 nostri
3377 3673 3513 3728 ordo
3550 3676 3840 3737 conveniat,

2255 3765 2461 3821 videbit
2484 3764 2620 3821 etin
2646 3765 2806 3820 nobis
2834 3764 3099 3835 prapheta
3130 3774 3304 3821 rotant
3338 3766 3484 3820 illam
3510 3783 3666 3821 unam
3689 3783 3840 3835 super

2256 3869 2481 3925 terram,
2543 3859 2897 3924 coniunctam
2948 3858 3276 3914 animalibus
3330 3869 3589 3928 quatuor.
3644 3858 3841 3915 Videbit

2254 3968 2388 4022 ergo
2419 3966 2609 4006 rursus
2647 3950 2939 4018 Ezechiel,
2972 3952 3122 4007 videt
3142 3954 3288 4006 enim
3327 3951 3509 4007 adhuc
3540 3960 3598 4007 et
3623 3951 3758 4021 viget
3789 3959 3839 4004 et

2254 4047 2461 4117 vigebit
2487 4046 2701 4118 (Επειδὴ.
2732 4064 2771 4115 ι,
2804 4049 2874 4105 15
2898 4057 2947 4103 et
2982 4048 3113 4118 16):
3145 4047 3372 4114 videbit,
3406 4047 3651 4118 inquam,
3676 4055 3833 4101 rotam

2255 4140 2309 4194 in
2341 4140 2523 4196 medio
2551 4122 2707 4203 rotas,
2750 4155 2916 4211 soper
2947 4151 3145 4197 terram
3184 4141 3303 4195 sine
3337 4140 3640 4196 offensione
3665 4139 3831 4193 laben-

2256 4240 2386 4287 tem.
2424 4232 2564 4286 Rota
2593 4234 2741 4288 enim
2794 4248 2961 4302 super
3004 4242 3227 4297 terram,
3260 4233 3367 4286 vita
3401 4242 3486 4287 est
3517 4231 3747 4302 corporis
3770 4230 3823 4282 ad

2253 4325 2451 4381 animm
2475 4335 2655 4397 aptata
2687 4327 2967 4394 virtutem,
2995 4336 3050 4380 et
3068 4326 3135 4380 ad
3157 4326 3533 4397 evangelicum
3556 4321 3821 4382 cobatrcnti

2251 4432 2417 4475 cursu
2466 4418 2702 4474 formata
2744 4427 3101 4489 prmceptum.
3148 4418 3285 4473 [tota
3333 4430 3521 4475 autem
3573 4422 3624 4474 in
3669 4415 3821 4475 medio

2253 4520 2408 4577 rotae,
2437 4512 2589 4567 velut
2626 4514 2735 4566 vita
2767 4513 2908 4567 intra
2955 4513 3147 4579 vitam,
3195 4512 3341 4581 quod
3387 4522 3696 4570 sanctorum
3738 4506 3821 4566 sibi

548 4601 715 4659 quare
738 4598 792 4641 et
810 4586 1024 4642 misceri
1048 4586 1300 4658 voluptas
1321 4595 1408 4645 est
1435 4605 1449 4643 :
1480 4588 1623 4659 quod
1654 4589 1703 4647 ei
1733 4589 1825 4660 qui
1851 4605 1958 4646 Non
1980 4590 2149 4657 videi.
2177 4587 2232 4649 Ῑ)
2258 4603 2364 4657 vita
2388 4619 2495 4657 non
2517 4604 2788 4669 dissonet;
2813 4603 2908 4659 sed
2932 4604 3109 4671 qualis
3134 4603 3295 4659 fuerit
3319 4606 3624 4674 superioris
3645 4606 3818 4667 :rtatis,
3912 4638 3913 4641 η

548 4680 822 4737 desiderio
862 4688 990 4735 est:
1024 4690 1080 4736 et
1129 4680 1180 4736 ei
1221 4682 1309 4753 qui
1366 4682 1534 4749 videt,
1584 4684 1696 4745 vita
1749 4691 1863 4751 est;
1915 4684 2146 4756 ideoque

548 4776 799 4833 universa
827 4774 935 4831 alia
975 4776 1228 4848 despicit,
1264 4778 1367 4833 hoc
1395 4792 1505 4835 uno
1535 4778 1824 4847 mulcetur,
1869 4790 1926 4839 et
1962 4779 2146 4851 delec-

548 4880 713 4927 tatur.
741 4872 855 4928 lioc
873 4881 959 4929 cst.
979 4875 1124 4943 quod
1150 4874 1533 4935 subministrat
1560 4876 1870 4937 universam
1889 4878 2147 4935 substan-

544 4967 674 5023 tiam
703 4983 717 5021 :
749 4967 925 5034 ipsum
954 4975 1134 5022 autem
1166 4981 1396 5025 manens
1427 4968 1479 5023 in
1519 4969 1841 5041 semetipso,
1872 4970 1965 5026 dat
1989 4972 2138 5038 aliis;

545 5058 676 5115 nihil
708 5069 883 5114 autem
924 5060 975 5115 in
1001 5074 1063 5115 se
1090 5075 1155 5115 ex
1184 5059 1307 5115 aliis
1335 5048 1586 5131 suscipit,
1612 5062 1682 5118 de
1710 5078 1821 5133 quo
1862 5063 2139 5135 Pr0pheta

542 5152 618 5217 ait
649 5169 662 5206 :
693 5150 816 5206 Dixi
844 5151 1064 5211 Domino
1089 5168 1107 5207 :
1135 5151 1274 5211 Deus
1316 5169 1460 5211 meus
1491 5170 1544 5211 es
1571 5163 1662 5222 tu;
1706 5158 1953 5226 quoniam
1975 5157 2137 5213 bono-

543 5263 658 5302 rum
683 5262 912 5301 meoram
938 5263 1040 5303 non
1068 5263 1184 5319 eges
1213 5244 1391 5318 (Psal.
1425 5263 1519 5315 xv,
1548 5247 1633 5317 2).

616 5340 704 5395 15.
737 5338 850 5393 Alte
897 5340 1027 5410 ejus,
1084 5339 1186 5395 ala:
1252 5340 1411 5411 ignis.
1479 5339 1731 5403 t*Onmes
1770 5353 1990 5414 oportet
2043 5359 2142 5414 per

541 5430 721 5502 ignem
778 5433 1021 5503 probari,
1075 5434 1404 5505 quicumque
1457 5432 1526 5489 ad
1586 5435 1899 5504 paradisum
1961 5438 2144 5499 redire

540 5526 885 5596 desiderant;
917 5541 1025 5587 non
1058 5528 1201 5591 enim
1229 5530 1404 5591 otiose
1431 5529 1696 5601 scriptum
1723 5531 2144 5604 semitament-

614 5697 639 5757 ἐι
679 5687 737 5741 in
769 5687 962 5757 psalm.
988 5702 1180 5751 cxvm,
1212 5702 1377 5744 serm.
1410 5690 1504 5756 20,
1533 5707 1684 5747 num.
1716 5694 1802 5748 l2.
2096 5662 2123 5689 δ

612 5756 639 5797 δ
679 5756 797 5813 Lib.
823 5758 892 5813 de
918 5757 1264 5830 Virginitate,
1286 5774 1407 5849 cap.
1441 5762 1530 5831 18,
1562 5778 1715 5820 num.
1742 5766 1846 5827 116
1868 5774 1924 5829 et
1952 5782 2069 5839 seq.

2254 4697 2378 4753 talis
2406 4699 2476 4753 sit
2503 4708 2557 4753 et
2580 4700 2897 4769 sequentis:
2940 4699 3029 4754 vel
3071 4698 3174 4755 hoc
3214 4700 3269 4754 in
3322 4700 3423 4754 hac
3455 4701 3562 4755 vita
3606 4698 3820 4770 corporis
3912 4696 3913 4770 ᾖ

2250 4791 2377 4845 vita:
2407 4791 2659 4846 volvatur
2704 4806 2836 4847 usus
2874 4798 3117 4846 aeternas.
3146 4791 3279 4847 Cum
3326 4791 3433 4847 ista
3475 4791 3817 4862 congruerint,

2250 4890 2379 4938 tunc
2409 4883 2589 4938 divina
2638 4898 2742 4939 vos
2772 4882 3018 4951 resultet,
3064 4891 3192 4939 tunc
3234 4897 3401 4954 super
3435 4884 3816 4940 similitudinem

2251 4977 2432 5032 throni
2480 4978 2784 5033 similitudo
2834 4979 2976 5033 sicut
3005 4978 3220 5048 species
3263 4978 3502 5034 hominis
3543 4975 3815 5049 apparebit.

2248 5071 2348 5126 llic
2379 5070 2542 5127 homo
2568 5072 2804 5131 Verbum
2836 5083 2943 5140 est,
2972 5074 3096 5141 quia
3132 5071 3355 5127 Verbum
3396 5090 3519 5128 caro
3550 5073 3730 5143 factum
3754 5076 3813 5123 est

2243 5162 2470 5234 (Joann,
2495 5164 2586 5238 li)
2611 5183 2624 5219 ι
2651 5166 2739 5222 hic
2758 5167 2923 5220 homo
2939 5176 3252 5221 nostrorum
3274 5179 3355 5221 est
3374 5168 3610 5238 agitator
3632 5164 3815 5220 anima-

2241 5254 2399 5322 lium,
2443 5267 2759 5315 nostrorum
2812 5269 2995 5315 rector
3042 5269 3128 5316 est
3171 5274 3409 5323 morum,
3461 5261 3550 5331 qui
3581 5273 3675 5330 pro
3706 5268 3813 5311 nos-

2246 5357 2453 5406 trorum
2492 5355 2707 5409 ratione
2742 5354 3086 5419 meritorum,
3116 5361 3211 5408 aut
3236 5369 3461 5409 currum
3490 5356 3804 5426 plerumque.

2250 5452 2343 5499 aut
2370 5455 2611 5501 montem
2639 5447 2909 5513 ascendit,
2929 5457 3025 5503 aut
3062 5450 3263 5505 navim.

2325 5540 2415 5597 18.
2452 5538 2602 5598 Pone
2626 5558 2708 5597 me
2735 5554 2757 5583 θ
2786 5552 2842 5596 ut
2865 5544 3190 5616 signaculum
3213 5546 3269 5600 in
3296 5561 3387 5599 cor
3406 5554 3576 5613 tuum,
3607 5552 3663 5599 ut
3682 5538 3802 5614 sigil-

2317 5713 2336 5737 σ
2384 5702 2437 5758 Ιιι
2465 5706 2659 5775 psalm.
2682 5722 2871 5772 cxvm,
2904 5722 3073 5764 serm.
3102 5708 3196 5775 22,
3227 5724 3381 5765 num.
3410 5708 3483 5766 54
3511 5717 3565 5765 et
3594 5722 3703 5779 seq.

3614 5813 3908 6262 ._l
