3964 6378
635 287 771 346 1959

1621 282 2163 346 COMMENTARIUS
2205 283 2271 345 IN
2305 285 2603 348 CANTICA‘
2639 286 2914 348 CANTIC.

3765 291 3857 350 I960

696 399 788 454 26.
824 396 1003 470 (Vers.
1039 396 1155 470 ll.)
1195 394 1355 452 Vinea
1384 399 1524 468 facta
1547 405 1619 452 est
1651 397 1926 453 Salomoni
1955 399 2008 451 in
2039 397 2227 451 Beeltt-
2258 400 2304 460 Α
2333 408 2608 468 putantem
2651 413 2772 454 cum
2803 397 3010 470 angelis
3039 395 3328 456 Dominum
3356 399 3540 458 Iesum
3570 399 3746 457 audire
3772 418 3857 471 pos-

629 509 752 546 mon
773 534 787 557 ,
819 492 959 546 dedit
989 494 1186 545 vineam
1214 508 1362 545 suam
1392 491 1458 545 iis
1484 491 1574 557 qui
1601 503 1828 546 servant.
1859 491 2072 547 Clamat
2099 506 2229 562 ergo

634 584 872 653 Spiritus
897 627 911 650 ,
957 585 1199 638 Plantata
1241 591 1327 638 est
1362 584 1716 654 congregatio
1739 585 2060 654 populorum
2087 625 2101 649 ,
2133 582 2228 637 sed

630 680 754 735 vitis
785 687 1005 734 aeterna:
1039 678 1221 732 radice
1251 676 1507 744 fundata,
1538 686 1594 732 et
1621 677 1884 748 spiritalia
1915 676 2018 731 sub
2041 676 2227 746 jugum

631 771 796 826 Verbi
835 771 1003 826 corde
1043 780 1327 826 mansueto
1365 769 1532 826 corda
1561 769 1813 840 subjecit.
1846 770 2098 825 Plantata
2130 785 2228 823 au-

627 872 737 919 tem
766 875 849 920 cst
880 864 932 918 in
963 862 1313 919 multitudine
1342 862 1646 918 nationum.
1691 863 1804 918 [loc
1831 863 1976 917 enim
2020 861 2227 916 intelli-

622 955 863 1025 gendum
911 954 1226 1022 Beetamon,
1273 953 1672 1026 Symmachus,
1727 953 1956 1024 Aquila.
1999 953 2269 1034 aliteque.

625 1049 1009 1105 translationes
1047 1063 1229 1118 graeco
1267 1062 1525 1103 sermone
1562 1046 1887 1102 docuerunt.
1921 1045 2227 1116 Repudiata

625 1151 710 1200 est
749 1151 904 1199 vetus
941 1143 1137 1212 copula
1169 1157 1292 1212 qua:
1323 1140 1558 1196 fructum
1588 1139 1787 1196 afferre
1825 1155 1934 1194 non
1975 1146 2225 1210 poterat.

624 1235 754 1291 data
794 1244 880 1292 est
930 1234 1087 1289 vinea
1140 1232 1295 1288 novis
1336 1232 1697 1301 fidelibusque
1742 1231 2084 1295 cultoribus,
2135 1228 2227 1300 qui

624 1344 731 1385 non
756 1328 932 1384 solum
966 1327 1146 1383 facere
1173 1327 1404 1382 fructum
1433 1334 1692 1396 possent,
1723 1324 1820 1380 sed
1850 1325 2013 1378 etiam
2042 1332 2228 1377 custo-

624 1421 762 1476 dire.
805 1420 922 1477 Una
963 1420 1130 1490 igitur
1168 1418 1284 1473 ovis
1323 1417 1559 1489 erravit,
1604 1416 1700 1472 sed
1763 1424 2019 1471 revocata
2059 1414 2226 1468 totius

622 1513 796 1583 spatia
824 1511 972 1568 orbis
1001 1510 1270 1581 implevit.
1302 1509 1476 1566 Unam
1508 1523 1663 1564 ovem
1694 1523 1852 1564 error
1881 1507 2221 1574 abduxerat,

621 1606 717 1662 sed
750 1603 1152 1662 multitudinem
1179 1603 1507 1675 populorum
1542 1601 1758 1657 Domini
1784 1601 1956 1671 gratia
1985 1613 2221 1668 congre-

617 1700 783 1772 gavit.
817 1697 1040 1753 Erravit
1071 1697 1265 1763 homo,
1297 1695 1393 1752 sed
1424 1696 1475 1750 in
1509 1694 1752 1750 Ecclesia
1779 1693 1890 1764 jam
1921 1707 2110 1747 murus
2139 1700 2225 1746 est

2331 492 2523 546 simus.
2557 493 2665 548 Sed
2693 492 2814 563 quia
2861 492 3102 548 futurum
3145 503 3297 560 erat,
3329 505 3385 550 ut
3413 510 3531 551 cum
3574 495 3638 550 ad
3679 495 3855 566 plenitu-

2328 582 2512 639 dinem
2546 584 2793 641 Ecclesia
2825 586 3199 655 pervenisset,
3245 586 3706 658 persecutionibus
3742 589 3856 644 rariis

2332 685 2676 743 tentaretur;
2738 675 2862 733 ideo
2913 693 3036 732 cum
3099 678 3260 734 Verbi
3315 681 3482 751 gratia
3540 680 3855 745 delectaretur,

2329 767 2513 823 subito
2551 771 2728 826 cernit
2766 770 2992 826 insidias
3027 781 3442 842 persecuturum
3476 792 3490 826 :
3544 783 3600 829 et
3634 788 3744 843 qua:
3778 772 3855 841 plus

2331 862 2545 931 Sponso
2575 879 2734 931 quam
2767 863 2867 919 sibi
2904 864 3157 929 timeret,
3197 874 3290 920 aut
3327 866 3452 936 quia
3489 881 3517 919 a
3561 867 3858 935 persecutori-

2330 953 2429 1008 bus
2456 952 2704 1010 Christus
2733 957 2903 1025 magis
2928 956 3204 1026 appetitur
3235 957 3287 1011 in
3319 957 3507 1022 nobis,
3540 958 3662 1013 ideo
3687 957 3783 1013 ait:

2401 1045 2490 1101 50.
2515 1046 2699 1117 (Vcrs.
2730 1045 2846 1115 M.)
2881 1045 3050 1120 Fuge,
3083 1052 3246 1119 frater
3271 1066 3432 1117 meus,
3454 1058 3502 1104 et
3525 1051 3704 1106 similis
3726 1063 3810 1106 esto
3828 1061 3860 1107 fit

2329 1139 2584 1209 capreofw
2609 1149 2700 1194 aut
2733 1140 2948 1195 hinnulo
2978 1157 3240 1196 ceruorum
3261 1184 3277 1210 ,
3307 1159 3464 1213 super
3493 1153 3685 1198 montes
3711 1163 3860 1200 aroma-

2327 1239 2454 1284 tum.
2483 1231 2712 1303 Propter
2735 1231 2984 1289 infirmos
3012 1232 3170 1304 fugit,
3197 1235 3288 1305 qui
3319 1245 3646 1291 tentamenta
3669 1239 3860 1306 graviora

2329 1324 2473 1379 ferre
2505 1341 2612 1379 non
2647 1335 2891 1395 possent.
2926 1326 3053 1382 Ideo
3083 1327 3344 1398 scriptum
3374 1339 3460 1385 est
3482 1371 3497 1396 ,
3531 1339 3590 1384 ut
3624 1331 3689 1387 de
3719 1331 3859 1386 civita-

2328 1415 2472 1470 tibus
2499 1415 2566 1471 ad
2593 1417 2840 1472 civitates
2872 1417 3138 1487 fugiamus
3162 1436 3176 1474 :
3207 1429 3263 1476 et
3291 1420 3335 1476 si
3366 1436 3467 1476 nos
3495 1422 3549 1477 in
3580 1422 3676 1478 hac
3699 1423 3861 1480 civitate

2328 1508 2536 1565 fuerint
2565 1513 2872 1581 persecuti,
2907 1512 3178 1580 fugiamus
3210 1514 3261 1569 in
3290 1514 3475 1570 aliam.
3519 1515 3735 1588 Propter
3757 1518 3862 1572 infit.

2327 1617 2445 1658 mos
2491 1603 2674 1674 igitur,
2719 1614 2777 1658 ut
2819 1604 3095 1671 diximus,
3143 1604 3312 1682 fugiat
3354 1617 3763 1678 persequentes:
3802 1619 3863 1665 aut

2325 1695 2493 1766 fugiat
2529 1695 2596 1751 ab
2627 1695 2856 1765 infimis,
2889 1707 2945 1753 et
2976 1707 3220 1755 transeat
3245 1698 3314 1755 ad
3343 1710 3563 1757 montes
3591 1712 3862 1768 aromatum,

617 1803 673 1850 et
702 1806 892 1847 murus
925 1789 1159 1845 validus.
1195 1788 1409 1844 Erravit
1436 1787 1605 1842 Adam
1631 1828 1645 1851 ,
1680 1801 1868 1840 murus
1898 1794 1982 1840 est
2013 1782 2182 1839 David
2203 1824 2216 1848 ,
2249 1781 2298 1843 Β
2325 1789 2413 1859 qui
2445 1803 2543 1858 pro
2569 1791 2832 1862 martyrio
2859 1791 3084 1847 odorem
3115 1794 3282 1860 possit
3308 1793 3482 1851 beatae
3511 1795 3864 1853 resurrectionis

619 1885 711 1956 qui
744 1884 1000 1940 mandata
1033 1882 1129 1937 Dei
1160 1881 1363 1937 oblitus
1394 1895 1499 1935 non
1533 1888 1637 1934 est.
1665 1877 1948 1934 Custodita
1979 1877 2145 1947 igitur
2170 1886 2224 1930 et

618 1978 816 2033 vallata
849 1979 969 2032 haec
997 1975 1154 2030 vinea
1189 1973 1490 2028 munimine
1521 1970 1793 2043 spiritali,
1825 1969 1979 2024 mille
2013 1967 2224 2023 fructus

617 2069 986 2134 dathristo,
1039 2066 1310 2122 ducentos
1355 2074 1540 2121 autem
1592 2066 1802 2120 fructus
1855 2061 2221 2126 custodibus;

623 2161 855 2233 ideoque
885 2161 960 2214 ait
994 2158 1237 2214 Ecciesia
1265 2176 1279 2212 :

689 2252 780 2308 27.
816 2252 1018 2324 (Vera.
1048 2249 1136 2305 12.
1163 2249 1183 2319 )
1227 2246 1359 2303 Vitis
1386 2265 1500 2304 mea
1528 2248 1582 2302 in
1608 2256 1886 2317 conspectu
1927 2262 2040 2301 meo
2081 2244 2225 2300 mille

620 2345 917 2412 Satomoni,
947 2354 994 2400 et
1021 2345 1227 2398 ducenti
1253 2343 1576 2398 servantibus
1601 2343 1852 2413 fructum.
1879 2341 2144 2397 Perfectio
2169 2349 2226 2396 et

621 2438 906 2510 plenitudo
934 2438 1138 2495 Christi
1171 2443 1256 2492 est
1283 2437 1462 2507 portio
1495 2436 1867 2506 parvulorum.
1911 2434 2090 2488 Habes
2121 2433 2224 2488 hoc

621 2534 946 2607 mysterium
988 2533 1040 2588 in
1069 2531 1306 2597 Genesi,
1339 2529 1430 2585 ubi
1462 2531 1698 2600 quinque
1727 2537 1912 2599 partes
1945 2527 2223 2596 Beniamin

618 2631 771 2686 fratri
795 2628 1001 2699 juniori
1033 2627 1223 2683 tribuit
1246 2625 1450 2696 Joseph
1474 2666 1489 2690 ,
1515 2625 1758 2695 singulas
1788 2623 2017 2693 reliquis
2047 2620 2226 2677 fratri-

621 2724 722 2780 bus
755 2722 933 2795 (Gen.
962 2737 1130 2788 xum,
1161 2721 1231 2776 54
1257 2719 1298 2792 ).
1343 2719 1577 2774 Domino
1619 2719 1781 2790 igitur
1819 2717 2059 2788 quinque
2097 2731 2223 2772 sen-

621 2831 778 2871 suum
810 2816 990 2884 portio
1021 2822 1076 2869 et
1107 2813 1468 2883 prmrogativa
1499 2810 1767 2874 defertur,
1799 2824 1960 2880 quam
2002 2807 2080 2863 illi
2121 2807 2226 2862 uti-

620 2924 727 2978 que
756 2907 943 2962 tribuit
971 2905 1088 2976 ipse
1109 2921 1268 2975 quem
1294 2904 1468 2974 diligit
1486 2945 1500 2970 ,
1523 2903 1667 2958 sicut
1687 2900 1879 2957 dilexit
1900 2909 1954 2956 et
1974 2899 2220 2966 Paulum,

620 2999 708 3056 cui
731 2997 876 3053 dedit
903 2998 969 3051 ad
988 3005 1179 3067 gentes
1199 2995 1506 3052 evocandus
1530 2993 1812 3064 sapientiae
1836 2992 2219 3063 principatum.

627 3100 650 3128 α
681 3090 944 3146 Facessat
973 3089 1061 3144 hic
1087 3087 1261 3143 sacris
1287 3087 1589 3157 virginibus
1618 3096 1818 3151 metus,
1848 3085 2044 3155 quibus
2071 3091 2222 3139 tanta

2333 1879 2546 1952 1618
2587 1880 2803 1936 afferre.
2853 1882 3067 1939 Montes
3095 1894 3398 1941 aromatum
3446 1889 3620 1944 sancti
3665 1897 3786 1943 sunt.
3807 1886 3863 1943 Ad

2326 1986 2420 2028 eos
2447 1971 2690 2044 confugit
2714 1972 2999 2042 Christus;
3030 1978 3154 2048 quia
3181 1977 3552 2035 Fundamenta
3572 1984 3680 2055 ejus
3701 1982 3748 2036 in
3765 1998 3866 2035 tuon-

2327 2065 2462 2119 tibus
2485 2068 2675 2122 sanctis
2694 2067 2866 2138 (Psat.
2894 2084 3092 2124 Luxu
3113 2111 3126 2135 ,
3151 2070 3229 2143 1).
3257 2071 3336 2126 Ad
3359 2087 3454 2127 eos
3483 2073 3864 2144 igiturconfugit,

2327 2159 2417 2228 qui
2449 2167 2578 2214 sunt
2604 2160 2721 2231 ejus
2751 2160 2966 2217 stabilia
2998 2162 3372 2220 fundamenta.
3396 2166 3465 2221 'ln
3496 2167 3651 2223 nobis
3674 2166 3807 2238 fugit,
3830 2167 3864 2221 in

2325 2250 2434 2306 illis
2480 2251 2583 2307 fida
2629 2254 2865 2309 statione
2909 2255 3180 2311 subsistit.
3227 2256 3380 2313 Mons
3422 2257 3592 2330 igitur
3627 2272 3866 2316 aromatum

2329 2343 2524 2400 Paulus
2562 2355 2683 2413 est,
2723 2348 2814 2418 qui
2857 2358 3034 2416 potest
3068 2350 3296 2408 dicere:
3343 2350 3530 2408 Bonus
3577 2356 3699 2411 odor
3728 2353 3867 2412 Christi

2325 2453 2504 2492 sumus
2533 2437 2645 2493 Deo
2675 2439 2759 2512 (11
2787 2439 2908 2495 Cor.
2935 2457 3007 2507 ιι,
3034 2441 3102 2497 15
3124 2441 3166 2515 ).
3198 2444 3351 2500 Mons
3379 2457 3686 2503 aromatum
3713 2447 3864 2512 David,

2325 2531 2480 2600 cujus
2525 2532 2791 2589 orationis
2832 2533 2968 2590 odor
3008 2537 3339 2594 ascendebat
3380 2539 3447 2594 ad
3503 2541 3798 2607 Dominum,
3829 2549 3864 2596 et

2325 2621 2448 2678 ideo
2489 2622 2703 2679 dicebat
2733 2643 2746 2678 :
2787 2624 3059 2698 Dirigatur
3085 2631 3248 2684 oratio
3275 2647 3388 2686 mea
3411 2633 3551 2688 sicut
3580 2636 3806 2690 incensum
3830 2634 3865 2686 is

2326 2723 2601 2782 conspectu
2632 2725 2722 2770 tuo
2751 2716 2926 2790 (Psal.
2957 2735 3060 2775 cxr.
3080 2761 3094 2784 ,
3120 2720 3203 2793 2).

2397 2807 2486 2862 5-1.
2519 2807 2874 2880 Symmachus
2903 2818 3084 2867 tamen
3109 2821 3166 2868 et
3189 2813 3381 2885 Aquila
3414 2817 3747 2890 interpretati
3764 2826 3865 2884 sunt,

2325 2898 2468 2968 quod
2484 2898 2734 2956 Christus
2760 2900 2892 2957 dicit
2912 2905 2978 2957 ad
3007 2905 3304 2962 Ecclesium
3323 2925 3338 2964 :
3355 2910 3490 2976 Quae
3503 2912 3645 2967 sedes
3664 2913 3712 2966 in
3729 2913 3866 2974 hortis,

2327 2990 2431 3047 hoc
2455 3001 2537 3046 est
2556 3033 2570 3058 ,
2594 2992 2706 3062 jam
2734 2993 2784 3048 itt
2817 2992 2994 3050 hortis
3018 2997 3198 3064 sedes,
3228 3015 3468 3071 superno
3498 3005 3659 3075 digna
3681 3021 3734 3060 es
3757 3017 3870 3074 para-

2325 3085 2478 3146 diso:
2511 3097 2565 3141 et
2593 3086 2714 3143 ideo
2749 3087 2938 3144 Vocem
2963 3100 3107 3145 tuam
3135 3094 3341 3150 insinua
3368 3099 3528 3164 mihi,
3561 3100 3645 3152 cui
3669 3099 3800 3154 amici
3817 3097 3870 3150 in.

621 3183 876 3256 prtesidia
899 3183 1088 3238 tribuit
1111 3182 1347 3252 primum
1374 3180 1614 3236 Ecclesia
1634 3220 1648 3242 ,
1675 3195 1796 3249 quae
1825 3187 2028 3234 tenera:
2056 3178 2224 3248 prolis
2249 3168 2294 3231 C
2328 3177 2542 3231 tendunt
2567 3195 2586 3232 :
2613 3194 2712 3250 ego
2739 3195 2955 3252 quoque
2983 3198 3102 3239 eam
3130 3186 3320 3242 audire
3347 3188 3627 3246 desidero.
3655 3192 3811 3261 Coepit
3835 3190 3869 3243 iu

621 3278 858 3334 sollicita
899 3289 1194 3341 successu,
1236 3273 1356 3344 ipsa
1393 3273 1547 3342 quasi
1589 3285 1777 3326 murus
1816 3269 2222 3325 abundantibus

620 3372 674 3427 in
705 3371 923 3427 modum
954 3370 1178 3424 turrium
1206 3367 1476 3422 excrescit
1501 3365 1792 3422 uberibus:
1817 3364 2016 3431 donec,
2039 3365 2222 3420 soluto

618 3462 924 3520 obsidionis
963 3460 1180 3516 hostilis
1212 3460 1434 3514 incursu
1457 3498 1471 3523 ,
1508 3472 1693 3526 pacem
1727 3455 1922 3511 validae
1946 3455 2221 3524 juventuti

595 3564 882 3611 'materna:
927 3553 1182 3624 prmsidio
1229 3551 1449 3606 virtutis
1492 3550 1756 3621 acquirat.
1797 3548 1954 3605 Unde
1991 3556 2047 3604 et
2083 3549 2218 3605 Pro-

620 3650 782 3722 pheta
809 3648 920 3704 ait:
957 3643 1082 3700 Fiat
1114 3661 1219 3715 paa:
1245 3647 1300 3699 in
1337 3646 1525 3699 uirtute
1567 3652 1653 3698 tua
1675 3683 1691 3710 ,
1720 3651 1768 3696 et
1807 3643 2126 3698 abundantia
2165 3643 2218 3697 in

617 3739 848 3797 turribus
876 3740 978 3794 tuis
1007 3737 1236 3811 (Psatm.
1265 3752 1403 3793 cm
1425 3777 1440 3804 ,
1475 3736 1552 3808 7).

687 3832 779 3889 28.
813 3830 1128 3902 (VersJﬁS.
1149 3827 1170 3900 )
1194 3828 1222 3868 ι)
1256 3829 1361 3897 Qui
1387 3829 1532 3884 sedes
1563 3830 1616 3882 in
1648 3828 1842 3892 hortis,
1871 3827 2023 3882 amici
2051 3828 2218 3882 inten-

616 3929 792 3983 dentes
829 3925 942 3981 uoci
981 3934 1112 3990 tute,
1153 3939 1329 3979 vocem
1367 3934 1508 3978 tuam
1544 3923 1753 3978 insinua
1790 3922 1938 3976 mihi.
1981 3920 2218 3992 Ideoque

614 4020 733 4076 haec
761 4020 944 4074 anima
974 4018 1184 4074 habens
1213 4018 1443 4088 gratiam
1475 4032 1698 4072 suorum
1730 4015 1961 4070 uberum
1988 4058 2002 4082 ,
2037 4014 2219 4085 ingre-

610 4113 756 4168 ditur
783 4113 836 4166 in
860 4111 1075 4174 hortos,
1104 4119 1159 4165 et
1187 4109 1474 4164 inveniens
1497 4109 1611 4163 illic
1634 4108 1908 4177 Sponsum
1933 4106 2214 4162 sedentem

613 4211 668 4257 et
692 4203 1057 4270 disputantem
1085 4215 1207 4255 cum
1233 4200 1428 4255 amicis
1450 4240 1465 4265 ,
1495 4200 1608 4254 ait:
1643 4199 1744 4266 Qui
1770 4199 1913 4252 sedes
1940 4200 1994 4252 in
2018 4198 2179 4253 hortis
2198 4239 2213 4264 ,

614 4311 787 4354 vocem
816 4306 958 4352 tuam
982 4296 1190 4351 insinua
1217 4294 1383 4350 mihi:
1417 4293 1546 4348 mihi
1571 4336 1586 4362 ,
1621 4293 1831 4363 inquit,
1866 4309 1970 4348 non
2003 4292 2213 4348 amicis.

686 4391 778 4447 29.
826 4402 846 4429 ο
881 4389 985 4458 Qui
1014 4389 1159 4444 sedes
1205 4389 1263 4442 in
1313 4387 1476 4446 hortis
1501 4427 1517 4453 ,
1561 4386 1718 4440 amici
1747 4386 2067 4440 intendentes
2108 4387 2218 4440 uoci

615 4493 751 4553 tuas,
794 4500 967 4540 uocem
1003 4492 1146 4537 tuam
1181 4481 1393 4536 insinua
1442 4478 1591 4533 mihi.
1640 4477 2020 4534 Delectabatur
2066 4479 2209 4532 enim

611 4578 756 4651 quod
797 4579 851 4634 in
891 4577 1064 4632 hortis
1092 4575 1343 4630 Christus
1374 4573 1641 4638 sedebat,
1676 4581 1730 4628 et
1758 4573 1812 4626 in
1846 4571 2020 4627 hortis
2048 4571 2212 4643 positi
2240 4561 2294 4622 D
2319 4562 2463 4618 tibus
2485 4562 2811 4633 ligaverunt.
2837 4566 3178 4640 Quicumque
3200 4571 3346 4628 enim
3372 4576 3752 4642 crediderunt,
3773 4572 3863 4641 quia
3904 4561 3905 4640 ξ

615 4673 776 4728 amici
816 4669 1173 4726 intendebant
1205 4669 1323 4723 voci
1356 4667 1514 4737 ejus:
1550 4666 1646 4722 sed
1678 4665 1802 4743 quia
1830 4665 1989 4720 amici
2023 4663 2101 4720 illi
2142 4663 2210 4720 de

609 4765 928 4824 cmlestibus
966 4774 1126 4821 erant
1156 4806 1170 4829 ,
1212 4762 1544 4832 Archangeli
1586 4762 1669 4816 vel
1714 4761 2123 4816 Dominationes
2157 4768 2213 4816 et

612 4859 818 4916 Throni
855 4859 874 4930 (
899 4859 1148 4913 homines
1185 4857 1330 4913 enim
1364 4856 1575 4926 expulsi
1607 4854 1676 4909 de
1708 4854 1964 4924 paradiso
1996 4853 2213 4910 fuerant

611 4961 835 5024 propter
867 4949 1289 5006 inobedientiam
1321 4947 1626 5004 caelestium
1668 4946 2080 5012 mandatorum,
2124 4955 2209 5002 at-

610 5061 716 5116 que
744 5045 868 5100 ideo
907 5043 1084 5100 adhuc
1114 5043 1358 5099 Ecclesia
1389 5056 1579 5097 vocem
1611 5041 1732 5113 ejus
1759 5041 1947 5096 audire
1975 5057 2081 5095 non
2117 5055 2212 5112 po-

604 5148 780 5205 terat,
836 5153 1000 5209 quam
1053 5137 1308 5206 cupiebat
1361 5133 1632 5206 audire),
1693 5134 1814 5190 ideo
1867 5135 1982 5190 ait:
2021 5133 2211 5188 Vocem

608 5238 751 5284 tuam
785 5230 996 5284 insinua
1033 5229 1182 5284 mihi.
1226 5226 1379 5283 Unde
1417 5235 1474 5282 et
1511 5240 1610 5282 nos
1640 5227 1685 5281 si
1717 5229 1964 5281 volumus
1993 5240 2118 5282 eum
2153 5226 2206 5281 in

608 5323 766 5378 nobis
796 5320 1024 5387 sedere,
1058 5320 1232 5374 simus
1260 5319 1401 5374 horti
1440 5319 1608 5374 clausi
1650 5326 1812 5389 atque
1851 5319 2084 5384 muniti,
2128 5317 2208 5374 fe-

609 5429 792 5471 ramus
821 5414 1080 5468 virtutum
1134 5411 1297 5467 ﬂores
1318 5452 1332 5475 ,
1366 5412 1554 5482 gratiae
1601 5411 1930 5468 suavitatem
1952 5453 1969 5480 ,
2002 5419 2062 5467 ut
2090 5408 2205 5466 dis-

680 5561 706 5622 ἐι
735 5551 856 5608 Lib.
890 5567 909 5606 ι
932 5551 1000 5606 de
1028 5548 1206 5622 Virg.,
1235 5564 1356 5620 cap.
1385 5549 1451 5616 8,
1481 5566 1630 5606 nttm.
1658 5549 1754 5607 49.

677 5620 706 5661 δ
735 5623 853 5679 Lib.
883 5622 952 5677 de
979 5619 1352 5690 Bono'mortg
1385 5637 1436 5678 c.
1474 5622 1540 5688 5,
1575 5636 1729 5676 num.
1764 5619 1853 5676 l8.

680 5705 703 5735 ε
733 5693 792 5750 In
822 5693 959 5764 psal.
990 5707 1154 5750 cxvm
1179 5706 1349 5749 serm.
1377 5693 1470 5760 2'2,
1493 5708 1643 5748 num.
1685 5695 1757 5749 45
1785 5701 1842 5747 et
1867 5705 1986 5762 seq.

2327 3267 2500 3324 hortis
2540 3285 2664 3326 esse
2705 3272 2950 3329 Ecclesia
2972 3317 2986 3340 ,
3021 3285 3306 3349 postquam
3335 3279 3389 3335 in
3421 3281 3598 3338 hortis
3626 3293 3796 3354 captus
3816 3289 3870 3337 est

2323 3358 2595 3417 Christus.

2394 3453 2485 3508 5‘2.
2509 3451 2536 3491 ά
2559 3453 2738 3527 Fuge,
2765 3457 2926 3525 frater
2955 3476 3124 3530 meus,
3152 3471 3200 3516 et
3221 3463 3409 3519 similis
3430 3467 3641 3538 efﬁcere
3663 3483 3792 3522 cervo
3812 3471 3871 3520 alt

2322 3543 2540 3602 hinnqu
2571 3550 2705 3604 cerui
2723 3591 2738 3614 ,
2772 3551 2824 3605 in
2853 3563 3047 3608 montes
3074 3567 3382 3612 aromatum.
3414 3559 3746 3632 Serpentinis
3767 3559 3872 3616 enim

2323 3635 2533 3691 invisus
2576 3639 2849 3707 colubris,
2880 3651 2936 3698 et
2972 3643 3259 3716 eﬂ‘ugitans
3298 3663 3532 3718 canum,
3573 3661 3730 3723 atque
3761 3647 3870 3706 humi

2321 3733 2666 3801 reptantibus
2687 3732 2918 3791 infestus
2946 3741 3316 3809 serpentibus,
3337 3747 3514 3802 nescit
3545 3747 3776 3804 habitare
3801 3740 3874 3799 nisi

2318 3823 2374 3878 in
2403 3825 2737 3882 sublimitate
2765 3829 3051 3896 virtutum,
3082 3834 3256 3888 nescit
3291 3839 3624 3894 commorari
3652 3839 3745 3894 nisi
3783 3835 3871 3890 tali-

2319 3916 2419 3972 bus
2451 3919 2707 3976 Ecclesim
2748 3921 3000 3990 filiabus,
3041 3941 3162 3996 qua:
3206 3940 3435 3997 possunt
3479 3931 3698 3989 dicere:
3726 3928 3874 3986 Christi

2319 4011 2455 4065 enim
2505 4013 2666 4067 bonus
2721 4015 2850 4069 odor
2891 4033 3065 4072 sumus
3119 4017 3228 4074 Deo
3270 4021 3357 4091 (ΙΙ
3385 4022 3513 4080 Cor.
3544 4041 3614 4092 tt,
3645 4024 3760 4096 15).
3794 4018 3872 4078 Sed

2318 4104 2643 4174 quibusdam
2669 4106 2808 4163 odor
2834 4111 3027 4165 mortis
3053 4111 3108 4166 in
3148 4123 3414 4182 mortem,
3466 4116 3522 4172 in
3566 4118 3629 4172 iis
3667 4116 3746 4188 qui
3781 4128 3874 4184 per-

2317 4206 2449 4252 eunt
2483 4215 2497 4251 :
2536 4199 2863 4269 quibusdam
2893 4201 3029 4257 odor
3055 4202 3180 4258 vita:
3209 4204 3262 4260 in
3300 4208 3471 4263 vitam
3498 4249 3516 4276 ,
3558 4210 3610 4265 itt
3639 4211 3700 4265 iis
3724 4209 3872 4276 utique

2316 4287 2410 4358 qui
2461 4289 2684 4345 odorem
2767 4295 3182 4350 resurrectionis
3235 4297 3538 4357 Dominica:
3575 4301 3753 4357 .vivida
3793 4297 3872 4353 ﬁde

2316 4389 2556 4449 sperant.
2607 4381 2698 4435 Isti
2746 4392 2873 4438 sunt
2914 4395 3216 4442 aromatum
3263 4401 3524 4458 montes,
3570 4394 3658 4466 qui
3700 4387 3868 4448 Domini
3904 4409 3905 4436 ξ

2317 4485 2516 4543 corpus
2551 4471 2681 4528 Jesu
2717 4487 3045 4546 acceperunt
3069 4519 3084 4544 ,
3127 4488 3182 4533 et
3223 4479 3276 4534 itt
3320 4481 3506 4539 linteis
3546 4500 3666 4540 cum
3702 4493 3864 4539 aroma-
3904 4477 3905 4546 ξ

2315 4655 2478 4712 Jesus
2501 4668 2748 4714 mortuus
2769 4668 2888 4727 est,
2917 4670 2972 4716 et
2993 4664 3240 4734 sepultus
3269 4675 3380 4733 est,
3411 4677 3471 4724 et
3499 4670 3803 4732 resurrexit,
3826 4661 3867 4719 hi

2316 4752 2594 4807 excelsum
2623 4769 2766 4810 verae
2795 4768 3058 4811 cacumen
3093 4757 3220 4813 fidei
3249 4760 3513 4818 virtutum
3557 4763 3766 4834 fastigiis
3797 4774 3869 4814 ex-

2321 4844 2585 4899 tttlerunt.
2635 4844 2738 4902 Ubi
2781 4861 2914 4918 ergo
2959 4847 3216 4906 Christus
3257 4853 3548 4923 quaeritur,
3596 4856 3647 4911 in
3689 4839 3905 4927 pectore}

2321 4935 2605 5006 prudentis
2635 4937 2846 4994 scilicet
2875 4941 3220 4998 sacerdotis?

2390 5031 2480 5086 35.
2501 5040 2523 5068 ε
2543 5029 2711 5101 Fuge,
2735 5031 2896 5102 frater
2909 5049 3070 5088 meus.
3093 5034 3351 5093 Hortatur
3372 5047 3431 5094 ut
3451 5039 3616 5112 fugiat
3633 5041 3868 5112 Sponsus,
3904 5029 3905 5110 ξ

2319 5123 2442 5194 quia
2469 5122 2581 5194 jam
2611 5123 2763 5195 sequi
2797 5126 2998 5195 poterit
3027 5126 3143 5198 ipsa
3175 5137 3392 5187 terrena
3421 5131 3734 5206 fugientem.
3764 5131 3869 5187 Dicit

2313 5226 2372 5272 ut
2409 5216 2608 5272 similis
2648 5217 2721 5273 sit
2757 5217 2992 5274 damula:
3030 5236 3150 5286 qum
3188 5223 3371 5280 evadit
3406 5225 3477 5282 de
3514 5226 3746 5292 retibus;
3782 5221 3869 5278 ruit

2314 5310 2460 5367 enim
2503 5318 2560 5366 et
2597 5310 2713 5381 ipsa
2754 5311 2976 5382 fugere,
3017 5322 3072 5369 et
3123 5315 3342 5371 evolare
3401 5331 3568 5388 supra
3625 5316 3866 5375 mundum.

2317 5403 2338 5443 ί
2365 5404 2660 5476 Fugiamus
2688 5419 2818 5476 ergo
2851 5405 2905 5460 in
2935 5405 3165 5477 patriam
3197 5410 3565 5467 verissimam.
3595 5411 3706 5466 lllic
3729 5407 3869 5481 patria

2394 5546 2420 5585 εἰ
2451 5547 2574 5622 _Li_b.
2594 5547 3018 5622 derrginitate,
3045 5566 3165 5622 cap.
3189 5550 3243 5620 9,
3279 5569 3426 5608 num.
3450 5555 3548 5614 49.

2394 5629 2417 5690 °_
2449 5619 2570 5675 Lib.
2604 5619 2670 5676 de
2701 5619 2855 5676 Bono
2884 5631 3072 5690 mort.,
3102 5619 3153 5679 ὁ.
3185 5619 3238 5688 5,
3272 5641 3420 5680 nutu.
3454 5627 3543 5684 18.

2400 5688 2420 5729 ί
2443 5691 2562 5748 Lib.
2577 5690 2916 5761 delsaac.,c.
2933 5693 2990 5763 8,
3012 5688 3164 5752 num.
3179 5694 3382 5763 78,sub
3403 5696 3598 5767 ﬁn.,et
3618 5708 3856 5765 num.seq.
3904 5695 3905 5770 ξ
