3964 6312
138 281 290 339 1961

1099 281 1274 340 HIST.
1318 283 1407 339 DE
1448 279 1724 339 EXCIDIO
1763 277 2032 338 HIEROS.
2073 279 2279 339 URBIS
2316 281 2442 338 LIB.
2486 283 2528 338 l.

3319 288 3342 344 Ι
3354 285 3459 346 962

142 392 311 449 nobis
331 435 348 458 ,
379 399 440 448 et
463 397 612 462 pater
638 406 668 446 a
693 405 802 462 quo
823 393 994 448 creati
1018 408 1205 449 sumus
1226 435 1239 460 ,
1271 395 1363 450 ubi
1390 404 1474 450 est
1500 396 1757 451 llierusa-
1783 401 1833 458 Α
1862 393 2002 448 bona
2029 411 2042 446 :
2086 393 2181 449 {iul
2220 410 2352 466 ergo
2387 395 2562 450 bonus
2585 434 2600 459 ,
2633 394 2725 464 qui
2759 393 2871 449 vult
2901 395 3091 452 videre
3129 397 3454 467 Dominum,

144 484 256 540 lem
287 486 496 540 civitas
525 501 646 555 qua:
672 495 757 540 est
786 495 959 541 mater
988 489 1252 544 omnium.
1283 488 1388 545 Sed
1417 506 1539 561 qua:
1565 500 1649 546 est
1676 490 1759 544 l‘u-

143 580 254 651 ga?
281 578 407 634 Non
435 579 614 650 utique
642 579 874 649 pedum,
903 581 996 651 qui
1025 591 1152 636 sunt
1178 581 1461 652 corporis;
1492 583 1585 638 isti
1612 584 1758 638 enim

145 687 504 744 quocumque
533 682 760 728 currunt
779 714 794 739 ,
825 673 878 728 in
911 682 1057 729 terra
1085 683 1342 742 currunt,
1371 684 1426 730 et
1452 675 1520 731 de
1546 676 1666 731 solo
1693 675 1760 730 ad

143 764 327 821 solum
373 774 682 822 transeunt.
725 766 838 823 Nec
881 768 1114 823 navibus
1143 769 1410 848 fugiamus
1446 782 1540 825 aut.
1583 771 1761 826 curri-

143 857 282 924 bus,
327 867 428 913 aut
470 862 624 929 equis
667 859 755 930 qui
783 860 1094 932 obligantur
1119 871 1175 918 et
1201 861 1440 927 cadunt;
1470 862 1566 918 sed
1588 861 1761 934 fugia-

142 965 266 1008 mus
305 951 499 1008 animo
535 962 591 1008 et
627 952 833 1021 oculis,
875 963 968 1009 aut
1009 955 1238 1025 pedibus
1276 955 1633 1011 interioribus
1669 970 1759 1011 as-

143 1059 476 1102 suescamus
513 1045 705 1102 oculos
744 1055 966 1102 nostros
1006 1046 1194 1103 videre
1241 1063 1365 1118 qua:
1408 1045 1652 1103 dilucida
1701 1056 1760 1104 et

142 1141 290 1197 clara
329 1149 500 1208 sunt,
533 1149 787 1212 spectare
819 1140 1024 1196 vultum
1064 1141 1416 1197 continentiae
1453 1147 1512 1196 et
1551 1150 1760 1212 tempe-

143 1235 362 1300 rantiae,
389 1247 694 1304 omnesque
714 1234 979 1300 virtutes;
1010 1233 1063 1288 in
1089 1233 1293 1304 quibus
1317 1233 1448 1288 nihil
1477 1232 1754 1300 scabrum,

144 1327 278 1382 nihil
307 1326 612 1382 obscurum
643 1336 698 1382 et
726 1335 1032 1382 tortuosum
1065 1327 1168 1381 sit:
1197 1334 1254 1382 et
1278 1326 1520 1397 seipsum
1546 1334 1761 1396 spectet

145 1421 266 1494 quis
305 1429 364 1478 et
401 1420 798 1478 conscientiam
840 1436 1028 1488 suam,
1061 1419 1212 1474 illum
1243 1418 1458 1474 oculum
1489 1417 1752 1484 mundet;

145 1531 213 1573 ne
243 1515 377 1587 quid
409 1513 697 1570 sordidum
728 1513 946 1576 habeat.
992 1512 1149 1580 Quod
1190 1511 1336 1568 enim
1375 1510 1614 1579 videtur,
1646 1525 1754 1566 non

145 1607 309 1664 debet
349 1606 639 1662 dissonare
676 1605 747 1661 ab
781 1620 848 1661 eo
887 1604 978 1676 qui
1020 1603 1202 1671 videt;
1243 1604 1502 1674 quoniam
1530 1602 1752 1660 confor-

145 1715 260 1758 mes
288 1714 394 1756 nos
423 1699 574 1756 Deus
603 1698 856 1770 imaginis
879 1697 1052 1753 voluit
1077 1712 1203 1754 esse
1231 1697 1355 1753 Filii
1384 1697 1493 1752 sui.

1863 496 1920 542 et
1960 486 2104 556 quod
2149 497 2233 542 est
2272 488 2496 542 bonum.
2542 486 2717 557 llujus
2760 487 2884 541 honi
2928 488 3137 544 similes
3166 489 3374 558 simus,
3404 501 3462 546 et

1863 580 2162 635 secundum
2193 580 2246 635 id
2276 595 2567 651 operemur
2595 594 2718 650 qua:
2747 579 2892 634 bona
2921 589 3069 636 sunt.
3106 581 3220 637 Hoc
3249 592 3335 638 est
3361 583 3461 638 bo-

1863 688 1994 728 num
2041 674 2186 744 quod
2231 689 2392 744 supra
2437 687 2660 728 omnem
2707 673 3085 742 operationem
3127 683 3248 741 est,
3293 689 3462 746 supra

1863 781 2081 822 omnem
2113 775 2352 823 mentem
2383 776 2548 838 atque
2577 766 2914 823 intellectum
2934 808 2951 835 ,
2981 766 3158 839 ipsum
3200 777 3286 824 est
3313 769 3465 841 quod

1861 874 2081 930 semper
2122 869 2342 925 manet,
2375 859 2514 916 dans
2537 859 2726 915 vivere
2756 867 2814 915 et
2842 873 2966 916 esse
3004 861 3297 930 omnibus;
3330 864 3460 934 quia

1859 953 1982 1008 fons
2029 964 2115 1010 est
2155 956 2399 1011 omnium
2443 955 2571 1010 vita:
2615 954 2902 1024 Christus,
2935 955 3006 1012 de
3047 972 3153 1027 quo
3195 959 3462 1030 propheta

1859 1048 1970 1102 ait:
2001 1046 2069 1101 In
2111 1048 2292 1102 umbra
2334 1051 2449 1120 ejus
2489 1047 2738 1102 vivemus.
2775 1047 2932 1102 Nunc
2968 1049 3114 1104 enim
3154 1049 3260 1104 vita
3289 1061 3466 1116 nostra

1859 1139 2162 1193 abscondita
2217 1140 2272 1194 in
2329 1137 2535 1194 Christo
2594 1147 2718 1193 est:
2775 1156 2891 1193 cum
2938 1150 3110 1195 autent
3158 1144 3463 1213 apparuerit

1858 1234 2099 1289 Christus
2137 1236 2241 1289 vita
2272 1244 2450 1290 nostra
2470 1274 2486 1301 ,
2519 1244 2568 1289 et
2599 1251 2691 1289 nos
2718 1234 3085 1304 apparebimus
3116 1251 3233 1290 cum
3262 1238 3380 1306 ipso
3411 1239 3466 1292 itt

1857 1327 2046 1399 gloria.

1930 1421 2020 1476 55.
2072 1421 2216 1492 Ergo
2262 1437 2368 1476 non
2417 1423 2705 1478 timeamus
2752 1433 3022 1490 mortem;
3073 1424 3328 1494 quoniam
3371 1437 3462 1480 re-

1857 1513 2012 1583 quies
2055 1522 2140 1570 est
2181 1513 2467 1584 corporis,
2513 1515 2710 1570 anima:
2751 1524 2932 1571 autem
2978 1516 3066 1571 vel
3107 1515 3334 1572 libertas
3376 1517 3465 1573 vel

1856 1606 2152 1663 absolutio.
2201 1607 2313 1664 Nec
2359 1623 2648 1664 vereamur
2693 1623 2817 1664 eum
2863 1610 2954 1680 qui
3007 1618 3190 1681 potest
3235 1627 3462 1668 carnem

1856 1701 2203 1769 interﬁcere,
2257 1701 2496 1758 animam
2542 1711 2724 1758 autem
2766 1719 2874 1758 non
2905 1712 3123 1773 potest;
3175 1705 3302 1775 quia
3346 1720 3458 1760 non

213 1793 304 1850 54.
346 1792 644 1866 Cognitum
683 1792 848 1865 igitur
887 1792 1045 1848 nobis
1081 1799 1168 1848 est
1198 1789 1331 1848 illud
1366 1791 1569 1846 bonum
1593 1830 1609 1856 ,
1653 1803 1754 1846 nec
1783 1793 1831 1855 B
1859 1794 2118 1852 timemus
2149 1810 2273 1850 eum
2305 1795 2397 1866 qui
2427 1803 2608 1866 potest
2638 1796 3022 1852 vestimentum
3065 1796 3319 1865 auferre,
3353 1813 3464 1854 non

148 1889 305 1961 longe
333 1897 420 1946 est
448 1889 518 1945 ab
548 1903 874 1960 unoquoque
901 1896 1151 1942 nostrum
1181 1903 1196 1943 :
1223 1886 1293 1942 In
1319 1887 1434 1958 ipso
1462 1887 1598 1942 enim
1627 1886 1756 1940 vivi-

150 1999 257 2037 mus
275 2025 288 2048 ,
316 1983 597 2048 adsumus,
618 1993 666 2037 et
708 1997 1007 2048 movemur;
1031 1981 1198 2051 ipsius
1223 1980 1359 2035 enim
1401 1990 1448 2034 et
1479 1996 1638 2051 genus
1667 1995 1757 2033 su-

149 2091 258 2130 mus
278 2075 420 2148 (Act.
455 2073 688 2142 “11,28
707 2073 726 2145 )
746 2116 760 2140 ,
791 2082 850 2128 ut
868 2073 1163 2144 Apostolus
1184 2073 1420 2144 gentiles
1445 2072 1617 2128 voluit
1640 2086 1758 2127 mo-

152 2185 298 2226 nere.
349 2169 540 2239 Ipsum
577 2176 663 2225 est
699 2166 846 2223 enim
887 2167 1090 2222 bonum
1137 2165 1281 2237 quod
1321 2165 1657 2237 quaerimus,
1699 2171 1756 2219 et

151 2260 320 2317 solum
358 2260 607 2327 bonum;
648 2275 813 2316 nemo
843 2260 988 2315 enim
1022 2259 1235 2325 bonus,
1269 2258 1374 2313 nisi
1405 2257 1556 2313 solus
1587 2257 1753 2312 Deus.

153 2353 246 2411 ilic
283 2363 368 2412 est
410 2354 647 2420 oculus,
690 2353 781 2424 qui
822 2367 1078 2424 magnum
1107 2353 1261 2408 illum
1293 2361 1350 2408 et
1375 2367 1562 2408 verum
1591 2350 1756 2406 deco-

153 2461 258 2502 rem
306 2447 575 2503 intuetur.
629 2446 814 2503 Solem
863 2446 970 2501 nisi
1018 2460 1188 2502 sanus
1235 2453 1292 2502 et
1332 2445 1521 2501 valens
1561 2443 1755 2499 oculus

158 2555 259 2596 non
293 2540 538 2613 aspicit,
584 2554 685 2597 nec
729 2540 934 2596 bonum
981 2547 1163 2611 potest
1200 2537 1387 2595 videre
1427 2537 1532 2593 nisi
1574 2537 1756 2592 anima

1859 1889 2115 1943 timemus
2154 1903 2279 1944 eum
2323 1889 2415 1959 qui
2459 1889 2641 1958 potest
2679 1897 2867 1944 nostra
2917 1889 3122 1957 furari,
3155 1905 3254 1946 nos
3284 1899 3468 1947 autem

1857 1996 1968 2037 non
2010 1989 2212 2052 potest.
2259 1978 2370 2036 Nos
2411 1979 2577 2051 igitur
2623 1981 2818 2036 anima:
2864 1981 3067 2049 simus,
3117 1982 3164 2036 si
3212 1983 3466 2039 volumus

1855 2088 1981 2130 esse
2027 2073 2246 2130 Hebraei
2292 2072 2363 2130 de
2404 2073 2474 2130 iis
2503 2074 2593 2145 qui
2641 2083 2772 2128 sunt
2809 2075 2946 2130 socii
2986 2074 3188 2141 Jacob,
3241 2076 3295 2130 id
3342 2085 3461 2145 est,

1861 2167 2165 2223 imitatores
2209 2167 2349 2236 ejus.
2399 2166 2510 2222 Nos
2553 2167 2752 2222 animae
2800 2168 3008 2235 simus,
3055 2177 3241 2224 nostra
3283 2180 3466 2226 autem

1864 2261 2106 2317 membra
2159 2261 2483 2317 vestimenta
2534 2267 2706 2315 sunt:
2755 2260 3023 2317 servanda
3072 2269 3202 2316 sunt
3248 2262 3466 2332 quidem

1862 2357 2187 2410 vestimenta
2215 2369 2284 2410 ne
2311 2353 2654 2421 scindantur,
2681 2369 2750 2409 ne
2776 2353 3216 2410 inveterascant:
3248 2355 3345 2410 sed
3375 2355 3472 2412 ille

1863 2448 2037 2520 magis
2065 2447 2156 2519 qui
2185 2446 2270 2503 his
2301 2447 2491 2513 utitur,
2530 2461 2753 2503 servare
2787 2463 2847 2502 se
2878 2446 3043 2504 debet
3082 2457 3140 2504 et
3167 2447 3465 2505 custodire.

155 2666 3453 2694 “Mm

1313 2739 2315 2886 APPENDIX

242 2947 393 3032 AD
477 2943 1030 3034 PRIOREM
1119 2935 1570 3025 TOMUM
1641 2933 2667 3018 BENEDICTINIAN/E
2744 2933 3370 3024 EDITIONIS.

898 3145 2733 3358 MONITUEDITORIS.

235 3419 290 3475 Si
329 3419 442 3488 quis
473 3417 834 3490 prwfationem
863 3432 895 3468 a
923 3411 1270 3490 Benedietiuis
1312 3403 1585 3489 posteriori
1603 3417 1711 3457 sua:
1752 3399 1996 3490 editionis
2024 3409 2175 3490 .tomo
2202 3397 2864 3490 [irremissamuperlegerit
2883 3399 3118 3490 ,‘stati'nt
3146 3413 3463 3490 compertum

751 3489 889 3540 viros
922 3502 1022 3537 non
1066 3483 1220 3536 unius
1245 3470 1443 3551 geiteris
1473 3493 1628 3546 opera
1669 3471 1906 3551 consuth
1933 3470 2166 3551 omisisse
2185 3470 2444 3551 Ambrosii
2461 3470 2681 3551 quidem
2707 3470 2951 3551 luotnine,
2980 3473 3072 3524 sed
3100 3470 3378 3551 immerito,
3405 3491 3462 3533 ut

169 3538 894 3630 ips'ii's'tsisiZ£[,"i}{£cr‘ipa.
923 3554 1038 3609 Nos
1061 3570 1201 3618 vero,
1229 3538 1743 3630 quibuslarttelonmia
1765 3543 1906 3630 cordi
1929 3550 2002 3630 est
2025 3542 2428 3630 uniuseujt'tsque
2449 3538 2626 3622 Patris
2651 3541 2927 3594 editionem
2953 3543 3197 3630 recudere
3226 3549 3461 3603 omnibus

169 3612 742 3697 tiunieris'a'bs'olutam,
779 3612 1029 3696 quidquid
1095 3612 1308 3695 Operam
1349 3619 1426 3675 vel
1470 3619 1763 3677 dubiorum.
1813 3615 1892 3697 vel
1936 3612 2712 3697 etiam.citrafoutroversiam.
2741 3614 3178 3697 apoe‘rypltorum,
3222 3629 3371 3687 atque
3427 3638 3459 3672 α

170 3699 491 3760 Beuedictinis
519 3713 607 3758 aut
639 3701 1048 3772 repudiatorum,
1072 3706 1161 3750 aut
1213 3712 1274 3748 ne
1319 3699 1713 3746 memoratarum
1743 3703 1774 3811 Ζ

170 3772 468 3811 ςηΙηηιηιηΑη
497 3772 895 3811 ηνωιοιοιπδειιηοᾶ
924 3784 1040 3811 num
1065 3809 1073 3811 .
1111 3765 1354 3811 Pntribus
1391 3781 1422 3811 [ι
1445 3772 1618 3811 ηοδινο
1646 3760 1740 3811 Αηι

170 3772 468 3847 solummodo
495 3760 896 3847 praetermissum
923 3760 1078 3841 quat,
1105 3765 1354 3821 Patribus
1391 3781 1422 3817 (ι
1445 3772 1618 3816 nostra
1646 3760 1740 3813 Am

172 3842 363 3914 illorum
387 3842 544 3914 Opera
570 3845 919 3913 reperiuntur.

1777 3684 1966 3748 uident,
1993 3683 2247 3752 expiscari
2271 3681 2493 3747 licuerit,
2534 3682 2712 3754 lectori
2739 3681 2974 3736 exhibere
3015 3681 3354 3754 destinamus,
3400 3706 3460 3742 ea

1779 3757 1914 3811 rosio
1939 3754 2152 3808 diversis
2163 3757 2320 3826 juxta
2351 3753 2572 3806 sanioris
2599 3753 2791 3807 critica:
2817 3755 3022 3824 regulas
3046 3758 3293 3828 ascripta,
3325 3761 3459 3814 inter

235 3892 1288 3986 paterquidem.'aob'i'sﬂaqgredientibus
1314 3921 1455 3959 meus
1479 3903 1703 3986 primum
1735 3903 1903 3971 fuerat
1931 3911 2262 3969 quwcumque
2284 3894 2574 3986 reacttsiOtii
2598 3892 3039 3986 Benedictiniariw
3065 3899 3459 3986 sr‘ipcrad‘didis-

171 3966 423 4040 semusnawd
457 3966 1005 4057 "in
1048 3997 1212 4036 unum
1242 3976 1439 4049 ‘corpus
1479 3966 1818 4057 eoaduitare:
1861 3966 2034 4039 poslea
2073 3982 2222 4049 vero,
2246 3966 2804 4057 Jntateritt'rmtttﬁopia
2849 3967 3200 4057 quadruplex.
3223 3971 3456 4052 volumen

172 4036 412 4126 exiqeatwe,
431 4036 712 4115 negari-tas:
1055 4036 1354 4106 nostrorum
1380 4045 1763 4130 Addendorutn
1796 4036 2185 4130 partem'priori
2205 4038 2453 4130 editionis
2478 4036 2923 4130 Benedictiuiauw
2953 4048 3089 4091 tomo
3119 4042 3450 4130 saliunt/ere.

175 4109 420 4192 posteriori
433 4109 1040 4198 ivero-quietivsttrperesset
1070 4138 1348 4184 reservare,
1395 4136 1456 4172 ne
1486 4116 1681 4198 scilicet
1713 4109 1874 4168 nimia
1905 4111 2057 4198 molis
2086 4110 2437 4198 inaequalitate
2454 4109 3128 4198 potantina.discreparem.
3175 4109 3224 4164 II
3235 4115 3275 4167 is
3300 4109 3456 4198 igitur

173 4178 724 4268 iapés;i£,'tib}di"dé
918 4178 1152 4252 iudaice
1182 4194 1266 4246 hic
1287 4178 1369 4268 edi
1390 4189 1710 4268 curavimus,
1737 4183 1960 4268 παυς-,8.
1983 4178 2267 4268 ⁸Απςξὺζρεὶο
2294 4178 2624 4235 Beuedictini
2647 4179 2852 4250 quidem
2881 4182 3187 4254 abjudicant
3206 4224 3221 4251 ,
3244 4178 3453 4238 ascribit

173 4253 329 4324 autem
839 4275 1000 4344 juxta
1029 4279 1263 4337 nuperas
1294 4260 1555 4318 Mazochii
1581 4267 1636 4313 et
1656 4254 1905 4313 Gallaudi
1947 4253 2228 4308 vindicias.

177 4376 3446 4409 W

509 4447 1531 4620 SANCTI
1674 4437 3051 4704 AMBROSII

1293 4714 1870 4805 MEDIOLANENSIS
1935 4709 2265 4795 EPISCOPI

275 4886 434 5040 DE
534 4885 1128 5045 EXCIDIll
1249 4878 1686 5038 URBIS
1789 4865 3366 5060 HIEBOSOLYMITANlE

1348 5126 1655 5202 LIBRI
1726 5118 2242 5216 QUINQUE.

1305 5263 2350 5312 Iw

1453 5367 2121 5466 PROLOGUS.

1610 5528 1986 5552 ———

246 5611 468 5680 Quatuor
493 5621 658 5680 libros
706 5622 1022 5694 Regnorum
1080 5630 1220 5690 quos
1251 5614 1537 5685 Scriptura
1589 5622 1742 5666 com-

187 5699 324 5768 Flexa
351 5721 428 5770 est
445 5730 620 5788 sacra,
661 5726 716 5772 et
751 5717 865 5788 jam
907 5716 1026 5785 ipse
1056 5713 1199 5786 stylo
1241 5707 1397 5768 brevi
1425 5709 1750 5780 prosecutus

515 5810 788 5874 Pauor“
835 5807 978 5870 XV.

1846 5615 2021 5674 usque
2067 5599 2134 5656 ad
2189 5598 2562 5671 captivitatem
2614 5595 2932 5656 Judaeorum
2990 5600 3244 5674 murique
3301 5607 3458 5662 exci.

1851 5695 2003 5753 dium
2039 5701 2096 5753 et
2134 5692 2434 5764 Babylonis
2484 5688 2830 5762 triumphos,
2877 5693 3120 5844 histoaigt
3164 5695 3220 5752 in
3249 5711 3460 5757 morem
