3964 6328
523 255 665 319 i905

1854 253 2103 313 SANCTI
2138 244 2470 312 AMBROSII

3694 253 3833 311 ιοθι

509 375 827 447 composui,
858 373 1291 441 Machabaeorum
1342 384 1559 443 quoque
1616 384 1704 426 res
1754 377 1939 440 gestas
1984 383 2113 439 pro—
2143 372 2185 429 Α
2219 372 2412 419 auctor
2437 363 2575 431 fuit,
2623 377 2691 419 ne
2720 360 2886 420 simili
2911 372 3029 420 arte
3058 362 3159 436 ipsi
3186 378 3402 436 quoque
3441 364 3829 437 deciperentur

515 472 767 541 pheticus
798 483 983 525 sermo
1014 468 1203 538 paucis
1241 465 1472 522 absolvit
1500 482 1514 519 :
1545 464 1907 535 reliquorum,
1947 478 2120 534 usque

516 565 586 620 ad
616 561 926 620 incendium
963 559 1150 631 templi
1182 568 1237 614 et
1281 558 1570 614 manubias
1597 556 1703 612 Titi
1732 554 1997 622 Caesaris,
2031 571 2119 612 rt.L

514 657 656 714 lator
683 656 933 728 egregius
962 653 1228 710 historico
1274 653 1418 724 stylo
1443 650 1739 722 Iosephus,
1770 649 1972 705 utinam
2006 660 2119 704 tam

519 750 774 820 religioni
809 755 866 802 et
908 746 1124 804 veritati
1151 755 1416 813 attentus,
1449 758 1618 816 quam
1658 759 1842 800 rerum
1876 742 2115 814 indagini

514 850 574 898 et
604 848 924 896 sermonum
977 839 1288 896 sobrietati.
1325 836 1657 895 Consortem
1709 851 1771 893 se
1805 837 1953 893 enim
1987 850 2113 906 per-

513 933 658 990 fidia:
684 933 999 990 iudieon
1050 932 1106 987 in
1156 932 1279 1003 ipso
1315 932 1484 987 etiam
1533 945 1791 987 sermone
1827 929 2114 996 exhibuit,

510 1040 675 1097 quem
709 1025 781 1081 de
813 1039 1001 1080 eorum
1028 1016 1314 1095 supplicio
1345 1023 1746 1089 manifestavit;
1778 1032 1836 1078 et
1878 1037 2116 1094 quorum

506 1131 659 1173 arma
685 1117 978 1183 deseruit,
1008 1130 1202 1172 eorum
1232 1124 1415 1171 tamen
1446 1115 1733 1197 sacrilegia
1773 1129 1885 1171 non
1914 1114 2115 1170 dereli-

466 1210 645 1282 quit.
697 1211 1016 1282 Deploravit
1068 1209 1331 1266 ﬂebiliter
1380 1225 1725 1272 aerumnam.
1783 1209 1882 1266 sed
1943 1209 2116 1280 ipsius

506 1320 728 1360 causam
780 1318 1039 1359 :erumnae
1096 1318 1205 1357 non
1272 1302 1516 1372 agnovit.
1550 1300 1712 1358 Unde
1772 1301 1929 1356 nobis
1969 1317 2115 1357 curae

416 1416 419 1419 π
512 1396 633 1474 fuit,
660 1411 769 1452 non
811 1396 1011 1467 ingenii
1040 1410 1146 1467 ope
1176 1395 1369 1461 fretis,
1420 1394 1516 1449 sed
1563 1393 1685 1450 fidei
1730 1394 2035 1450 intentione
2061 1394 2113 1449 in

507 1490 793 1546 historiam
836 1491 1150 1547 Iudaeorum
1182 1492 1324 1546 ultra
1364 1491 1667 1561 Scriptura.
1710 1492 1911 1547 seriem
1941 1505 2115 1548 sacrm

508 1584 789 1654 paulisper
814 1584 1114 1639 introrsum
1145 1598 1395 1655 pergere,
1428 1593 1488 1638 ut
1519 1596 1793 1654 tamquam
1840 1585 1894 1638 in
1939 1583 2114 1654 spinis

503 1691 686 1732 rosam
702 1684 1039 1747 quaerentes,
1066 1677 1209 1731 inter
1231 1691 1372 1732 saeva
1397 1676 1690 1747 impiorum
1716 1676 1960 1733 facinora
1988 1690 2111 1748 quae

2222 458 2502 528 sicutjam
2530 457 2773 529 plerique
2797 473 2987 514 eorum
3031 458 3159 514 dum
3198 458 3428 515 sabbato
3473 459 3685 519 bellum
3713 476 3830 515 sus-

2220 553 2404 623 cipere
2429 553 2736 610 detrectant
2756 596 2772 620 .
2806 554 3138 612 irruentibus
3166 555 3218 610 in
3244 570 3365 611 sese
3392 556 3651 612 hostibus
3673 555 3828 610 inulti

2219 646 2550 702 occubuere.
2604 647 2909 702 Potentiam
2957 648 3201 718 prosperi
3232 657 3385 703 actus
3419 647 3699 704 dederunt
3727 689 3744 715 .
3776 658 3829 704 et

2220 738 2612 806 perseverandi
2634 740 2686 794 in
2704 740 2821 795 viro
2836 754 3008 811 usque
3022 741 3092 795 ad
3120 750 3423 797 extremum
3440 740 3575 797 vita
3590 739 3826 795 studium

2219 828 2557 886 defensionis
2599 841 2655 888 et
2700 832 2921 902 pietatis
2957 832 3132 902 vigor.
3186 831 3293 888 Sed
3339 847 3465 888 cum
3500 830 3609 887 sibi
3640 847 3831 902 supre-

2220 936 2368 977 mum
2396 921 2541 978 diem
2571 923 2767 980 adesse
2796 922 3152 993 intelligeret,
3186 924 3392 979 vocatis
3416 921 3641 979 civibus
3662 932 3830 992 atque

2218 1016 2606 1072 assistentibus
2631 1017 2820 1073 liberis
2846 1016 3095 1073 hortatus
3119 1025 3242 1085 est,
3293 1025 3354 1072 ut
3399 1025 3690 1073 tuerentur
3734 1032 3828 1088 pa-

2220 1108 2378 1162 triam
2399 1148 2414 1174 ,
2450 1109 2744 1179 templique
2776 1109 3096 1179 religionem
3121 1126 3137 1163 :
3169 1108 3477 1179 ducemque
3508 1108 3594 1163 his
3625 1107 3826 1163 ludam

2219 1198 2586 1256 Machameum
2617 1198 2765 1256 curae
2790 1208 2953 1271 atque
2980 1199 3363 1256 sollicitudinis
3390 1214 3507 1255 suat
3541 1214 3830 1255 successo-

2216 1306 2334 1348 rem
2368 1294 2605 1365 reliquit.
2637 1294 2740 1363 Qui
2771 1292 2917 1349 belio
2942 1304 3217 1361 strenuus,
3248 1294 3483 1350 consilio
3515 1293 3726 1361 bonus,
3759 1309 3825 1351 ac

2220 1400 2333 1456 prae
2357 1387 2572 1443 caeteris
2604 1387 2711 1444 fide
2735 1396 3018 1459 promptus
3044 1428 3060 1455 ,
3110 1403 3273 1459 quam
3316 1387 3636 1458 frequenter
3666 1387 3828 1443 innu-

2217 1494 2396 1536 meras
2426 1478 2668 1536 hostium
2694 1482 2883 1552 copias
2901 1496 3071 1552 parva
3097 1496 3259 1536 manu
3282 1481 3510 1547 fuderit,
3542 1482 3823 1551 prosequi,

2218 1586 2324 1627 non
2353 1582 2439 1629 est
2468 1575 2755 1643 praesentis
2785 1575 3008 1645 negotii.
3059 1574 3215 1641 Quod
3246 1585 3424 1629 tamen
3467 1562 3624 1630 brevi
3667 1574 3825 1631 colli-

2216 1681 2347 1736 gere
2378 1668 2556 1725 datur.
2591 1668 2749 1739 Saepe
2776 1670 3064 1740 prosperis
3095 1683 3227 1724 usus
3253 1668 3606 1725 successibus
3636 1708 3655 1737 ,
3680 1669 3826 1725 exci-

498 1770 670 1840 digno
700 1771 1001 1841 impietatis
1033 1772 1210 1842 pretio
1238 1772 1416 1827 soluta
1442 1782 1604 1838 sunt,
1638 1787 1899 1828 eruamus
1924 1772 2108 1843 aliqua
2138 1758 2188 1820 Β
2217 1758 2352 1813 ῑθνίῑ
2379 1760 2433 1813 in
2459 1774 2522 1816 30
2547 1774 2797 1831 masttam
2831 1762 3071 1817 Ιιοδιίυω
3097 1761 3503 1841 ωυιιβιυάίηεηι
3531 1778 3548 1817 ἓ
3581 1777 3693 1831 qua
3717 1760 3824 1816 εῖτ·

506 1864 593 1919 vel
623 1863 695 1919 de
736 1864 1048 1920 reverentia
1096 1878 1269 1920 sacrm
1313 1863 1470 1935 legis,
1517 1864 1601 1919 vel
1652 1864 1721 1919 de
1749 1875 1955 1920 sancte
1980 1863 2109 1921 reli-

499 1958 683 2028 gionis
708 1958 1237 2028 constitutionisque
1265 1956 1566 2023 miraculo;
1601 1972 1725 2029 quas
1754 1958 1958 2029 magis,
1982 1958 2109 2015 licet

504 2048 840 2114 hzeredibus,
875 2050 961 2105 vel
993 2051 1047 2104 in
1086 2050 1331 2106 adversis
1360 2052 1597 2106 ostentui
1628 2050 1864 2119 fuerint,
1892 2052 1977 2106 vel
2010 2050 2108 2106 ho-

503 2154 642 2197 nore
666 2142 721 2196 in
749 2142 1049 2213 prosperis.
1077 2143 1248 2199 Simul
1278 2143 1463 2215 (quod
1480 2152 1566 2199 est
1592 2144 1849 2201 indicium
1880 2146 2105 2202 domes-

499 2235 623 2289 ticae
652 2234 1053 2306 improbitatis)
1088 2235 1297 2304 liqueat
1326 2236 1629 2304 universis,
1660 2238 1808 2307 quod
1852 2239 1956 2309 ipsi
2000 2240 2105 2299 sibi

498 2330 736 2399 propriae
776 2328 952 2384 cladis
998 2339 1254 2385 auctores
1286 2329 1459 2385 fuere.
1487 2329 1765 2401 Primum,
1797 2332 1943 2403 quod
1995 2333 2104 2389 alia

496 2431 777 2488 curantes,
811 2422 1085 2477 Romanos
1118 2422 1171 2477 in
1202 2437 1263 2478 se
1287 2424 1692 2492 converterint,
1716 2433 1793 2501 et
1820 2425 1888 2480 ad
1916 2426 2103 2495 segni-

501 2514 704 2570 tionem
736 2513 892 2586 regni
931 2514 1016 2569 sui
1066 2514 1437 2580 invitaverint,
1480 2516 1679 2587 quibus
1731 2518 1969 2589 ignorari
2019 2533 2105 2574 sa-

496 2608 605 2664 tius
630 2610 751 2663 fuit.
780 2607 1131 2679 Rogaverunt
1179 2609 1508 2677 amicitiam,
1544 2609 1706 2666 ﬁdem
1755 2626 1868 2665 non
1910 2625 2105 2666 serva-

499 2700 627 2755 turi.
658 2700 854 2756 Pacem
897 2700 1243 2757 violaverunt
1282 2701 1481 2757 virtute
1524 2701 1781 2770 impares.
1813 2703 2102 2761 Postremo

493 2793 1035 2849 bellum‘intulerunt
1058 2836 1073 2859 ,
1105 2795 1305 2865 quibus
1335 2811 1461 2866 spes
1489 2797 1669 2852 omnis
1700 2795 1758 2853 in
1786 2798 2099 2866 manibus,

499 2900 608 2940 non
639 2886 693 2940 in
719 2885 927 2941 viribus
951 2893 1105 2951 erat,
1132 2902 1256 2942 cum
1297 2890 1368 2943 sit
1396 2889 1633 2945 maxime
1659 2892 1904 2947 omnium
1936 2892 2102 2949 mise-

494 2977 667 3033 rabile
691 2977 869 3032 claudi
892 2977 1212 3034 obsidione:
1244 2995 1365 3049 qua:
1385 2982 1551 3036 etiam
1580 2984 1625 3037 si
1657 2983 1795 3040 bene
1827 2984 2095 3054 procedit,

2212 1850 2495 1907 cumfusus
2523 1851 2767 1922 undique
2811 1852 2939 1908 dum
2967 1853 3165 1909 cedere
3195 1836 3386 1924 pudori
3430 1851 3785 1909 existimabat
3804 1893 3822 1919 ,

2212 1942 2610 2015 refugientibus
2636 1944 2802 2002 sociis
2831 1947 2886 2002 in
2916 1946 3163 2018 praelium
3200 1948 3328 2000 ruit.
3353 1944 3641 2018 (laesisque
3687 1959 3823 2017 quos

2211 2038 2475 2095 adversus
2521 2041 2697 2106 ierat,
2745 2055 2775 2095 a
2806 2040 2978 2097 latere
3002 2040 3441 2109 circumventus,
3487 2039 3589 2095 sed
3639 2049 3823 2095 tamen

2211 2132 2358 2187 ultus
2386 2133 2661 2203 prepriam
2700 2141 2976 2202 mortem,
3028 2132 3319 2190 occiditur.
3367 2132 3511 2189 Huic
3550 2134 3825 2189 successit

2209 2221 2497 2293 Jonatbas,
2532 2242 2639 2280 non
2668 2225 2849 2282 minus
2884 2226 3100 2282 virtutis
3127 2224 3485 2282 similitudine
3512 2240 3634 2296 par,
3658 2241 3822 2296 quam

2211 2326 2421 2373 natura
2448 2319 2828 2388 germanitate.
2859 2319 2961 2387 Qui
2990 2328 3113 2389 post
3141 2319 3307 2373 multa
3331 2319 3385 2373 in
3416 2318 3635 2375 bellicis
3653 2318 3821 2374 rebus

2205 2422 2397 2478 Opera,
2432 2411 2487 2466 in
2512 2411 2678 2468 rebus
2706 2413 2883 2468 sacris
2911 2412 3091 2468 officia
3118 2428 3241 2482 qua:
3266 2410 3412 2468 circa
3454 2412 3643 2483 templi
3674 2413 3821 2483 puri.

2205 2500 2518 2559 licationem
2550 2513 2794 2573 spectata
2823 2519 2888 2581 ac
2912 2506 3138 2575 probata
3168 2512 3329 2571 sunt,
3362 2502 3389 2541 δ
3421 2514 3697 2576 praetenta
3726 2520 3821 2576 per

2209 2594 2393 2651 dolum
2425 2596 2687 2652 amicitia":
2735 2598 2843 2653 fide
2873 2598 3011 2653 intra
3050 2597 3237 2652 urbem
3271 2596 3511 2652 hostium
3556 2597 3780 2653 clausus
3801 2640 3817 2665 ,

2204 2707 2306 2748 nec
2335 2693 2499 2765 longe
2530 2703 2653 2764 post
2679 2694 2974 2751 intervallo
3002 2706 3227 2751 necatus
3252 2706 3356 2751 est.
3387 2696 3632 2752 Joannes
3652 2697 3817 2753 etiam

2150 2812 2155 2815 Α
2204 2770 2390 2841 senior
2421 2794 2551 2842 natu
2583 2786 2770 2854 frater,
2801 2796 2857 2842 et
2880 2787 3108 2842 Eleazar
3130 2785 3315 2858 jnnior
3342 2784 3561 2844 caeteris
3602 2804 3706 2860 pro
3735 2804 3821 2845 re-

2209 2875 2413 2949 ligione
2440 2886 2671 2933 mortem
2698 2894 2808 2935 non
2859 2888 3201 2935 recusarunt.
3246 2879 3377 2936 Post
3409 2878 3510 2935 hos
3554 2882 3634 2936 rei
3664 2896 3818 2937 sum-

2205 2984 2351 3024 mam
2371 2969 2558 3026 Simon
2583 2973 2808 3043 recepit,
2831 2972 2899 3028 ad
2921 2989 3081 3043 quam
3105 2986 3213 3028 non
3237 2975 3409 3038 rudis,
3434 2976 3533 3030 sed
3551 2973 3662 3045 jam
3687 2993 3819 3048 pro-

493 3071 692 3139 szepius
731 3085 932 3141 augere
962 3086 1123 3142 quam
1166 3073 1416 3131 minuere
1447 3077 1687 3145 pericula
1723 3079 1888 3135 solet.
1914 3079 1990 3136 At
2028 3096 2097 3137 ne

2202 3060 2359 3118 batus
2391 3062 2648 3121 fraterna:
2670 3068 2951 3123 societatis
2994 3067 3286 3139 triumphis
3326 3070 3813 3141 apprOpinquavit.

491 3166 612 3235 quis
641 3180 869 3220 vacuum
893 3164 999 3221 ﬁde
1035 3174 1092 3220 ει
1119 3142 1460 3238 θυμω-(ιιιωῆ
1479 3178 1630 3239 pate,
1656 3186 1755 3226 nos
1783 3172 2094 3240 suscepisse
2124 3142 2170 3206 C
2200 3152 2417 3212 Utinam
2457 3164 2514 3215 et
2543 3158 2657 3227 ipse
2684 3169 2793 3217 tam
2821 3160 3102 3231 perspicax
3132 3162 3200 3216 ad
3231 3161 3451 3218 fraudes
3486 3164 3767 3220 cavendas
3793 3207 3809 3232 ,

492 3259 810 3328 negotium;
847 3257 971 3313 ideo
1016 3274 1116 3330 per
1165 3260 1437 3331 principes
1486 3262 1705 3317 ductum
1739 3263 2092 3323 Hebraeorum

488 3364 663 3420 genus
692 3365 853 3406 omne
878 3350 1314 3419 consideremus,
1347 3364 1403 3407 ut
1432 3354 1641 3425 liquido
1671 3356 1879 3413 clareat
1907 3367 2090 3416 utrum

486 3459 518 3498 a
563 3443 866 3500 femoribus
908 3454 937 3484 ι
981 3445 1135 3501 ,ιυᾱεθ
1161 3488 1174 3512 ,
1233 3463 1499 3519 nusquam
1546 3453 1917 3520 generationis
1971 3454 2093 3526 ejus

490 3536 769 3590 successio
801 3535 1224 3593 claudicaverit:
1269 3553 1338 3594 an
1373 3555 1502 3598 vero
1539 3540 1829 3599 oﬂ‘enderit
1857 3546 1909 3599 in
1944 3547 2090 3617 prin-

488 3626 673 3698 cipum
701 3630 879 3698 serie,
908 3629 1005 3687 sed
1036 3633 1297 3687 manserit
1330 3634 1381 3688 in
1412 3650 1504 3700 eo,
1553 3636 1637 3690 cui
1659 3637 1889 3707 reposita
1910 3656 2086 3695 mane-

489 3719 612 3774 bant
647 3720 822 3775 mia
847 3739 862 3777 :
889 3721 999 3794 ipse
1031 3731 1143 3777 erat
1166 3739 1283 3793 spes
1309 3725 1541 3798 gentium
1578 3725 1762 3799 (Gem,
1816 3745 1963 3799 thx,
1996 3730 2086 3803 10)

490 3812 627 3871 Hinc
650 3829 783 3888 ergo
811 3830 1023 3872 sumam
1053 3818 1364 3874 exordium.
1828 3810 1833 3813 ’

1027 3956 1257 4015 CAPUT
1303 3957 1592 4017 PRIMUM.

561 4067 717 4124 Belio
743 4068 1021 4138 Parthico,
1055 4072 1202 4141 quod
1229 4073 1371 4129 inter
1400 4076 1745 4134 Macbabieos
1767 4079 1938 4136 duces
1956 4096 2092 4152 gen-

487 4171 709 4230 temque
758 4162 1039 4218 Medorum
1089 4165 1407 4221 diuturnum
1459 4183 1522 4223 ac
1548 4169 1805 4241 frequens
1827 4174 2088 4245 variaque

490 4254 715 4309 victoria
764 4254 892 4323 fuit,
922 4256 1256 4314 incentivum
1288 4260 1609 4331 principium
1640 4264 1793 4320 dedit
1814 4269 2089 4339 sacrilegii

487 4347 682 4414 dolor,
732 4349 855 4420 quia
906 4367 1001 4407 rex
1060 4353 1365 4410 Antiochus
1423 4357 1509 4411 cui
1555 4374 1756 4415 nomen
1809 4359 2086 4430 lllustris,

487 4441 745 4496 Antiochi
797 4443 942 4514 regis
992 4444 1170 4512 filius,
1220 4447 1315 4505 ubi
1365 4446 1662 4520 [Egyptum
1712 4468 1929 4525 quoque
1981 4469 2083 4511 suo

488 4533 720 4604 imperio
789 4536 1043 4606 ailjunxit
1069 4579 1085 4606 ,
1112 4538 1164 4593 in
1237 4542 1550 4612 superbiam
1611 4543 1785 4599 elatus
1808 4586 1823 4612 ,
1856 4545 2001 4616 quod
2031 4548 2083 4603 ei
2112 4526 2166 4587 θ

489 4628 697 4682 incerta
734 4629 996 4685 bellorum
1027 4635 1516 4703 prosperavissent,
1554 4637 1695 4695 ritus
1726 4638 2083 4695 Hebraeorum

490 4722 1026 4792 negligi,miuisteria
1050 4742 1266 4797 quoque
1292 4743 1481 4784 eorum
1510 4729 1782 4799 profanari
1805 4730 2044 4802 jusserat
2069 4750 2083 4788 :

487 4813 651 4884 idque
680 4818 1077 4885 postulantibus
1128 4819 1405 4891 plerisque
1442 4821 1752 4879 Judzeorum
1778 4864 1795 4890 ,
1843 4832 2086 4882 statuere

488 4920 672 4964 ausus.
722 4908 877 4975 Quod
906 4909 1104 4966 factum
1137 4911 1425 4970 Matathias
1452 4916 1712 4972 sacerdos
1745 4917 1960 4988 perpeti
1990 4932 2087 4975 nco

488 5001 693 5069 quivit:
724 5017 825 5057 nec
853 5004 1026 5081 solum
1059 5004 1173 5074 ipse
1203 5007 1526 5076 temperavit
1550 5024 1579 5063 a
1609 5011 1896 5081 sacrilegio
1923 5026 2083 5081 rega-

489 5090 635 5160 lique
664 5094 841 5149 edicto
869 5112 975 5150 non
1003 5097 1434 5167 obtemperavit,
1478 5116 1667 5156 verum
1694 5104 1858 5158 etiam
1888 5103 2085 5160 inuno-

488 5184 692 5239 lantem
710 5187 1012 5243 simulacris
1035 5190 1239 5245 hostias
1265 5195 1333 5247 de
1358 5193 1710 5262 popularibus
1730 5174 1843 5252 suis
1864 5207 2081 5265 nactus,

484 5279 664 5349 gladio
696 5285 1177 5340 transverberavit.
1229 5285 1299 5341 Et
1325 5298 1649 5360 congregata
1683 5306 1845 5346 manu
1874 5334 1888 5358 ,
1919 5302 2081 5361 atque

484 5366 715 5429 Asidzeis
747 5375 801 5429 in
828 5374 1145 5432 societatem
1176 5378 1396 5434 adscitis
1424 5420 1441 5447 ,
1480 5381 1598 5450 ipse
1643 5397 1765 5438 cum
1808 5382 1936 5439 filiis
1961 5385 2075 5440 suis

482 5475 812 5522 temerantes
841 5483 993 5523 usum
1024 5471 1259 5539 patrium
1291 5480 1345 5527 et
1365 5472 1604 5542 justitias
1635 5474 1786 5546 legis,
1816 5476 1955 5531 alios
1980 5492 2078 5532 ne-

481 5559 643 5625 cavit,
676 5559 965 5632 plerosque
991 5564 1198 5633 expulit
1219 5605 1238 5630 ,
1262 5564 1499 5638 bellique
1525 5567 1755 5625 sabbato
1789 5569 2075 5631 adoriundi

554 5681 581 5709 ἰ
596 5673 741 5728 Editi
768 5677 1055 5732 senioribus
1072 5718 1085 5731 .
1104 5680 1387 5737 mendose.
1415 5680 1683 5739 Restitute
1706 5683 1869 5741 lectio
1887 5686 2065 5743 firma-

488 5748 573 5796 tur
600 5759 664 5797 cx
699 5742 828 5798 Gen.
854 5762 1000 5816 uix,
1034 5748 1119 5805 10.
1148 5749 1422 5806 ΟΑιιΑιω.

2198 3262 2359 3317 quam
2392 3263 2554 3304 niauu
2584 3248 2792 3306 validus
2833 3250 3180 3323 bellandique
3205 3253 3415 3308 artibus
3460 3257 3595 3310 satis
3642 3271 3811 3325 spec-

2199 3349 2366 3396 tatus.
2398 3341 2609 3397 Etenim
2636 3358 2758 3399 cum
2787 3345 3004 3402 virtutis
3034 3362 3135 3417 ope
3166 3345 3541 3402 Romanorum
3569 3347 3810 3405 ducibus

2195 3437 2524 3509 regibuSque
2553 3440 2795 3511 gentium
2823 3440 3116 3498 amicitiam
3162 3440 3545 3500 fmderavisset
3568 3485 3584 3510 .
3620 3442 3807 3501 Ptole-

2196 3529 2321 3585 maei
2353 3532 2503 3599 dolo,
2535 3528 2724 3604 generi
2751 3536 2859 3604 sui,
2894 3544 3111 3608 rogatus
3137 3536 3209 3592 ad
3252 3538 3566 3593 convivium
3593 3578 3612 3605 ,
3660 3537 3808 3596 inter

2196 3639 2414 3681 mensas
2443 3637 2498 3681 et
2510 3628 2699 3698 pocula
2732 3644 2853 3684 cum
2878 3630 3088 3687 duobus
3116 3630 3239 3685 filiis
3263 3631 3356 3702 qui
3386 3630 3615 3687 aderant
3638 3672 3654 3698 ,
3688 3634 3802 3688 cir-

2193 3728 2516 3776 cumventus
2545 3731 2706 3793 atque
2751 3732 2948 3781 exutus
2985 3724 3153 3781 armis
3183 3724 3349 3796 impie
3388 3725 3511 3783 neci
3543 3727 3800 3783 traditur.

2194 3812 2335 3867 Sane
2363 3815 2626 3883 praevenit
2654 3816 2877 3871 insidias
2903 3817 3142 3874 Joannes
3169 3827 3320 3875 ortus
3340 3834 3411 3875 ex
3428 3817 3677 3887 Simone,
3706 3821 3800 3881 cui

2193 3919 2390 3961 nomen
2425 3905 2726 3979 Hyrcanus,
2757 3920 2810 3964 et
2842 3911 3150 3982 properavit
3174 3910 3243 3966 ad
3266 3910 3465 3967 vicine
3485 3911 3636 3967 urbis
3663 3928 3803 3969 mte-

2191 3995 2305 4065 nia,
2336 3998 2425 4054 ubi
2456 4016 2484 4052 a
2517 4002 2715 4070 papulo
2743 4009 2962 4074 propter
2993 4004 3207 4075 egregia
3231 4004 3403 4074 patris
3429 4004 3645 4071 merita,
3671 4006 3800 4062 odio

2190 4106 2409 4163 quoque
2439 4092 2657 4149 hostilis
2684 4096 2931 4162 sceleris,
2969 4097 3413 4168 exspectabatur.
3438 4098 3545 4156 Vix
3563 4098 3799 4171 denique

2192 4186 2381 4241 urbem
2414 4186 2693 4259 ingressus
2720 4199 2828 4257 est,
2858 4200 2913 4246 et
2938 4192 3050 4261 jam
3076 4191 3407 4248 Ptolematus
3433 4194 3646 4251 aderat.
3689 4195 3795 4252 Sed

2191 4294 2311 4333 cum
2341 4296 2437 4350 per
2459 4280 2618 4335 aliam
2654 4291 2865 4352 portam
2886 4282 3098 4354 ingredi
3127 4285 3309 4351 vellet,
3339 4286 3629 4357 repulsus,
3661 4289 3795 4344 mul-

2190 4373 2404 4432 titudini
2431 4377 2735 4435 cedendum
2770 4379 3123 4437 existimavit.
3175 4381 3494 4453 Assumpsit
3519 4383 3669 4440 illico
3698 4384 3791 4440 Jo-

2190 4469 2382 4525 nathas
2409 4472 2618 4541 paterni
2642 4473 2932 4529 sacerdotii
2957 4488 3172 4540 munus,
3201 4483 3257 4531 et
3280 4473 3349 4530 ad
3378 4476 3585 4532 cultum
3615 4492 3788 4533 rerum

2193 4561 2500 4618 divinarum
2548 4564 2867 4635 profectus,
2915 4566 3095 4621 statim
3145 4567 3365 4639 pietatis
3416 4567 3679 4640 obsequia
3705 4586 3789 4625 cu-

2192 4670 2418 4725 ramque
2443 4657 2727 4714 servanda:
2758 4659 3173 4714 necessitudinis
3200 4660 3631 4731 exsequebatur,
3682 4678 3788 4717 ma-

2190 4756 2329 4804 trem
2356 4751 2582 4822 cupiens
2611 4752 2913 4824 fratresque
2946 4753 3188 4823 periculo
3232 4752 3473 4809 auferre.
3524 4755 3785 4827 Coogres-

2190 4854 2363 4912 suque
2389 4844 2639 4914 superior
2664 4843 2839 4899 factus
2861 4845 3022 4914 justas
3053 4845 3322 4916 passionis
3345 4845 3549 4903 affectu
3569 4858 3785 4917 supera-

2193 4930 2369 5001 batur,
2398 4950 2506 5005 quo
2549 4936 2728 4991 minus
2755 4947 2938 4992 castro
2971 4937 3232 5009 potiretur
3277 4937 3332 4993 in
3361 4952 3472 5010 quo
3500 4939 3670 4999 clausi
3694 4940 3783 4995 de—

2192 5024 2524 5082 tinebantur.
2552 5028 2685 5083 Nam
2716 5029 3046 5086 Ptolemaeus
3070 5030 3161 5086 ubi
3208 5046 3269 5087 se
3321 5033 3502 5104 urgeri
3548 5032 3778 5098 videbat,

2186 5125 2417 5174 matrem
2446 5120 2566 5191 ejus
2590 5132 2751 5194 atque
2783 5140 3073 5195 germanos
3100 5124 3154 5179 in
3186 5125 3357 5181 muris
3388 5127 3600 5182 locabat
3646 5143 3779 5197 prae-

2184 5212 2493 5280 cipitandos
2518 5215 2685 5283 illico,
2717 5218 2819 5272 nisi
2850 5217 3114 5274 Jonathas
3142 5219 3289 5275 bello
3320 5221 3466 5289 quod
3494 5221 3771 5290 inferebat,

2185 5302 2494 5360 desisteret.
2527 5307 2862 5364 Vincebatur
2891 5310 3110 5381 juvenis
3135 5311 3354 5381 pietatis
3377 5320 3527 5368 metu
3547 5314 3635 5384 qni
3664 5315 3776 5368 vin-

2181 5395 2339 5452 cebat
2367 5397 2699 5455 fortitudinis
2729 5403 3156 5473 assumptionem
3179 5444 3194 5468 .
3243 5414 3299 5459 et
3329 5406 3660 5461 iracundiam
3686 5421 3775 5461 ex-

2180 5484 2404 5543 citatam
2450 5491 2501 5543 in
2548 5492 2759 5547 hostem
2806 5495 3097 5550 revocabat
3132 5510 3356 5551 suorum
3382 5497 3766 5553 misericordia.

2181 5576 2352 5635 later
2395 5591 2575 5640 tamen
2626 5594 2812 5654 parata
2842 5585 2913 5641 ad
2954 5594 3226 5645 tormenta
3253 5586 3514 5647 tendebat
3541 5603 3722 5647 manus
3747 5624 3764 5657 ,

2248 5694 2274 5734 ⁵
2305 5699 2392 5754 Al.
2454 5700 2787 5758 Hermian.
2841 5703 3013 5761 Βλιι.
