3964 6342
519 288 663 351 1967

524 499 787 570 regis,et
841 504 1136 573 usurpandi
1196 504 1411 575 imperii
1466 506 1761 573 potentiam
1784 504 2114 563 affectatam.

526 590 681 647 llaud
721 592 939 650 difficile
975 611 1120 666 mger
1147 597 1361 651 animus
1406 595 1645 652 invalido
1686 596 1862 652 fessus
1887 614 2119 669 corpore

524 684 789 757 impulsus
839 698 953 756 est,
981 698 1041 745 ut
1067 691 1329 746 credibile
1373 691 1630 757 duceret,
1675 691 1818 761 quod
1867 708 1964 762 pro
1989 709 2119 749 vero

524 780 872 835 asserebatur
905 799 919 836 :
962 783 1196 840 maxime
1234 798 1356 839 cum
1398 783 1515 839 dies
1559 795 1805 840 sacratus
1844 785 2115 857 religioni,

523 870 791 927 mendacii
829 874 1194 943 suspicionem
1241 874 1591 940 excluderet,
1632 891 1831 947 pompa
1856 878 2120 934 excitaret

519 962 798 1034 invidiam,
830 967 1119 1025 infirmitas
1149 980 1356 1026 metum
1383 970 1643 1037 adderet,
1675 979 2118 1044 armatorumque

521 1057 722 1114 cohors
786 1058 949 1116 fidem
1010 1062 1257 1131 patrandi
1320 1062 1545 1119 sceleris
1610 1061 1881 1133 impleret.
1932 1063 2117 1136 itaque

516 1148 670 1219 prius
746 1165 907 1221 quam
980 1150 1084 1208 sibi
1151 1153 1476 1224 probaretur
1538 1161 1933 1212 tenlamentum
2011 1156 2115 1210 ali-

515 1242 660 1313 quod
684 1242 873 1314 flagitii
901 1245 1275 1319 parricidalis,
1308 1248 1599 1318 stipatores
1623 1261 1753 1303 suos
1783 1264 1907 1304 cum
1947 1249 2116 1304 armis

511 1330 667 1404 jubet
708 1336 760 1390 in
808 1335 1057 1409 hypogeo
1092 1338 1266 1396 locari
1296 1339 1554 1407 obscuro,
1598 1340 1688 1409 qui
1733 1339 2115 1398 advenientem

516 1426 849 1497 Antigonum
879 1438 905 1465 ει
939 1429 1067 1485 dolo
1094 1438 1376 1497 necarent,
1402 1446 1502 1486 nec
1531 1438 1915 1501 exspectarent
1945 1432 2116 1503 impe-

514 1521 654 1577 rium
683 1521 850 1593 regis,
874 1522 970 1578 sed
1002 1522 1103 1592 ipsi
1123 1524 1709 1595 exstinguerent.Sane
1737 1523 1993 1580 mandato
2018 1540 2116 1594 per

513 1612 735 1668 nuntios
793 1614 1112 1685 praemisso,
1163 1625 1221 1670 ut
1269 1614 1501 1671 inermis
1547 1617 1783 1680 veniret,
1809 1615 1887 1672 eis
1927 1616 2113 1672 indicii

513 1704 830 1775 qualitatem
864 1716 1033 1776 nupta
1075 1706 1392 1763 Aristobulo
1427 1708 1481 1762 in
1529 1707 1820 1763 adversum
1847 1709 2109 1775 mulavit,

709 379 713 383 ν
1146 370 1151 377 η
1814 294 2079 359 ῖεΑΝοτι
2115 273 2437 372 Abstrusa

524 405 677 510 viare
704 404 948 465 auderet.
990 409 1165 467 Tanto
1186 414 1447 482 apparatu
1490 423 1599 464 non
1624 408 1770 467 aliud
1799 411 1899 518 nisi
1930 429 2117 471 necem
2144 420 2196 484 Α
2222 448 2596 518 germanitatis

3693 327 3811 388 1968

2644 468 2658 506 :
2710 455 2844 509 tanti
2898 454 3121 511 sceleris
3199 454 3511 511 immanitas
3586 466 3808 514 mentem

2221 542 2610 601 exuleerabat:
2641 561 2751 602 non
2804 562 3033 605 somnus
3074 548 3269 617 oculis,
3314 563 3420 604 non
3449 548 3610 620 quies
3640 550 3808 606 animo

2221 632 2473 690 dabatur.
2519 635 2785 709 Serpebat
2828 654 2978 697 caeco
3025 641 3217 696 vulnus
3246 639 3460 709 dolore,
3506 642 3809 713 coqueban-

2221 730 2309 778 tur
2320 741 2463 797 aegra
2495 730 2817 799 praecordia,
2833 746 2896 788 ac
2918 731 3070 788 dura:
3092 731 3484 790 sollicitudines
3506 735 3811 792 sauciabant

2220 814 2491 876 invalidos
2535 830 2710 893 artus,
2734 833 2788 881 et
2816 824 3011 883 crebro
3043 818 3246 897 gemitu
3270 825 3563 898 pulsabant
3602 828 3708 884 alta
3734 830 3806 885 ni-

2220 911 2324 967 mis
2345 911 2600 984 suspiria.

2834 1033 3064 1093 CAPUT
3091 1034 3200 1092 VII.

2292 1143 2477 1217 Itaque
2494 1148 2851 1207 innnoderata
2883 1150 3256 1209 mmstitudine
3276 1168 3344 1210 eo
3360 1156 3615 1228 prorupit
3643 1160 3802 1217 morbi

2217 1239 2321 1306 vis,
2347 1249 2404 1296 ut
2443 1252 2464 1279 ε
2510 1245 2712 1307 evulsis
2742 1244 3044 1302 visceribus
3063 1287 3079 1312 ,
3110 1249 3431 1318 sanguinem
3474 1253 3680 1308 vomitu
3707 1255 3805 1311 oris

2217 1334 2469 1405 rejiceret
2498 1354 2511 1390 :
2544 1353 2706 1409 quem
2757 1353 2892 1408 puer
2934 1338 3182 1406 aulicus,
3233 1342 3400 1412 regiis
3444 1343 3636 1400 usibus
3676 1361 3799 1417 pra:-

2214 1424 2351 1482 bcns
2381 1426 2781 1497 ministerium,
2824 1429 2974 1484 foras
3025 1429 3237 1499 extulit,
3287 1438 3454 1503 atque
3503 1433 3805 1505 imprudens

2216 1517 2366 1587 facti,
2390 1520 2537 1591 quod
2558 1536 2688 1577 casu
2715 1523 2896 1592 potius
2920 1538 3082 1594 quam
3111 1524 3376 1585 industria
3395 1527 3719 1598 gerebatur,
3744 1529 3804 1586 ad

2215 1627 2341 1667 eum
2394 1613 2572 1671 locum
2623 1616 2906 1685 pervenit,
2958 1617 3014 1672 in
3086 1634 3195 1688 quo
3255 1620 3564 1690 Antigonus
3644 1621 3804 1680 fuerat

2216 1706 2548 1774 exstinctus;
2603 1707 2715 1764 illic
2750 1724 2914 1780 supra
2942 1722 3192 1767 rorantes
3225 1711 3405 1769 adhuc
3429 1713 3666 1771 fraterni
3692 1731 3809 1772 san-

509 1803 573 1851 ut
597 1812 693 1867 per
724 1798 848 1855 illos
891 1798 1204 1869 coniuratos
1238 1796 1342 1856 sibi
1388 1800 1658 1855 insinuari
1687 1801 1924 1865 faceret,
1950 1800 2110 1858 Anti-
2139 1817 2190 1879 Β
2215 1798 2394 1871 guinis
2430 1800 2694 1868 maculas,
2727 1804 3064 1873 percussoris
3095 1807 3415 1875 sanguinem
3438 1806 3653 1864 effudit.
3694 1809 3801 1866 Cla-

510 1905 656 1960 gono
678 1891 899 1948 fratrem
932 1892 1050 1964 ejus
1079 1894 1405 1950 delectatum
1428 1910 1551 1951 esse
1580 1910 1854 1951 armorum
1883 1897 2105 1967 decore,

509 1984 708 2054 quibus
741 1986 994 2057 proxime
1022 1989 1301 2045 accinctus
1326 1989 1577 2057 ail‘tterat,
1594 1990 1690 2046 sed
1731 2006 1843 2062 pne
1888 1991 2111 2063 aegritu-

510 2078 639 2134 dine
665 2079 924 2137 intentius
952 2097 1060 2138 non
1110 2083 1492 2140 considerasse
1525 2103 1539 2138 :
1575 2100 1718 2141 nunc
1772 2094 1959 2155 petere
1992 2102 2112 2143 om-

509 2186 637 2229 nem
662 2171 814 2227 iilum
854 2182 1104 2230 ornatum
1157 2175 1409 2232 bellicum
1442 2192 1602 2247 quem
1640 2178 1744 2233 sibi
1781 2180 2108 2248 composuit,

505 2263 577 2320 ad
608 2264 829 2321 fratrem
858 2264 886 2304 δ
916 2266 1126 2323 deferat
1156 2286 1169 2321 :
1201 2275 1412 2339 gratum
1460 2268 1563 2324 hoc
1589 2269 1703 2341 regi
1739 2269 2014 2338 futurum,
2062 2271 2109 2326 si

505 2367 747 2413 armatus
778 2357 1015 2431 adesset.
1068 2361 1371 2431 Antigonus
1410 2360 1593 2416 dolum
1647 2378 1755 2417 non
1807 2362 2105 2433 praevidit:

506 2448 654 2505 dicto
683 2449 863 2521 parttit
889 2466 956 2507 eo
987 2452 1315 2519 studiosius,
1359 2467 1467 2524 quo
1511 2454 1684 2525 magis
1731 2454 1949 2523 placere
1994 2455 2107 2527 regi

508 2542 715 2613 pariter
742 2551 799 2598 et
850 2544 1002 2599 fratri
1053 2543 1397 2601 desiderabat
1440 2545 1846 2602 :decumbebat
1899 2545 2112 2603 Aristo-

441 2665 451 2677 ι
500 2634 663 2691 bulus
714 2635 771 2691 in
812 2644 1025 2704 castro,
1076 2638 1164 2694 cui
1198 2653 1396 2694 nomen
1456 2640 1634 2709 primo
1685 2640 1869 2706 Baris,
1918 2649 2108 2712 postea

506 2729 746 2785 Antonia
777 2728 896 2797 fuit,
937 2730 1194 2787 videlicet
1234 2732 1303 2788 ab
1328 2732 1568 2788 Antonio
1619 2734 1902 2789 triumviro
1932 2734 2105 2789 dona-

502 2821 654 2878 tione
680 2832 736 2879 et
785 2824 1151 2894 appellatione
1178 2840 1300 2881 cum
1332 2826 1480 2882 urbis
1510 2825 1794 2897 dignitate.
1840 2826 1919 2882 Eo
1962 2835 2109 2898 post-

504 2930 667 2985 quam
692 2915 995 2984 Antigonus
1047 2919 1532 2989 appropinquavit,
1562 2931 1726 2992 atqne
1776 2922 2010 2976 accessit
2036 2919 2106 2976 ad

502 3005 658 3061 illum
682 3006 973 3062 obscurum
1012 3008 1332 3075 transitum,
1381 3012 1785 3083 conspicientes
1834 3021 2104 3067 armatum

503 3099 725 3156 venisse
773 3100 908 3171 regii
957 3101 1286 3171 stipatores,
1332 3102 1514 3158 adorsi
1560 3112 1785 3173 repente
1824 3104 2102 3174 juvenem,

2215 1907 2337 1949 mor
2365 1892 2546 1949 subito
2572 1892 2746 1951 factus
2773 1905 2831 1952 et
2869 1898 3104 1968 gemitus
3148 1899 3477 1956 intuentium
3499 1943 3514 1967 ,
3567 1918 3635 1958 eo
3672 1902 3800 1975 quod

2216 1985 2483 2057 profunda
2534 1989 2764 2058 quadam
2814 1991 3177 2061 dispositione
3231 1993 3445 2049 Domini
3482 1995 3681 2052 libatus
3721 2013 3806 2068 pc-

2214 2095 2329 2137 rem
2337 2082 2412 2151 pti
2426 2082 2798 2139 scelestissimi
2816 2086 3100 2154 parricida:
3121 2089 3341 2159 sanguis
3357 2089 3654 2146 videretur.
3668 2091 3802 2148 Sono

2215 2173 2431 2229 excitus
2481 2190 2703 2232 causam
2758 2179 3013 2249 quaisivit
3046 2199 3057 2235 :
3089 2195 3212 2235 eum
3283 2182 3584 2249 sileretur,
3626 2183 3799 2241 elicuit

2213 2265 2394 2321 studio
2442 2269 2725 2339 quaerendi
2772 2281 2827 2326 et
2865 2281 3013 2328 metu
3050 2273 3458 2344 indignationis.
3507 2275 3677 2348 Cujus
3720 2292 3799 2335 ae-

2214 2371 2372 2432 cepto
2397 2363 2627 2431 indicio,
2664 2365 2900 2423 suffusos
2938 2368 3127 2426 oculos
3153 2371 3429 2443 lacrymis,
3462 2381 3520 2429 et
3548 2383 3794 2444 quantum

2212 2464 2329 2509 erat
2358 2455 2411 2509 in
2443 2471 2509 2511 eo
2539 2456 2780 2527 virtutis,
2811 2459 3173 2531 ingemiscens
3206 2481 3219 2517 :
3252 2464 3405 2520 Haud
3430 2507 3446 2535 ,
3472 2467 3687 2537 inquit,
3715 2484 3794 2524 re-

2213 2549 2470 2621 penditur
2516 2553 2726 2608 meritis
2770 2556 2904 2610 meis
2957 2571 3197 2628 congrua
3236 2559 3602 2616 vicissitudo:
3633 2576 3795 2633 neque

2213 2645 2358 2701 enim
2412 2645 2507 2701 Dei
2551 2646 2770 2703 oculum
2827 2658 2932 2703 tam
2984 2648 3135 2719 impii
3191 2650 3537 2708 machinator
3584 2654 3793 2709 sceleris

2213 2741 2493 2811 praeterire
2537 2752 2801 2813 poteram.
2838 2743 3045 2799 Matura
3086 2744 3277 2817 flagitii
3315 2746 3452 2803 ultio
3474 2746 3701 2815 subest,
3743 2756 3794 2804 et

2207 2833 2319 2904 jam
2374 2834 2535 2905 digno
2588 2837 2885 2892 convenior
2936 2838 3210 2908 parricidii
3263 2838 3373 2895 mei
3423 2841 3621 2911 pretio.
3678 2840 3795 2896 Vale

2211 2940 2411 2996 corpus
2442 2943 2456 2981 :
2488 2942 2768 2999 quousque
2795 2930 3033 2985 animam
3073 2929 3227 2985 fratri
3257 2932 3527 3002 matrique
3549 2933 3798 2989 condem~

2211 3028 2391 3075 natant
2422 3020 2673 3078 detines?
2722 3024 2858 3094 Quid
2892 3040 2989 3094 per
3018 3034 3200 3094 partes
3223 3026 3305 3081 eis
3334 3027 3448 3083 libo
3469 3043 3647 3084 meum
3672 3044 3796 3084 san-

2211 3114 2468 3184 guinem?
2498 3115 2550 3170 in
2593 3131 2683 3172 me
2738 3117 2916 3172 onmis
2956 3117 3036 3188 (si
3067 3133 3173 3189 qua
3220 3126 3306 3174 est
3324 3118 3542 3192 pietas)
3590 3131 3797 3177 contor-

503 3201 781 3263 praecepto
840 3192 1212 3285 satisfaciunt,
1263 3204 1429 3264 atque
1471 3195 1867 3266 imprudentem
1924 3197 2107 3267 Oppri-
2134 3211 2181 3276 ο
2210 3199 2579 3278 queatmantts
2597 3210 2887 3280 spiculum,
2906 3226 2970 3267 ac
2986 3226 3073 3267 me
3101 3226 3294 3268 omnes
3335 3214 3431 3268 lilii
3453 3214 3796 3285 germanique

509 3292 684 3339 munt.
718 3285 768 3340 Is
814 3285 977 3342 locus,
1036 3284 1307 3342 Stratonis
1350 3285 1516 3341 turris
1546 3286 1952 3356 appellabatur,
1995 3302 2104 3358 quo

504 3374 793 3444 deceptum
819 3375 1080 3432 vocabulo
1103 3375 1301 3432 Judam
1343 3377 1434 3448 qui
1467 3386 1586 3433 erat
1617 3376 1859 3433 Essenus
1881 3393 2103 3448 genere,

503 3467 690 3538 opinio
716 3476 801 3521 est
847 3466 1103 3539 frequens
1129 3484 1144 3525 :
1175 3484 1335 3539 quem
1368 3469 1484 3525 sive
1513 3468 1779 3539 probitate
1817 3470 1943 3526 vita:
1964 3486 2101 3537 suae,

507 3557 624 3615 sive
653 3558 880 3629 mystica
931 3558 1336 3628 observatione,
1377 3574 1524 3631 saepe
1558 3576 1678 3631 quae
1731 3560 1911 3617 futura
1950 3570 2106 3619 erant

502 3649 878 3720 annuntiasse,
907 3650 1136 3709 historia
1170 3660 1326 3707 vetus
1359 3652 1615 3722 prodidit.

1134 3744 1364 3803 CAPUT
1398 3745 1487 3802 Vl.

574 3840 648 3909 Is,
679 3846 740 3896 ut
772 3839 1111 3910 accepimus,
1139 3854 1263 3895 cum
1300 3838 1531 3895 vidisset
1566 3840 1904 3913 Antigonum
1964 3857 2105 3914 prte-

501 3942 829 4000 tereuntem,
886 3942 945 3989 ut
998 3931 1222 3988 fratrem
1283 3932 1585 4002 reviseret,
1620 3934 1751 3990 dicit
1800 3935 1868 3991 ad
1891 3950 1986 3992 eos
2011 3938 2106 4008 qui

509 4038 743 4081 numero
790 4022 1176 4093 discipulorum
1222 4023 1341 4094 ejus
1383 4024 1854 4082 annectebantur:
1906 4027 2101 4099 Papae!

505 4133 654 4174 nunc
704 4102 838 4172 mihi
890 4116 1093 4172 bonum
1122 4124 1207 4172 est
1230 4118 1390 4185 mori,
1431 4119 1648 4186 quando
1703 4119 1836 4175 mihi
1887 4131 2101 4179 mortua

498 4210 701 4266 veritas
728 4217 813 4264 est
846 4225 860 4263 :
890 4209 1023 4289 vivit
1054 4209 1392 4280 Antigonus,
1422 4226 1583 4280 quem
1631 4226 1857 4268 necesse
1882 4221 1968 4269 est
1998 4214 2100 4271 bo-

506 4304 596 4361 die
618 4300 849 4359 interfici
869 4343 883 4369 ,
911 4300 1064 4357 locus
1081 4310 1259 4358 autem
1281 4302 1399 4373 ejus
1419 4303 1538 4359 neci
1561 4302 1813 4360 decretus
1833 4306 2101 4363 Stratonis

505 4396 695 4461 turris,
739 4394 831 4465 qui
870 4394 1144 4451 sexcentis
1171 4393 1297 4450 hinc
1359 4395 1546 4452 stadiis
1600 4397 1800 4453 abest:
1833 4398 1964 4454 hora
1986 4399 2098 4472 jam

506 4487 616 4546 diei
659 4495 849 4560 quarta
900 4494 1004 4542 est.
1047 4484 1317 4557 Tempore
1354 4486 1544 4559 .itaque
1600 4488 1909 4546 excluditur
1959 4507 2100 4562 prae—

504 4581 792 4639 destinata:
818 4579 1009 4637 mortis
1039 4580 1191 4636 fides.
1226 4580 1353 4636 llaec
1378 4581 1470 4636 ubi
1510 4580 1667 4649 dixit,
1697 4581 1960 4640 intentius
1980 4585 2099 4655 ipse

499 4689 686 4732 secum
749 4672 1003 4729 conferre
1049 4674 1245 4744 erepit,
1296 4675 1572 4745 quomodo
1629 4690 1753 4732 eum
1816 4676 2100 4734 fefellisset

498 4768 705 4839 opinio.
759 4766 871 4821 Nec
913 4767 1083 4822 multo
1128 4775 1253 4838 post
1282 4767 1541 4823 indicium
1589 4769 1831 4825 defertur
1872 4771 2097 4826 interfe-

498 4870 646 4919 ctum
672 4875 796 4918 esse
832 4860 1160 4931 Antigonum
1212 4860 1264 4914 itt
1304 4861 1552 4933 hypogea
1575 4862 1644 4916 ad
1680 4863 1956 4919 Stratonis
1982 4872 2097 4918 tur-

494 4953 621 5020 rim,
656 4953 745 5020 qui
777 4952 928 5007 locus
959 4950 1123 5006 simili
1154 4950 1419 5007 vocabulo
1457 4966 1615 5023 atque
1640 4961 1702 5008 ut
1738 4952 1831 5009 ille
1856 4952 1950 5023 qui
1979 4962 2099 5009 erat

494 5048 552 5103 in
579 5046 863 5101 maritimis
888 5043 1175 5111 Caesareae,
1208 5047 1513 5117 nuncupari
1543 5046 1778 5102 solebat.
1810 5047 1928 5116 Quo
1965 5047 2095 5104 faci-

492 5155 629 5196 nere
662 5148 893 5210 patrato,
927 5138 1272 5195 Aristobulus
1299 5153 1483 5194 secum
1514 5138 1630 5210 ipse
1649 5150 1937 5210 reputans,
1968 5140 2095 5212 quid

487 5237 715 5293 sceleris
743 5234 1046 5298 admiserit,
1079 5233 1137 5288 in
1167 5233 1418 5289 morbum
1469 5235 1586 5304 ipse
1622 5233 1829 5289 incidit.
1860 5235 1991 5290 Erat
2034 5236 2087 5290 in

486 5329 661 5384 oculis
693 5325 1063 5397 parricidium,
1104 5326 1440 5395 perturbatio
1471 5328 1523 5381 in
1570 5328 1752 5382 animo
1773 5368 1790 5395 ,
1820 5342 1920 5384 nec
1958 5328 2089 5385 alibi

484 5422 659 5478 ullum
701 5420 1040 5475 intervallum
1067 5419 1486 5475 dissimulationi
1525 5420 1708 5477 dabat.
1744 5422 2088 5493 Deiigebatur

480 5514 541 5570 in
590 5512 714 5569 imis
744 5512 1042 5568 visceribus
1086 5511 1243 5567 dolor
1280 5530 1294 5566 :
1352 5513 1549 5569 invidia
1590 5514 1642 5568 in
1683 5516 2085 5572 miserationem

477 5620 637 5663 versa
676 5612 792 5669 est,
829 5618 937 5674 quo
993 5604 1344 5660 innocentem
1400 5605 1720 5675 peremisset
1765 5614 1953 5661 contra
1996 5612 2086 5679 jus

550 5750 580 5778 ιι
610 5740 959 5815 mter-ﬁcarent
999 5739 1200 5815 rectius
1223 5741 1479 5815 legitur:
1507 5759 1639 5815 quo
1687 5743 1859 5800 verbo
1906 5745 2077 5801 utitur

469 5818 660 5868 auctor
688 5811 807 5882 ipse
843 5810 1072 5883 huiusce
1114 5811 1237 5869 libri
1273 5810 1396 5884 cap.
1446 5813 1520 5871 25
1548 5810 1626 5872 ’θι
1669 5814 1767 5871 lib.
1800 5830 1870 5870 tv.
1905 5815 2074 5873 BABR.

1108 6290 1311 6297 ηιμ-,τέκῃ

2211 3299 2413 3356 ultores
2459 3301 2678 3370 pietatis
2724 3300 2903 3373 gladio
2947 3305 3287 3377 transﬁgant.
3317 3306 3587 3363 Mactetur
3627 3307 3794 3363 hostia

2209 3396 2573 3468 parricidalis,
2605 3404 2768 3469 atque
2793 3398 3110 3455 immoletur
3135 3399 3353 3456 violata)
3384 3401 3789 3458 necessitudini:

2210 3499 2379 3546 totum
2422 3492 2583 3546 simul
2635 3506 2765 3548 caro
2820 3494 2983 3549 noxia
3036 3494 3354 3564 sanguinem
3400 3502 3634 3550 evomat.
3679 3495 3788 3550 Non

2208 3584 2478 3641 viseerum
2521 3600 2766 3642 meorum
2802 3587 3131 3644 cruciatibus
3160 3597 3215 3643 et
3240 3588 3387 3645 lenta
3440 3589 3569 3646 tabe
3602 3590 3793 3646 daemo-

2209 3679 2358 3734 nium
2387 3688 2765 3747 exsaturetur,
2799 3680 2944 3753 quod
2975 3697 3064 3738 me
3112 3682 3165 3738 in
3210 3691 3319 3737 tam
3361 3682 3605 3740 nefarios
3640 3699 3793 3739 ausus

2208 3771 2339 3828 saevi
2367 3772 2634 3842 facinoris
2682 3774 2927 3846 impegit.
2965 3773 3060 3829 llis
3080 3774 3262 3843 dictis,
3299 3775 3464 3832 finem
3496 3776 3703 3850 imperii
3731 3791 3793 3833 ac

2207 3868 2333 3924 vita:
2361 3868 2532 3924 dedit.
2565 3866 2669 3924 Vix
2699 3884 2842 3924 anno
2872 3868 3087 3926 functus
3133 3879 3406 3941 potestate
3432 3871 3614 3945 regia,
3640 3886 3791 3945 prep-

2209 3968 2293 4018 ter
2316 3976 2476 4033 quam
2508 3960 2860 4033 parricidium
2890 3977 2998 4017 non
3019 3960 3302 4033 effugerat.

2803 4075 3036 4134 CAPUT
3066 4074 3205 4132 VIII.

2275 4196 2451 4254 Solvit
2493 4195 2638 4251 illico
2688 4192 2904 4258 mulier,
2934 4201 3098 4264 atque
3143 4191 3294 4248 exuit
3338 4191 3576 4249 vinculis
3607 4190 3782 4248 fratres

2204 4289 2445 4347 defuncti
2479 4308 2492 4345 :
2525 4303 2710 4361 regem
2739 4283 3020 4344 constituit
3050 4284 3445 4355 Alexandrum,
3476 4286 3566 4342 cui
3595 4296 3651 4342 et
3672 4298 3783 4356 pro-

2204 4397 2330 4440 cera
2387 4391 2551 4449 mtas,
2607 4390 2665 4438 et
2720 4379 3024 4437 moderatio
3077 4375 3361 4447 suffragari
3408 4378 3779 4434 aestimabatur.

2205 4477 2307 4546 Qui
2337 4490 2393 4533 ut
2434 4493 2661 4549 regnum
2692 4475 2922 4546 adeptus
2973 4481 3088 4539 est,
3121 4471 3344 4528 fratrem
3396 4487 3564 4543 quem
3615 4470 3781 4526 adver-

2207 4579 2345 4627 terat
2393 4571 2546 4642 regni
2591 4571 3026 4641 competitorem,
3059 4567 3244 4622 statim
3301 4565 3601 4622 interemit.
3656 4561 3781 4619 Reli-

2202 4682 2390 4739 quum,
2452 4664 2547 4737 qui
2596 4670 2881 4735 supererat
2931 4677 2999 4717 ex
3045 4659 3333 4726 fratribus,
3366 4659 3495 4714 vita:
3531 4673 3598 4714 ac
3637 4652 3779 4713 saluti

2204 4758 2379 4830 potius
2425 4774 2587 4829 quam
2627 4771 2797 4828 regno
2843 4755 3143 4825 intentum,
3179 4752 3518 4818 reservavit,
3567 4760 3776 4806 vacuum

2201 4852 2541 4926 negotiorum
2580 4852 2987 4921 :eontinuoque
3039 4847 3221 4921 (utfse
3274 4844 3441 4903 habet
3486 4840 3780 4918 inquietudo

2199 4951 2448 5021 morum)
2480 4947 2619 5004 bello
2648 4960 2835 5018 pacem
2883 4942 3132 5000 mutavit.
3170 4942 3588 5013 Congressuque
3615 4938 3780 4995 habito

2197 5044 2458 5103 adversus
2484 5042 2782 5114 Lathyrum
2829 5039 3214 5119 Ptolemaeum,
3258 5036 3524 5109 plurimos
3578 5034 3777 5107 quidem

2199 5136 2432 5192 hostium
2463 5134 2755 5200 interfecit,
2785 5131 2881 5188 sed
2920 5131 2989 5186 ad
3020 5130 3319 5203 Lathyrum
3354 5128 3587 5185 victoria
3621 5125 3779 5183 deflu-

2197 5233 2297 5289 xit.
2331 5231 2432 5288 Cui
2460 5238 2645 5285 tamen
2698 5226 2943 5283 victoriae
2982 5223 3216 5281 fructum
3255 5222 3466 5280 ademit
3509 5220 3778 5291 CleOpatra

2194 5336 2370 5383 mater
2412 5333 2596 5380 coacta
2636 5322 2692 5378 itt
2743 5319 3037 5392 Egyptum
3084 5315 3420 5381 concedere,
3450 5323 3512 5370 ut
3564 5318 3774 5369 mortem

2195 5421 2295 5477 sibi
2333 5419 2706 5474 imminentem
2742 5414 3017 5471 evaderet.
3050 5410 3181 5482 Ejus
3206 5409 3512 5465 absentiam
3556 5417 3775 5474 aucupa-

2198 5523 2282 5569 tus
2312 5510 2641 5577 Alexander,
2669 5508 2798 5563 dum
2823 5506 2979 5579 regni
3023 5504 3142 5576 ejus
3188 5510 3376 5574 partes
3416 5500 3670 5557 invadere
3688 5510 3775 5552 cu-

2196 5605 2308 5678 pit,
2348 5604 2511 5660 etiam
2568 5600 2914 5658 Theodorum
2969 5598 3024 5655 in
3069 5611 3131 5656 se
3179 5596 3481 5668 convertit,
3532 5593 3768 5666 quoniam

2260 5742 2290 5854 ἓ
2337 5740 2717 5871 tatas-3t;
