3964 6308
149 300 302 360 1969

1043 309 1316 368 HISTOR.
1357 311 1448 368 DE
1489 311 1772 370 EXCIDIO
1809 313 2081 375 HIEROS.
2123 318 2326 380 URBIS
2365 323 2498 384 LIB.
2536 325 2578 382 l.

3318 340 3456 399 {970

149 412 456 515 potissima
487 428 716 485 quaeque
745 414 812 473 de
847 416 964 488 cjus
995 421 1429 489 possessionibus
1479 423 1580 479 sibi
1612 438 1763 479 asso-
1789 427 1843 488 Α
1867 426 1994 483 dum
2066 433 2529 494 existimaverunt.
2599 442 2858 515 Superior
2926 448 3070 508 bello
3141 451 3449 512 Demetrius

143 503 423 562 ciaverat.
457 507 949 581 Improvisoitaque
999 513 1201 584 impetu
1239 514 1558 573 Theodorus
1581 519 1756 590 regias

148 616 284 672 Opes
303 604 617 672 occupavit,
643 603 832 661 decem
861 607 1026 661 millia
1049 623 1264 680 quoque
1283 610 1594 666 Judazorum
1617 627 1758 682 prae-

145 691 222 748 lio
247 693 416 760 fudit,
452 694 545 751 sed
595 711 760 766 super
804 698 1015 768 plagam
1060 717 1166 754 nun
1205 703 1403 758 fractus
1448 702 1758 759 Alexander

149 789 307 859 plura
345 789 529 846 adhuc
569 791 638 848 de
677 791 916 849 hostium
950 797 1200 865 partibus
1231 812 1331 852 suo
1382 799 1613 868 imperio
1665 799 1760 853 ad-

144 881 361 953 junxit,
391 894 784 957 captarumque
821 887 1036 942 urbium
1095 890 1327 959 populos
1377 891 1602 946 servitio
1628 891 1756 946 sub-

148 977 277 1046 egit.
315 977 431 1032 Hos
457 978 696 1034 bellandi
724 994 1008 1036 successus
1039 981 1338 1038 domestica
1367 983 1566 1038 seditio
1593 983 1758 1038 inter-

147 1070 402 1141 polavit,
478 1080 530 1126 ct
558 1080 676 1127 orta
749 1073 817 1129 de
873 1074 1137 1131 conviviis
1192 1091 1364 1146 usque
1421 1075 1487 1131 ad
1552 1076 1756 1132 bellum

151 1165 438 1219 contentio
510 1164 798 1235 processit.
872 1167 1149 1224 Familiari
1219 1179 1373 1239 peste
1447 1169 1757 1240 bujusmodi

149 1255 473 1312 Jud:eorum
516 1259 672 1326 viris,
705 1267 764 1314 ut
809 1260 879 1316 de
919 1261 1130 1330 epulari
1181 1261 1308 1318 ludo
1347 1277 1472 1318 sese
1507 1263 1559 1318 in
1607 1277 1759 1318 arma

154 1347 445 1417 excitent,
507 1363 572 1405 ac
625 1351 729 1406 nisi
781 1353 1069 1424 peregrina
1135 1354 1339 1409 auxilia
1391 1356 1508 1426 regi
1556 1365 1760 1427 praesto

153 1444 407 1510 fuissent,
455 1445 656 1502 seditio
695 1448 1075 1516 praevaluerat.
1101 1449 1207 1505 Sed
1239 1450 1536 1506 adventitia
1571 1465 1756 1518 manu,

155 1553 297 1608 :cgre
346 1537 520 1604 licet,
561 1552 889 1610 compressa;
931 1549 1017 1596 est
1071 1551 1288 1611 tamen,
1343 1551 1468 1598 octo
1522 1543 1760 1599 millibus

157 1630 326 1686 ferme
370 1630 727 1687 Hebraeorum
787 1633 1169 1704 interemptis;
1212 1634 1340 1691 inde
1394 1635 1446 1690 in
1502 1634 1758 1691 Arabiam

157 1723 258 1779 iter
286 1723 491 1778 direxit
521 1765 537 1788 ,
585 1738 649 1778 ac
687 1726 962 1781 nonnulla:
1002 1727 1121 1796 ejus
1149 1727 1310 1783 urbes
1351 1727 1588 1784 subacta:
1617 1745 1630 1780 :
1666 1727 1761 1783 tri-

157 1817 282 1872 buta
327 1833 554 1888 quoque
606 1818 854 1875 Moabitis
904 1831 960 1875 et
1009 1820 1306 1876 Galaaditis
1342 1823 1466 1892 jure
1497 1823 1762 1878 victoria:

1863 518 2055 617 factus,
2089 523 2320 593 plurimo
2347 539 2523 587 tamen
2556 550 2776 593 suorum
2813 519 3090 611 sanguine.
3117 544 3360 617 Namque
3381 548 3451 602 ab

1860 609 1946 666 his
1984 616 2074 684 qtti
2099 633 2131 671 e
2157 619 2374 678 diverso
2407 628 2654 684 mercede
2691 609 2943 689 conducti
2979 609 3451 712 venerant,'egre-

1858 706 1945 775 gie
1967 707 2246 778 bellatum,
2276 726 2331 769 ut
2355 716 2423 770 ita
2452 734 2623 790 usque
2662 722 2727 776 ad
2772 735 3000 782 mortem
3029 728 3226 785 virtute
3252 745 3316 787 ac
3332 706 3455 789 vlide

1859 798 2277 860 decertaverint.
2323 809 2641 868 Destitutum
2670 817 2848 887 itaque
2869 834 2990 875 sese
3019 822 3332 879 Alexander
3370 828 3454 882 vi-

1859 893 2026 962 dens,
2060 900 2218 956 czesis
2266 918 2485 960 suorum
2515 910 2748 966 catervis
2803 913 2854 966 in
2899 925 3110 971 montes
3154 920 3446 976 concessit.

1859 987 1966 1043 Sed
2008 1004 2206 1060 praeter
2251 999 2533 1070 utriusque
2561 1018 2710 1072 Spem
2737 1005 2800 1060 ad
2829 1007 3060 1064 alterum
3107 1026 3294 1067 eorum
3320 1029 3450 1084 spe-

1859 1082 1971 1138 cies
1999 1086 2237 1143 victorie
2269 1097 2538 1164 pervenit,
2567 1096 2770 1155 fructus
2797 1102 2950 1158 alteri
2981 1115 3164 1174 partus
3197 1127 3210 1163 :
3242 1082 3366 1180 quia
3396 1121 3453 1167 et

1860 1176 2164 1236 Demetrius
2225 1187 2457 1244 nudatus
2507 1201 2588 1246 est
2627 1194 2872 1252 discessu
2926 1176 3312 1272 Hebrmoruni,
3358 1209 3454 1278 qui

1861 1274 2110 1330 eumdem
2164 1277 2231 1332 ad
2281 1282 2595 1341 societatem
2645 1302 3013 1362 rogaverunt,
3055 1305 3107 1352 et
3138 1274 3450 1358 Alexandro

1861 1379 1928 1419 ex
1955 1366 2086 1436 ipsis
2109 1384 2203 1424 sex
2251 1373 2419 1429 millia
2450 1393 2572 1433 sese
2627 1381 3006 1452 adjunxerant,
3037 1404 3188 1446 more
3217 1393 3452 1462 quodam

1861 1456 2081 1515 humani
2113 1462 2314 1533 ingenii
2346 1471 2769 1539 astipulantibus
2800 1478 2865 1532 ad
2911 1456 3342 1541 misericordiam
3367 1503 3452 1544 re-

1861 1549 1962 1650 bus
2032 1553 2295 1614 adversis.
2344 1561 2519 1618 Cessit
2577 1567 2757 1638 itaque
2808 1570 3111 1631 Demetrius
3155 1577 3239 1646 ei,
3289 1594 3455 1650 quem

1861 1643 2007 1700 bello
2068 1649 2307 1710 vicerat:
2354 1655 2546 1713 videns
2591 1659 2740 1716 illum
2799 1663 3146 1724 affluentibus
3191 1643 3454 1740 paulatim

1865 1738 2110 1797 llebrmis
2130 1743 2240 1813 jam
2301 1763 2490 1819 pugnae
2551 1753 2831 1823 idoneum,
2875 1774 3104 1831 seseque
3151 1738 3274 1819 cum
3322 1781 3456 1835 pau-

1865 1830 1943 1884 cis
1968 1833 2242 1891 relictum.
2260 1839 2422 1909 Cujus
2454 1843 2680 1900 victoria
2711 1847 2964 1906 libertate
2992 1830 3226 1911 assuetis
3254 1854 3282 1893 b
3304 1830 3457 1913 dam-

156 1911 416 1980 ascripta.
467 1909 625 1966 Unde
657 1926 942 1980 regressus
981 1913 1035 1967 in
1069 1913 1440 1981 Amathunta,
1470 1914 1762 1970 Theodoro

1877 1926 2103 1981 nationis
2153 1939 2354 1986 metum
2397 1937 2674 1993 movebat.
2707 1937 2868 1997 Redit
2906 1943 3219 2002 Alexandro
3246 1951 3458 2006 smvitia

160 2004 318 2058 tantis
349 2002 472 2073 ejus
500 2005 849 2060 successibus
873 2006 1181 2075 stupefacto
1200 2049 1216 2074 ,
1245 2022 1475 2062 vacuum
1509 2006 1760 2062 defenso-

158 2097 307 2154 ribus
341 2098 640 2153 castellum
679 2098 960 2154 iuveniens
984 2141 1000 2168 ,
1050 2101 1168 2156 sine
1206 2116 1358 2156 mora
1406 2099 1756 2171 expugnavit.

160 2187 272 2246 Non
317 2203 712 2260 usquequaque
760 2200 940 2246 tamen
966 2193 1172 2247 otiosus
1218 2191 1456 2248 Obedias
1500 2208 1596 2249 rex
1625 2192 1761 2248 Ara-

164 2282 285 2338 bum
313 2281 434 2344 fuit.
461 2298 570 2338 nec
599 2283 767 2338 inulta
816 2283 908 2338 diu
942 2287 1087 2356 regni
1117 2287 1198 2340 sui
1232 2301 1428 2356 passus
1453 2285 1758 2356 dispendia.

166 2372 291 2428 Nam
318 2374 541 2431 insidiis
589 2391 895 2447 opportune
935 2380 1126 2435 locatis
1172 2395 1389 2436 omnem
1429 2383 1760 2437 excercitum

168 2467 280 2536 ejus
299 2468 529 2536 delevit,
552 2471 868 2526 conclusum
901 2473 1075 2538 vallis,
1107 2473 1374 2544 profundo
1399 2483 1454 2529 et
1480 2475 1649 2529 multo
1674 2490 1765 2530 ca-

171 2560 422 2616 ntelorum
471 2563 694 2634 agmine
719 2565 984 2619 attritum.
1003 2565 1188 2621 Evasit
1217 2575 1396 2624 tamen
1428 2567 1762 2635 Alexander,

110 2721 118 2730 .
171 2660 221 2706 ct
242 2652 448 2724 fugiens
470 2654 549 2710 de
573 2656 782 2724 prtelio,
809 2656 1315 2730 Hierosolytnitan:‘e
1341 2659 1486 2714 urbis
1517 2667 1767 2730 recepta-

174 2745 284 2801 cula
315 2747 480 2817 petit,
513 2746 726 2804 invisus
755 2749 868 2804 suis
915 2751 1169 2821 quoniam
1221 2753 1614 2807 recruduerant
1642 2752 1766 2808 odia

174 2854 414 2895 mrumna:
441 2841 568 2911 ejus
612 2842 924 2907 occasione,
949 2844 1076 2913 quia
1108 2852 1271 2898 tanta:
1323 2845 1583 2914 potentia:
1620 2854 1766 2900 metu

181 2935 580 3004 premebantur.
609 2935 720 2991 Nec
758 2937 977 2992 silentio
1011 2937 1292 3007 tegebatur
1323 2938 1629 2993 animorum
1651 2939 1767 2994 dis-

178 3026 369 3090 cordia,
405 3038 430 3065 ει
455 3035 561 3083 aut
581 3027 761 3084 verbis
785 3029 1156 3084 tantummodo
1173 3032 1552 3098 exercebatur,
1580 3031 1768 3101 praelio

183 3137 278 3176 non
303 3138 437 3191 uno,
469 3121 575 3180 sed
618 3123 863 3192 plurimis
883 3123 1240 3179 decertatum.
1266 3125 1474 3193 Quibus
1501 3124 1769 3180 exstincta

185 3212 286 3269 fere
311 3215 700 3286 quinquaginta
734 3214 1050 3270 Judarorum
1095 3217 1265 3271 millia
1296 3231 1435 3288 quos
1462 3215 1770 3273 Alexander

187 3307 780 3379 interetnit,suis,quam
807 3309 1058 3364 hostibus
1088 3310 1468 3380 perniciosior,
1489 3321 1545 3365 et
1563 3309 1766 3380 majore
1793 3304 1840 3367 Ο

187 3401 709 3468 victordetrimento,
733 3403 989 3472 quoniam
1035 3403 1187 3473 regni
1214 3402 1297 3457 sui
1326 3402 1470 3457 vires
1499 3401 1770 3457 vincendo
1795 3433 1798 3436 ~

189 3496 465 3551 attriverat.
499 3496 664 3553 Unde
689 3513 758 3551 ne
816 3499 931 3566 ipse
985 3497 1201 3566 quidem
1221 3497 1335 3566 jam
1368 3497 1481 3550 suis
1527 3495 1771 3550 victoriis

190 3586 568 3655 delectabatur,
597 3605 930 3660 aversusque
951 3605 980 3644 a
1009 3589 1214 3659 przclio,
1234 3597 1348 3644 arte
1374 3587 1638 3644 tractabat
1669 3588 1770 3642 sibi

191 3679 435 3748 subditos,
470 3673 528 3737 ut
577 3681 689 3751 jam
743 3697 849 3736 non
901 3682 1067 3736 armis
1110 3690 1416 3752 premeret,
1467 3681 1564 3736 sed
1591 3680 1774 3736 verbis

195 3784 415 3841 urgeret,
471 3790 540 3830 ac
594 3775 726 3830 solis
780 3773 1124 3830 sermonibus
1163 3773 1523 3829 offensionum
1576 3788 1774 3843 genera

194 3864 515 3926 dissolveret.
565 3868 712 3924 Nihil
763 3868 1082 3939 proficiebat
1138 3868 1207 3923 ad
1259 3867 1622 3937 colligendam
1673 3868 1775 3924 sibi

198 3964 436 4031 gratiam,
482 3965 742 4034 quoniam
797 3966 937 4019 lictis
979 3963 1221 4019 facinora
1266 3960 1774 4032 przeponderabant,

202 4066 348 4127 atque
370 4059 481 4129 ipsa
512 4058 799 4130 repentina
831 4059 1124 4114 conversio
1154 4057 1221 4113 ad
1253 4055 1628 4127 pmnitentiam
1661 4069 1780 4110 mo-

203 4153 763 4226 ruiuqueinarqualitas
785 4168 926 4209 sazva
959 4153 1160 4223 passim
1177 4160 1429 4221 suspecta
1456 4147 1774 4204 habebatur.

811 4267 1042 4324 CAPUT
1100 4265 1170 4322 X.

272 4360 499 4433 Denique
524 4378 647 4418 cum
674 4361 923 4418 simulata
954 4359 1072 4429 ejus
1107 4357 1422 4429 placiditate
1457 4371 1517 4412 se
1551 4355 1782 4411 circum-

208 4455 364 4509 veniri
393 4457 808 4521 arbitrarentur,
843 4451 1183 4509 Demetrium
1217 4465 1401 4522 regem
1439 4449 1542 4506 sibi
1579 4447 1784 4504 auxilio

212 4544 429 4604 futurum
473 4551 734 4606 adversus
769 4547 1137 4605 Alexandrum
1183 4547 1232 4601 in
1284 4545 1482 4601 bellum
1515 4545 1786 4600 excitave-

212 4651 343 4695 runt.
366 4643 546 4715 Pugna
575 4645 626 4698 in
661 4642 932 4708 manibus,
958 4654 1060 4695 nec
1085 4637 1784 4709 comperendinata,quam-

214 4730 288 4784 vis
314 4734 398 4787 uni
438 4734 722 4791 adversum
760 4732 900 4788 duos
949 4731 1222 4787 exercitus
1261 4743 1490 4784 numero
1530 4725 1786 4782 inferiore

215 4826 509 4880 certandum
556 4827 712 4884 foret.
769 4824 914 4880 Mille
953 4824 1100 4880 enim
1158 4822 1447 4878 comitatus
1473 4819 1781 4889 equitibus,

218 4923 268 4967 ct
305 4929 394 4971 sex
440 4918 678 4975 millibus
725 4917 998 4990 peditum,
1029 4922 1166 4986 ques
1203 4911 1454 4968 mercede
1498 4910 1602 4966 sibi
1631 4923 1788 4965 asso-

220 5006 438 5065 ciaverat
462 5053 477 5078 ,
507 5012 690 5068 decem
720 5011 889 5067 millia
919 5023 1134 5080 quoque
1159 5007 1478 5064 Judteorum
1500 5005 1602 5060 sibi
1629 5019 1791 5060 cons-

221 5098 494 5167 pirantium
524 5106 577 5160 in
607 5105 810 5162 bellum
865 5114 1154 5158 accersens
1192 5099 1344 5170 juxta
1376 5097 1564 5152 urbem
1613 5094 1793 5152 Siclti-

222 5201 352 5246 mam
381 5197 611 5252 occurrit
647 5195 918 5262 hostibus,
956 5193 1150 5264 quibus
1202 5193 1304 5246 tria
1353 5189 1519 5245 millia
1547 5188 1791 5258 equitum

222 5295 395 5352 erant,
439 5298 494 5344 et
538 5290 776 5360 peditum
831 5287 1187 5359 quadraginta
1219 5285 1410 5340 millia.
1458 5283 1795 5353 Tentatoque

226 5379 480 5449 utrimque
533 5384 784 5452 agmine,
839 5381 930 5435 ubi
980 5395 1158 5451 neque
1206 5377 1513 5434 Demetrius
1565 5374 1837 5447 pecunia'

230 5471 511 5532 conductos
559 5477 865 5534 desciscere
889 5493 918 5532 a
945 5476 1050 5532 fide
1094 5476 1256 5541 vidit,
1286 5489 1463 5546 neque
1492 5472 1800 5533 Alexander

232 5559 297 5616 de
336 5565 527 5624 Judaeis
551 5571 760 5642 aliquos
780 5569 978 5642 quibus
1004 5584 1063 5624 se
1090 5568 1400 5625 Demetrius
1446 5565 1798 5637 adjunxerat,

237 5652 534 5726 deposuisse
580 5679 702 5735 erga
734 5679 795 5719 se
823 5663 946 5719 odia
983 5663 1264 5734 cognovit,
1292 5660 1460 5718 armis
1505 5659 1806 5716 decernen-

309 5777 330 5846 ξ
376 5771 457 5846 εει.
504 5784 621 5846 ante,
665 5772 826 5846 haud.
866 5772 1083 5846 Bauli.)

305 5829 328 5872 δ
373 5834 758 5900 Domiuatlouis.
794 5843 868 5895 lu.

1806 4682 1866 4749 D

1859 2033 1982 2074 cum
2017 2025 2691 2103 securitate,regnumque
2715 2035 2766 2090 in
2798 2052 2958 2103 suos,
2991 2047 3190 2096 elusus
3217 2041 3342 2098 belli
3370 2058 3461 2100 re-

1860 2113 2140 2173 formatur.
2171 2121 2444 2186 Quaereuti
2472 2127 2540 2181 ab
2563 2127 2645 2182 his
2686 2131 2941 2199 quidnam
2988 2135 3214 2202 faciens,
3247 2137 3462 2194 animos

1861 2211 1962 2267 sibi
1991 2214 2163 2280 plebis
2187 2217 2521 2287 conciliaret,
2555 2237 2878 2291 responsum
2903 2235 2988 2282 est
3020 2246 3032 2281 :
3057 2229 3100 2281 si
3129 2239 3458 2290 moreretur.

1867 2303 1962 2359 Vix
1992 2307 2134 2362 enim
2183 2308 2300 2365 fore
2343 2325 2466 2367 cum
2513 2324 2763 2384 mortuo,
2817 2326 2921 2372 tam
2961 2321 3146 2388 gravia
3191 2322 3462 2393 perpessi,

1863 2406 1923 2453 ιιι
1952 2399 2004 2453 in
2047 2402 2276 2472 gratiam
2322 2416 2759 2475 reverterentur,
2807 2420 2865 2465 ut
2890 2411 3011 2466 odia
3057 2413 3326 2469 adversus
3362 2413 3458 2469 de-

1865 2489 2104 2547 functum
2136 2495 2491 2563 deponerent.
2510 2500 2715 2568 Quibus
2735 2504 3021 2572 excitatus,
3046 2505 3455 2577 rebellandique

1866 2586 2253 2652 assuetudine,
2298 2591 2483 2647 multis
2526 2595 2732 2649 necatis
2765 2595 3007 2664 reliquos
3049 2598 3228 2667 coegit
3266 2599 3318 2652 in
3366 2613 3457 2654 ur-

1867 2677 2013 2744 bcm,
2040 2681 2124 2734 cui
2144 2696 2343 2738 nomen
2395 2685 2717 2743 Besemelel.
2747 2687 2914 2759 Cujus
2947 2692 3276 2761 expugnatio
3299 2707 3454 2748 acer-

1868 2775 2072 2831 biorem
2123 2779 2284 2833 solito
2325 2791 2531 2850 pestem
2579 2783 2816 2850 invexit,
2879 2794 2986 2840 tam
3039 2802 3185 2842 smvo
3224 2787 3463 2843 crudeli-

1870 2867 1996 2921 tatis
2039 2883 2334 2937 processu,
2390 2882 2448 2926 ut
2488 2889 2555 2928 ex
2607 2890 2673 2930 eo
2735 2892 2964 2933 numero
3016 2878 3358 2942 octingentos
3410 2877 3468 2941 in

1872 2957 2046 3012 media
2100 2961 2318 3017 civitate
2365 2964 2725 3036 crucifigeret.
2781 2969 3021 3035 Quorum
3077 2970 3130 3024 in
3169 2978 3470 3043 conspectu

1871 3050 2129 3122 conjuges
2154 3067 2340 3108 eorum
2387 3055 2636 3127 filiosque
2663 3059 2898 3130 jugulari
2932 3062 3210 3135 praecepit.

2483 3149 2714 3207 CAPUT
2767 3152 2859 3208 XI.

1949 3236 2075 3293 Haec
2125 3241 2408 3309 spectabat
2437 3243 2768 3300 accumbens
2814 3247 2868 3302 in
2901 3247 3080 3303 medio
3130 3249 3472 3306 concubina-

1875 3346 1991 3386 rum
2052 3332 2206 3387 lmtus
2250 3332 2396 3389 inter
2440 3351 2592 3392 escas
2623 3347 2677 3392 et
2717 3340 2945 3408 pocula,
2981 3341 3074 3396 scd
3123 3343 3298 3414 magis
3345 3356 3476 3398 san-

1875 3425 2036 3491 guine
2065 3439 2223 3493 quam
2249 3426 2373 3481 viuo
2394 3426 2692 3484 inebriatus
2724 3447 2736 3483 :
2766 3431 2869 3486 hoc
2907 3435 3026 3488 solo
3068 3433 3213 3489 facto
3245 3435 3477 3504 amplius

1875 3515 2131 3584 populum
2187 3533 2347 3587 quam
2400 3519 2547 3575 bello
2614 3521 2925 3578 deterruit:
2970 3526 3043 3580 ita
3115 3534 3173 3580 ut
3219 3527 3469 3596 proxima

1875 3619 2040 3666 nocte
2063 3610 2372 3668 Iudaeorum
2404 3621 2530 3688 octo
2583 3616 2751 3672 millia
2803 3618 2946 3672 ultra
3001 3618 3243 3675 Judaeam
3299 3620 3481 3676 disce-

1878 3701 2103 3769 derent,
2152 3704 2348 3774 quibus
2398 3705 2536 3777 fugae
2584 3707 2708 3762 fluis
2758 3723 2908 3764 mors
2953 3709 3249 3765 Alexandri
3288 3711 3476 3767 foret:

1881 3795 2121 3865 tantique
2165 3795 2357 3850 horror
2407 3799 2533 3852 mali
2587 3800 2826 3869 quietem
2885 3816 3055 3872 regno
3119 3802 3319 3857 attulit.
3377 3803 3486 3858 Sed

1881 3888 1971 3943 ubi
2024 3904 2052 3944 a
2108 3889 2421 3945 domesticis
2477 3891 2727 3948 feriatum
2784 3895 2992 3963 proeliis
3047 3903 3237 3949 exorta
3296 3903 3381 3950 est
3431 3895 3485 3950 ei

1879 3996 2045 4038 causa
2112 3983 2532 4053 inquietudinis,
2597 3985 2852 4041 Antiochi
2933 3985 3218 4042 adversum
3271 3986 3483 4043 Arabes

1880 4076 2190 4146 expeditio,
2245 4091 2405 4145 quam
2464 4078 2566 4134 sibi
2614 4079 2913 4135 terribilem
2952 4089 3008 4135 et
3043 4079 3288 4150 periculo
3329 4081 3481 4135 futu-

1885 4184 2002 4224 ram
2055 4169 2440 4226 arbitrabatur.
2509 4171 2605 4228 llic
2657 4182 2744 4228 est
2799 4172 3126 4242 Antiochus,
3175 4175 3268 4244 qui
3313 4176 3480 4230 etiam

1885 4260 2178 4332 Dionysius
2226 4262 2558 4333 appellatur,
2616 4263 2874 4320 Demetrii
2926 4264 3095 4321 frater
3162 4279 3191 4320 a
3249 4265 3484 4323 Seleuco

1885 4351 2129 4419 ultimus,
2157 4355 2242 4408 cui
2292 4357 2579 4410 transitum
2617 4370 2819 4426 negare
2873 4358 3099 4426 cupiens
3149 4357 3480 4424 Alexander,

1887 4445 2028 4500 inter
2068 4445 2260 4500 urbem
2297 4445 2700 4516 Antipatridem
2751 4455 2807 4503 et
2846 4446 3050 4516 Joppes
3098 4447 3277 4502 littora
3308 4448 3481 4506 foveis

1888 4537 2203 4607 ingentibus
2253 4538 2472 4606 ductis,
2533 4553 2794 4608 muroque
2857 4538 3162 4605 altissimo,
3243 4539 3486 4596 turribus

1891 4647 2105 4701 quoque
2129 4647 2160 4686 e
2183 4632 2328 4702 ligno
2364 4632 2654 4702 impositis,
2688 4632 2853 4687 elusit
2877 4646 3101 4701 operam
3129 4647 3328 4701 magno
3355 4647 3486 4689 suo-

1894 4740 2011 4779 rum
2043 4723 2268 4786 labore,
2306 4724 2456 4778 nullo
2514 4723 2686 4780 hostis
2745 4723 3152 4794 impedimento.
3207 4720 3488 4794 Siquidem

1892 4817 2118 4888 negotio
2189 4815 2333 4870 facili
2387 4815 2609 4885 repletae
2660 4815 2871 4882 foveae,
2915 4825 3204 4887 turresque
3259 4825 3489 4882 exustae,

1897 4909 2014 4980 ipse
2058 4923 2275 4979 quoque
2321 4906 2638 4963 Alexander
2681 4907 2805 4978 fuga
2850 4908 2954 4963 sibi
2985 4908 3281 4974 consuluit,
3316 4923 3382 4963 eo
3414 4917 3500 4963 tu-

1898 5002 2024 5068 tior,
2086 5001 2209 5070 quia
2265 5015 2601 5069 nequaquam
2650 4999 2789 5054 tanti
2826 5010 2849 5038 ο
2895 4999 3256 5064 existimatus,
3287 5008 3344 5053 ut
3370 5013 3496 5054 eum

1897 5093 2073 5148 victor
2100 5092 2361 5162 principis
2392 5093 2516 5146 loco
2553 5093 2805 5162 persequi
2855 5091 3100 5147 deberet.
3130 5091 3264 5146 Nam
3305 5106 3502 5146 secun-

1903 5187 1989 5243 dis
2040 5186 2285 5258 partibus
2332 5195 2666 5242 reservatum
2695 5227 2708 5249 ,
2743 5196 2801 5240 ut
2832 5185 3044 5241 itineris
3071 5185 3334 5241 obstructi
3361 5185 3504 5255 inju-

1901 5282 2038 5338 riam
2068 5290 2348 5351 acceptam
2373 5281 2748 5336 ulcisceretur.
2801 5279 3030 5336 Rectum
3073 5287 3253 5333 autem
3286 5277 3339 5332 in
3365 5279 3507 5332 Ara-

1906 5377 2004 5432 bas
2027 5377 2131 5431 iter
2150 5376 2368 5442 direxit,
2393 5389 2620 5446 quorum
2653 5389 2752 5429 rex
2781 5374 2833 5428 in
2850 5375 2968 5428 loca
2994 5373 3183 5443 praelio
3201 5383 3507 5442 opportuna

1908 5484 2029 5524 sese
2087 5468 2415 5523 contulerat.
2462 5464 2668 5520 Deinde
2697 5466 2878 5521 subito
2907 5479 3175 5520 converso
3214 5464 3458 5534 equitatu
3485 5505 3505 5531 ,

1910 5559 2148 5616 maxima
2190 5560 2242 5613 vi
2275 5573 2339 5612 ac
2370 5555 2710 5611 multitudine
2759 5555 2959 5611 effusas
2982 5598 2996 5623 ,
3050 5570 3113 5610 ac
3141 5554 3263 5610 sine
3318 5553 3516 5610 ordine

1915 5662 2146 5712 ruentes
2193 5651 2430 5708 hostium
2476 5660 2686 5704 turmas
2732 5649 3002 5704 invasere.
3046 5646 3328 5704 Certatum
3373 5646 3521 5705 acrie

1984 5775 2006 5806 ο
2056 5765 2150 5823 Al.
2191 5763 2498 5820 mtimatus.
2549 5760 2618 5816 Et
2647 5762 2819 5832 moxj‘,
2851 5759 3251 5830 principalem.
3288 5756 3368 5815 In.
