3964 6384
424 284 563 340 ωτι
1715 284 1968 351 sanan
2007 284 2332 359 Ακβκθδυ
3630 282 3769 338 ista

425 408 539 464 ter,
573 399 757 470 quoad
812 400 1111 456 Antiochus
1150 390 1370 456 restitit
1422 400 1442 474 (
1471 398 1810 457 renitebatur
1841 399 2023 473 enim)
2051 400 2104 475 Α
2126 399 2256 457 dum
2288 399 2571 457 scientiam
2612 399 2753 472 juris
2780 399 2949 456 divini
2974 399 3287 457 extollendo
3315 414 3485 456 suam
3538 399 3764 468 lecere,

426 490 675 561 quamvis
704 494 975 548 exercitus
997 492 1117 560 ejus
1148 492 1301 563 quasi
1335 505 1487 547 more
1519 506 1777 562 pecorum
1801 491 2029 552 oblrun-
2133 506 2192 550 ut
2222 495 2481 565 pleraque
2509 495 2673 551 etiam
2702 496 2849 565 regni
2885 496 3104 564 negotia
3148 495 3281 566 ipsis
3320 495 3766 559 committeret;

429 596 667 641 caretur.
721 585 824 643 Ubi
871 601 998 642 vero
1025 594 1080 647 et
1107 586 1221 656 ipse
1258 586 1462 642 cecidit
1488 590 1645 660 (nam
1677 602 1789 661 pra:
1816 590 2030 651 exteris
2131 587 2461 645 adhiberent
2486 603 2622 659 quos
2651 588 2853 645 vellent
2892 606 2904 641 :
2936 604 3073 658 quos
3110 587 3314 643 vellent
3338 586 3769 657 excluderent,

428 692 552 735 sese
578 679 778 734 offerre
813 678 1026 735 solebat
1064 679 1370 752 periculis),
1397 679 1620 737 adversi
1648 696 1863 747 omnes,
1895 697 2029 753 quo—
2133 689 2298 753 atque
2323 682 2502 737 aulico
2532 691 2793 738 exuerent
2817 681 3143 741 ministerio.
3175 680 3318 749 Quid
3344 683 3513 750 plura
3543 681 3573 734 ἲ
3610 681 3688 735 ita
3715 696 3772 737 se

430 786 551 825 rum
606 773 846 826 maxima
900 787 1023 841 pars
1070 771 1280 828 incerto
1337 772 1473 844 fugae
1525 773 1770 843 dispersa
1817 775 2028 833 exstin-
2135 776 2504 841 insinuavere,
2568 784 2627 830 ut
2687 774 3097 831 commodorum
3151 774 3397 830 omnium
3436 770 3684 830 fru‘etus
3706 773 3772 829 ad

425 862 643 933 guilur,
707 862 936 934 reliquis
985 867 1039 920 in
1100 866 1278 923 vicum
1342 867 1429 921 cui
1500 868 1730 925 Annana
1780 882 1979 925 nomen
2012 909 2029 937 ,
2136 882 2235 925 eos
2262 867 2925 938 pervenirent:sumptus
2954 876 3009 922 et
3033 867 3301 925 molestim
3326 867 3646 922 mulierem
3688 880 3777 921 so-

429 956 633 1010 coactis
659 996 673 1021 ,
722 966 889 1029 atque
919 958 1305 1015 alimentorum
1336 960 1521 1035 inopia
1548 963 1912 1035 consumptis,
1942 964 2030 1020 vix
2135 960 2242 1015 lam
2274 958 2603 1014 afficiebant.
2645 957 2756 1014 Nec
2786 944 3079 1014 mediocris
3108 958 3327 1014 mulieri
3374 958 3629 1030 spiritus
3652 1000 3670 1025 ,
3721 969 3777 1013 ut

428 1049 746 1121 paucissimi
773 1066 839 1107 ex
873 1052 958 1111 bis
988 1061 1155 1110 tantm
1190 1054 1334 1111 cladi
1364 1056 1706 1128 superfuere.
2141 1054 2374 1115 maxima
2400 1067 2630 1124 qumque
2654 1052 2903 1120 auderet,
2932 1062 3097 1123 atque
3116 1066 3281 1125 supra
3315 1050 3563 1107 feminei
3598 1066 3770 1107 sexus

1005 1157 1261 1227 'CAPUT
1305 1169 1423 1227 xu,
2140 1145 2510 1205 conditionem
2535 1143 2717 1214 praelia
2746 1142 3080 1213 disponeret.
3103 1142 3384 1214 Siquidem
3404 1151 3463 1198 et
3488 1150 3777 1213 praestan-

507 1258 623 1315 l‘loc
676 1275 936 1317 successu
978 1262 1174 1321 Aretas
1201 1263 1366 1321 etiam
1409 1277 1440 1319 a
1474 1262 1829 1322 Damascenis
1854 1264 1919 1319 ad
1948 1279 2035 1321 re-

2162 1236 2404 1295 issimam
2430 1235 2501 1292 de
2530 1236 2645 1291 suis
2671 1249 2891 1293 manum
2920 1235 3169 1306 paravit,
3198 1244 3254 1292 et
3282 1236 3581 1307 peregrini
3616 1249 3777 1291 exer-

431 1355 708 1426 gnandum
740 1357 1037 1431 expetitus,
1090 1368 1151 1417 ut
1189 1357 1368 1417 Cretes
1410 1399 1427 1425 ,
1476 1358 1757 1429 Syriaeque
1805 1359 2032 1430 imperi-

2162 1331 2277 1387 :itns
2303 1329 2493 1399 copias
2519 1330 2699 1400 coegit
2721 1330 2994 1399 ingentes,
3023 1339 3208 1384 utnon
3241 1328 3419 1384 solum
3452 1327 3627 1385 domi
3662 1335 3773 1383 tuta

434 1421 653 1513 ξειπει,
685 1463 793 1523 quo
813 1421 1170 1509 Ptolemaeum
1196 1421 1573 1515 excluderent,
1604 1421 1765 1520 quem
1796 1421 2035 1509 maxime
2136 1422 2203 1479 ad
2232 1422 2734 1523 οηξηειηιτθεξξεηάί
2762 1421 3286 1523 “assueverat
3306 1438 3571 1523 gem-ﬂ
3603 1423 3774 1523 αίεξξι

435 1512 649 1598 infestis
690 1512 831 1597 odiis
880 1543 1372 1616 persequebantur,
1411 1558 1513 1603 nec
1539 1512 1783 1601 iudicem
1832 1545 2034 1601 immu-
2136 1515 2345 1616 “feris
2376 1515 2685 1616 P°‘°_"“b“s
2713 1524 2860 1616 cfs“
2892 1512 3377 1616 for?':‘!‘bi_“s',Ea
3406 1522 3633 1616 “Tim.
3647 1514 3776 1616 ﬂ?"-

429 1651 553 1693 nem
579 1635 801 1715 reliquit
819 1606 1174 1709 incursio-nis,
1199 1638 1265 1694 de
1281 1606 1386 1710 qua
1411 1638 1606 1706 victor,
1627 1638 1757 1696 licet
1774 1648 2036 1711 superato
2138 1607 2258 1715 (³ξῴ
2284 1607 2580 1715 mmet)?“
2601 1607 2873 1715 imnlbf?’
2907 1606 3004 1665 sed
3026 1607 3318 1712 Ρξλθτίηίδ
3338 1610 3507 1713 qu?“
3534 1608 3775 1715 interii"

437 1699 773 1795 Alexandro,
807 1732 1108 1795 secundum
1151 1732 1434 1803 utriusque
1486 1742 1667 1789 tamen
1710 1699 1882 1805 partis
1906 1749 2040 1789 con-

2162 1699 2569 1770 ibtemperabat.
2617 1700 2747 1756 Erat
2780 1699 3048 1772 Diogenes
3078 1700 3133 1755 in
3165 1715 3334 1771 regno
3363 1700 3492 1779 ejus
3517 1743 3536 1768 ,
3578 1702 3679 1772 qui
3710 1701 3777 1757 de

438 1831 661 1881 ventum
702 1792 984 1893 discessit,
1019 1792 1400 1896 acrevertitur
1459 1826 1512 1882 in
1563 1841 1679 1885 sua.
1710 1792 2037 1885 'Alexander
2064 1832 2115 1895 Β
2142 1792 2533 1896 Ρθιθωίξδίωίδ
2559 1792 2855 1896 Alﬁum“?
2882 1792 3073 1896 Ψηίθίδ
3098 1792 3456 1848 familiarimi
3519 1794 3658 1864 eius
3692 1795 3772 1896 Ψ

440 1922 623 1973 autem
672 1913 877 1975 Pellam
910 1885 1156 1985 evertit,
1190 1925 1247 1972 et
1298 1916 1591 1977 Gerassem
1634 1920 1789 1989 petiit
1842 1921 2040 1976 iterum
2064 1885 2111 1895 ’-
2146 1885 2569 1989 ¹¹,²²⁸θ¹’³²²,ῗ“η¹
2594 1885 2775 1988 aqom
2804 1886 3201 1989 ⁰¹’¹⁹.¹ἲξ¹⁰³ῗ’θτθ
3224 1888 3777 1989 ’.Ψθωῗῃηδεδλτμ

2147 1981 2261 2036 sius
2289 1978 2521 2033 consilio
2550 1977 2897 2047 octingentos
2924 1977 3053 2033 illos
3073 1978 3127 2033 in
3152 1977 3332 2033 medio
3354 1978 3516 2034 urbis
3544 1978 3623 2034 ab
3652 1977 3777 2034 Ale-

2147 2069 2357 2127 xandro
2396 2069 2547 2125 cruci
2574 2068 2844 2135 suffixos;
2894 2071 2945 2129 in
2976 2079 3207 2127 caeteros
3237 2086 3461 2141 quoque
3502 2071 3776 2127 facinoris

2147 2173 2399 2218 auctores
2429 2160 2457 2201 δ
2497 2177 2745 2233 quosque
2768 2203 2784 2230 ,
2833 2172 2891 2218 ut
2916 2171 3168 2233 pergeret
3195 2164 3331 2219 uitio
3359 2205 3374 2227 ,
3418 2164 3773 2222 mandatum.

2146 2254 2494 2317 Necabantur
2515 2255 2722 2326 itaque,
2752 2271 2891 2326 quos
2919 2255 3180 2313 Pharisaei
3207 2256 3643 2326 praecipiebant,
3671 2271 3771 2311 non

2148 2364 2288 2422 quos
2315 2350 2547 2405 societas
2576 2348 2799 2407 sceleris
2816 2350 3135 2406 involverat.
3158 2349 3279 2418 Quo
3307 2356 3462 2405 metu
3486 2349 3769 2421 perterriti

2150 2442 2397 2514 plerique
2423 2442 2618 2512 quibus
2649 2442 2963 2513 ltujusmodi
3014 2444 3249 2513 pericula
3294 2444 3769 2503 intendebantur.

2150 2545 2206 2595 et
2234 2536 2469 2593 maxime
2497 2536 2904 2608 prtestantiores
2931 2536 3123 2608 opibus
3148 2545 3244 2592 aut
3266 2536 3680 2608 dignitatibus,
3706 2534 3770 2590 ab

2151 2629 2468 2687 Aristobulo
2494 2629 2945 2685 intercessionem
2979 2629 3346 2698 imploravere
3374 2670 3390 2695 ,
3428 2640 3486 2684 ut
3536 2637 3770 2684 matrem

2152 2726 2222 2781 ab
2256 2723 2612 2781 exsecutione
2643 2722 2903 2794 praecepti
2941 2724 3232 2780 severioris
3256 2765 3272 2790 ,
3308 2724 3377 2779 ad
3420 2723 3665 2779 meliora
3695 2723 3770 2777 in-

2154 2820 2418 2882 flccteret.
2468 2819 2563 2876 Ille
2589 2820 2693 2875 sibi
2734 2818 2965 2888 gratiam
2996 2833 3192 2889 parare
3221 2818 3449 2885 cupiens
3470 2859 3485 2883 ,
3516 2832 3638 2872 non
3682 2815 3771 2869 de-

2157 2913 2426 2968 trectavit.
2460 2911 2672 2977 Mulier,
2702 2926 2848 2982 argre
2873 2911 3024 2975 licet,
3050 2910 3228 2965 oranti
3273 2918 3459 2964 tamen
3490 2909 3619 2965 tilio
3642 2922 3769 2962 con-

2155 2994 2322 3064 cessit
2348 3050 2363 3074 ,
2393 3019 2447 3063 ut
2476 3008 2723 3064 contuitu
2752 3007 3019 3061 honorum
3048 3020 3187 3075 quos
3221 3013 3509 3076 gesserant
3540 3047 3558 3071 ,
3592 3002 3689 3075 qni
3720 3004 3767 3055 in

2157 3100 2467 3170 huiusmodi
2500 3099 2758 3157 invidiam
2804 3098 3263 3162 arcessebantur,
3311 3112 3593 3167 supremae
3624 3095 3769 3151 necis

443 2007 513 2062 de
544 2007 817 2067 Theodori
856 2011 1295 2081 possessionibus
1341 2012 1553 2083 aliquas
1604 2011 1706 2068 sibi
1743 2013 2042 2086 adiungere

443 2112 669 2171 parans,
728 2116 960 2173 eamque
996 2102 1099 2159 sibi
1148 2103 1290 2165 bello
1335 2104 1648 2161 vindicavit.
1682 2105 1813 2162 lnde
1853 2106 1906 2162 iit
1935 2106 2042 2179 Sy-

444 2191 580 2245 riam
643 2207 988 2267 progressus,
1041 2194 1340 2257 Gaulanem
1385 2207 1441 2253 et
1490 2196 1795 2255 Seleuciam
1827 2207 1885 2255 et
1936 2198 2045 2256 Ga-

443 2285 640 2345 malam
679 2287 873 2353 evertit
923 2286 1071 2344 ultus
1118 2289 1418 2359 superioris
1446 2288 1576 2349 belli
1613 2290 1998 2347 contumeliam
2025 2333 2040 2358 ,

446 2377 590 2447 ipsas
637 2393 852 2455 quoque
907 2378 1160 2439 Antiochi
1207 2381 1539 2441 munitiones
1594 2381 1783 2441 diruit.
1832 2382 2045 2450 Quibus

445 2486 513 2526 ex
540 2469 672 2533 locis
712 2472 814 2535 iter
840 2470 893 2527 in
936 2470 1178 2537 Judzeam
1229 2474 1527 2541 convertit,
1572 2489 1636 2531 ac
1664 2480 1860 2543 praeter
1889 2488 2043 2544 spem

449 2580 574 2620 cum
626 2564 823 2637 gaudio
878 2568 1044 2623 totius
1091 2569 1272 2645 gentis
1321 2570 1615 2642 suscipitur
1672 2586 1770 2640 pro
1812 2570 2046 2627 mirabili

450 2674 705 2717 successu
734 2676 914 2721 rerum
942 2670 1217 2735 gestarum
1253 2681 1265 2717 :
1301 2662 1391 2722 ubi
1444 2672 1596 2736 parta
1622 2663 1861 2721 bellandi
1891 2666 2048 2736 quies

451 2751 735 2815 exordium
783 2754 969 2808 tribuit
1018 2754 1389 2825 aegritudinis,
1447 2765 1609 2827 atque
1650 2755 2046 2828 aliquantulum

452 2845 732 2923 quartanis
779 2847 1007 2901 febrium
1040 2847 1248 2905 vicibus
1276 2848 1533 2914 allectus,
1560 2848 1737 2907 levato
1773 2848 2051 2920 paulisper

453 2938 834 3007 incommodo,
867 2939 996 2994 dum
1027 2942 1241 3011 negotia
1270 2942 1467 3013 repetit
1500 2942 1775 3007 militaria,
1809 2959 1911 3000 nec
1933 2962 2052 3001 mo-

456 3030 583 3084 dum
624 3039 832 3097 servat,
862 3031 1047 3095 animo
1086 3033 1315 3091 validior
1339 3049 1498 3107 quam
1527 3048 1758 3105 corpore
1778 3076 1793 3102 ,
1823 3038 2053 3093 commi-
2122 3070 2126 3075 »

426 3126 573 3180 .nuit
613 3139 830 3180 omnem
878 3140 990 3179 suae
1039 3124 1277 3203 vigorem
1304 3126 1495 3183 salutis
1524 3127 1772 3197 viresque
1797 3129 2053 3197 absump-

451 3219 541 3289 sit,
568 3226 730 3288 atque
760 3217 829 3271 ita
863 3190 1118 3281 mortuus
1133 3228 1236 3274 est.
1265 3217 1461 3291 Viginti
1496 3220 1676 3291 itaque
1694 3230 1749 3277 et
1771 3236 1867 3277 sex
1895 3224 2055 3281 annis

2162 3195 2426 3253 sententia
2458 3193 2799 3265 mitigaretur
2822 3232 2838 3259 ,
2881 3202 3047 3262 atque
3074 3206 3171 3247 eos
3195 3199 3402 3246 tantum
3426 3205 3573 3260 quos
3604 3190 3770 3243 obnu-

457 3311 610 3365 vario
638 3326 817 3366 rerum
862 3322 1061 3375 eventu
1089 3311 1377 3375 adversum
1422 3312 1743 3374 innumeros
1789 3315 2052 3375 bellorum

461 3404 722 3465 tumultus
751 3419 977 3479 regnum
1006 3405 1176 3463 tenuit
1195 3445 1211 3470 ,
1266 3414 1320 3471 et
1342 3404 1553 3467 duobus
1581 3406 1768 3463 liberis
1794 3411 2057 3478 supersti-

461 3493 642 3565 tibus,
674 3491 952 3563 decessit,
984 3510 1120 3565 quos
1149 3495 1388 3571 impares
1417 3497 1569 3569 regni
1592 3498 1916 3558 existimans
1957 3516 2057 3573 gu-

460 3583 756 3641 bernaculo
784 3624 800 3653 ,
837 3599 1103 3651 summam
1141 3600 1255 3645 rem
1299 3589 1486 3645 uxoris
1527 3589 1758 3659 propria:
1789 3589 2059 3663 delegavit

460 3675 810 3741 sollicitudini
829 3718 844 3746 ,
873 3678 1128 3759 quoniam
1159 3693 1279 3743 eam
1309 3681 1671 3751 acceptiort-m
1698 3683 1903 3753 populo
1932 3699 2060 3756 cog-

462 3769 652 3843 novit;
683 3778 845 3843 atque
887 3771 958 3827 ob
995 3769 1099 3827 hoc
1127 3772 1267 3843 apud
1299 3773 1579 3829 universos
1618 3774 1895 3837 invenisse
1937 3793 2059 3849 gra-

462 3864 633 3932 tiam,
679 3863 823 3939 quod
853 3865 1016 3921 etiam
1046 3866 1161 3937 ipsa
1204 3869 1275 3923 ab
1315 3865 1654 3925 immanitate
1698 3870 1802 3929 viri
1843 3885 2062 3941 semper

465 3958 694 4019 alienam
734 3975 794 4016 se
824 3960 1124 4021 faciendam
1161 3963 1599 4033 existimaverit,
1630 3972 1690 4029 ut
1733 3980 1838 4022 non
1883 3969 2060 4028 solum

467 4050 740 4125 refugeret
765 4052 1089 4125 flagitiorum
1120 4056 1421 4124 consortia,
1450 4056 1547 4119 sed
1567 4058 1732 4115 etiam
1755 4058 2063 4119 resistendo

465 4146 582 4221 ejus
608 4147 979 4225 iniquitatibus
1006 4187 1021 4219 ,
1048 4147 1215 4209 totius
1246 4147 1300 4209 in
1338 4163 1400 4207 se
1427 4148 1600 4217 plebis
1627 4149 2061 4211 benevolentiam

466 4246 833 4297 converteret.
865 4236 977 4295 Nec
1007 4238 1309 4313 improvida
1342 4240 1444 4294 viri
1470 4242 1739 4303 sententia
1770 4242 1907 4303 fuit:
1938 4259 2063 4305 nam

2157 3291 2275 3349 xios
2302 3296 2659 3356 suspectaret,
2683 3297 2737 3342 et
2760 3297 2783 3326 ο
2814 3285 3059 3357 patrandi
3078 3283 3267 3354 ﬂagitii
3296 3284 3621 3339 incentores
3636 3281 3763 3336 fuis-

2159 3398 2221 3441 se
2249 3382 2381 3439 urbe
2410 3380 2592 3450 egredi
2619 3380 2856 3450 iuberet.
2904 3378 3007 3446 Qui
3043 3386 3263 3447 accepta
3312 3378 3435 3433 vitae
3472 3376 3767 3434 securitate

2163 3492 2259 3549 per
2283 3490 2442 3548 agros
2467 3474 2660 3544 dilapsi
2691 3483 2841 3529 sunt.

2750 3587 2985 3644 CAPUT
3024 3586 3165 3644 XIII.

2234 3680 2438 3737 Eodem
2459 3689 2705 3751 tempore
2722 3695 2884 3735 causa
2911 3679 3127 3744 accidit,
3151 3686 3212 3734 ut
3234 3678 3559 3734 Damascum
3579 3676 3761 3749 juven-

2165 3785 2252 3830 tus
2290 3774 2655 3844 dirigeretur,
2708 3774 2961 3846 quoniam
3014 3773 3341 3830 Ptolemarus
3393 3771 3763 3844 frequentibus

2164 3867 2569 3923 incursionibus
2597 3867 2803 3923 incolas
2832 3874 3146 3921 memorata:
3174 3863 3329 3920 urbis
3357 3866 3600 3921 terrebat
3626 3880 3642 3930 ;
3673 3878 3759 3917 cu-

2162 3964 2252 4032 jus
2280 3960 2482 4032 negotii
2513 3960 2808 4016 necessitas
2840 3960 3127 4030 occupavit
3159 3959 3229 4013 de
3254 3959 3505 4014 exercitu
3531 3958 3758 4014 Alexan-

2166 4055 2301 4110 driae
2330 4042 2558 4108 validam
2592 4069 2832 4110 manum.
2883 4053 3227 4124 Cleopatram
3257 4066 3479 4123 quoque
3504 4052 3752 4124 Tigranes

2166 4149 2259 4220 qui
2288 4147 2561 4204 Armeniis
2591 4147 2979 4219 imperitabat,
3020 4147 3074 4201 in
3110 4147 3245 4201 urbe
3286 4148 3373 4202 cui
3411 4160 3613 4202 nomen
3643 4144 3752 4198 Pto-

2170 4240 2385 4307 lemais,
2424 4240 2712 4296 obsidione
2751 4240 3231 4309 clauserat,quem
3271 4240 3594 4294 muneribus
3640 4235 3750 4291 Ale-

468 4329 731 4413 regnandi
753 4329 843 4409 jus
873 4332 1068 4397 mulier
1098 4330 1367 4397 inoll‘ettSe
1394 4333 1661 4400 exercuit,
1690 4335 1809 4391 sine
1848 4336 1959 4391 ullo
1987 4337 2067 4393 fe-
2167 4334 2374 4395 xandra
2397 4334 2688 4399 mulcebat,
2721 4341 2781 4390 ut
2808 4348 2838 4388 a
2868 4347 2927 4390 se
2963 4341 3323 4389 averteretur.
3367 4331 3544 4400 Quem
3573 4326 3750 4388 Lucul-

468 4422 635 4501 minei
692 4437 858 4491 sexus
905 4423 1336 4496 impedimento,
1395 4425 1683 4497 acquisivit
1747 4427 2065 4487 moderandi

2170 4428 2254 4489 ltts
2294 4429 2431 4487 facta
2472 4427 2769 4499 irruptione
2806 4427 2862 4485 in
2902 4434 3079 4483 terras
3123 4425 3506 4483 Armeniorum
3554 4420 3749 4498 infectis

466 4517 695 4599 gratiam
722 4532 891 4581 sacra:
920 4519 1054 4591 legis
1079 4517 1480 4581 observatione.
1506 4519 1639 4576 Nam
1663 4520 1790 4577 dum
1807 4523 2067 4579 attentior
2171 4523 2337 4577 rebus
2363 4521 2546 4581 redire
2567 4521 2764 4591 coegit,
2805 4520 3103 4576 consultius
3122 4519 3411 4576 ducentem
3438 4535 3538 4575 sua
3568 4516 3713 4575 tutari
3731 4556 3744 4581 ,

464 4611 608 4675 circa
641 4610 903 4693 templum
932 4627 1059 4671 cura
1083 4621 1457 4681 exerceretur,
1491 4621 1548 4669 et
1566 4612 1788 4671 dimissa
1822 4616 2065 4673 ministe-
2091 4608 2147 4695 ζ)
2170 4631 2329 4686 quam
2359 4615 2535 4671 aliena
2563 4614 2881 4685 adiungere.
2928 4612 3124 4669 Tantis
3173 4614 3357 4684 itaque
3404 4612 3640 4684 negotiis
3673 4609 3746 4665 iu-

461 4704 542 4773 ria
572 4702 777 4765 fraudis
800 4708 1071 4769 succrevit
1094 4706 1305 4777 imperii
1327 4706 1501 4777 vigor,
1529 4721 1631 4771 nec
1657 4717 1837 4765 tamen
1861 4708 2060 4767 affectu

466 4796 695 4879 infracta
727 4811 973 4861 materno
1002 4801 1155 4873 regni
1182 4800 1397 4871 cupido.
1444 4799 1722 4871 Siquidem
1751 4816 1821 4858 ex
1850 4802 2063 4861 duobus

468 4892 660 4961 liberis
686 4892 893 4955 electus
921 4907 1061 4955 unus
1105 4892 1173 4948 ad
1214 4900 1241 4930 ⁸
1269 4906 1423 4962 spem
1457 4893 1722 4964 regnandi
1763 4909 1871 4951 non
1912 4903 2063 4963 pote-

464 4997 664 5053 statem
690 5033 706 5061 ,
748 4988 1028 5062 Hyrcanus
1078 4987 1344 5043 vocabulo
1385 4996 1517 5045 natu
1562 4987 1746 5047 senior
1774 5028 1791 5055 ,
1844 4987 2061 5059 ingenio

448 5082 768 5155 .remissinr,
802 5079 1175 5147 Aristobulum
1207 5094 1336 5141 vero
1362 5080 1629 5143 acriorem
1661 5070 1844 5137 animo
1870 5093 2063 5150 exper-

463 5186 574 5247 tem
605 5177 908 5246 potestatis,
938 5173 1253 5235 emolliebat
1283 5173 1473 5245 privati
1499 5173 1825 5233 humilitate.
1858 5172 2063 5233 Assue-

460 5276 590 5335 runt
614 5280 674 5335 se
704 5266 963 5331 Pharisaei
987 5265 1227 5333 mulieri,
1254 5279 1429 5337 genus
1454 5263 1735 5333 hominum
1762 5265 2059 5325 secundum

463 5360 600 5437 legis
628 5360 931 5425 doctrinam
961 5362 1316 5427 exercitatum
1341 5402 1357 5427 ,
1406 5360 1708 5423 secundum
1742 5359 2058 5430 qualitatem

461 5451 689 5521 allectus
710 5453 964 5515 callidum
988 5493 1004 5519 ,
1037 5453 1254 5515 avidum
1278 5454 1621 5524 negotiorum
1647 5493 1663 5519 ,
1693 5452 1938 5522 pecuniae
1966 5466 2061 5521 ap-

461 5552 652 5615 Ρνῆιειιε
675 5583 692 5610 ι
739 5545 830 5616 Qui
855 5553 1135 5613 captantes
1164 5544 1363 5607 elatam
1394 5544 1770 5607 mulierculam
1799 5583 1816 5611 ,
1868 5557 2061 5599 secun-

538 5696 568 5756 ξ
609 5685 869 5756 Speciem,
904 5695 960 5739 ut
992 5684 1128 5739 infra
1156 5700 1276 5756 cap.
1309 5685 1400 5740 6‘2.
1433 5684 1602 5739 ΒΑΜ.

552 5753 578 5788 ³⁵
608 5753 772 5820 Vacat
801 5755 1107 5822 timuistis
1140 5758 1190 5809 in
1220 5753 1321 5815 ius.
1355 5757 1433 5815 Is.

2171 4700 2323 4767 tenta
2348 4707 2655 4765 Alexandra
2681 4749 2695 4775 ,
2732 4709 2784 4763 in
2835 4707 3084 4763 morbum
3132 4706 3342 4762 incidit.
3391 4706 3567 4774 Quam
3605 4715 3744 4761 occa-

2169 4804 2379 4863 sionem
2411 4802 2593 4873 rapuit
2622 4801 2964 4858 Aristobulus
2994 4799 3061 4855 ad
3090 4815 3215 4855 suas
3249 4808 3432 4867 artes;
3463 4808 3521 4855 et
3537 4807 3745 4866 congre-

2166 4904 2288 4966 gata
2313 4910 2476 4951 manu
2504 4936 2520 4963 ,
2551 4892 2995 4964 conspirantibus
3023 4906 3211 4947 secum
3239 4906 3373 4960 quos
3405 4891 3587 4947 fervor
3611 4896 3743 4945 natu.

2166 5003 2243 5043 rm
2274 4996 2547 5059 praerupta
2573 5001 2799 5058 quisque
2825 4983 3132 5041 audendum
3156 4984 3393 5054 cupienti
3415 4982 3741 5053 adiunxerat.

2171 5079 2458 5137 tltesauros
2485 5088 2738 5151 occupat,
2770 5093 3072 5148 eorumque
3096 5078 3269 5147 cepiis
3298 5075 3632 5133 invitavitad
3656 5070 3742 5127 mi-

2169 5172 2336 5231 litiam
2368 5172 2705 5229 voluntarios
2733 5186 2797 5226 ac
2838 5172 3012 5241 pretio
3041 5169 3314 5240 componit
3343 5210 3358 5234 ,
3386 5180 3447 5224 ut
3492 5170 3547 5225 in
3581 5162 3741 5223 omnia

2167 5281 2286 5336 quas
2317 5265 2482 5322 vellet
2511 5264 2670 5322 fidem
2705 5272 3049 5335 praestarent,
3092 5272 3256 5333 atque
3280 5260 3480 5319 infulas
3510 5261 3649 5332 regis
3673 5258 3740 5310 iu-

2165 5358 2302 5419 duit.
2352 5355 2623 5415 Turbatus
2649 5356 2833 5421 animo
2868 5354 3151 5427 Hyrcanus
3177 5394 3194 5420 ,
3229 5361 3462 5427 matrem
3511 5346 3739 5423 lacrymis

2165 5449 2542 5507 conveniebat.
2576 5450 2645 5507 At
2673 5447 2763 5507 illa
2795 5448 3006 5517 spirans
3029 5445 3254 5513 ferocia,
3285 5426 3509 5503 [ilios'et
3538 5453 3735 5500 uxorem

2167 5539 2465 5601 Aristobuli
2495 5540 2547 5594 in
2575 5548 2814 5595 castrum
2847 5537 3090 5604 reclusit.
3118 5536 3206 5595 cui
3233 5552 3433 5599 nomen
3462 5536 3635 5609 primo
3655 5534 3737 5589 Ba-

2251 5688 2276 5718 °
2304 5677 2529 5734 Patratt'.
2556 5676 2634 5735 Io.

3903 4162 3905 4233 ι

3903 4316 3905 4439 l

3903 4742 3905 4811 l

3903 4908 3905 5011 l

3903 5082 3905 5207 l

3903 5264 3905 5403 l

3903 4162 3905 4233 ι

3903 4316 3905 4439 l

3903 4742 3905 4811 l

3903 4908 3905 5011 l

3903 5082 3905 5207 l

3903 5264 3905 5403 l
