3964 6314
156 338 344 395 ~19?!

1060 334 1332 392 HlS’l‘OB.
1378 331 1466 388 DE
1509 328 1789 388 ειεωιο
1821 328 2097 388 1118108.
2138 328 2341 387 URBIS
2378 329 2503 385 [ΑΒ.
2549 329 2590 386 l.

3287 330 3295 339 ’
3353 326 3495 387 1974

184 457 295 521 ris,
330 464 516 526 postea
539 455 775 510 Antonia
800 453 1151 525 appellatum,
1175 451 1244 506 de
1269 464 1379 521 quo
1400 463 1563 520 supra
1588 463 1797 505 memo-
1821 450 1876 509 Λ
1900 445 2116 517 Syriam
2139 445 2385 501 infestari
2416 459 2511 515 per
2546 418 2818 502 Scaurum
2842 452 3212 515 praeceperat,
3240 458 3362 501 cum
3382 443 3499 514 ipse

181 548 456 603 ravimus.
510 546 700 615 Capta
732 545 1059 603 Alexandra:
1083 544 1254 600 celeri
1296 543 1416 612 ejus
1444 541 1595 596 obitu
1629 541 1801 596 desti-

189 648 444 696 tuuntur.
478 637 539 694 in
564 638 933 695 hereditatem
957 651 1175 692 omnem
1205 635 1489 706 Hyrcanus
1509 632 1797 699 successit,

186 732 293 805 qui
322 733 544 789 vivente
574 731 753 787 adhuc
781 738 956 786 matre
983 729 1303 800 dignitatem
1334 726 1585 781 induerat
1614 739 1801 779 sacer-

174 827 355 905 dotii.
390 826 733 882 Aristobulus
758 827 958 881 virtute
981 833 1038 880 et
1061 823 1327 895 sapientia
1357 820 1647 892 prmatabat
1673 835 1687 872 :
1713 832 1803 874 res

191 939 374 995 usque
400 924 467 979 ad
496 925 902 980 contentionem
931 932 1096 994 atque
1123 924 1565 993 congressionem
1599 917 1803 974 deduc-

194 1024 251 1071 ta
277 1033 295 1069 :
335 1017 425 1071 ubi
456 1024 791 1080 consertum,
820 1014 1065 1084 plerique
1095 1012 1285 1068 relicto
1320 1010 1568 1083 Hyrcano
1591 1049 1608 1077 ,
1641 1009 1795 1064 illum

194 1109 436 1164 alterum
466 1108 611 1164 bello
640 1108 922 1163 meliorem
947 1106 1139 1162 secuti.
1184 1104 1468 1177 Hyrcanus
1494 1101 1808 1158 comitanti-

196 1200 308 1256 bus
334 1214 517 1256 secum
546 1200 636 1270 qui
662 1199 806 1255 bello
829 1198 1023 1270 reliqui
1053 1197 1266 1277 fuerant
1291 1238 1306 1264 ,
1346 1194 1590 1265 confugit
1614 1195 1667 1249 in
1697 1198 1807 1248 An-

194 1294 432 1360 toniam,
465 1292 807 1365 repertisque
828 1293 951 1347 filiis
971 1300 1026 1347 et
1052 1306 1223 1347 uxore
1242 1289 1565 1356 Aristobuli,
1592 1303 1690 1358 per
1709 1287 1808 1342 ob-

195 1390 351 1446 sides
374 1389 604 1443 salutem
634 1387 860 1451 invenit,
894 1387 1020 1457 quia
1051 1401 1121 1441 ne
1149 1383 1278 1456 quid
1309 1397 1567 1454 asperum
1595 1382 1649 1436 in
1677 1390 1807 1436 suos

197 1484 379 1548 ﬂeret,
400 1480 744 1537 Aristobulus
773 1489 933 1550 pacto
954 1479 1251 1535 consuluit.
1282 1486 1309 1517 ³
1337 1476 1675 1532 Conventum
1701 1474 1808 1529 fra—

198 1585 359 1630 trum
389 1570 699 1644 huiusmodi
742 1571 843 1627 fuit
885 1580 948 1626 ut
988 1586 1159 1642 regno
1208 1570 1493 1641 Hyrcanus
1542 1568 1807 1635 cederet,

197 1675 367 1735 atque
396 1663 463 1719 ad
488 1661 793 1719 Aristobuli
815 1662 907 1733 jus
924 1676 1098 1721 omne
1128 1662 1341 1733 imperii
1370 1660 1629 1716 transiret
1653 1700 1668 1727 ,
1708 1673 1811 1715 nec

201 1766 385 1813 tamen
416 1756 727 1828 Hyrcanum
759 1753 1085 1809 inbonorum
1114 1754 1485 1825 relinqueret,
1529 1752 1625 1807 sed
1657 1751 1808 1822 regni

1906 540 2195 610 Tigranem
2238 548 2403 608 atque
2444 538 2759 593 Armeniam
2799 547 3038 609 urgeret.
3077 537 3289 594 Scauro
3323 534 3505 605 itaque

1905 631 2215 686 advenienti
2249 628 2571 685 Damascum
2602 643 2765 699 quam
2792 628 3038 684 Metellus
3070 639 3124 684 et
3148 627 3356 685 Lollius
3386 627 3505 685 lun-

1906 723 2051 779 ditus
2081 729 2391 777 everterant
2412 760 2429 787 ,
2458 735 2748 777 occurrere
2768 720 2993 776 fratrum
3011 720 3171 790 legati
3195 760 3214 788 ,
3244 719 3349 775 sibi
3385 719 3504 789 qui-

1906 832 2014 887 que
2044 816 2308 871 Romanae
2336 816 2457 883 opis
2482 813 2747 869 auxilium
2788 814 3182 885 implorantes;
3229 821 3286 868 et
3310 827 3506 882 quam-

1909 886 1990 964 vis
2033 907 2388 963 inferioribus
2413 918 2561 963 esset
2588 906 2795 962 viribus
2820 905 3172 963 Aristobulus
3195 947 3211 973 ,
3259 886 3507 977 praponv

1909 1001 2116 1057 deravit
2159 1010 2341 1055 tamen
2370 999 2617 1070 pecunia:
2645 998 2938 1054 oblatione.
2990 997 3256 1055 Venditur
3294 1015 3505 1057 summa

1911 1094 2168 1164 praalialis
2191 1092 2507 1148 certaminis
2531 1092 2746 1147 talentis
2777 1093 3036 1148 trecentis
3056 1133 3073 1160 ,
3103 1101 3160 1148 ct
3182 1092 3388 1162 justitia
3416 1108 3510 1164 po-

1910 1186 2096 1242 stulati
2126 1186 2298 1254 pretio
2321 1193 2600 1254 pensatur.
2632 1182 2747 1251 Qua
2787 1184 3012 1253 pecunia
3057 1182 3157 1239 sibi
3183 1200 3509 1241 annumera-

1914 1288 1989 1345 ta,
2017 1276 2304 1333 denuntiat
2327 1276 2562 1347 Scaurus
2594 1276 2844 1347 Hyrcano
2883 1277 3104 1346 regique
3141 1275 3359 1333 Arabiae
3399 1276 3509 1331 dis-

1911 1369 2109 1426 cedere
2137 1368 2206 1425 ab
2234 1368 2542 1435 obsidione,
2569 1378 2663 1423 aut
2685 1367 2729 1422 si
2753 1379 3159 1438 permanerent,
3181 1368 3385 1425 scirent
3405 1369 3509 1423 sibi

1912 1462 2201 1519 adversum
2234 1462 2549 1530 Pompeium
2597 1471 2650 1516 et
2681 1459 2958 1517 Romanos
2984 1461 3130 1518 bello
3166 1462 3506 1519 certandum.

1915 1557 1992 1612 Eo
2020 1563 2235 1612 terrore
2260 1554 2476 1610 obsidio
2502 1553 2677 1611 soluta
2697 1570 2712 1608 :
2735 1554 2929 1609 Aretas
2957 1552 3387 1623 Philadelphiam
3417 1571 3508 1623 pc-

1917 1652 1980 1707 tit
2006 1692 2023 1719 ,
2060 1651 2300 1708 Scaurus
2328 1650 2648 1704 Damascum
2678 1647 2991 1704 revertitur.
3042 1646 3391 1705 Aristobulus
3417 1663 3512 1703 au-

1914 1752 2024 1799 tent
2056 1743 2278 1798 vixdum
2324 1740 2552 1796 idoneus
2592 1739 2959 1811 propulsando
3008 1738 3250 1809 periculo
3287 1753 3508 1799 manum

198 1860 476 1907 exsortem
504 1850 714 1907 honore
740 1849 849 1905 alio
876 1848 1027 1920 fungi
1062 1849 1303 1913 sineret,
1337 1864 1499 1917 quem
1549 1848 1667 1917 ipse
1712 1847 1812 1901 im-

1916 1833 2146 1906 colligit,
2175 1833 2388 1890 hostem
2422 1832 2723 1902 insequitur
2747 1872 2763 1893 .
2785 1840 2842 1887 et
2870 1829 2938 1886 ad
2972 1840 2995 1869 ο
3022 1828 3377 1900 Paparionem
3408 1832 3426 1899 (
3454 1830 3510 1889 id

196 1944 535 2014 pertivisset.
592 1940 914 1998 Transactio
967 1940 1277 2011 hujusmodi
1328 1941 1493 1995 etiam
1538 1939 1808 2011 religione
1876 1992 1883 1998 .
1918 1927 2237 1984 νυοειυυιυιη
2276 1925 2562 1997 ιοοο)εθι
2598 1923 2776 1979 millia
2803 1923 3073 1989 hostium,
3115 1921 3281 1983 simul
3320 1931 3376 1980 et
3401 1921 3510 1977 fra-

201 2038 393 2107 templi
419 2044 630 2093 sacrata
650 2077 667 2104 ,
700 2036 1074 2092 assensionem
1104 2036 1385 2106 utriusque
1412 2032 1584 2089 tenuit
1614 2034 1809 2088 volun-

209 2131 404 2185 tariam
432 2145 447 2183 :
480 2127 608 2183 inde
650 2142 773 2183 cum
815 2126 988 2198 gratia
1015 2126 1318 2182 discessum
1346 2135 1469 2194 est,
1522 2139 1587 2181 ac
1613 2140 1673 2180 se
1723 2124 1809 2180 in-

203 2226 380 2280 vicem
413 2226 737 2293 salutantes,
763 2223 1108 2280 Aristobulus
1140 2224 1191 2278 in
1219 2224 1401 2279 aulam
1431 2222 1636 2294 regiam
1685 2236 1809 2279 sese

202 2322 434 2388 recepit,
469 2318 747 2391 Hyrcanus
774 2316 1153 2389 aequanimiter
1182 2316 1236 2371 in
1256 2316 1479 2372 domum
1504 2313 1806 2372 Aristobuli

203 2411 499 2469 concessit.
622 2402 629 2409 ’

802 2504 1037 2563 CAPUT
1075 2505 1216 2562 XIV.

278 2599 386 2657 Sed
414 2599 599 2667 fuere,
630 2613 769 2670 quos
792 2609 971 2656 metus
997 2615 1062 2656 ac
1103 2614 1284 2655 rerum
1312 2597 1540 2653 mutatio
1568 2596 1810 2651 incesse-

207 2701 312 2760 rat,
341 2692 433 2762 qui
456 2706 515 2747 se
546 2691 821 2748 studuisse
841 2692 1108 2748 adversus
1134 2690 1507 2746 Aristobulum
1540 2686 1803 2744 recorda-

207 2796 397 2842 rentur
421 2829 436 2853 ,
466 2795 523 2842 et
552 2787 899 2857 prtecteteris
928 2787 1214 2856 Antipater
1245 2804 1259 2839 :
1302 2785 1347 2841 is
1393 2793 1512 2841 erat
1538 2782 1808 2841 ldumtcus

207 2892 429 2950 genere,
463 2876 493 2918 δ
522 2878 766 2934 moribus
796 2878 939 2949 apud
965 2893 1097 2933 suos
1125 2878 1339 2945 clarus,
1372 2891 1481 2931 non
1508 2874 1686 2931 tenuis
1715 2888 1811 2944 pe—

207 2974 406 3041 cuniae,
435 2982 491 3029 et
518 2972 639 3029 ideo
666 2973 972 3044 praevalida:
1001 2972 1279 3042 potentiae,
1310 2979 1428 3027 arte
1462 2970 1598 3024 mira
1632 2968 1808 3024 factus

208 3069 275 3123 ad
302 3066 757 3125 contemnendam
807 3067 1090 3138 pecuniam
1141 3072 1364 3136 propter
1411 3061 1805 3120 conciliandam

210 3160 456 3230 gratiam.
503 3158 605 3228 Qui
634 3159 944 3231 Hyrcanum
971 3157 1220 3212 consiliis
1254 3156 1369 3211 suis
1409 3154 1763 3225 perterritum
1788 3193 1804 3219 ,

206 3254 349 3327 quod
376 3246 583 3308 nullam
612 3252 805 3309 salutis
848 3267 961 3307 sua:
1000 3248 1152 3321 spem
1203 3259 1373 3305 tutam
1418 3246 1684 3313 haberet,
1715 3244 1805 3315 qui
1832 3247 1877 3311 C

208 3345 441 3414 imperio
469 3343 799 3401 decessisset
829 3342 931 3396 nisi
966 3340 1268 3411 transfugio
1311 3339 1415 3394 sibi
1455 3337 1765 3395 consuleret
1787 3376 1802 3400 .

210 3437 299 3493 ubi
326 3436 395 3491 ad
422 3451 550 3491 snas
579 3444 723 3492 artes
749 3434 1052 3502 inclinavit,
1085 3433 1325 3489 insinuat
1352 3436 1535 3487 Arelas
1561 3430 1695 3501 regi,
1726 3428 1807 3484 fo-

209 3529 445 3585 vendum
474 3528 678 3583 auxilio
704 3527 880 3582 virum
909 3529 999 3597 qui
1029 3525 1431 3581 circumventus
1461 3522 1603 3579 foret
1638 3531 1696 3577 ut
1720 3537 1807 3577 re-

207 3637 314 3693 gno
341 3620 599 3687 cederet;
626 3620 884 3677 decorum
915 3618 1019 3675 hoc
1044 3617 1163 3674 fore
1191 3616 1328 3687 regi,
1356 3617 1401 3672 si
1423 3615 1626 3672 arbiter
1650 3614 1806 3669 ﬁeret

210 3712 421 3782 imperii
449 3711 766 3768 restituendi
796 3728 810 3776 ;
837 3711 1115 3781 multoque
1143 3708 1418 3779 pulchrius
1439 3749 1454 3771 ,
1487 3707 1534 3761 si
1564 3706 1803 3763 circum-

200 3806 436 3875 scripto,
469 3804 555 3859 cui
586 3803 858 3874 primitiva
881 3802 1034 3872 regni
1063 3808 1436 3871 competerent
1462 3840 1478 3865 ,
1522 3797 1652 3855 dolo
1677 3797 1807 3852 sub-

208 3897 311 3952 lata
336 3895 621 3952 reformari
648 3882 902 3965 iuberet:
934 3892 1085 3949 illum
1109 3899 1388 3948 versutum
1422 3900 1477 3945 et
1505 3888 1761 3944 callidum
1785 3929 1801 3955 ,

206 4000 261 4045 et
286 3987 413 4044 ideo
453 3996 764 4057 suspectum
793 3986 986 4041 vicinis
1010 4003 1023 4040 :
1057 3984 1201 4040 hunc
1228 3983 1416 4041 miteut
1444 3989 1499 4037 et
1528 3982 1801 4053 quietum,

206 4082 296 4153 qui
326 4097 426 4153 pro
453 4096 666 4137 summo
698 4079 964 4136 beneficio
986 4076 1281 4146 acciperet,
1309 4073 1576 4147 quidquid
1612 4073 1714 4128 sibi
1736 4073 1805 4128 ab

206 4185 437 4232 externo
468 4173 796 4229 tribueretur
820 4213 854 4237 ,.
882 4171 971 4227 cui
1012 4170 1180 4226 frater
1224 4170 1388 4223 etiam
1429 4164 1688 4237 regnandi
1714 4164 1806 4235 jus

206 4267 522 4324 ademisset.
574 4264 936 4334 Praeparatam
968 4263 1151 4332 itaque
1188 4261 1367 4319 Arette
1406 4262 1548 4331 regis
1574 4257 1804 4329 gratiam

209 4360 458 4431 Hyrcano
488 4357 841 4423 annuntians,
870 4354 1107 4427 fugiendi
1135 4368 1289 4425 spem
1316 4353 1511 4409 detulit
1538 4393 1553 4417 ,
1580 4360 1637 4407 et
1660 4352 1802 4406 viam

206 4452 644 4520 demonstravit,
696 4463 754 4507 ut
797 4465 981 4509 secum
1030 4459 1238 4521 peteret
1271 4449 1486 4506 Petram
1514 4446 1566 4517 in
1603 4446 1805 4503 ﬁnibus

204 4547 421 4604 Arabiae
447 4546 608 4604 sitam
631 4585 648 4608 ,
680 4560 789 4616 quo
815 4545 868 4601 in
900 4543 1018 4599 loco
1044 4557 1227 4613 regem
1272 4541 1525 4603 adirent:
1565 4538 1657 4608 qui
1683 4551 1807 4608 pre-

1906 2032 2053 2079 trem
2075 2020 2345 2092 Antipatri
2370 2020 2643 2077 fallionem
2673 2017 2861 2089 pratlio
2885 2016 3060 2081 fudit;
3092 2016 3329 2086 Hyrcani
3346 2025 3511 2085 atque

1904 2116 2182 2186 Antipatri
2206 2127 2334 2184 spes
2356 2112 2507 2184 lapsa
2527 2119 2633 2177 est,
2658 2110 2853 2182 quibus
2875 2108 3073 2166 ﬁducia
3092 2108 3272 2171 omnis
3299 2106 3355 2165 in
3376 2108 3511 2163 Arae

1905 2209 2018 2266 hiat
2054 2207 2260 2264 viribus
2281 2216 2419 2263 erat.
2498 2246 2501 2249 .

2516 2294 2747 2357 CAPUT
2786 2293 2907 2351 XV.

1908 2418 1916 2427 λ
1983 2395 2090 2453 Sed
2115 2394 2205 2451 ubi
2232 2406 2463 2465 magnus
2489 2390 2783 2462 Pompeius
2819 2389 2975 2447 adire
2999 2387 3211 2461 Syriam
3236 2386 3422 2457 coepit,
3457 2395 3512 2443 ct

1917 2491 2236 2546 Damascum
2265 2486 2522 2552 advenit,
2567 2500 2597 2540 a
2630 2483 2887 2541 Romanis
2909 2498 3138 2554 quorum
3164 2480 3387 2536 auxiliis
3429 2481 3512 2535 in-

1913 2582 2068 2637 fm‘cti
2093 2623 2108 2647 ,
2140 2580 2211 2636 de
2239 2579 2488 2635 manibus
2507 2576 2788 2632 victoriam
2825 2575 3059 2630 amisere
3081 2615 3099 2640 ,
3135 2586 3295 2643 opem
3326 2581 3510 2643 postu-

1913 2675 2048 2740 lant,
2072 2672 2496 2742 Pompeiumque
2513 2668 2736 2733 adeunt,
2768 2676 3042 2737 tamquam
3058 2663 3194 2734 justi
3218 2663 3505 2728 arbitrum,

1911 2776 1967 2824 et
2015 2766 2238 2823 minime
2273 2779 2495 2825 avarum
2540 2762 2804 2833 pecunite.
2855 2757 3286 2830 Allegatiouibus
3324 2757 3509 2829 itaque

1913 2876 2021 2914 non
2047 2857 2362 2913 muneribus
2388 2855 2407 2928 (
2430 2863 2491 2911 ut
2515 2861 2641 2910 ante
2663 2854 2682 2925 )
2708 2848 2803 2909 niti
2834 2865 3092 2921 coepere;
3139 2849 3397 2920 quoniam
3429 2849 3511 2907 in-

1911 2962 2062 3023 teger
2085 2951 2298 3009 animus
2336 2949 2597 3003 adversus
2624 2943 2988 3015 corruptelam
3012 2942 3278 3013 pecunitr,
3303 2939 3510 3011 laqueis

1912 3043 2154 3101 avaritia:
2185 3058 2290 3097 non
2317 3039 2638 3111 capiebatur
2661 3080 2676 3105 ,
2722 3047 2778 3094 et
2820 3034 3057 3107 gratuito
3082 3034 3269 3090 odisse
3297 3040 3509 3104 poterat

1912 3138 2155 3193 fraterno
2185 3133 2496 3191 insidiatum
2520 3130 2752 3186 honori:
2793 3138 2849 3185 et
2879 3126 3003 3185 ideo
3042 3124 3127 3183 bis
3168 3138 3293 3183 eum
3321 3121 3507 3179 adorsi

1912 3227 2152 3299 querelis
2176 3265 2193 3292 ,
2235 3224 2431 3295 quibus
2455 3233 2510 3277 et
2533 3218 2852 3277 Aristobulo
2881 3218 3035 3273 fieret
3072 3214 3275 3269 invidia
3302 3253 3319 3279 ,
3361 3212 3509 3282 quod

1909 3320 2164 3390 indignus
2190 3317 2367 3373 aliena
2396 3314 2660 3371 invaserit
2681 3352 2699 3380 ,
2731 3320 2787 3366 et
2812 3311 3061 3387 Hyrcano
3085 3305 3467 3363 conciliaretur
3486 3343 3504 3370 ,

1907 3415 1996 3471 cui
2026 3412 2112 3468 vel
2140 3410 2333 3467 merito
2357 3409 2502 3476 vitae,
2532 3409 2617 3465 vel
2642 3404 2818 3461 aetatis
2846 3400 3105 3472 suffragio
3130 3396 3394 3470 regnandi
3418 3396 3509 3468 jus

1908 3512 2264 3576 competeret,
2317 3502 2651 3573 astipulante
2695 3496 2997 3570 praesertim
3040 3490 3228 3549 matris
3267 3491 3509 3547 aucturi-
3564 3512 3569 3517 -

1909 3609 2167 3671 tate,quae
2193 3610 2248 3654 et
2267 3597 2528 3669 judicium
2559 3590 2792 3665 eligendi
2822 3589 3009 3645 habuit
3035 3596 3091 3641 et
3100 3585 3191 3656 jus
3216 3582 3501 3643 conferen—

1908 3697 1985 3753 di.
2006 3693 2119 3750 Ncc
2147 3689 2495 3749 Aristobulus
2515 3690 2607 3744 diu
2627 3686 2820 3753 abfuit,
2849 3680 3099 3753 quamvis
3123 3677 3258 3735 nihil
3286 3678 3341 3732 in
3360 3688 3508 3745 mag-

1909 3803 1981 3843 no
2006 3783 2399 3857 pectore,quod
2432 3782 2543 3838 suis
2567 3779 2778 3834 artibus
2797 3777 3149 3838 conduceret,
3176 3769 3499 3827 intueretur:

1911 3877 2272 3950 prmsumebat
2302 3886 2482 3929 tamen
2512 3872 2581 3927 de
2606 3868 2794 3927 Scauri
2822 3865 3197 3934 redemptione
3217 3901 3234 3926 ,
3276 3873 3507 3928 seseque

1907 3976 2028 4045 ejus
2068 3972 2313 4042 jactabat
2354 3968 2640 4025 societate.
2696 3962 2855 4019 Venit
2894 3961 3080 4029 itaque
3114 3956 3267 4027 regio
3308 3960 3508 4009 ornatu

1908 4065 2172 4138 praeditus
2201 4108 2217 4132 ,
2270 4072 2326 4118 et
2373 4073 2544 4133 prope
2579 4056 2790 4127 majore
2817 4067 2980 4122 quam
3017 4049 3227 4107 solebat
3274 4046 3506 4133 stipatus

1907 4137 2113 4217 ambitu
2138 4197 2154 4223 ,
2206 4164 2263 4212 ut
2289 4154 2378 4226 qui
2427 4153 2496 4207 de
2522 4148 2736 4222 justitia
2769 4144 3090 4210 dissideret,
3118 4137 3503 4211 acquiescendi

1909 4247 2288 4322 praejudicium
2319 4242 2678 4307 excluderet,
2730 4253 2886 4311 spem
2923 4233 3212 4292 obediendi
3244 4238 3507 4303 negaret:

1909 4342 2007 4401 sed
2054 4339 2258 4396 diutius
2305 4336 2542 4394 tolerare
2573 4330 2804 4400 Romani
2846 4326 3091 4385 consulis
3121 4324 3509 4382 sublimitatem

1910 4430 2195 4505 nequivit,
2223 4428 2310 4485 cui
2339 4442 2460 4483 mos
2490 4434 2610 4481 erat
2639 4422 2790 4493 regni
2824 4419 3003 4476 exorti
3035 4416 3255 4487 regibus
3292 4412 3512 4485 imperi-

1911 4536 2048 4583 tare.
2077 4523 2266 4593 ltaque
2309 4520 2399 4576 ubi
2429 4518 2501 4574 ad
2533 4516 2725 4572 urbem
2766 4523 2991 4570 ventum
3019 4519 3138 4575 est,
3181 4508 3269 4564 cui
3304 4521 3507 4567 nomen

204 4639 359 4695 cibus
386 4636 656 4707 Antipatri
684 4600 949 4707 donisque
981 4600 1234 4701 inilesus,
1263 4635 1553 4705 plurimam
1572 4600 1808 4689 bellato-
1834 4645 1888 4705 Ι)
1912 4616 2158 4707 Diupolis
2182 4654 2197 4680 ,
2217 4612 2333 4707 alio
2363 4607 2672 4707 concessit,
2722 4605 2983 4707 Romanis
3009 4600 3288 4702 dignitatis
3318 4611 3509 4707 Super-

201 4747 325 4788 rum
353 4746 571 4791 manum
604 4729 853 4803 Hyrcano
883 4728 1147 4800 adjttuxit,
1182 4735 1242 4784 ut
1272 4742 1441 4798 regno
1486 4726 1806 4780 restituere-

206 4833 317 4883 tur.
374 4823 547 4881 Erant
594 4822 712 4881 fere
755 4823 995 4894 peditum
1034 4822 1389 4893 equitumque
1418 4817 1807 4890 quinquaginta

207 4916 377 4974 millia
401 4955 419 4982 ,
451 4931 481 4971 a
510 4917 706 4986 quibus
736 4917 907 4985 prima
939 4916 1125 4985 pulsus
1150 4913 1566 4983 congressione,
1602 4911 1811 4966 Aristo-

208 5010 372 5065 bulus
399 5007 829 5081 Hierosolymam
854 5006 1135 5076 confugit,
1165 5006 1346 5078 ibique
1383 5006 1586 5059 inlutus
1615 5003 1810 5057 adver-

208 5118 305 5160 sus
335 5110 537 5161 tantum
559 5100 795 5159 bastium
820 5099 1216 5155 multitudinem
1240 5115 1256 5166 ;
1289 5114 1409 5168 quae
1434 5098 1679 5153 clausum
1710 5111 1805 5151 ex-

210 5197 603 5267 pugnavisset,
645 5195 746 5251 nisi
772 5195 1010 5250 Scaurus
1037 5193 1229 5250 ductor
1256 5191 1485 5247 Romani
1535 5190 1807 5245 exercitus

194 5290 435 5349 alterius
456 5288 583 5345 belli
609 5289 898 5344 occasione
925 5289 1068 5356 quod
1096 5286 1356 5342 adversus
1385 5283 1674 5355 Tigranem
1712 5297 1806 5352 ge-

210 5382 467 5463 rebatur,
506 5381 761 5437 solvisset
784 5378 1130 5439 obsidionem
1155 5420 1170 5442 ,
1214 5379 1413 5436 missus
1447 5393 1476 5433 a
1507 5375 1763 5447 Pompeio
1788 5416 1804 5441 ,

215 5473 301 5529 cui
316 5474 523 5544 recepti
555 5470 887 5528 Mithridatis
914 5470 1046 5525 ultio
1066 5471 1278 5541 gravis,
1320 5468 1555 5539 bellique
1576 5468 1629 5523 in
1659 5480 1813 5523 socc-

210 5583 333 5625 rum
379 5552 743 5623 transferendi
790 5565 1124 5636 prOpositum
1177 5564 1377 5619 exarsit
1420 5579 1436 5630 ;
1492 5578 1595 5635 qua
1648 5576 1810 5619 causa

288 5763 313 5790 α
355 5752 522 5808 Vetus
548 5745 743 5810 codex,
771 5739 1067 5800 conventus.
1094 5743 1260 5799 Bittis.

286 5822 317 5871 ἓν
351 5818 664 5896 Majoribus.
695 5816 767 5877 lu,

1912 4709 2095 4765 cilium
2129 4704 2448 4775 dedignatus
2472 4700 2624 4771 regni
2657 4709 2892 4753 tumore.
2918 4694 3033 4764 Qua
3052 4691 3369 4749 secessione
3392 4688 3516 4744 Ari-

1912 4800 2115 4877 stobuli
2141 4840 2156 4863 ,
2211 4804 2298 4854 est
2339 4810 2448 4851 non
2477 4793 2773 4849 mediocris
2798 4789 2959 4845 datus
2987 4782 3280 4843 oliensioui
3320 4784 3468 4838 locus
3494 4822 3509 4848 ,

1914 4873 2082 4964 usque
2113 4891 2248 4946 adeo
2277 4895 2556 4944 commoto
2587 4882 2815 4939 consule
2840 4922 2857 4948 ,
2906 4890 2963 4937 ut
3003 4879 3185 4935 statim
3216 4890 3368 4931 arma
3406 4873 3513 4929 llo-

1911 4997 2197 5041 mattorum
2228 4981 2279 5034 in
2301 4978 2547 5033 Judaeum
2576 4983 3066 5036 converterentur;
3091 4967 3398 5037 conjunctis
3413 4964 3516 5036 Sy-

1913 5077 2008 5132 riae
2036 5075 2198 5130 etiam
2242 5072 2516 5142 plerisque
2541 5065 2901 5124 auxiliaribus
2937 5081 2950 5118 :
2982 5077 3143 5133 quem
3173 5060 3260 5115 tibi
3289 5073 3513 5129 compe-

1914 5170 1985 5227 rit
2016 5166 2367 5224 Aristobulus
2416 5162 2484 5217 ad
2538 5156 3130 5238 ιιὼειιιβςγιῑιορυϋηι
3179 5162 3343 5225 atque
3390 5151 3519 5206 inde

1915 5263 2121 5318 Coreas
2153 5257 2593 5329 appropinquare
2618 5297 2634 5324 ,
2666 5252 2808 5310 unde
2849 5260 2967 5305 erat
2994 5247 3199 5305 Iudaeae
3225 5243 3519 5326 exordium

1851 5386 1856 5390 -
1918 5353 2283 5430 possessionis
2311 5394 2326 5418 ,
2357 5349 2606 5422 confugit
2641 5353 2693 5405 in
2724 5346 3108 5404 Alexandriutn
3136 5350 3372 5397 castrum
3404 5352 3525 5395 mu-

1918 5452 2091 5507 nitum
2138 5445 2471 5513 admodum,
2524 5454 2579 5502 ct
2652 5445 2706 5500 itt
2770 5446 2959 5498 monte
3019 5438 3288 5495 altissimo
3336 5433 3521 5491 situm.

1916 5546 2036 5615 Quo
2062 5542 2315 5613 cognito,
2360 5539 2515 5610 jubet
2564 5552 2687 5594 eum
2729 5534 3020 5605 Pompeius
3047 5528 3425 5591 descendere;
3467 5539 3526 5584 at

1910 5746 2021 5860 huc!
2060 5731 2407 5857 Il’apyrenem,
2458 5724 2681 5797 Joseplt.
2724 5738 2843 5793 cap.
2902 5721 2958 5783 5,
3019 5720 3113 5775 lib.
3168 5734 3222 5781 t,
3278 5718 3341 5773 de
3390 5713 3523 5772 Bell.

2029 5849 2042 5860 .
2100 5819 2150 5858 [ι.

2029 5849 2042 5860 .
2077 5819 2150 5858 ID.
