3964 6316
495 291 636 349 1975
724 341 730 345 ,

1818 280 2066 339 SANCTI
2104 278 2430 337 AMBROSII

3652 274 3795 331 i976

492 407 590 466 ille
630 414 908 476 tamquam
953 402 1110 460 herili
1154 408 1429 473 praecepto
1486 398 1714 455 obedire
1770 397 2089 463 indecorum
2116 400 2172 459 Α
2196 396 2366 467 poris,
2392 410 2515 452 cum
2540 395 2722 453 subito
2744 395 2885 451 intra
2903 394 3094 451 urbem
3117 401 3237 450 orta
3261 390 3465 449 seditio
3484 390 3802 448 volentibus

495 499 835 565 exiStimans,
859 496 1157 567 perieulum
1187 494 1371 566 potius
1390 491 1730 549 subeundum
1759 532 1774 559 ,
1802 504 1965 562 quam
1997 489 2094 544 ob-

494 591 912 663 temperandum
962 588 1196 660 imperio
1224 587 1394 643 animi
1436 585 1759 642 immodicus
1787 582 2091 639 arbitraba-

494 696 603 743 tur.
627 683 737 741 Sed
766 683 965 739 referta
982 681 1198 752 populis
1212 680 1456 737 Romana
1478 687 1655 734 castra
1678 676 1912 745 desuper
1935 689 2093 745 spec-

493 787 640 845 tans,
669 775 829 832 simul
859 789 890 829 a
921 773 1037 830 suis
1064 773 1326 839 monitus,
1373 786 1481 827 non
1532 769 1880 826 lacessendos
1907 809 1924 832 ,
1955 782 2092 839 quo—

489 884 612 926 rum
642 868 698 923 in
726 882 923 923 nomen
951 881 1017 922 ac
1043 874 1369 937 potestatem
1400 873 1545 919 totus
1573 876 1744 934 prope
1788 859 1937 916 orbis
1985 868 2094 914 ter-

489 976 675 1019 rarum
706 969 1076 1026 concesserat,
1105 958 1410 1023 descendit,
1439 955 1793 1028 pluribusque
1822 969 1951 1008 usus
1972 950 2094 1024 qui-

497 1055 598 1111 bus
623 1070 847 1126 regnum
879 1054 982 1109 sibi
1005 1054 1127 1123 jure
1152 1052 1392 1108 delatum
1415 1054 1663 1105 astruere
1689 1046 2088 1113 contenderat,

446 1195 450 1199 .
494 1149 581 1204 vel
610 1148 828 1220 generis
848 1146 1091 1201 debitum
1117 1144 1520 1201 necessitudine
1546 1184 1561 1209 ,
1593 1140 1677 1195 vel
1702 1140 1974 1196 exercitus
1998 1138 2089 1208 ju-

493 1241 639 1298 dicio
664 1282 680 1311 ,
730 1241 822 1312 qui
852 1250 1072 1296 secutus
1100 1240 1171 1295 sit
1198 1238 1518 1294 validiorem
1548 1278 1563 1300 ,
1600 1233 1907 1291 deseruerit
1935 1234 2088 1304 igna-

490 1351 657 1391 vum:
710 1335 796 1390 vel
837 1344 1037 1391 eventu
1081 1332 1290 1405 praelii,
1338 1330 1423 1387 vel
1464 1328 1606 1401 pacti
1627 1327 1994 1385 conventione
2021 1325 2089 1380 ad

495 1427 851 1484 munitionem
885 1426 1196 1483 revertitur.
1246 1424 1459 1481 Rursus
1482 1438 1605 1479 cum
1636 1421 1922 1495 Hyrcanus
1953 1434 2089 1476 con-

493 1523 668 1579 sulem
700 1521 950 1587 adiisset,
979 1531 1201 1577 vocatus
1228 1520 1294 1576 ad
1316 1517 1580 1590 judicium
1611 1518 1959 1573 Aristobulus
1981 1557 1996 1580 ,
2030 1531 2090 1572 se

494 1633 555 1674 se
585 1618 1019 1689 reprazsentavit.
1069 1616 1176 1674 Sed
1222 1631 1345 1672 cum
1393 1614 1570 1670 adhuc
1613 1610 2088 1683 comperendinari

494 1711 862 1782 cognitionem
896 1709 1124 1777 videret,
1154 1709 1206 1764 in
1231 1708 1515 1764 castellum
1542 1720 1824 1777 regressus
1845 1714 1947 1761 est.
1980 1704 2091 1759 Me-

2194 488 2430 561 llyrcani
2452 487 2616 544 sociis
2640 488 2778 543 urbe
2804 486 3050 558 recipere
3067 485 3408 555 Pompeium,
3430 482 3807 540 renitentibus

2195 583 2493 639 Aristobuli
2517 582 3035 655 propugnatoribus;
3066 580 3147 637 illi
3161 580 3804 652 portasaperireliagno,

2194 676 2282 732 isti
2307 676 2586 742 obserare,
2616 666 2929 747 bellumque
2947 675 3171 742 inferre,
3197 690 3266 731 ne
3286 675 3806 748 regem,eriperent.

2195 767 2302 824 Sed
2346 768 2595 839 pluribus
2635 783 2773 840 quos
2816 777 2996 825 terror
3034 769 3291 839 potentiae
3335 768 3602 823 Romana:
3633 782 3806 825 auxe-

2194 872 2520 931 rat,cessere
2534 860 3013 934 inferiores,atque
3029 862 3081 917 in
3100 861 3363 934 templum
3374 876 3500 918 sese
3512 875 3809 933 recepere,

2192 957 2375 1012 soluto
2411 965 2579 1027 ponte
2604 955 2702 1026 qui
2743 954 2973 1011 transitu
3002 956 3192 1026 pervio
3217 960 3408 1010 urbem
3435 968 3501 1008 ac
3538 953 3806 1025 templum

2194 1049 2408 1106 medius
2446 1044 2829 1119 coniunxerat.
2872 1048 3146 1120 Receptus
3184 1048 3366 1120 itaque
3407 1047 3465 1103 in
3494 1046 3696 1103 urbem
3729 1056 3811 1102 est

2193 1143 2471 1199 exercitus
2492 1142 2789 1210 Romanus,
2822 1150 2878 1199 et
2902 1143 3017 1198 suis
3040 1142 3292 1197 manibus
3325 1141 3501 1197 Judaei
3528 1156 3805 1212 aperuere

2193 1244 2400 1307 portas,
2435 1251 2542 1289 non
2570 1235 2744 1290 multo
2771 1244 2895 1306 post
2915 1234 3067 1291 urbis
3094 1250 3159 1290 ac
3182 1235 3372 1306 templi
3407 1235 3806 1307 expugnatori-

2193 1330 2294 1387 bus
2352 1327 2567 1385 futuris.
2596 1327 3055 1401 Completumque
3103 1337 3190 1384 est
3237 1328 3373 1383 illud
3431 1327 3802 1396 Davidicum:

2193 1422 2336 1479 Deus
2388 1432 2635 1479 venerunt
2673 1432 2847 1497 gentes
2901 1423 2959 1477 in
3012 1422 3365 1478 hereditatem
3394 1428 3571 1488 tuam,
3602 1422 3806 1492 pollue-

2192 1528 2314 1573 runt
2336 1520 2585 1589 templum
2615 1528 2850 1573 sanctum
2876 1526 3022 1572 tuum
3045 1516 3220 1590 (Psai.
3244 1532 3453 1581 Lxxvn,
3487 1516 3568 1588 1).
3591 1515 3803 1586 Sponte

2192 1609 2377 1680 itaque
2417 1609 2692 1666 tradidere
2723 1609 2927 1681 regalia
2957 1623 3075 1676 sua,
3108 1623 3329 1665 cessere
3359 1607 3573 1664 aulicis.
3616 1607 3802 1663 Pisoni

2191 1704 2342 1758 claro
2373 1704 2515 1758 inter
2536 1717 2666 1758 suos
2696 1702 2813 1758 viro
2843 1712 2899 1758 et
2926 1702 3133 1757 militiae
3164 1701 3454 1773 stipendiis
3473 1702 3800 1770 exercitato,

493 1802 616 1859 dius
645 1804 789 1859 enim
820 1802 964 1858 inter
988 1817 1139 1872 spem
1170 1810 1227 1857 et
1258 1802 1508 1856 timorem
1536 1799 1776 1869 putabat,
1810 1798 1955 1869 quod
1982 1797 2084 1852 im-
2115 1794 2164 1855 B
2194 1799 2245 1854 id
2270 1798 2471 1869 negotii
2499 1798 2853 1854 commissum
2882 1806 2985 1863 est,
3015 1805 3074 1852 ut
3102 1812 3266 1852 manu
3291 1795 3471 1851 valida
3501 1795 3691 1851 aulam
3716 1811 3803 1851 re—

492 1895 664 1965 periis
694 1894 812 1965 ejus
856 1892 1163 1949 obedicndo
1189 1892 1254 1947 ad
1285 1893 1366 1949 sui
1393 1893 1620 1963 gratiam
1650 1890 1966 1961 Pompeium
2009 1890 2092 1944 in-

496 1984 759 2041 ﬂecteret.
787 1984 895 2040 Sed
923 1999 991 2039 ne
1022 1984 1073 2038 vi
1105 1984 1413 2054 adigeretur
1452 1982 1648 2038 iterum
1676 1982 1905 2052 imperio
1931 1980 2092 2037 cede-

496 2093 595 2146 re,
637 2079 690 2133 in
721 2077 1105 2135 Alexandriam
1143 2093 1265 2135 sese
1311 2078 1627 2149 recipiebat.
1676 2077 1788 2133 Nec
1830 2077 2094 2148 prteteriit

497 2170 750 2241 Magnum
776 2169 919 2240 regis
949 2169 1186 2225 versutia
1214 2186 1230 2229 :
1254 2169 1409 2239 jubet
1434 2184 1558 2225 eum
1601 2169 1887 2225 discedere
1916 2169 2092 2224 muni-

499 2262 773 2318 tionibus:
808 2262 970 2333 idque
1001 2261 1294 2331 facturum,
1319 2261 1460 2316 datis
1488 2262 1542 2316 in
1573 2261 2093 2336 singuloscustodes

499 2357 865 2411 munitionum
892 2357 1109 2421 litteris,
1142 2370 1265 2411 sese
1294 2356 1641 2427 astringeret.
1674 2354 1851 2410 Jussis
1871 2354 2094 2426 quidem

498 2448 701 2519 paruit,
735 2463 855 2518 qua}
884 2463 990 2502 non
1018 2447 1250 2503 audebat
1280 2446 1574 2505 refellere:
1625 2448 1874 2518 protinus
1911 2456 2093 2503 tamen

501 2538 1010 2610 llierosolymitanis
1036 2539 1307 2594 moenibus
1348 2553 1472 2595 sese
1498 2538 1746 2607 abdidit,
1787 2547 1844 2595 et
1890 2540 2093 2596 bellum

499 2632 787 2687 adversum
820 2632 1098 2688 Romanos
1127 2647 1320 2703 parare
1349 2634 1535 2705 erepit.
1566 2634 1854 2705 Pompeius
1879 2649 2096 2705 quoque

500 2724 794 2797 fugientem
820 2726 1057 2798 insequi,
1091 2743 1294 2799 urgere
1319 2729 1563 2784 clausum
1590 2770 1606 2796 ,
1637 2744 1815 2801 neque
1842 2729 2097 2800 parandis

501 2821 630 2877 belli
657 2822 840 2877 usibus
870 2831 1083 2892 tempus
1113 2822 1281 2877 ullum
1309 2822 1462 2879 dare.
1491 2823 1700 2880 Direxit
1723 2823 1896 2894 Magni
1926 2825 2100 2878 inten-

501 2913 709 2969 tionem
739 2913 807 2969 de
842 2915 1154 2971 Mithridate
1183 2917 1406 2972 nuntius
1431 2957 1446 2980 ,
1494 2918 1638 2987 quod
1689 2928 1864 2973 morte
1892 2918 2097 2974 bellum

502 3006 754 3064 Iiniisset.
805 3007 947 3064 Urbs
995 3008 1210 3065 Hierico
1254 3011 1306 3065 in
1359 3011 1602 3067 finitimis
1639 3012 1753 3067 suis
1783 3012 2099 3083 Pompeium

504 3101 746 3165 tenebat,
776 3115 900 3155 cum
932 3100 1011 3157 rei
1040 3110 1358 3157 memorata:
1387 3101 1585 3157 indicia
1612 3104 1863 3159 venirent
1901 3121 1915 3159 :
1950 3105 2101 3160 locus

507 3208 679 3263 prope
696 3194 905 3260 urbem,
934 3193 987 3248 in
1006 3209 1113 3265 quo
1139 3193 1435 3249 balsamum
1458 3193 1715 3266 gignitur,
1740 3196 2100 3268 virgultisque
2125 3173 2172 3238 (ἶ

510 3285 815 3342 innascitur
837 3328 852 3353 ,
899 3302 1021 3357 quae
1066 3286 1337 3357 lapidibus
1381 3286 1629 3342 incidunt
1658 3289 1812 3358 pueri
1842 3287 2106 3359 agricola-

510 3393 653 3445 rum,
688 3394 888 3448 perque
918 3393 1012 3434 eas
1039 3379 1335 3436 incisiones
1363 3378 1592 3435 distillat
1620 3380 1818 3435 humor
1848 3381 2106 3454 lacrymis

510 3468 737 3539 pulchre
766 3471 1097 3527 rorantibus.
1145 3471 1274 3528 Inde
1300 3474 1381 3526 vir
1409 3471 1619 3529 militia:
1649 3485 1804 3529 vetus
1829 3477 2105 3545 composi-

512 3562 583 3616 tis
611 3561 895 3618 ordinibus
920 3604 936 3631 ,
969 3563 1035 3619 ad
1065 3578 1353 3635 vesperum
1382 3548 1558 3620 castra
1586 3565 1754 3620 movit
1778 3608 1795 3635 ,
1839 3575 1890 3622 et
1932 3568 2107 3637 primo

510 3652 753 3709 diluculo
779 3654 1284 3728 ilierosolymitanis
1315 3657 1585 3714 mcenibus
1607 3658 1795 3728 astitit,
1820 3665 1982 3731 atque
2008 3661 2108 3714 im-

504 3747 766 3819 provisus
795 3756 1030 3806 armatas
1056 3749 1203 3805 acies
1234 3749 1487 3806 infundit.

1085 3840 1332 3909 _CAPUT
1372 3841 1513 3898 XVI.

510 3925 519 3932 ’
583 3933 1008 4006 Obstupefactus
1051 3936 1397 3993 Aristobulus
1450 3937 1825 4009 dispositionis
1873 3941 2056 4011 Specie
2086 3982 2102 4009 ,

511 4028 751 4084 virorum
782 4029 1004 4093 robore,
1038 4028 1267 4085 militum
1294 4031 1596 4097 alacritate,
1626 4044 1819 4104 sponte
1849 4035 2106 4103 occurrit,

509 4122 724 4176 veniam
753 4131 1025 4190 precatur,
1055 4123 1366 4191 pecuniam,
1396 4123 1583 4180 urbem
1602 4166 1616 4188 ,
1650 4141 1818 4196 seque
1848 4128 2105 4189 οἴω-ρης.

509 4214 815 4284 Verbisque
847 4214 900 4269 in
929 4215 1189 4271 mollibus
1219 4216 1541 4286 suppliciter
1568 4219 1782 4276 inflexis
1826 4221 2108 4293 mitigave-

507 4319 595 4366 rat
622 4309 1047 4380 indignationem
1079 4310 1331 4366 Consulis
1357 4331 1371 4367 :
1424 4312 1520 4367 sed
1570 4312 1723 4369 irrita
1755 4317 2067 4385 precatione
2091 4361 2105 4383 ,

504 4402 632 4471 quia
660 4398 886 4456 effectus
913 4399 1101 4456 deerat
1127 4401 1524 4470 promissionis,
1553 4418 1660 4459 non
1688 4403 1864 4459 solum
1900 4407 2110 4475 negatis

508 4493 758 4565 pecuniis
782 4533 799 4561 ,
832 4493 927 4549 sed
950 4496 1115 4549 etiam
1148 4493 1283 4569 urbe
1311 4495 1535 4550 excluso
1559 4494 1793 4552 Gabinio
1836 4498 1928 4568 qui
1956 4498 2107 4554 obla-

508 4597 620 4643 tam
651 4588 874 4658 petitum
901 4596 1148 4653 venerat,
1181 4587 1381 4644 bellum
1400 4589 1665 4645 incubuit.
1695 4589 1940 4662 Namque
1961 4591 2105 4663 Mag-

508 4696 614 4736 nus
653 4680 912 4737 adhibitis
954 4681 1273 4737 custodibus
1309 4681 1624 4739 Aristobulo
1648 4725 1662 4750 ,
1715 4685 1863 4741 urbis
1906 4686 2104 4742 muenia

505 4773 779 4844 speculari
803 4774 990 4845 coepit,
1025 4782 1191 4845 atque
1219 4775 1501 4844 explorare
1525 4776 1837 4847 diligentius
1862 4819 1875 4842 ,
1908 4779 2106 4850 quibus

509 4866 564 4921 in
613 4866 749 4922 locis
793 4875 1027 4922 tentaret
1066 4866 1450 4938 irruptionem.
1503 4866 1608 4925 Sed
1658 4884 1779 4925 cum
1825 4880 1881 4926 et
1922 4872 2103 4927 valida

505 4974 788 5015 murorum
817 4959 1301 5029 circumspectaret
1325 5001 1341 5028 ,
1390 4961 1532 5031 quod
1582 4961 1884 5034 expugnari
1914 4965 2105 5035 nequi-

503 5060 665 5118 rent,
698 5060 755 5106 et
782 5053 1039 5123 templum
1064 5052 1118 5107 in
1147 5054 1281 5109 urbe
1310 5053 1454 5109 haud
1486 5053 1836 5111 inferioribus
1863 5058 2100 5113 circum-

501 5142 687 5198 datum
720 5145 1142 5212 munitionibus,
1172 5156 1228 5202 et
1259 5155 1318 5202 ut
1341 5147 1617 5217 geminum
1649 5158 1797 5204 esset
1826 5153 2103 5222 ingressus

500 5236 805 5307 periculum
846 5245 902 5293 et
937 5252 966 5292 a
997 5237 1375 5294 defensoribus
1405 5239 1628 5311 templi,
1678 5252 1736 5297 et
1777 5241 1847 5297 ab
1888 5242 1972 5298 his
2011 5245 2103 5314 qui

503 5330 1233 5401 murorum‘prnpngnacula
1283 5340 1566 5388 tuerentur
1592 5375 1606 5399 ,
1656 5342 1683 5371 τι
1712 5333 1876 5389 haesit
1917 5337 2105 5392 animo

506 5420 727 5488 dubius,
743 5421 1136 5493 sententiaeque
1161 5423 1399 5478 incertus
1419 5438 1518 5494 per
1542 5424 1936 5496 aliquantulum
1965 5436 2104 5482 tem-

571 5566 600 5595 ⁸
627 5556 933 5612 Gronovius
961 5554 1170 5611 Monob.
1198 5572 1319 5627 pag.
1351 5555 1443 5625 67,
1472 5559 1746 5615 reStituit:
1779 5559 1948 5618 Haesit
1977 5580 2104 5619 an.-

501 5628 574 5751 Eti
613 5628 770 5681 dubio
794 5668 810 5695 ,
841 5628 1202 5699 sententiwque
1238 5630 1434 5684 incerto
1475 5631 1800 5700 aliquantum
1823 5637 2085 5706 temporis.

552 5710 780 5753 statuo.
1186 5718 1189 5725 λ
1262 5720 1263 5725 η

569 5753 1297 5825 blnlercurrentibus.Bitun.-
1420 5767 1427 5828 ί
1520 5764 1587 5833 ’ί

572 5846 594 5874 ο
625 5834 855 5887 Habebat
886 5871 900 5887 .
937 5870 948 5886 .
986 5871 999 5886 .
1036 5873 1047 5888 .
1081 5846 1523 5896 tnrremurormn.
1553 5842 1628 5899 ib.

2192 1891 2334 1961 giam
2362 1899 2666 1961 cmteraque
2710 1889 2860 1946 urbis
2902 1888 3097 1945 tuenda
3127 1889 3502 1945 existimaret:
3545 1889 3697 1959 quod
3737 1889 3802 1943 ab

2192 1999 2261 2039 eo
2289 1984 2524 2041 sollicite
2547 1992 2817 2050 curatum,
2850 1983 3002 2054 quasi
3031 1981 3099 2037 ad
3130 1997 3193 2038 ea
3222 1980 3577 2052 defendenda.
3598 1982 3799 2052 potius,

2192 2091 2355 2147 quam
2394 2075 2710 2147 occupanda
2739 2075 3109 2131 Romanorum
3139 2075 3437 2130 exercitum
3467 2073 3798 2157 ductaverit.

2194 2172 2279 2230 Ad
2306 2171 2498 2242 templi
2526 2179 2709 2227 autem
2747 2170 3128 2240 irruptionem,
3159 2169 3415 2240 quoniam
3448 2168 3801 2238 pertinaciter

2194 2262 2574 2331 resistebatur,
2597 2263 2819 2320 Judteos
2849 2262 3070 2333 Magnus
3098 2263 3309 2334 paravit
3336 2263 3521 2318 socios
3551 2259 3803 2316 videlicet

2169 2356 2455 2429 -Hyrcani,
2492 2367 2549 2412 ut
2586 2356 2631 2412 si
2661 2356 2776 2412 fieri
2814 2363 3020 2427 posset,
3064 2356 3238 2411 aliena
3279 2354 3511 2411 Romani
3545 2351 3799 2425 mysteria

2197 2468 2306 2507 non
2330 2451 2683 2522 profanarent
2704 2470 2717 2506 :
2742 2452 2903 2507 simul
2928 2459 2988 2506 ut
3006 2450 3119 2506 suis
3144 2448 3396 2505 manibus
3417 2446 3599 2502 ειυόωί
3626 2445 3797 2501 fossas

2197 2549 2496 2618 replerent,
2521 2546 2690 2617 impio
2719 2544 3023 2602 ministerio
3049 2551 3105 2598 et
3133 2545 3275 2613 turpi
3302 2540 3571 2611 obsequio
3596 2538 3795 2595 servie-

2198 2657 2328 2703 runt
2356 2658 2548 2701 manus
2574 2657 2766 2698 eorum
2798 2642 2852 2696 in
2880 2638 3139 2711 cophino,
3168 2647 3383 2694 mentes
3407 2639 3463 2691 in
3502 2633 3792 2705 sacrilegio

2197 2737 2374 2810 (Psal.
2398 2754 2568 2804 Lxxx,
2601 2736 2687 2811 7):
2713 2736 2810 2793 sed
2831 2735 2964 2791 nihil
2996 2732 3312 2805 proficiebat
3337 2731 3644 2802 congestio,
3675 2740 3793 2784 cum

2200 2838 2569 2890 reniterentur
2595 2847 2626 2888 e
2664 2831 2833 2886 muris
2862 2827 3163 2884 Aristobuli
3202 2825 3463 2891 fautores,
3483 2831 3539 2878 et
3560 2821 3797 2892 desuper

2202 2929 2461 2985 afferrent
2503 2926 2994 2998 impedimentum:
3040 2923 3306 2993 irritaque
3359 2918 3622 2990 Pompeio
3672 2913 3799 2970 fuis-

2203 3031 2325 3079 sent
2364 3021 2609 3085 exordia,
2656 3020 2757 3075 nisi
2796 3017 2824 3057 δ
2864 3015 3267 3073 incurrentibus
3304 3013 3479 3070 sacris
3519 3006 3799 3081 religionis

2202 3114 2418 3182 diebus,
2450 3112 2648 3182 quibus
2684 3111 2752 3165 ab
2778 3109 2926 3164 omni
2961 3121 3157 3163 vacare
3190 3119 3358 3176 opere
3391 3102 3613 3160 Judaeos
3646 3109 3799 3156 vetus

2204 3206 2513 3263 observatio
2559 3204 2727 3269 foret,
2770 3200 3058 3257 imminere
3096 3212 3227 3255 suos
3266 3194 3592 3268 aggerendis
3629 3201 3801 3249 terra-

2206 3314 2326 3357 rum
2376 3296 2599 3353 tumulis
2636 3294 3057 3365 imperavisset:
3103 3292 3220 3349 sola
3260 3290 3404 3347 enim
3445 3284 3801 3344 conserendas

2206 3408 2399 3450 manus
2438 3392 2788 3461 usurpatione
2832 3388 2886 3445 in
2924 3386 3373 3443 consuetudinem
3406 3396 3567 3438 versa
3589 3423 3607 3449 ,
3637 3380 3801 3437 etiam

2207 3487 2465 3553 sabbato,
2507 3485 2552 3539 si
2593 3491 2773 3540 tamen
2804 3482 3066 3537 inferatur
3091 3478 3368 3551 praelium,
3415 3485 3471 3532 et
3510 3474 3686 3531 salute
3710 3487 3799 3529 ex-

2205 3590 2443 3638 tremum
2483 3587 2696 3650 petatur
2730 3577 3058 3650 periculum,
3086 3570 3492 3631 decernendum
3522 3569 3630 3626 sibi
3659 3566 3801 3624 ferro

2207 3675 2378 3733 Judaei
2423 3672 2741 3730 existimant
2777 3688 2791 3725 :
2838 3669 3046 3740 reliqua
3085 3665 3381 3725 certamina
3419 3660 3675 3732 religioni
3711 3658 3800 3714 du-

2209 3776 2360 3826 cunt.
2383 3766 2504 3823 Jam
2528 3764 2728 3821 vallum
2753 3769 3095 3828 excreverat,
3120 3759 3231 3832 jam
3257 3756 3525 3815 machinae
3548 3755 3798 3817 admotae,

2209 3861 2587 3934 repugnabant
2619 3859 2757 3931 regii
2810 3870 3091 3913 murorum
3130 3853 3417 3909 altitudine
3482 3850 3796 3912 ferociores,

2211 3970 2312 4012 nec
2340 3952 2639 4010 intermixti
2668 3951 2873 4024 prmliis
2907 3949 3162 4020 propiore
3188 3946 3366 4019 Magni
3391 3959 3623 4002 accessu
3655 3940 3801 3999 incli-

2211 4049 2499 4106 nabantur.
2557 4046 2821 4117 Stupebat
2866 4042 3159 4114 Pompeius
3199 4055 3357 4097 acres
3397 4040 3646 4096 virorum
3688 4036 3795 4092 ani—

2211 4157 2352 4208 mos,
2404 4140 2542 4197 muri
2588 4140 2842 4195 decorem
2883 4152 2950 4193 ac
2980 4135 3426 4208 magnitudinem,
3458 4143 3517 4189 et
3546 4145 3793 4204 nusquam

2210 4236 2440 4291 remissa
2482 4231 2659 4289 ofﬁcia
2700 4229 3042 4287 sacerdotum
3089 4229 3143 4283 in
3180 4226 3363 4282 medio
3403 4225 3539 4282 belli
3575 4225 3791 4281 furore:

2212 4335 2487 4398 tamquam
2521 4323 2785 4397 profunda
2817 4338 2918 4394 pax
2947 4331 3094 4379 esset
3124 4319 3258 4375 nihil
3288 4319 3480 4376 deerat
3512 4317 3796 4373 sacrificio-

2212 4436 2334 4476 rum
2365 4418 2699 4476 solemnitati
2725 4457 2740 4483 ,
2767 4415 3168 4471 imbellatorum
3200 4412 3343 4468 inter
3367 4409 3552 4482 jacula
3582 4420 3796 4467 mortes-

2212 4528 2317 4586 que
2338 4526 2601 4569 caesorum
2628 4509 2954 4566 fundebatur
2982 4506 3203 4580 sanguis
3227 4505 3556 4561 hostiarum.
3582 4504 3796 4561 Victima

2209 4608 2472 4663 altaribus
2503 4605 2904 4678 imponebatur,
2935 4614 3064 4660 ante
3085 4616 3236 4658 aram
3266 4601 3427 4672 positi
3449 4599 3792 4657 feriebantur.

2209 4703 2426 4760 Tertius
2466 4702 2578 4772 jam
2616 4700 2821 4756 mensis
2849 4711 3049 4768 anceps
3076 4695 3253 4752 adhuc
3287 4702 3572 4751 certamen
3609 4704 3635 4734 ο
3662 4703 3795 4749 tene-

2209 4796 2320 4851 bat.
2340 4794 2556 4850 Primus
2571 4792 2704 4851 Silla
2723 4800 2872 4848 ortus
2893 4787 3409 4853 Cornelio,Faustus
3430 4796 3487 4841 et
3503 4785 3794 4842 duocentu-

2207 4890 2409 4956 rienes,
2442 4903 2671 4960 quorum
2694 4885 2783 4941 nni
2809 4900 3005 4942 nomen
3033 4882 3220 4951 Furio,
3256 4882 3412 4938 alteri
3439 4890 3563 4938 erat
3585 4879 3790 4941 Fabius,

2207 4982 2417 5054 deiecta
2451 4987 2594 5037 terra
2624 4994 2922 5043 murorum,
2964 4976 3226 5047 templum
3267 4975 3539 5045 irrupere,
3583 4969 3794 5044 singulis

2210 5075 2563 5149 sequentibus
2591 5088 2713 5131 sese
2739 5073 3004 5138 catervis,
3037 5081 3093 5128 et
3134 5068 3541 5127 circumdantes
3574 5066 3793 5136 undique

2208 5169 2395 5239 templi
2448 5168 2739 5234 interiora,
2794 5179 3163 5237 quoscumque
3213 5172 3568 5233 repererant,
3618 5158 3793 5233 gladiis

2203 5262 2720 5323 transverberabant
2742 5301 2757 5327 ,
2783 5259 3133 5315 caedebantur
3159 5257 3457 5327 fugientes,
3498 5266 3792 5327 repugnan-

2205 5368 2290 5414 tes
2332 5357 2423 5413 alii
2477 5353 2964 5412 obtruncabantur.
3027 5350 3213 5406 Nullus
3268 5348 3530 5421 parcendi
3578 5348 3787 5409 modus,

2198 5468 2301 5509 nec
2333 5461 2509 5507 tamen
2545 5463 2609 5505 ea
2640 5445 2846 5503 STViiia
2878 5446 3202 5502 bellantium
3223 5485 3237 5511 ,
3270 5443 3533 5514 obsequia
3562 5442 3590 5480 ά
3623 5450 3787 5497 vatum

2308 5566 2333 5604 ἀ
2352 5565 2556 5631 Vatum,
2581 5561 2634 5616 id
2658 5558 3122 5631 esﬁsacerdotum,‘
3148 5565 3216 5631 int
3239 5573 3304 5611 ex
3334 5556 3784 5631 contextttliquct.

2202 5638 2373 5707 Quem
2394 5629 2623 5707 quidem
2654 5629 2827 5707 locum
2870 5630 3116 5707 pluribus
3146 5629 3716 5707 illustrat_Ma1.oebins
3740 5640 3783 5707 γ.

2198 5696 2257 5762 ἆ
2292 5709 2346 5763 in
2377 5696 2660 5760 Comment.
2709 5701 2778 5759 ad
2802 5696 2988 5765 mqrm.
3024 5699 3199 5771 Neap.
3229 5699 3362 5754 sccl.
3391 5697 3661 5755 kalenda'r.
3690 5696 3783 5752 vol.

2192 5776 2286 5847 Ill,
2316 5791 2437 5850 pag.
2473 5775 2599 5833 771.
2632 5774 2906 5831 Cumano.

3142 5847 3236 5877 Ir;
