3964 6330
49 320 203 378 4977
951 320 1225 380 ntsron.
1263 322 1355 380 ne
1392 322 1675 382 EXCIDIO
1713 323 1993 387 BIEROS.
2039 281 2241 389 uasis
2280 330 2413 388 LIB.
2453 331 2497 388 ι.
3262 337 3405 398 tare

55 432 366 507 impedita.
433 432 664 491 Nudati‘s
716 433 915 506 gladiis
963 434 1285 493 imminebat
1329 436 1506 494 hostis
1556 455 1572 494 :
1620 437 1700 496 illi
1725 441 1952 510 Abella
1992 442 2283 518 Pompeius
2312 447 2565 519 egregius
2603 447 2900 521 imperator
2928 450 3048 509 fuit.
3080 451 3413 513 Prteclarum

57 536 259 584 tamen
321 527 465 584 sine
520 527 630 583 ulla
681 526 1094 598 perturbatione
1148 528 1292 584 soliti
1348 529 1523 585 vicem
1579 545 1699 585 mu-

1826 551 1908 593 toc
1933 537 2169 607 addidit,
2202 548 2262 623 ut
2289 541 2341 596 in
2371 542 2600 601 victoria
2642 544 2863 601 modum
2894 554 3107 604 teneret
3133 547 3418 622 :'denique

60 622 220 677 ηθτίε
249 619 982 725 ειςξαξιρῦτςιξιυτηΝυιιιἮι
1013 620 1387 725 intermissum
1418 629 1504 677 est
1531 620 1695 678 ofﬁcii
1800 631 2133 703 benignitate
2157 616 2261 691 sibi
2291 637 2462 709 magis
2485 653 2646 709 quam
2675 648 2907 707 terrore,
2935 656 3073 711 quos
3093 643 3301 699 vicerat
3321 616 3415 700 as-

59 728 266 786 genus.
335 711 619 783 Quidquid
682 712 749 767 ad
807 711 1200 783 purificationis
1257 713 1693 781 solemnitatem,

1826 726 2050 795 ociavit,
2074 738 2326 786 auctores
2346 733 2724 789 tantummodo
2746 733 2875 790 belli
2907 737 3085 792 securi
3115 737 3405 808 percussit.

62 805 347 879 quidquid
379 804 458 860 ad
485 804 667 860 cultus
691 804 831 860 sacri
862 804 1265 861 observantiam
1304 814 1555 877 spectare
1596 822 1699 878 po-

1826 819 2086 877 l‘ributum
2115 836 2330 895 quoque
2357 822 2518 881 victis
2544 825 2823 898 imposuit,
2847 829 3037 885 statuit
3064 804 3283 895 ducem,
3312 829 3409 886 Ju-

63 908 252 967 terat,
296 897 595 968 impletum
641 905 748 954 est.
796 896 970 952 Tanta
1020 906 1140 954 erat
1187 870 1697 957 cura-ministerii:

1826 870 2086 877 ---η-η---
2118 870 2330 895 γη--
2371 870 2518 881 ην..-
2545 870 2823 898 ,...,.ν,....,
2847 870 3037 885 -........
3065 870 3283 895 πω...
3312 870 3406 886 ...-

1826 912 1933 968 latae.
1982 914 2118 972 ﬁnes
2146 916 2550 973 determinavit.
2584 918 2712 977 Suis
2761 936 2893 992 ergo
2940 921 3140 979 finibus
3171 924 3408 979 circum-

65 1001 236 1063 atque
282 990 510 1045 utinam
554 1005 654 1061 pro
686 988 915 1046 veritate
958 990 1271 1047 devotionis
1311 1000 1365 1048 et
1396 992 1522 1049 fidei
1567 993 1700 1050 fuis-

1826 1011 2001 1082 cripta
2029 1008 2215 1065 Judaza
2244 1018 2361 1067 est:
2402 1011 2722 1069 reformavit
2748 988 2910 1069 etiam
2946 1013 3213 1071 Gadaram
3242 1031 3407 1088 quam
3458 1038 3463 1042 δ

63 1084 181 1140 set!
217 1082 441 1152 Majora
467 1096 680 1153 quoque
699 1096 731 1137 a
758 1082 875 1137 suis
903 1091 1023 1137 orta
1056 1082 1321 1153 pericula,
1351 1092 1378 1121 ει
1403 1099 1565 1154 quam
1596 1084 1700 1142 sibi

1826 1103 1973 1160 'udrei
1998 1113 2329 1172 everterant,
2353 1114 2576 1177 rogatus
2604 1121 2634 1161 a
2660 1106 2940 1163 Demetrio
2960 1109 3050 1179 qui
3081 1082 3275 1179 patriae
3292 1123 3410 1165 sua:

70 1176 453 1271 abAHa’bmﬁs
478 1175 708 1231 ίηνίθθω
734 1174 1134 1271 ἱΨΨῲπίυῆ
1165 1186 1329 1247 mque
1352 1177 1499 1233 imus
1521 1193 1699 1249 Pugna
1800 1198 2120 1268 hujusmodi
2149 1199 2376 1270 gratiam
2399 1174 2441 1253 at
2461 1179 2692 1270 patrono
2727 1174 3051 1271 poposcerat
3137 1210 3192 1257 et
3223 1182 3275 1256 in
3305 1201 3407 1257 hac

68 1268 493 1333 vehementior,
526 1277 584 1323 et
612 1282 644 1322 a
672 1268 950 1324 seditiosis
979 1270 1204 1340 propius
1230 1278 1286 1325 et
1315 1283 1520 1340 anceps
1557 1272 1703 1340 peri-

1826 1307 1964 1348 ausa
2001 1302 2057 1349 et
2093 1268 2171 1349 in:
2188 1293 2434 1365 plurimis
2454 1268 2598 1361 apud
2623 1268 2873 1365 Magnum
2895 1309 3056 1366 supra
3083 1293 3405 1352 libertorum

72 1362 256 1466 culum
282 1376 354 1466 :.a
387 1360 574 1419 fronte
595 1370 855 1420 externus
878 1362 1075 1430 hostis,
1099 1377 1128 1419 a
1152 1372 1304 1434 tergo
1330 1363 1700 1437 lateribusque
1801 1389 2020 1445 modum
2053 1360 2224 1459 usqu'e
2271 1387 2339 1444 ad
2379 1360 2636 1443 invidiam
2681 1360 3002 1456 e;cellens';
3028 1386 3403 1444 Aristobulum

75 1454 448 1512 ἀοωθειιουεο
1801 1493 1981 1539 autem
2010 1454 2149 1538 cum-
2178 1480 2305 1536 [iliis
2353 1489 2407 1537 et
2432 1494 2625 1536 socero
2655 1481 2773 1551 ejus
2800 1454 3047 1550 captivos
3075 1480 3267 1536 statuit
3312 1495 3405 1535 se-

1800 1591 1925 1632 cum
1957 1575 2184 1631 Romam
2216 1574 2489 1631 deducere
2516 1591 2530 1629 :
2563 1573 2660 1630 sed
2689 1586 2827 1628 unus
2853 1588 2919 1629 ex
2950 1573 3138 1630 sobole
3177 1573 3325 1645 regia
3354 1574 3409 1629 in

1801 1669 1997 1727 itinere
2017 1670 2232 1740 elapsus
2257 1667 2597 1734 custodibus,
2632 1666 2851 1723 domum
2881 1666 3203 1722 revertitur:
3231 1668 3281 1723 ei
3307 1682 3410 1724 no-

1801 1780 1926 1820 men
1973 1763 2307 1829 Alexander,
2342 1771 2474 1818 aetas
2518 1761 2685 1817 fratre
2731 1760 3044 1833 provectior
3087 1769 3144 1817 et
3186 1772 3410 1819 sorores

673 1567 907 1628 CAPUT
946 1569 1112 1627 XVII.

144 1684 336 1757 Itaque
364 1684 617 1740 conclusi
649 1683 911 1757 undique,
939 1685 1030 1741 alii
1053 1700 1112 1741 se
1133 1684 1580 1757 prmcipitabant,
1606 1685 1698 1742 alii

83 1781 271 1851 patriae
304 1780 588 1835 incendiis
615 1780 1006 1836 exurebantur.
1048 1778 1374 1835 Sacerdotes
1401 1788 1582 1836 tamen
1612 1794 1702 1836 us-

84 1893 184 1949 que
211 1876 279 1931 ad
324 1877 587 1932 ultimum
611 1877 664 1931 in
704 1892 805 1932 suo
831 1891 1058 1932 munere
1090 1875 1537 1947 perseverabant,
1573 1874 1702 1931 hor-

1826 1860 1943 1915 luas.
1969 1858 2271 1928 Antigonus
2293 1865 2473 1912 autem
2497 1868 2615 1910 aavo
2634 1853 2817 1925 junior
2841 1868 2965 1909 cum
2996 1850 3218 1909 feminei
3243 1867 3410 1911 sexus

89 1980 260 2027 tantes
288 1985 351 2026 se
373 1971 636 2039 invicem,
663 1987 730 2026 ne
756 1971 809 2025 in
850 1970 1243 2039 posterioribus
1271 1975 1539 2039 ponerent
1580 1967 1702 2023 ofli-

1826 1954 2161 2024 germanitate
2189 1951 2256 2007 ad
2289 1951 2475 2006 urbem
2510 1948 2828 2017 deducitur,
2860 1946 3255 2019 Pompeiusque
3281 1945 3412 2004 Cili-

83 2064 221 2119 cium
244 2062 538 2134 religionis
558 2078 717 2133 quam
744 2062 932 2117 salutis
955 2060 1267 2132 praesidium
1294 2077 1306 2114 :
1332 2070 1484 2115 recte
1509 2074 1693 2115 secum
1726 2061 1775 2122 B
1801 2051 1964 2118 ciam,
1991 2048 2190 2105 deinde
2216 2047 2442 2102 Romam
2473 2043 2651 2116 petiit.

87 2158 186 2229 agi,
217 2157 262 2214 si
287 2157 484 2228 pietati
518 2155 919 2227 impenderent,
967 2153 1111 2225 quod
1141 2152 1434 2209 deberetur
1465 2152 1704 2209 necessi-
2382 2137 2614 2195 CAPUT
2650 2136 2841 2194 XVIII.

90 2253 204 2318 tati,
223 2250 797 2321 pulcherrimumque,
821 2248 867 2304 si
900 2248 952 2303 in
974 2247 1162 2318 patria:
1180 2247 1303 2303 sinu
1331 2244 1550 2317 sepeliri
1576 2244 1706 2300 lice-
1879 2240 1949 2293 At
1971 2236 2023 2291 in
2053 2234 2206 2308 Syria
2225 2234 2460 2291 Scaurus
2482 2233 2573 2304 qui
2597 2232 2748 2287 (lueis
2766 2230 2947 2286 OHICiO
2969 2237 3204 2302 ρτωεηι
3223 2243 3414 2301 recep-

96 2356 190 2403 ret.
214 2345 355 2414 Quid
393 2357 583 2402 autem
611 2345 829 2417 juvaret
855 2341 1116 2407 evadere,
1156 2350 1210 2395 ct
1244 2339 1593 2410 superstitem
1624 2339 1708 2392 vi-
1810 2331 1876 2386 tis
1905 2329 2152 2395 urbibus,
2185 2343 2321 2399 quas
2345 2326 2518 2383 Judaei
2548 2327 2859 2381 invaserant
2889 2324 2941 2379 in
2975 2323 3409 2391 mediterraneis,

96 2456 215 2497 vere
244 2440 543 2511 religioni?
575 2438 897 2509 praeclarum
928 2435 1112 2507 potius
1142 2447 1282 2504 Opus
1314 2432 1525 2487 muneri
1557 2446 1709 2486 com-
1807 2422 2145 2497 Scythopoli,
2172 2422 2396 2494 lppone,
2420 2421 2592 2488 Pella,
2619 2419 2901 2487 Samaria,
2944 2418 3179 2491 Jamnia,
3209 2418 3412 2485 Mirisa,

103 2534 228 2589 mori
259 2534 370 2605 pio.
406 2531 569 2602 Quod
591 2528 638 2586 si
668 2532 788 2603 quis
817 2527 1045 2601 periculi
1070 2537 1240 2591 metu,
1271 2525 1511 2592 deserat,
1541 2520 1709 2580 sacri-
1809 2518 2006 2583 Azoto,
2050 2516 2317 2572 Arethusa
2346 2534 2358 2569 :
2406 2514 2692 2570 maritimis
2722 2528 2958 2585 quoque,
3005 2511 3182 2579 Gaza,
3214 2511 3411 2582 Joppe,

104 2626 291 2697 legium
320 2637 405 2682 est
430 2644 445 2681 :
478 2626 528 2681 si
556 2624 676 2695 quis
713 2622 958 2693 impleat,
1001 2619 1328 2675 sacrificium
1355 2627 1409 2674 et
1440 2618 1541 2687 pia:
1580 2628 1706 2686 pas-
1811 2614 1950 2670 Dora
1982 2621 2037 2668 et
2059 2627 2121 2666 ea
2145 2626 2265 2680 quae
2287 2606 2557 2664 Stratonis
2582 2607 2747 2661 turris
2770 2606 2900 2660 olim
2925 2605 3238 2672 vocabatur,
3259 2612 3409 2674 post-

106 2718 262 2775 sionis
294 2719 549 2774 victoria.
589 2715 805 2772 lnlulati
837 2715 1018 2785 itaque
1053 2711 1366 2767 sacerdOtes
1395 2710 1539 2765 inter
1581 2722 1708 2764 suas
1810 2722 1872 2764 ea
1913 2714 2097 2761 autem
2143 2702 2389 2760 Czcsarea
2427 2702 2865 2771 nuncupatasuh
2894 2699 3123 2770 imperio
3157 2698 3414 2767 llerodis,

110 2809 302 2865 hostias
341 2809 795 2877 immolabantur,
828 2814 884 2862 ct
916 2804 1098 2860 amicti
1130 2801 1562 2859 sacerdotalibus
1592 2809 1709 2856 sto-
1811 2799 1903 2872 qui
1935 2810 1989 2856 et
2009 2806 2258 2853 ornatum
2291 2795 2497 2851 addidit
2525 2803 2579 2849 et
2622 2810 2817 2849 nomen
2850 2791 3096 2858 mutavit,
3125 2790 3413 2848 adversum

114 2902 174 2957 lis
194 2904 329 2958 inter
356 2902 629 2958 cadavera
657 2914 924 2957 caesorum
953 2897 1101 2953 humi
1129 2894 1399 2967 jaccbant.
1427 2893 1569 2949 Fusa
1602 2892 1711 2948 illic

114 2993 406 3051 Judzeorum
439 2994 747 3069 :duodecim
781 2991 979 3057 millia,
1013 2990 1379 3045 Romanorum
1420 2987 1577 3058 pauci
1617 3001 1713 3042 ex-

117 3088 301 3156 stincti,
332 3090 527 3160 plures
548 3085 815 3161 vulnerati
841 3093 987 3140 sunt.
1021 3082 1165 3138 Nihil
1191 3091 1372 3136 tamen
1405 3079 1622 3151 gravius
1656 3078 1712 3134 in

119 3179 199 3235 illa
228 3181 440 3237 miseria
467 3181 855 3251 ingemuerunt
880 3177 1073 3245 Judxei,
1104 3191 1264 3247 quam
1295 3174 1437 3246 quod
1470 3174 1562 3229 illa
1590 3172 1714 3229 abs-

121 3273 315 3328 condita
350 3282 478 3330 ante
508 3272 1001 3329 sanctificationum
1031 3269 1312 3342 mysteria,
1344 3275 1548 3323 retecta
1580 3281 1713 3337 gen-

123 3365 249 3423 tibus
267 3382 328 3422 ac
344 3367 692 3423 manifestata
712 3374 856 3421 sunt.
882 3365 1127 3434 Denique
1143 3360 1437 3431 Pompeius
1459 3373 1712 3415 curarum

124 3458 407 3517 istiusmodi
438 3460 729 3518 declinans
760 3457 1033 3527 superflua
1062 3456 1191 3510 dum
1218 3454 1495 3525 triumpho
1533 3452 1713 3523 potius
1737 3446 1785 3509 Ο

127 3551 350 3608 ambusta
375 3554 631 3619 ambiret,
663 3549 1017 3621 sequentibus
1059 3561 1182 3603 sese
1212 3561 1432 3601 suorum
1463 3544 1712 3615 plurimis

128 3645 247 3702 vidit
265 3648 700 3714 tabernaculum,
728 3645 1029 3701 secundum
1053 3641 1197 3713 quod
1219 3641 1323 3697 soli
1360 3639 1593 3710 principi
1626 3652 1715 3693 sa-

129 3737 386 3794 cerdotum
437 3738 672 3796 solemni
703 3751 927 3793 accessu
957 3735 1198 3806 patebat,
1230 3740 1396 3803 atque
1429 3731 1573 3786 intus
1602 3730 1716 3786 ins—

130 3828 262 3896 pexit
283 3829 585 3894 lucernam,
615 3836 671 3885 et
704 3840 970 3892 mensam,
1003 3820 1110 3879 etab
1140 3821 1517 3894 thymiamata,
1547 3827 1603 3875 et
1637 3826 1717 3873 ta-

130 3918 269 3977 bulas
292 3922 654 3989 Testamenti,
687 3934 960 3990 superque
988 3931 1082 3973 eas
1101 3913 1420 3976 Cherubim,
1451 3920 1507 3967 et
1535 3909 1719 3966 multi-

134 4014 352 4071 tudinem
383 4024 688 4074 aromatum
718 4014 1047 4083 dispersam,
1082 4017 1139 4064 et
1166 4021 1337 4062 sacrae
1363 4004 1606 4075 pecunia:
1638 4012 1721 4059 ta-

134 4106 267 4162 lenta
311 4108 414 4164 duo
461 4108 631 4165 millia
678 4126 692 4162 :
745 4107 797 4162 in
848 4105 1046 4179 quibus
1090 4117 1215 4158 cum
1258 4099 1549 4173 plurimum
1599 4097 1720 4153 auri

137 4212 287 4270 esset,
319 4204 527 4277 integer
570 4214 751 4259 tamen
781 4203 852 4258 ab
884 4200 1033 4256 omni
1076 4196 1376 4269 cupiditate
1400 4235 1413 4259 ,
1449 4194 1538 4250 vel
1576 4193 1719 4265 ipsa,

138 4293 215 4349 vel
253 4296 297 4351 si
336 4313 437 4371 qua
466 4312 747 4355 sacrorum
780 4309 1045 4351 vasorum
1078 4291 1304 4347 inventa
1343 4292 1491 4354 sunt,
1523 4288 1721 4343 intacta

139 4389 327 4444 servari
370 4392 627 4463 praecepit
673 4408 687 4445 :
740 4396 795 4444 et
847 4384 1097 4458 sequenti
1149 4390 1277 4454 post
1319 4380 1587 4437 excidium
1632 4378 1724 4434 die

144 4485 165 4513 ο
189 4478 482 4539 Τιιεοοοτυε
504 4482 667 4555 jussit
688 4479 938 4537 mandari
965 4477 1151 4548 templi
1180 4474 1465 4545 interiora,
1493 4487 1557 4529 ac
1580 4471 1726 4528 cele-

142 4566 270 4626 brari
298 4583 506 4629 assueta
527 4573 813 4651 sacrificia.
843 4571 1096 4642 Hyrcano
1121 4581 1339 4639 quoque
1363 4564 1727 4636 principatum

145 4664 414 4721 sacerdotii
435 4667 581 4723 dedit
604 4674 855 4739 prompta
878 4664 997 4734 ejus
1009 4675 1176 4733 opera
1203 4674 1334 4715 usus
1353 4661 1404 4713 in
1424 4657 1727 4715 obsidionis

146 4758 446 4817 necessitate
480 4782 494 4818 :
526 4777 649 4817 nam
681 4761 783 4816 etsi
826 4758 1026 4815 infidus
1067 4756 1201 4823 suis,
1236 4754 1499 4810 Romanis
1542 4762 1726 4809 tamen

1811 2896 2023 2955 Arabas
2044 2895 2245 2952 bellum
2274 2890 2888 2971 moliebatur,l.lud:eam
2916 2890 3058 2945 inter
3078 2888 3414 2959 Euphratem

1812 3003 1869 3049 et
1894 2992 2190 3064 Egyptum
2215 3009 2229 3046 :
2257 2990 2470 3061 Syriam
2500 3001 2716 3059 quoque
2747 2986 2861 3042 suis
2902 2987 3249 3041 reformatam
3292 2983 3417 3038 lini-

1814 3085 1937 3152 bus,
1968 3085 2175 3157 judicio
2204 3096 2466 3139 coercens
2509 3079 2897 3151 prtedandiquc
2941 3077 3228 3149 cupidine;
3275 3076 3417 3148 quod

1817 3182 1998 3253 potius
2044 3194 2193 3247 reor,
2224 3194 2387 3248 quam
2424 3175 2736 3247 proferendi
2780 3173 2995 3243 imperii
3024 3171 3235 3244 gratia:
3268 3185 3417 3226 sum-

1815 3292 1960 3333 mam
1990 3272 2144 3346 regni
2168 3270 2381 3329 Arabize
2410 3270 2626 3326 Petram
2671 3267 2927 3323 invadere
2952 3265 3162 3331 volens,
3188 3262 3422 3319 difficul-

1819 3378 1929 3425 tate
1956 3366 2174 3439 quidem
2203 3366 2445 3421 locorum
2479 3361 2791 3432 impeditus,
2825 3359 3125 3428 irrumpere
3152 3355 3417 3425 nequivit;

1815 3464 1969 3536 plura
2004 3472 2186 3516 tamen
2215 3459 2302 3513 vel
2325 3456 2631 3528 propinqua
2660 3453 2779 3509 urbi
2816 3451 2905 3507 vel
2928 3451 3085 3522 longe
3113 3448 3284 3520 posita
3322 3447 3416 3504 de-

1814 3553 2069 3619 vastavit,
2118 3551 2308 3622 quibus
2350 3550 2403 3604 in
2436 3547 2572 3602 locis
2614 3544 2911 3603 exercitum
2960 3542 3078 3613 ejus
3113 3549 3416 3597 morantem

1815 3647 1990 3704 fames
2021 3647 2345 3709 incesserat;
2374 3656 2439 3697 ac
2469 3653 2607 3711 pene
2650 3637 2934 3693 incidisset
2962 3635 3170 3690 facinus
3197 3632 3423 3688 misera-

1818 3742 1947 3808 bile,
1972 3740 2074 3797 nisi
2102 3753 2200 3809 pcr
2224 3735 2571 3805 Antipatrum
2599 3728 2969 3786 laborantibus
2998 3725 3258 3781 Romanis
3282 3723 3420 3796 Hyr-

1820 3849 1987 3893 canus
2023 3831 2337 3890 alimoniam
2367 3826 2763 3889 ministrasset;
2797 3818 3061 3891 idemquej
3081 3818 3151 3873 de
3191 3816 3422 3873 consilio

1820 3927 2013 3984 Scauri
2052 3926 2274 3981 Aretam
2321 3918 2623 3975 monuisset
2668 3914 2880 3970 solvere
2925 3910 3125 3967 bellum
3169 3908 3420 3979 pecunia.

1822 4022 2066 4091 Denique
2083 4019 2341 4073 trecentis
2366 4010 2581 4068 talentis
2604 4007 2778 4066 Arabs
2805 4006 2965 4063 hoste
2990 4019 3048 4060 se
3063 4004 3233 4067 exuit,
3256 4002 3424 4059 Scau-

1822 4129 1944 4171 rum
1968 4108 2199 4167 redemit
2219 4109 2351 4164 :hoc
2371 4103 2734 4177 regressionis
2755 4100 2876 4171 ejus
2904 4099 3134 4170 pretium
3151 4096 3252 4151 fuit
3269 4112 3283 4149 :
3303 4111 3424 4167 qua:

1823 4223 1912 4265 res
1936 4207 2186 4279 Hyrcano
2210 4202 2373 4259 [idem
2393 4215 2517 4257 cum
2541 4198 2806 4255 Romanis
2829 4193 3086 4258 ﬁrmavit,
3105 4191 3425 4247 societatem

1824 4308 1881 4358 et
1917 4296 2182 4371 profunda
2214 4309 2348 4368 pace
2375 4291 2722 4350 securitatem
2747 4286 2992 4352 fovebat;
3024 4285 3170 4356 quod
3200 4282 3254 4339 in
3294 4280 3430 4337 locis

1826 4393 2115 4469 hostilibus
2143 4391 2408 4448 exercitui
2436 4388 2708 4452 Romano,
2746 4398 2912 4456 opera
2939 4381 3058 4452 ejus
3085 4394 3154 4435 ex
3181 4376 3430 4447 indigen-

1827 4487 1905 4542 tia
1927 4468 2101 4557 gravi,
2131 4468 2393 4540 frumenti
2422 4481 2647 4537 satietas
2678 4474 2819 4532 facta
2842 4514 2858 4543 ,
2891 4471 3260 4542 auxiliumque
3290 4483 3430 4540 pra:—

1827 4586 1915 4635 sto
1942 4564 2063 4633 fuit.

2423 4641 2654 4701 CAPUT
2692 4639 2837 4698 XIX.

1902 4740 2011 4799 Sed
2057 4739 2149 4797 ubi
2173 4737 2482 4797 Alexander
2509 4753 2541 4794 e
2581 4734 2812 4793 vinculis
2839 4731 3031 4806 .Magni
3054 4731 3295 4803 elapsus,
3324 4728 3436 4801 pri-

80 4862 81 4865 ‘
150 4846 330 4918 lidelis,
355 4863 412 4909 ut
443 4870 536 4911 sua
567 4856 741 4927 patria
784 4860 1210 4925 expugnaretur.
1244 4848 1353 4905 Sed
1394 4856 1523 4919 puto
1554 4848 1727 4904 nemi-
1751 4842 1806 4903 Ι)
1830 4853 1978 4894 mum
2005 4829 2240 4902 occulte,
2267 4840 2324 4889 et
2352 4847 2449 4903 per
2469 4831 2804 4902 aliquantum
2831 4836 3051 4900 tempus
3075 4838 3298 4881 manum
3327 4822 3435 4879 sibi

152 4952 258 4995 nem
287 4942 385 5001 diei
414 4947 624 5006 fidelem
654 4962 841 5019 posse,
875 4946 966 5018 qui
997 4944 1114 5002 suis
1142 4940 1304 4999 fuerit
1341 4940 1576 4996 invidus.
1608 4939 1728 4996 Non

155 5033 493 5100 perfunctorie
518 5041 701 5112 itaque
729 5043 784 5095 in
825 5041 945 5110 ipso
971 5036 1160 5109 przelio
1195 5034 1336 5106 juvit
1379 5032 1566 5089 hostes
1595 5046 1726 5087 suo-

157 5138 283 5195 rum,
312 5132 394 5187 vel
423 5135 563 5203 quod
592 5132 963 5192 extramurani
993 5129 1177 5204 populi
1201 5127 1604 5184 multitudinem
1635 5140 1731 5182 an-

161 5215 394 5278 nitentem
430 5224 745 5284 Aristobulo
782 5225 1011 5282 retraxit
1051 5223 1123 5280 ab
1169 5221 1286 5293 ejus
1313 5220 1616 5276 societate:
1663 5219 1731 5275 ad

160 5311 317 5365 munia
345 5324 516 5374 tamen
545 5315 1252 5391 quibus'veljprzeveniendi
1282 5313 1602 5382 Aristobuli,
1632 5312 1734 5369 du-

162 5403 404 5477 eendique
432 5410 546 5480 ejus
588 5412 934 5477 auctoritate,
963 5408 1051 5466 vel
1092 5407 1435 5467 conficiendo
1478 5404 1733 5464 celeriter

226 5574 250 5640 ξι
282 5567 361 5640 Al.
391 5587 501 5640 qua:
527 5574 649 5629 sibi.
679 5542 863 5629 Bima.-

226 5631 337 5723 lt-Al
365 5631 798 5723 ιΙξειηιὶιιηιᾳιιενῑιςἶ
815 5643 1021 5699 Auctor
1042 5641 1295 5723 infra_lib.
1325 5656 1376 5723 v_.
1401 5654 1522 5710 cap.
1547 5638 1742 5723 9:012:-

173 5710 247 5785 tua
266 5709 919 5785 (Ιιψηρὸηιηιειςίιιηι,’ἱηιιιε
946 5730 1145 5776 mensa,
1177 5714 1316 5785 intus
1347 5709 1578 5785 lucerna.
1601 5711 1745 5785 Quae

175 5776 553 5855 9¹¹Ϊί¹υίὶῐὶυεβίο
594 5782 699 5838 huc
724 5776 939 5855 quoque
977 5783 1279 5855 revocanda
1314 5782 1559 5855 videtur:
1583 5780 1746 5855 ,ΝΗιῇ

179 5843 303 5902 mim
341 5843 424 5907 hic
473 5853 600 5912 facit
629 5843 908 5925 myn'dauia
933 5886 947 5921 ,
977 5843 1081 5910 hoc
1120 5861 1206 5912 est
1242 5852 1477 5921 sumtus;
1506 5848 1595 5907 ubi
1625 5843 1750 5922 post

1836 4929 2089 4986 idoneam
2114 4939 2475 4998 congregans,
2497 4920 2696 4980 deinde
2722 4920 2901 4993 palam
2926 4931 3248 4991 percursare
3273 4916 3439 4986 coepit

1836 5023 2078 5080 Iudaeam
2108 5040 2124 5078 :
2155 5019 2416 5092 exagitari
2465 5018 2771 5090 Hyrcanus,
2802 5024 2856 5071 et
2897 5013 3060 5071 rebus
3089 5010 3205 5068 suis
3233 5008 3442 5066 diflide-

1819 5132 1899 5181 ,re
1922 5133 1937 5171 :
1962 5116 2242 5172 Romanos
2267 5126 2395 5169 cura
2422 5124 2641 5182 urgere,
2667 5123 2736 5165 ne
2762 5106 2960 5163 bellum
2991 5104 3286 5176 glisceret:
3311 5101 3440 5173 quin

1838 5211 2002 5268 etiam
2053 5223 2267 5265 murum
2307 5218 2618 5278 praeparare
2647 5200 3038 5272 Hierosolymis
3081 5195 3441 5252 constituerat

1838 5320 2000 5380 quem
2024 5304 2248 5376 Magnus
2269 5299 2644 5363 destrinxerat;
2669 5309 2734 5351 ac
2761 5308 2927 5365 prope
2951 5302 3242 5362 aggressus
3267 5286 3445 5343 fuerat

1839 5414 1997 5475 Opus,
2047 5396 2154 5455 nisi
2198 5393 2462 5452 Gabinius
2511 5389 2602 5464 qui
2648 5389 2854 5447 Scauro
2895 5384 3181 5453 successit,
3237 5379 3442 5439 curatis

1847 5563 2124 5620 lucernam
2154 5564 2210 5614 et
2246 5566 2514 5617 mensam,
2542 5551 2717 5607 altare
2742 5562 2965 5604 aureum
2994 5544 3452 5620 sufﬂmenlquut,

1848 5612 2453 5702 sEi'tiééi'eupmapm,
2498 5612 2910 5702 memorandum
2954 5623 3255 5702 supererat.
3282 5612 3458 5694 Crete-

1850 5686 2382 5773 ruﬁm’lhymihterjy'oz
2412 5686 2591 5773 potius
2617 5707 2781 5773 quam
2814 5686 3282 5773 tliymiarlmterium
3311 5686 3451 5773 scri-

1853 5750 2386 5833 ἰῖᾞυῖἆῖἱέέέίξῆἰά.
2414 5750 2671 5831 ’Μηδειῇ
2712 5763 2749 5819 Ι.
2779 5768 2829 5819 c‘.
2860 5750 2982 5836 pag“.
3016 5757 3141 5817 794.
3166 5750 3446 5813 Gattanb.

1931 5851 1953 5888 ε
1984 5834 2147 5902 Forte
2176 5835 2472 5896 Neocorm.
2505 5838 2579 5894 In.
