3964 6382
490 292 633 357 19ἳ9

1779 287 2025 349 SANCTI
2065 286 2386 354 AHBROSII

3680 291 3808 347 ιω

489 420 712 464 strenue
740 408 956 465 exteris
985 407 1180 481 Quibus
1213 420 1477 465 terrorem
1507 408 1589 465 sui
1616 408 1851 467 nominis
1880 422 2097 479 sparse-
2122 409 2176 481 Α
2199 417 2291 463 cto
2307 422 2525 480 quoque
2546 407 2818 477 Pitholao,
2840 409 2931 480 qui
2959 408 3299 467 voluntarius
3326 423 3398 465 ex
3420 406 3806 479 Hierosolqu

490 512 596 567 rat,
621 501 1015 557 occurrendum
1058 502 1356 559 Alexandri
1403 501 1747 559 tentamentis
1771 501 2095 558 aestimavis-

493 603 597 651 set.
628 593 737 650 Nec
765 594 1074 650 Alexander
1100 594 1474 667 refugiendum
1520 595 1833 663 arbitratus,
1879 593 1976 650 sed
2004 592 2098 650 de-

494 703 724 743 cernere
755 686 948 765 prtelio
989 702 1157 744 ausus
1180 703 1302 744 eum
1342 688 1532 743 decem
1568 688 1805 743 millibus
1836 686 2099 758 peditum,

500 777 647 836 mille
675 789 729 835 et
760 778 1069 852 quingentis
1099 779 1375 851 equitibus
1414 780 1578 836 etiam
1610 778 1827 835 castella
1875 794 2098 850 repara-

496 874 598 942 vit,
631 873 1051 943 Alexandriam,
1082 874 1436 948 Hyrcanium,
1468 873 1872 931 Macheruntam
1914 886 2104 943 recep-

499 968 679 1025 taculo
704 969 810 1025 sibi
837 971 908 1043 (si
936 985 1026 1035 res
1057 969 1419 1041 poposcisset)
1470 968 1647 1024 futura
1674 1009 1690 1035 ,
1722 966 1807 1023 vel
1855 965 2105 1023 hostibus

500 1048 911 1133 impedimento,
938 1063 1193 1135 quoniam
1224 1073 1279 1118 et
1310 1060 1508 1117 Arabia
1547 1076 1656 1116 non
1697 1060 1830 1115 satis
1866 1058 1968 1115 lida
1996 1058 2106 1115 Ro-

484 1157 677 1221 manis
706 1157 951 1228 proxima
975 1167 1113 1212 erat.
1137 1154 1421 1221 Gabinius,
1453 1170 1560 1225 quo
1586 1152 1746 1210 citius
1768 1159 2100 1217 occurreret,

502 1249 571 1306 bl.
602 1250 895 1305 Antonium
922 1263 1043 1303 eum
1076 1255 1233 1321 parte
1277 1247 1551 1302 exercitus
1596 1242 1879 1318 pratmisit,
1919 1253 1977 1298 ut
2006 1243 2107 1297 iter

501 1343 736 1401 hostium
780 1341 1158 1414 impediretur,
1203 1340 1379 1397 donec
1423 1338 1542 1411 ipse
1569 1353 1690 1393 eum
1735 1345 1847 1393 toto
1891 1335 2107 1408 agmine

501 1432 841 1496 adventaret.
877 1438 1166 1511 Antipater
1193 1453 1316 1492 cum
1346 1436 1533 1492 electis
1560 1433 1879 1500 adveniens,
1910 1440 1963 1487 et
1991 1430 2106 1485 Ma-

502 1531 677 1588 liebus
698 1541 753 1587 et
783 1531 1064 1588 Pith’olaus
1091 1530 1323 1587 diversis
1345 1528 1657 1585 Judreorum
1680 1523 1901 1581 subnixi
1932 1529 2111 1579 cater-

502 1625 605 1691 vis,
651 1639 775 1680 eum
812 1624 1049 1680 Antonio
1079 1623 1227 1677 vires
1252 1621 1502 1693 junxere.
1537 1635 1673 1691 quos
1706 1615 1798 1674 ubi
1832 1615 2109 1672 confertos

504 1715 811 1795 Alexander
854 1715 987 1770 vidit
1013 1719 1165 1787 (nam
1203 1714 1313 1784 jam
1347 1720 1403 1768 et
1425 1711 1689 1769 Gabinius
1720 1709 1930 1780 aderat)
1959 1706 2108 1762 ﬂexit

500 1810 810 1877 consilium,
863 1821 917 1866 ut
950 1819 1249 1866 retrorsum
1275 1807 1518 1864 cederet.
1546 1804 1655 1863 Sed
1684 1820 1810 1861 cum
1849 1803 1960 1876 jam
2003 1817 2109 1858 non
2140 1796 2190 1858 B
2216 1819 2277 1859 se
2320 1821 2333 1859 :

502 1900 664 1979 longe
716 1912 903 1959 essent
965 1902 1034 1959 ab
1092 1899 1537 1974 Hierosolymis,
1591 1905 1816 1954 coactus
1876 1908 2100 1951 manum

502 2012 814 2065 conserere,
846 1996 1020 2051 vietus
1049 1994 1276 2064 aufugit,
1305 1993 1511 2049 necatis
1537 1990 1709 2047 ferme
1738 1989 1917 2047 tribus
1947 1988 2107 2043 milli-

504 2089 606 2144 bus
635 2104 879 2157 suorum,
909 2089 1126 2143 caeteris
1147 2087 1320 2160 captis
1347 2095 1440 2143 aut
1463 2085 1728 2156 dilapsis;
1756 2085 1849 2140 vix
1872 2083 2107 2140 Alexan-

506 2182 605 2237 dro
652 2183 811 2254 pauci
862 2181 1206 2251 superfuere,
1253 2182 1430 2253 potius
1481 2180 1548 2235 ad
1580 2180 1721 2252 fugae
1761 2179 2105 2243 societatem,

506 2289 669 2345 quam
698 2273 765 2328 ad
795 2273 1093 2330 rebellandi
1122 2273 1424 2328 audaciam.
1451 2272 1698 2343 Denique
1725 2286 1911 2341 pacem
1943 2286 1973 2325 a
2001 2269 2110 2325 Ga-

510 2367 659 2424 binio
706 2376 919 2438 petens,
948 2365 1111 2422 etiam
1143 2365 1389 2431 castella,
1417 2380 1484 2422 ne
1514 2364 1643 2436 quid
1674 2372 1983 2432 suspectum
2017 2362 2112 2418 ba-

508 2459 732 2526 berent,
764 2457 1024 2513 Romanis
1063 2455 1304 2513 tradidit.
1348 2456 1426 2512 Eo
1463 2455 1606 2512 bello
1630 2455 1847 2526 egregie
1890 2453 2111 2508 Antonii

508 2553 681 2609 virtus
707 2553 954 2619 emicuit,
976 2551 1223 2623 quamvis
1246 2550 1566 2621 praeclarum
1591 2550 1790 2620 ubique
1816 2547 2113 2603 documen-

509 2658 622 2703 tum
668 2660 782 2703 suac
831 2644 1044 2702 dederit
1086 2643 1445 2701 fortitudinis.
1466 2642 1731 2700 Gabinius
1778 2642 1828 2695 in
1872 2641 2114 2711 quinque

510 2751 812 2794 conventus
835 2737 1076 2794 Judteam
1108 2737 1316 2804 divisit,
1346 2745 1403 2790 ut
1445 2742 1769 2805 potestatem
1817 2732 2111 2798 minueret,

516 2851 580 2891 ex
613 2850 716 2905 qua
764 2833 1043 2889 oriebatur
1089 2832 1267 2903 potior
1294 2847 1478 2887 rerum
1515 2829 1831 2885 insolentia.
1864 2824 2115 2899 Hyrcano

513 2933 611 3000 pro
670 2927 1086 2983 mansuetudine
1140 2926 1344 2999 ingenii
1399 2926 1517 2997 ejus
1578 2923 1870 2982 sacerdotii
1941 2923 2116 2977 honor

514 3021 755 3076 mansit:
807 3021 975 3076 totius
1015 3029 1200 3076 autem
1244 3021 1484 3092 regionis
1525 3020 1646 3090 ejus
1675 3027 1977 3075 conventus
2007 3034 2113 3073 non

513 3113 634 3179 uni,
681 3111 779 3168 sed
826 3112 879 3167 in
921 3127 1213 3168 commune
1261 3111 1771 3182 Hierosolymitanis
1809 3126 1839 3165 a
1885 3109 2115 3166 Gabinio

2198 515 2319 557 cum
2335 500 2467 556 viris
2492 502 2640 557 mille
2662 500 2957 561 advenerat
2982 520 2996 557 :
3023 501 3221 558 deinde
3241 510 3370 559 orto
3403 501 3601 570 pmlio
3619 500 3808 573 (immi-

2200 593 2405 650 nebant
2437 594 2670 648 Romani
2696 593 2814 664 ejus
2843 592 3191 665 cervicibus),
3223 593 3571 664 aliquamdiu
3601 593 3806 661 quidem

2201 698 2421 745 strenue
2450 697 2767 759 pugnatum,
2804 697 2988 745 tamen
3019 684 3304 759 praevaluit
3328 689 3509 743 virtus
3552 686 3812 751 Romam,

2200 795 2342 837 caesa
2389 780 2703 839 Iudaeorum
2751 781 2990 852 quinque
3039 778 3230 837 millia.
3289 778 3653 837 Aristobulus
3701 792 3812 832 cum

2202 872 2355 929 mille
2384 870 2516 929 viris
2542 871 2742 941 irrupit
2784 872 2980 938 aciem,
3019 880 3075 928 et
3114 871 3168 926 in
3207 870 3422 927 castelli
3451 870 3817 926 Maeheruntis

2206 962 2541 1022 munimenta
2583 979 2707 1021 sese
2753 966 2962 1035 recepit
3003 966 3162 1022 :duo
3209 965 3378 1021 millia
3423 964 3539 1020 alio
3586 963 3816 1033 dilapsa,

2204 1057 2390 1115 adorsi
2422 1069 2603 1115 tamen
2647 1058 2928 1119 castellani
2957 1058 3209 1124 Romani,
3254 1075 3353 1128 per
3380 1058 3615 1114 biduum
3658 1058 3820 1112 ferme

2206 1149 2358 1209 dilati
2390 1167 2403 1205 :
2436 1152 2695 1220 quoniam
2723 1149 2794 1207 de
2821 1152 3013 1206 ultimo
3039 1151 3287 1220 periculo
3310 1149 3674 1207 Aristobulus
3706 1149 3819 1204 lotis

2207 1245 2416 1302 viribus
2435 1245 2788 1301 decernebat.
2815 1245 2922 1302 Sed
2951 1261 3292 1318 nequaquam
3321 1244 3525 1300 diutius
3553 1243 3820 1300 sustinere

2210 1339 2421 1411 potuit:
2452 1350 2647 1410 captus
2672 1355 2797 1397 eum
2825 1339 2936 1396 filio
2974 1342 3262 1411 Antigono,
3308 1354 3474 1410 quem
3498 1340 3716 1410 pariter
3746 1339 3821 1393 fu.

2208 1435 2364 1505 giens
2411 1433 2480 1489 de
2524 1434 2753 1489 vinculis
2800 1450 2986 1490 secum
3034 1434 3365 1500 abduxerat,
3417 1435 3490 1489 ad
3530 1433 3820 1491 Gabinium

2211 1527 2387 1593 missi,
2416 1536 2472 1582 et
2499 1526 2568 1581 ab
2593 1542 2659 1582 eo
2689 1527 2914 1582 Romam
2944 1525 3134 1582 directi
3166 1537 3311 1585 sunt.
3347 1526 3588 1583 Senatus
3618 1526 3822 1581 Aristo-

2210 1620 2338 1677 bnlo
2382 1619 2435 1674 in
2468 1619 2768 1674 custodiam
2799 1619 3057 1683 detruso,
3093 1619 3231 1675 filios
3260 1619 3380 1691 ejus
3410 1618 3482 1673 ad
3513 1618 3821 1692 Bithyniam

2213 1712 2458 1780 dimisit,
2508 1712 2652 1781 quod
2695 1710 2983 1767 Gabinium
3027 1713 3205 1767 ferunt
3252 1713 3507 1781 epistolis
3554 1714 3829 1768 insinuas.

2392 1803 2442 1859 id
2502 1804 2802 1859 Aristobuli
2859 1805 3075 1875 conjugi
3130 1804 3462 1875 promissum
3497 1847 3513 1871 ,
3572 1821 3823 1861 remuneo

2208 1898 2395 1953 randze
2428 1898 2734 1955 sedulitatis
2767 1898 2885 1970 ejus
2930 1901 3127 1970 gratia,
3159 1900 3229 1955 ob
3254 1899 3486 1955 traditas
3515 1900 3623 1956 sibi
3652 1900 3822 1955 muni-

2209 1993 2406 2048 tiones.
2981 2052 2988 2060 _

2795 2087 3026 2148 CAPUT
3064 2089 3214 2146 XXI.

2283 2182 2378 2240 His
2400 2183 2475 2239 ita
2497 2182 2549 2238 iu
2572 2182 2762 2239 Judaaa
2789 2185 2980 2256 gestis,
3005 2182 3268 2240 Gabinius
3291 2182 3612 2239 audendum
3634 2182 3820 2255 aliquid

2212 2284 2385 2341 ratus,
2413 2277 2465 2331 in
2486 2274 2718 2330 Parthos
2744 2273 3149 2347 expeditionem
3172 2273 3385 2345 paravit
3412 2292 3425 2328 :
3455 2274 3553 2330 sed
3577 2284 3819 2345 suspecta

2214 2368 2445 2436 partium
2500 2366 2780 2423 Ptolemaei
2837 2371 2984 2438 regis
3038 2377 3445 2422 revocaverunt
3500 2367 3815 2439 profectum.

2211 2459 2344 2515 Nam
2368 2460 2437 2516 ab
2464 2459 2742 2530 Euphrate
2770 2462 2822 2517 in
2850 2460 3147 2534 Egyptum
3169 2460 3437 2517 Gabinius
3465 2462 3575 2517 iter
3606 2477 3817 2517 conver-

2214 2554 2305 2620 tit,
2340 2568 2468 2610 usus
2507 2555 2834 2611 necessariis
2871 2556 2936 2610 ad
2967 2555 3149 2610 omnia
3198 2554 3525 2610 ministeriis
3555 2555 3813 2628 Antipatri

2214 2656 2269 2703 ct
2296 2648 2527 2721 Hyrcani
2562 2648 2681 2723 (sed
2711 2649 2942 2723 Hyrcani
2972 2665 3065 2719 per
3112 2648 3506 2721 Antipatrum),
3540 2651 3636 2721 qui
3670 2665 3813 2720 pecu-

2215 2740 2327 2807 nia,
2377 2738 2671 2809 frumento,
2708 2742 2897 2804 armis,
2931 2741 3147 2796 auxiliis
3166 2757 3385 2814 quoque
3409 2746 3726 2799 exercitum
3745 2742 3815 2812 ju-

2214 2846 2388 2903 varet,
2418 2851 2482 2893 ac
2509 2835 2742 2891 maxime
2768 2837 3188 2906 eongressiones
3213 2837 3356 2891 circa
3384 2836 3699 2905 Pelusium,
3729 2837 3815 2891 nisi

2214 2928 2398 3000 gnaris
2435 2928 2677 2984 locorum
2721 2936 2776 2983 et
2806 2929 2974 2984 totius
3006 2928 3134 2985 belli
3162 2930 3378 2999 generis
3406 2927 3621 2985 Judmis
3653 2929 3815 2984 omnia

2212 3020 2950 3095 procurantibus,Gabinium
2966 3021 3125 3078 facile
3150 3021 3692 3079 deterruissent.Sed
3716 3039 3815 3077 rur-

2217 3130 2310 3171 sus
2352 3125 2598 3170 morante
2624 3113 2886 3182 exercitu,
2922 3113 3230 3169 Alexander
3272 3114 3575 3170 Aristobuli
3604 3114 3747 3170 ﬁlius
3773 3115 3813 3168 in

510 3222 640 3262 cura
666 3207 935 3277 impertita
963 3224 975 3260 :
1008 3208 1247 3276 itemque
1269 3205 1453 3260 caeteri
1485 3213 1785 3259 conventus
1808 3203 1970 3259 simili
1998 3219 2112 3258 mo-
2137 3176 2183 3239 Ο
2218 3205 2429 3277 Syriam
2471 3220 2592 3262 sese
2631 3206 2883 3274 alteram,
2930 3207 3077 3262 velut
3118 3205 3172 3261 iu
3220 3221 3451 3261 vacuam
3494 3207 3814 3277 provinciam

512 3299 583 3355 do
602 3298 866 3365 attributi,
899 3315 996 3370 per
1016 3298 1284 3356 Gadaram
1307 3305 1364 3353 et
1390 3298 1775 3353 Amathuntem
1798 3307 1851 3352 et
1875 3296 2109 3358 Hierico,

516 3393 980 3468 Sefforitanosque
999 3435 1016 3462 ,
1045 3393 1204 3448 urbes
1231 3393 1441 3449 scilicet
1467 3393 1707 3462 potiores
1732 3391 1892 3447 divisi
1923 3406 2030 3461 quo
2060 3399 2114 3446 et

513 3485 846 3555 singulorum
892 3484 1149 3556 potentiae
1179 3483 1314 3539 nihil
1357 3484 1779 3555 relinqueretur,
1811 3490 1867 3539 et
1906 3482 2113 3538 functio

518 3578 798 3648 regionum
832 3593 938 3635 non
967 3577 1269 3645 vacillaret,
1300 3594 1420 3647 qua:
1462 3579 1730 3647 publicam
1772 3586 2113 3647 exspectaret

514 3668 957 3726 sollicitudinem.
997 3669 1153 3738 Quod
1189 3680 1243 3726 et
1275 3686 1303 3723 a
1339 3669 1597 3725 Romanis
1646 3669 1713 3724 ad
1763 3668 2111 3725 revelandum

515 3762 828 3818 rebellionis
898 3771 1100 3819 metum
1138 3804 1154 3829 ,
1237 3770 1294 3819 et
1349 3761 1550 3818 Judaeis
1609 3762 1677 3818 ad
1735 3762 2111 3833 deponendam

512 3853 769 3909 invidiam
830 3869 954 3910 cum
1020 3857 1193 3927 gratia
1262 3867 1575 3927 susceptum
1626 3873 1640 3911 :
1690 3857 1945 3928 quoniam
2004 3871 2113 3912 non

514 3947 615 4003 sub
658 3962 808 4019 rege,
857 3947 954 4003 sed
987 3948 1088 4004 sub
1121 3948 1471 4020 optimatibus
1508 3949 1731 4020 degeret
1760 3949 2112 4005 Hebrmorum

511 4054 703 4109 genus,
733 4040 798 4093 ad
822 4040 1135 4110 reipublicm
1157 4041 1416 4096 Romana:
1447 4042 1894 4106 similitudinem;
1928 4042 1982 4096 in
2009 4057 2113 4113 qua

515 4147 622 4184 non
657 4146 796 4185 unus
828 4132 1185 4200 imperitaret,
1235 4132 1331 4187 sed
1366 4148 1461 4205 per
1488 4132 1639 4189 vices
1683 4133 1871 4204 optimi
1916 4134 2115 4204 quique

513 4220 709 4290 quibus
738 4220 931 4275 sortito
962 4223 1305 4291 magistratus
1330 4234 1597 4291 cesserat,
1625 4223 2111 4280 administrabant:

512 4311 667 4383 regni
721 4312 938 4382 quidem
987 4325 1272 4384 exsortes,
1323 4314 1429 4370 sed
1465 4330 1653 4385 regum
1702 4309 1928 4381 arbitri,
1983 4329 2115 4370 con-

511 4406 713 4461 snltum
739 4407 961 4477 provide
981 4407 1269 4465 adversum
1303 4408 1733 4480 inquietudinem
1760 4409 1939 4482 gentis
1965 4409 2112 4466 resti-

512 4500 782 4557 mabatur.
1098 4546 1109 4553 .
1478 4564 1485 4571 ,

1115 4596 1343 4657 CAPUT
1382 4597 1501 4656 XX.

546 4754 553 4761 ν
581 4688 689 4746 Sed
719 4689 1021 4746 Aristobuli
1050 4690 1175 4761 fuga
1217 4691 1530 4764 reditusque
1560 4690 1613 4747 in
1643 4691 1884 4749 Judaeam
1920 4692 2112 4764 pleris-

509 4797 615 4855 que
646 4781 939 4854 plurimum
964 4783 1241 4840 turbarum
1266 4785 1618 4857 excitaverat,
1654 4783 2012 4844 refluentibus
2042 4786 2109 4841 ad

506 4892 630 4931 eum
672 4892 812 4949 quos
858 4879 1059 4933 veteris
1098 4878 1353 4934 amicitia:
1382 4879 1555 4952 gratia
1588 4878 1975 4934 sollicitaverat
2020 4890 2113 4935 aut

507 4985 595 5028 res
626 4971 851 5037 ultima),
880 4971 1076 5044 quibus
1122 4971 1426 5027 remedium
1473 4986 1539 5026 ex
1579 4970 1850 5027 discordia
1897 4972 2112 5044 publica

503 5066 887 5136 quaerebatur:
930 5067 1036 5121 ima
1060 5066 1283 5121 summis
1314 5068 1540 5121 miseere
1560 5066 1925 5137 cupientibus,
1949 5077 2110 5137 atque

506 5158 627 5213 aliae
649 5174 776 5230 spes
800 5159 965 5230 lapsa:
995 5158 1194 5215 forent.
1240 5159 1540 5231 Regressus
1572 5160 1733 5233 igitur
1760 5159 2107 5217 Aristobulns

509 5250 839 5306 munitiones
865 5251 1159 5318 aedificare,
1194 5251 1581 5308 Alexandriam
1621 5266 1880 5323 reparare
1926 5268 2108 5325 coepe-

508 5352 594 5398 rat
627 5361 641 5398 :
685 5359 795 5414 quo
838 5353 1137 5417 comperto,
1172 5343 1433 5401 Gabinius
1472 5345 1711 5401 Sisinuio
1754 5353 1809 5400 et
1848 5344 2105 5412 Antonio,

506 5426 843 5507 Servilioque
884 5452 1007 5492 cum
1057 5450 1213 5505 parte
1257 5439 1529 5494 exercitus
1572 5438 1828 5507 directis,
1867 5452 2106 5509 coeptum

504 5542 641 5597 Opus
680 5527 999 5598 impedivit:
1029 5528 1263 5589 desertis
1292 5532 1439 5587 enim
1466 5532 1857 5591 munitionibus
1899 5533 2109 5591 Aristo-

504 5618 664 5673 bulus
694 5635 755 5674 se
786 5620 929 5677 bello
958 5624 1190 5691 paravit,
1215 5633 1271 5679 et
1299 5625 1428 5695 quia
1455 5625 1663 5694 majore
1687 5640 1917 5682 numero
1942 5641 2103 5696 quam

504 5723 607 5764 usu
644 5727 836 5783 agmen
868 5715 1140 5786 trahebat,
1168 5717 1486 5776 deoneravit
1514 5720 1682 5775 armis
1704 5720 1886 5791 pepuli
1919 5718 2099 5775 multi-

502 5798 769 5873 tudinem,
802 5807 1116 5867 etsolaocto
1144 5808 1310 5865 millia
1332 5822 1663 5875 armatorum
1678 5814 1876 5886 coegit,
1907 5810 2103 5883 adjun—

2217 3300 2543 3369 immergere
2576 3298 2919 3368 moliebatur,
2949 3299 3052 3354 nisi
3080 3299 3387 3354 rumoribus
3416 3299 3638 3355 excitus
3662 3300 3810 3356 Gabi-

2220 3390 2340 3444 nius
2379 3389 2610 3445 reditum
2644 3392 3045 3456 maturavisset,
3081 3393 3472 3464 praemissaque
3513 3395 3809 3464 Antipatro,

2218 3490 2531 3538 revocasset
2556 3482 2819 3555 plurimos
2844 3483 3154 3539 Judaaorum
3177 3484 3245 3539 ab
3268 3483 3573 3540 Alexandri
3596 3486 3812 3541 societa-

2217 3583 2271 3630 te
2302 3592 2315 3628 :
2350 3591 2577 3646 quorum
2605 3575 2956 3631 multitudine
2986 3576 3177 3643 fretus,
3209 3578 3437 3648 parabat
3461 3592 3657 3634 omnes
3692 3592 3811 3648 quos
3863 3598 3871 3607 -

2220 3669 2272 3722 in
2318 3668 2539 3738 regione
2569 3668 2891 3736 offenderat,
2923 3669 3202 3726 Romanos
3224 3671 3417 3726 exsilio
3459 3670 3593 3727 dare
3623 3689 3636 3725 :
3670 3669 3809 3726 deni-

2217 3776 2322 3833 que
2366 3760 2589 3833 dilapsis
2622 3762 2751 3819 licet
2774 3762 3089 3819 Iudaeorum
3122 3763 3394 3837 plerisque
3423 3779 3525 3836 per
3553 3764 3806 3836 Antipatri

2217 3854 2670 3923 conventionem,
2739 3856 3018 3912 audaciam
3079 3866 3256 3912 tamen
3308 3874 3416 3912 non
3468 3859 3804 3930 deposuerat,

2220 3947 2578 4019 praeliumque
2614 3950 2846 4005 adorsus
2888 3953 2942 4004 in
2984 3950 3243 4021 tringiuta
3281 3951 3524 4006 millibus
3555 3952 3803 4014 virorum,

2220 4055 2404 4095 verum
2434 4040 2576 4096 circa
2605 4041 2880 4097 ltabirium
2908 4042 3315 4110 montem,fusis
3342 4043 3531 4099 decem
3562 4043 3801 4106 millibus,

2218 4135 2454 4209 aufugit;
2498 4135 2830 4208 reliquorum
2874 4136 3216 4210 dispersione
3249 4139 3450 4194 bellum
3481 4139 3797 4195 confectum.
3890 4135 3891 4209 Ὺ

2219 4225 2479 4280 Gabinius
2521 4228 2838 4299 compositis
2871 4228 2937 4283 ad
2984 4228 3270 4284 arbitrium
3319 4230 3596 4301 Antipatri
3639 4231 3799 4301 reipu-

2219 4316 2374 4371 blicm
2406 4317 2918 4392 llierosolymitanze
2948 4322 3202 4393 negotiis,
3234 4320 3359 4378 inde
3385 4322 3681 4396 profectus,
3709 4322 3797 4378 Na-

2218 4409 2463 4491 bathaeos
2485 4412 2670 4484 prtelio
2696 4412 2939 4484 subegit:
2964 4413 3009 4468 Μ
3018 4412 3437 4486 ithridatemque
3456 4425 3513 4470 et
3531 4415 3793 4487 Tigranem

2219 4504 2485 4575 fugientes
2523 4504 2591 4562 de
2620 4504 2840 4561 Perside
2884 4506 3094 4562 occulte
3117 4504 3358 4562 dimisit:
3414 4508 3589 4578 palam
3635 4516 3791 4562 tamen
3890 4490 3891 4557 ἶ

2136 4571 2192 4633 D
2220 4571 2479 4653 militibus
2523 4598 2811 4667 intimavit,
2859 4598 2980 4671 fuga
3017 4601 3217 4670 lapsos.
3263 4571 3559 4659 Successit.
3585 4600 3792 4658 Gabinio

2214 4689 2466 4758 Crassus,
2493 4701 2546 4746 et
2576 4692 2912 4762 profecturus
2942 4691 3009 4747 ad
3049 4692 3355 4749 Parthicum
3384 4693 3614 4761 bellum,
3651 4708 3790 4749 omne

2217 4781 2361 4853 quod
2391 4790 2511 4837 erat
2551 4782 2939 4857 Hierosolymis
2967 4799 3155 4839 aurum
3186 4785 3239 4839 in
3285 4787 3511 4855 tentplo,
3553 4784 3788 4840 abstulit:

2218 4883 2272 4927 et
2320 4882 2579 4946 praeterea
2624 4873 2732 4928 duo
2780 4873 2943 4929 millia
2979 4875 3176 4932 talenta
3207 4875 3420 4930 detrahi
3459 4875 3638 4946 jussit,
3686 4888 3789 4944 qua:

2218 4964 2509 5037 Pompeius
2542 4966 2741 5021 intacta
2789 4966 3121 5038 reliquerat:
3151 4984 3251 5022 nec
3294 4967 3516 5039 longum
3558 4970 3785 5024 laetatus:

2216 5059 2306 5113 ubi
2340 5060 2635 5115 transmisit
2661 5047 3014 5130 Euphratem,
3046 5061 3344 5116 exercitum
3373 5062 3577 5129 amisit,
3606 5071 3656 5115 et
3684 5059 3787 5128 ipse

2200 5150 2521 5209 exstinctus
2551 5162 2654 5208 est.
2684 5153 2760 5207 Eo
2777 5168 3030 5208 successu
3055 5153 3786 5228 Parthilmtiores,transeuuo

2215 5244 2341 5300 dunt
2369 5248 2422 5301 in
2454 5245 2671 5317 Syriam
2701 5245 3212 5317 crediderunt,quos
3242 5256 3469 5301 strenue
3490 5245 3689 5302 insidiis
3708 5258 3785 5296 rx-

2212 5342 2358 5412 cepit
2383 5339 2625 5406 Cassius,
2651 5349 2705 5396 et
2732 5340 3036 5396 commissa:
3064 5340 3164 5395 sibi
3190 5340 3480 5412 provinciae
3509 5340 3694 5396 finibus
3711 5351 3782 5391 rc-

2214 5434 2369 5503 pulil,
2398 5448 2504 5488 nou
2535 5431 2653 5488 sine
2683 5433 2832 5504 gravi
2857 5430 3186 5488 detrimento
3218 5434 3452 5489 hostium
3482 5452 3495 5487 :
3525 5438 3642 5490 cum
3668 5428 3778 5486 em.-

2213 5541 2275 5583 se
2302 5528 2601 5590 venientes,
2636 5526 2781 5596 quod
2813 5527 3085 5582 neminem
3126 5527 3230 5585 sibi
3254 5528 3520 5585 obsistere
3547 5536 3773 5581 ausurum

2212 5621 2627 5689 arbitrarentur,
2659 5620 2793 5676 locis
2815 5628 3124 5690 praeventas
3152 5619 3553 5690 angustioribus
3575 5628 3774 5685 occupa—

2211 5716 2398 5774 visset.
2429 5717 2696 5788 Denique,
2721 5717 2854 5772 fusis
2879 5730 3101 5772 suorum
3125 5715 3390 5787 pluribus,
3426 5713 3620 5769 bellum
3640 5712 3772 5767 dese-

2211 5828 2389 5873 ruere.
2448 5811 2672 5875 Cassius
2752 5812 2975 5888 repulso
3030 5811 3193 5870 hoste
3243 5824 3471 5871 securus
3517 5800 3773 5889 provincia
