3964 6316
1001 338 1271 429 ΗΙδΪΟΙὶ.
1317 343 1406 398 DE
1426 424 1430 429 Δ
1447 344 1701 404 Ειωωι

1816 348 2043 407 IEIIOS.
2091 352 2296 412 URBIS
2332 356 2464 415 LIB.
2501 357 2542 413 Ι.
3292 371 3432 431 198?.

1840 565 2051 634 prolata
2099 568 2177 623 uti
2225 584 2323 638 pro
2363 570 2503 641 juris
2555 573 2733 644 potius
2783 579 3108 635 auctoritate
3137 594 3296 650 quam
3336 597 3434 653 pro

1832 659 2187 717 exsecutione
2211 665 2486 733 praecepti,
2520 680 2672 722 more
2697 683 2805 738 quo
2832 668 3001 725 duces
3041 668 3276 727 hostium
3303 689 3432 730 con-

1831 750 1961 807 victi
1989 752 2324 825 rebellionis,
2356 760 2531 814 securi
2573 775 2866 845 percussus
2892 763 3317 823 existimaretur.
3392 835 3407 845 .

2406 850 2635 909 CAPUT
2679 836 2867 914 xx‘ut.

1902 964 2131 1037 Cognita
2185 967 2465 1039 utriusque
2516 984 2673 1037 nece,
2721 970 3050 1033 Ptolemaeus
3094 978 3183 1051 qui
3236 991 3416 1034 susce-

1828 1067 1984 1127 perat
2041 1059 2343 1116 Aristobuli
2385 1076 2680 1133 germanos
2718 1074 2772 1119 et
2821 1082 3048 1123 uxorem
3095 1067 3414 1138 Alexandri,

1826 1148 2228 1222 Philippionem
2261 1153 2427 1210 [ilium
2457 1171 2613 1211 suum
2658 1157 2710 1212 in
2741 1157 2930 1215 urbem
2966 1162 3286 1219 Ascalonem
3331 1163 3419 1219 di-

1825 1244 1989 1311 rexit,
2044 1257 2375 1303 memoratos
2423 1248 2621 1306 fratres
2676 1251 3063 1309 accersiturum
3120 1272 3135 1309 :
3186 1254 3276 1311 ille
3325 1256 3421 1312 ad-

1823 1341 2047 1397 veniens
2104 1342 2341 1413 suscepit
2371 1343 2694 1416 Antigonum
2728 1356 2890 1417 atque
2933 1345 3050 1418 eius
3076 1361 3318 1414 sorores,
3358 1356 3417 1404 ut

1821 1437 1887 1492 ad
1929 1446 2136 1507 patrem
2167 1438 2463 1498 deduceret
2494 1460 2506 1496 :
2541 1457 2639 1498 usu
2662 1451 2718 1498 et
2764 1443 3161 1500 consuetudine
3208 1444 3422 1500 amoris

1819 1529 2093 1602 igniculus
2123 1531 2363 1607 obrepsit
2393 1533 2755 1602 adolescenti,
2782 1536 3114 1607 ignoscendo
3144 1534 3412 1607 profecto,

1819 1624 1863 1681 si
1894 1623 2101 1679 scirent
2139 1626 2354 1698 tyranni
2386 1628 2705 1698 ignoscere;
2732 1634 2898 1698 atque
2936 1629 3164 1687 alteram
3204 1627 3273 1684 de
3324 1642 3415 1683 so-

1817 1715 2031 1771 roribus
2061 1717 2273 1788 accepit
2304 1717 2406 1773 sibi
2434 1719 2488 1774 in
2521 1717 2759 1790 coniugii
2789 1718 3126 1775 societatem.
3156 1718 3274 1774 Non
3299 1720 3420 1777 tulit

1819 1808 1922 1865 hoc
1962 1810 2289 1866 Ptolemaeus
2327 1820 2503 1882 pater,
2533 1809 2628 1868 sed
2669 1812 2852 1868 occiso
2889 1812 3026 1883 lilio,
3059 1828 3255 1867 nurum
3287 1827 3415 1885 pro-

1817 1908 1991 1981 palam
2042 1908 2149 1965 sibi
2198 1908 2433 1981 iunxit:
2475 1926 2688 1966 morum
2744 1910 2998 1981 egregius
3045 1924 3262 1979 censor,
3320 1909 3412 1983 qui

1816 2004 2154 2060 inexoratam
2180 2002 2234 2061 in
2264 2004 2377 2061 [ilio
2402 2004 2689 2061 damnaret
2716 2004 3159 2076 coniunctionem
3189 2013 3247 2059 ut
3292 2005 3410 2075 ipse

1815 2113 1876 2154 se
1916 2098 2209 2170 parricidio
2239 2106 2294 2154 et
2322 2098 2533 2155 incesto
2582 2098 3002 2153 contaminaret.
3040 2096 3299 2167 Pompeio
3331 2096 3414 2152 iu-

1815 2193 2063 2259 terlecto,
2094 2193 2183 2264 qui
2207 2192 2336 2247 dum
2365 2208 2513 2249 arma
2546 2191 2777 2247 Caesaris
2806 2191 2962 2262 fugit,
2992 2191 3217 2265 spadoni
3247 2189 3416 2262 Egy-

1813 2284 1927 2356 ptio
1948 2293 2108 2358 caput
2128 2300 2287 2339 suum
2310 2282 2699 2361 amputandum
2726 2284 2975 2353 praebuit,
3003 2296 3266 2338 conversa
3289 2295 3413 2338 res:

86 648 350 707 quoque
379 648 691 709 suspectum
733 641 869 711 doli,
910 658 1019 714 quo
1049 652 1233 716 partes
1279 648 1578 707 Aristoliuli
1627 654 1734 710 ful-

82 724 290 795 ciret,
333 728 568 802 jugulati
612 731 796 803 jussit.
853 733 1042 807 Neque
1096 753 1296 808 expers
1346 743 1556 799 consilii
1610 746 1732 816 eius

85 820 414 891 Antipater
441 821 561 891 fuit,
613 835 672 881 ut
697 826 953 885 aemulum
1002 833 1254 900 petentia:
1295 849 1456 906 quam
1496 837 1762 897 maxime.

84 910 463 969 excluderet.

702 1006 939 1070 CAPUT
982 1011 1154 1075 XXII.

185 1096 240 1155 ls
267 1098 561 1172 Antipater
586 1105 844 1175 cognovit
882 1122 1110 1165 uxorem
1140 1110 1230 1166 cui
1273 1126 1472 1169 nomen
1503 1113 1722 1188 Cypris,

78 1192 569 1261 Splendidissima
616 1196 762 1255 inter
799 1198 1019 1259 Arabia:
1071 1202 1306 1261 feminas
1348 1208 1471 1264 loco
1519 1218 1720 1279 ortam,

75 1295 280 1358 atque
307 1303 374 1345 ex
401 1304 464 1347 ea
495 1294 739 1363 suscepit
768 1294 973 1352 liberos
1003 1308 1242 1368 quatuor
1270 1316 1435 1359 sexus
1462 1305 1638 1363 virilis
1667 1315 1725 1363 et

80 1392 278 1435 unam
309 1378 589 1441 feminam.
631 1382 782 1441 Viris
823 1386 1134 1457 huiusmodi
1181 1393 1444 1449 vocabula
1470 1412 1485 1449 :
1513 1395 1721 1466 primus

76 1467 405 1539 Pliaselus,
426 1489 665 1545 sequens
686 1476 933 1536 Herodes
951 1493 1199 1551 vocatus,
1226 1486 1419 1543 tertius
1436 1487 1715 1559 Josippus,

75 1573 345 1633 quartus
384 1565 677 1631 Plieroras,
709 1580 766 1626 et
787 1571 1007 1630 Salome
1034 1574 1164 1631 filia.
1191 1577 1380 1649 anue
1426 1595 1592 1637 causa
1634 1582 1718 1639 vir

72 1656 328 1729 egregie
353 1656 528 1717 factus
559 1660 626 1717 ad
649 1664 1001 1722 emerendam
1026 1670 1348 1729 muneribus
1388 1681 1553 1744 atque
1579 1675 1719 1731 ami-

73 1749 227 1805 citia
245 1752 570 1811 societatem
601 1760 930 1828 potentium,
950 1761 1180 1832 gratiam
1216 1781 1327 1834 prae
1366 1769 1581 1823 caeteris
1609 1769 1713 1824 sibi

71 1843 245 1914 regis
292 1841 534 1903 Arabum
579 1850 985 1921 conciliaverat,
1032 1855 1158 1925 quia
1193 1855 1263 1912 de
1313 1857 1450 1914 locis
1494 1859 1711 1917 Arabia
1739 1867 1788 1929 Β

69 1936 296 1992 uxoris
316 1948 556 2009 accepta:
573 1944 946 2011 praetendebat
963 1949 1444 2011 necessitudinem.
1468 1953 1713 2026 Denique

68 2028 369 2086 adversus
399 2033 780 2093 Aristobulum
802 2037 1106 2098 decernere
1129 2044 1320 2113 prailio
1345 2045 1715 2116 parans,filios

66 2136 229 2179 suos
257 2124 523 2193 praedicto
561 2128 801 2187 Arabum
837 2133 949 2203 regi
979 2136 1134 2204 quasi
1179 2146 1381 2193 mutuae
1427 2139 1712 2197 charitatis

40 2216 325 2287 upignora
346 2218 568 2277 direxit.
596 2221 746 2290 Quos
766 2225 859 2281 ille
884 2227 1044 2297 quasi
1065 2228 1375 2300 depositum
1399 2233 1711 2291 inviolabile

67 2321 406 2383 susceptos,
427 2329 495 2373 eo
514 2316 664 2375 cultu
684 2333 796 2389 quo
818 2319 1021 2378 liberos
1042 2323 1190 2380 domi
1216 2324 1425 2392 habuit,
1447 2337 1502 2383 et
1520 2339 1709 2399 postea

71 2407 360 2476 repetitos
401 2410 537 2480 patri
587 2410 845 2471 reddidit.
872 2412 979 2473 Sed
1009 2430 1133 2472 cum
1173 2416 1522 2476 Aristobulus
1564 2421 1709 2477 bello

72 2512 410 2575 superatus,
457 2504 511 2567 in
556 2506 789 2567 vinculis
836 2509 1171 2579 haberetur;
1205 2513 1520 2572 Alexander
1567 2518 1709 2574 lilius

76 2596 216 2664 ejus
246 2609 371 2651 cum
404 2598 704 2663 secundum
730 2603 1127 2660 conventiones
1157 2607 1327 2676 pacis,
1345 2607 1545 2678 quibus
1582 2626 1705 2666 eum

73 2677 321 2739 Cassius
348 2682 416 2739 ad
461 2684 791 2755 Euphratem
818 2688 1465 2763 rediturus-devinxerat,
1515 2697 1707 2767 praelia

75 2782 343 2841 vacaret;
367 2789 491 2835 cum
513 2777 745 2837 confinia
773 2780 1010 2838 Persidis
1025 2782 1166 2841 haud
1191 2786 1302 2843 ullo
1318 2795 1566 2857 suspecta
1586 2788 1707 2846 Par-

82 2858 318 2917 thorum
352 2865 581 2923 transitu
614 2864 1028 2939 infestarentur,
1059 2880 1115 2927 et
1147 2870 1361 2929 blanda:
1394 2875 1701 2945 tranquﬁli-

83 2953 225 3006 tatis
250 2954 465 3023 Species
488 2956 539 3011 in
559 2954 797 3019 Orientis
813 2962 1058 3031 partibus
1082 2962 1347 3021 humanas
1373 2964 1579 3023 levaret
1596 2968 1705 3051 sol-

83 3045 449 3116 licitudines;
470 3048 1021 3126 C:esartransalpinis
1047 3045 1698 3128 regionibusGalliarum,

85 3139 266 3197 Italia:
295 3156 418 3199 sese
448 3144 760 3216 infundens,
794 3149 1110 3225 Pompeium
1140 3152 1512 3226 Senatumque
1561 3154 1700 3211 ultra

1812 2378 2045 2451 prrebuit
2083 2389 2260 2435 tamen
2312 2393 2375 2434 ea
2432 2371 2687 2449 patientia
2737 2385 2923 2458 caput,
2969 2388 3075 2447 qua
3127 2383 3403 2430 tantorum

1810 2472 2137 2545 populorum
2191 2471 2476 2544 aliquoties
2523 2471 2784 2527 victorem
2831 2469 3080 2535 decebat,
3136 2476 3196 2522 ut
3235 2467 3287 2522 in
3318 2465 3405 2520 illa

1809 2566 1939 2621 victi
1978 2576 2127 2621 sorte
2165 2564 2481 2637 exsulisque
2508 2563 2826 2619 conditione
2852 2562 3195 2631 conspiciens
3224 2573 3405 2614 rerum

1811 2661 2167 2716 humanarum
2222 2658 2521 2716 ludibrium
2564 2666 2621 2713 et
2661 2657 3007 2722 varietatem,
3047 2652 3256 2727 gladio}
3282 2667 3406 2713 cer-

1806 2754 1979 2810 vicem
2006 2753 2187 2822 oll‘ert,
2228 2754 2298 2809 ab
2325 2769 2392 2810 eo
2423 2754 2512 2809 cui
2542 2768 2765 2824 regnum
2796 2750 3044 2818 dederat,
3086 2763 3186 2822 pro
3230 2750 3409 2821 gratia

1807 2860 2039 2906 mortem
2064 2856 2405 2919 recepturus.
2436 2848 2564 2904 Post
2589 2847 2745 2919 cujus
2772 2861 2960 2902 necem
2986 2845 3214 2900 mutatio
3242 2842 3405 2910 facta,

1803 2941 2078 3015 plerisque
2109 2957 2174 2999 ex
2221 2940 2585 2997 familiaribus
2612 2940 2789 3011 Magni
2841 2939 3139 2995 amicitiam
3178 2936 3412 2993 Caesaris

1803 3034 2210 3105 expetentibus,
2270 3035 2656 3107 prrecipueque
2709 3032 2998 3104 Antipatro
3029 3029 3408 3087 incredibilem

1804 3128 1858 3183 in
1912 3126 2131 3183 modum
2192 3128 2441 3201 pru‘dilo,
2482 3127 2551 3183 ad
2598 3141 2812 3192 omnes,
2846 3139 3076 3197 quorum
3129 3121 3411 3179 aliectaret

88 3234 314 3293 lanium
348 3251 500 3292 mare
549 3241 775 3311 “pum.
827 3219 977 3305 “alia
1038 3245 1316 3315 “clusus,
1365 3219 1701 3307 E'mamiam
1732 3248 1779 3313 ε
1811 3221 2127 3277 amicitiam.
2161 3223 2427 3279 Umuibus
2451 3223 2596 3279 enim
2653 3219 2981 3315 necessariae
3009 3228 3249 3315 opes,-et
3295 3231 3411 3315 ma-

91 3328 324 3399 Magnus
355 3329 509 3401 petit.
544 3347 721 3405 eoque
742 3334 977 3397 diversis
1006 3352 1072 3393 ex
1103 3337 1238 3394 locis
1271 3339 1511 3397 Romana
1534 3340 1703 3413 jussit

52 3416 61 3423 ’
91 3418 317 3491 agmina
344 3424 524 3493 sequi,
564 3424 708 3495 quod
744 3426 816 3483 ibi
848 3427 1049 3489 bellum
1082 3442 1319 3500 pararet.
1362 3432 1570 3501 Quibus
1620 3435 1702 3489 iu-

96 3520 287 3567 tentus
331 3516 589 3584 gerendis
633 3516 981 3577 Aristobulus
1030 3536 1190 3591 quem
1236 3521 1424 3579 Romae
1454 3526 1699 3585 vinctum

94 3605 423 3676 reliquerat,
476 3624 599 3667 eum
629 3607 816 3669 Caesar
867 3611 963 3683 qui
1032 3612 1178 3671 inter
1232 3616 1422 3674 urbem
1470 3616 1699 3677 Romam

96 3710 263 3770 atque
293 3700 613 3773 Pompeium
656 3705 868 3764 medius
912 3714 1053 3776 erat,
1086 3709 1342 3780 quoniam
1373 3709 1442 3766 de
1492 3711 1699 3769 Flami-

96 3794 187 3848 nia
242 3794 297 3855 in
346 3793 576 3871 Appiam
631 3798 1053 3871 compendiariis
1103 3801 1408 3860 tramitibus
1447 3804 1696 3876 Magnum

96 3887 456 3954 sequebatur,
486 3896 545 3943 ut
574 3888 654 3947 vel
689 3890 866 3961 ipsum
895 3892 1191 3962 exciperet,
1220 3895 1303 3949 vel
1351 3895 1701 3967 interciperet

94 3978 217 4049 eius
238 3980 560 4046 exercitum,
592 3982 826 4041 vinculis
854 3984 1110 4054 levatum,
1144 3987 1364 4045 tributis
1392 3990 1554 4046 etiam
1597 3991 1701 4049 mi»

95 4069 350 4127 litat-ibus
370 4074 613 4131 numeris
642 4074 694 4129 in
722 4074 937 4153 Syriam
962 4076 1184 4144 direxit,
1226 4089 1283 4134 ut
1309 4078 1553 4137 Judazam
1593 4082 1698 4139 sibi

95 4165 440 4236 adiungeret,
473 4166 897 4245 Pompeiumque
926 4185 957 4227 a
1002 4176 1157 4243 tergo
1195 4181 1439 4245 urgeret.
1485 4173 1592 4233 Sed
1640 4175 1698 4235 in

93 4257 327 4319 exordio
357 4269 840 4331 tentanientorum,
873 4263 962 4321 ubi
985 4264 1051 4325 ad
1081 4265 1256 4323 locum
1294 4269 1564 4339 pervenit,
1606 4286 1693 4329 ve-

95 4367 243 4409 neno
290 4354 671 4430 interemptus,
704 4357 1082 4429 imperfectum
1128 4361 1410 4432 negotium
1456 4362 1694 4435 reliquit.

94 4445 295 4517 Opinio
322 4449 514 4507 mortis
536 4447 653 4520 eius
674 4449 917 4521 Pompeii
945 4451 1244 4511 fautoribus
1269 4455 1653 4513 ascribcbatur
1679 4473 1693 4512 :

94 4536 168 4592 ita
192 4539 325 4594 tusae
345 4549 475 4597 sunt
495 4540 884 4613 dispositiones
901 4542 1150 4611 Caesaris,
1176 4544 1518 4607 etdcstitutai
1542 4549 1699 4607 Aris-

1811 3315 1958 3371 xime
1997 3317 2050 3371 in
2103 3317 2416 3386 praeliorum
2467 3316 2844 3389 apparatibus,
2896 3313 2985 3373 ubi
3041 3328 3106 3368 cx
3169 3311 3407 3367 inimicis

1812 3421 1972 3482 atque
1988 3410 2320 3467 adversariis
2342 3424 2737 3482 smpenumero
2759 3408 3038 3475 chariores
3067 3404 3400 3463 efficiuntur.

1818 3504 2030 3561 Etenim
2071 3505 2199 3579 quia
2228 3502 2555 3563 Ptolemaeus
2593 3501 2808 3575 Egypti
2848 3515 2942 3557 rex
2974 3498 3135 3554 fidem
3164 3499 3400 3565 laeserat,

1806 3597 1875 3653 ab
1918 3599 2036 3673 ipso
2060 3597 2280 3657 Caesare
2320 3595 2478 3653 bellis
2514 3595 2849 3667 gravissimis
2889 3593 3260 3667 premebatur.

2373 3691 2603 3748 CAPUT
2632 3689 2826 3746 XXIV.

1862 3778 2250 3860 Pergamenus
2300 3785 2640 3843 Mithridates
2665 3798 2789 3839 cum
2831 3782 2977 3837 omni
3028 3794 3189 3834 manu
3240 3792 3402 3848 quam

1802 3897 1988 3941 secum
2017 3880 2343 3948 deduxerat,
2366 3877 2665 3934 Pelusiacis
2693 3875 2946 3946 repulsus
2987 3873 3307 3936 obstaculis,
3338 3872 3390 3924 in

1804 3982 1941 4037 urbe
1970 3979 2244 4045 Ascalone
2270 3975 2576 4034 resederat.
2606 3973 3018 4043 Desperatoque
3059 3968 3312 4032 transitu,
3345 3977 3401 4023 et

1802 4085 2000 4133 conatu
2055 4073 2231 4140 irrito,
2315 4085 2416 4127 nec
2456 4069 2568 4140 iam
2616 4084 2676 4125 se
2724 4066 3069 4123 committere
3118 4062 3262 4121 bello
3307 4076 3404 4117 au-

1803 4167 1984 4232 debat,
2014 4165 2152 4224 locis
2195 4162 2565 4235 iniquioribus
2604 4161 2858 4230 etimpar
2896 4156 3125 4215 viribus.
3154 4152 3253 4211 Cui
3294 4154 3403 4209 An-

1803 4265 2002 4337 tipater
2031 4261 2242 4320 Arabas
2280 4258 2514 4331 primum
2544 4257 2595 4314 in
2624 4252 2881 4311 auxilium
2921 4249 3173 4314 adscivit,
3201 4246 3402 4307 deinde

1805 4361 1904 4419 tria
1944 4358 2118 4425 millia
2141 4355 2456 4415 .ludaaorum
2497 4349 2677 4407 valida
2716 4364 2880 4405 manu
2919 4354 2975 4403 et
3001 4343 3207 4402 munita
3230 4340 3401 4397 armis

1801 4468 1989 4513 secnm
2028 4448 2302 4522 perduxit,
2338 4444 2642 4503 Commovit
2675 4447 2837 4498 etiam
2861 4438 3035 4536 Syriae
3069 4440 3317 4536 potentes
3343 4433 3399 4536 in

1803 4545 2175 4616 adiumentum
2217 4540 2406 4610 ipsius,
2429 4545 2485 4591 et
2514 4535 2864 4591 Ptolemaeum
2901 4530 2992 4602 qui
3023 4527 3297 4603 habitabat
3340 4527 3397 4581 in

96 4630 271 4689 tobuli
300 4632 646 4705 cupiditates,
681 4650 820 4692 nova
845 4635 1079 4706 quadam
1120 4638 1479 4701 mutationum
1513 4642 1692 4697 varie-

1813 4639 2037 4704 Libano,
2095 4644 2151 4689 et
2195 4630 2583 4696 Jamblichum,
2636 4636 2693 4684 et
2728 4626 3085 4683 Ptolemaeum
3140 4621 3399 4677 alterum.

98 4732 236 4792 tate;
267 4735 325 4781 ut
358 4728 523 4787 tutior
551 4727 712 4789 fuerit
740 4730 893 4791 exsul
923 4730 1065 4789 inter
1087 4730 1273 4789 hostes
1301 4742 1355 4789 et
1377 4736 1430 4788 in
1463 4735 1697 4794 vinculis

94 4818 363 4888 captivus,
398 4834 560 4890 quam
591 4820 733 4879 inter
770 4837 901 4880 suos
946 4824 1099 4893 civis,
1135 4824 1386 4882 dominus
1434 4827 1487 4883 in
1533 4828 1693 4887 cubie

94 4911 241 4977 culo,
274 4926 384 4969 ,rex
432 4913 486 4970 in
536 4915 809 4977 convivio.
854 4915 974 4986 Quo
1018 4926 1324 4989 comperto,
1376 4921 1694 4991 Pompeius,

97 5002 239 5073 quod
270 5003 617 5064 Aristobulus
647 5007 749 5066 t‘in
778 5007 961 5067 Judaea
1009 5010 1250 5071 recidiva
1273 5011 1377 5073 sibi
1423 5012 1567 5070 bella
1606 5029 1695 5071 re-

96 5110 291 5165 parare
339 5108 667 5170 mutaverat,
717 5102 881 5165 etiam
936 5104 1106 5163 illium
1152 5106 1272 5176 eius
1321 5108 1689 5166 Alexandrum

90 5185 335 5259 iugulari
382 5190 568 5260 iussit,
608 5205 924 5266 suspectum
974 5198 1139 5255 nimis
1187 5199 1257 5255 ob
1287 5209 1474 5271 partes
1514 5203 1696 5258 Caesa-

97 5278 297 5338 rianus.
326 5280 513 5353 Scipio
543 5280 675 5343 Cnei
725 5286 995 5344 mandatis
1019 5290 1281 5347 obediens
1311 5307 1411 5364 pro
1434 5290 1692 5349 tribunali

98 5373 287 5431 statuit
325 5390 505 5441 reum,
546 5386 605 5432 ut
631 5379 1048 5451 speciesjudicii
1096 5385 1551 5453 praetenderetur,
1600 5402 1692 5443 ac-

98 5467 434 5529 cusatoribus
465 5484 683 5547 quoque
706 5471 986 5544 adhibitis,
1016 5477 1255 5549 atquein
1285 5495 1434 5550 eum,
1461 5480 1554 5553 qui
1584 5480 1693 5540 Ro-

166 5658 193 5688 ι
210 5650 318 5729 __lta
341 5665 557 5729 quoque
581 5660 772 5729 auctor
792 5652 934 5713 infra
956 5655 1053 5713 lib.
1076 5672 1157 5729 ut,
1181 5672 1301 5729 cap.
1329 5659 1430 5721 ult.
1449 5659 1695 5727 ,recidiva

99 5722 275 5796 11332150
317 5722 632 5796 “suscitare
661 5743 674 5778 :
702 5726 985 5783 Maronem
1035 5722 1263 5787 scilicet-
1293 5722 1555 5796 imitatus,
1606 5732 1695 5787 cui

100 5789 229 5849 Εη.
265 5808 327 5860 x,
357 5804 416 5881 et
448 5792 599 5857 alibi,
636 5797 863 5855 recidiva
885 5810 1009 5853 sunt
1031 5803 1371 5865 renascentia.
1404 5789 1696 5864 Tertullia-

1800 4735 2041 4804 Quorum
2073 4729 2197 4786 fruti
2239 4727 2523 4791 societate,
2566 4725 2728 4779 etiam
2757 4721 2848 4776 alii
2876 4719 3065 4795 populi
3096 4717 3162 4774 ad
3194 4716 3398 4777 bellum

1800 4824 2016 4887 accensi
2057 4832 2209 4881 sunt.
2259 4818 2467 4888 Quibus
2508 4814 2787 4885 adiunctis
2826 4812 3035 4869 viribus
3075 4811 3248 4868 fretus
3299 4808 3399 4864 Mi-

1802 4918 2092 4983 thridates,
2120 4914 2396 4973 Pelusium
2437 4911 2686 4969 accessit.
2718 4917 2774 4965 et
2802 4925 2925 4964 cum
2953 4907 3183 4965 transitu
3214 4904 3402 4975 probi-

1797 5015 2039 5079 beretnr,
2069 5010 2412 5067 obsidionem
2453 5004 2675 5061 adortus
2702 5012 2805 5060 est.
2835 5002 2954 5071 Quo
2978 4999 3402 5068 loci'Antipater

1798 5108 2122 5181 praeclarum
2160 5104 2373 5163 militia:
2426 5101 2829 5157 documentum
2867 5096 3019 5151 dedit
3069 5112 3084 5148 :
3124 5092 3396 5164 siquidem

1798 5201 2185 5260 resistentibus
2214 5194 2520 5268 oppidanis,
2552 5209 2677 5250 cum
2717 5207 2928 5250 summa
2961 5192 3011 5246 vi
3040 5190 3169 5247 belli
3209 5188 3404 5244 utrim-

1797 5311 1906 5369 que
1942 5296 2354 5358 decerneretur,
2398 5287 2609 5359 primus
2646 5300 2770 5344 cum
2810 5286 2924 5342 suis
2955 5285 3176 5356 dirupta
3218 5297 3406 5339 muro-

1794 5404 1918 5447 rum
1961 5394 2115 5459 parte
2147 5386 2199 5441 in
2227 5400 2331 5455 qua
2366 5384 2483 5454 ipse
2532 5381 2907 5452 praeliabatur,
2950 5381 3141 5437 urbem
3183 5378 3404 5448 irrupit,

1797 5495 2029 5553 eamque
2052 5477 2221 5549 cepit.
2253 5474 2364 5532 Nec
2396 5485 2576 5532 tamen
2610 5473 2700 5533 hic
2729 5473 2852 5530 ﬁnis
2882 5472 3087 5533 laboris
3118 5471 3407 5544 adiumen-

1802 5674 1907 5719 nus
1950 5658 2081 5737 item
2135 5658 2229 5737 sic“
2264 5659 2465 5737 passim
2515 5658 2663 5737 loqui
2707 5666 2877 5737 amat,
2910 5671 3044 5737 νας.
3096 5657 3161 5711 de
3187 5651 3406 5737 lisse".

1806 5748 1868 5786 ca
1882 5732 1992 5785 rm’s
2022 5745 2143 5800 cap.
2169 5730 2235 5786 18
2262 5725 2281 5785 ἱ
2296 5725 2606 5799 Scriptum,
2630 5729 2827 5800 inquit,
2856 5731 3188 5785 recidiuatum
3214 5725 3298 5799 (id
3327 5735 3413 5783 est

1801 5802 2298 5867 resurrectionem)
2330 5805 2501 5858 carnis
2528 5803 2858 5869 pollicentur.
2890 5800 3129 5865 Mazuca.
