3964 6326
521 337 671 398 1985

1826 330 2079 390 SANCTI
2115 328 2448 389 AMBROSII

3697 325 3834 384 1984

525 454 712 526 tique;
739 449 837 510 sed
866 451 1056 520 etiam,
1080 463 1205 506 cum
1232 448 1533 506 introrsum
1553 444 1828 504 exercitus
1853 452 2124 518 pergeret,
2153 446 2205 510 Α
2233 443 2546 501 levolentiae
2576 458 2717 502 meae
2762 446 2819 501 in
2848 445 3129 502 Caesarem
3162 443 3515 502 testimonia:
3539 440 3835 499 defendant

527 551 588 604 et
629 546 775 601 circa
830 559 950 600 eam
989 558 1110 612 quae
1148 540 1457 613 appellatur
1508 537 1665 594 Oniae
1715 538 1888 609 regio,
1930 536 2134 593 Judaei—

531 639 777 712 JEgyptii
834 637 1039 694 vellent
1078 636 1341 693 resistere
1385 648 1493 707 quo
1537 632 1970 690 intercluderent
2009 631 2132 697 iter,

531 745 725 788 rursus
750 729 1065 800 Antipater,
1105 743 1213 785 non
1241 727 1421 784 solum
1455 726 1692 784 removit
1721 725 1997 797 praelium,
2023 722 2135 780 sed

529 823 693 879 etiam
718 821 788 878 ad
810 821 1108 878 exercitum
1124 820 1448 892 iuvandum,
1480 835 1600 889 quae
1624 817 1934 875 necessaria
1959 817 2139 871 forent

528 914 655 970 usui
695 912 1071 981 humanitatis,
1117 914 1187 968 ab
1216 913 1349 982 ipsis
1403 911 1497 983 qui
1534 925 1685 967 arma
1738 916 1931 965 contra
1980 922 2138 979 para-

530 1017 749 1085 verant,
799 1005 1094 1062 ministrari
1132 1004 1334 1063 ell'ecit.
1392 1004 1543 1061 Unde
1580 1001 1892 1074 Memphitae
1922 1015 2139 1085 quoque

529 1084 744 1156 animos
797 1115 826 1154 a
866 1100 1057 1173 praelio
1107 1109 1530 1167 revocaverunt,
1589 1107 1648 1154 et
1684 1113 1745 1154 se
1798 1084 2137 1153 Mithridatis

529 1192 782 1250 societati
803 1192 1053 1247 volentes
1080 1191 1363 1247 dedidere.
1399 1190 1502 1258 Qui
1543 1199 1972 1262 praetergressus
2015 1202 2140 1243 sus-

532 1284 799 1356 pectiora,
827 1299 951 1340 cum
982 1284 1211 1356 reliquis
1236 1283 1508 1356 Egyptiis
1538 1280 1938 1339 conserendum
1968 1288 2139 1349 ratus,

529 1376 879 1434 liberioribus
903 1376 1124 1448 quidem
1157 1377 1318 1444 locis,
1347 1376 1445 1432 sed
1476 1374 1834 1431 validioribus
1860 1373 2018 1442 viris,
2043 1389 2138 1429 re-

532 1471 715 1543 gionis
766 1470 939 1541 ipsius
976 1470 1135 1541 cujus
1174 1469 1449 1526 incolatus
1501 1468 1818 1526 Judaeorum
1871 1465 2144 1523 exercitus

534 1563 941 1636 appellabatur,
972 1573 1193 1620 strenue
1219 1563 1559 1629 decertavit;
1600 1565 1740 1619 adeo
1770 1570 1829 1617 ut
1868 1568 2143 1632 praerupto

535 1669 661 1713 sese
700 1655 944 1728 periculo
988 1655 1167 1724 daret,
1207 1671 1271 1712 ac
1311 1672 1453 1729 pene
1475 1655 1778 1712 exstinctus
1827 1653 1991 1720 foret,
2037 1652 2143 1708 nisi

535 1748 825 1819 Antipater
850 1749 1041 1806 videns
1066 1758 1240 1805 totum
1264 1749 1318 1804 in
1346 1764 1455 1821 quo
1476 1748 1816 1805 Mithridates
1841 1754 1984 1814 erat,
2012 1746 2147 1801 dex-

2235 553 2415 605 renm,
2447 553 2568 609 qua:
2597 546 2874 609 tamquam
2910 538 3084 593 animi
3111 538 3316 593 lumina
3339 537 3574 593 micant.
3602 536 3718 592 llas
3742 550 3833 605 ego

2236 629 2522 686 cicatrices
2573 630 2692 700 tibi,
2723 628 2930 698 Caesar,
2973 631 3270 687 voluntatis
3321 632 3559 686 internae
3619 628 3835 686 obsides

2238 722 2439 777 tribuo.
2472 721 2601 778 Haec
2630 739 2732 794 ego
2764 724 2889 780 lidei
2935 739 3071 780 meae
3114 725 3331 796 depono
3376 724 3642 796 pignora,
3671 732 3729 779 et
3764 723 3841 778 in-

2237 815 2472 886 scriptos
2500 817 2651 874 cordi
2676 817 2858 888 apices
2886 833 3038 889 gero.
3068 816 3125 873 Si
3152 816 3368 873 civibus
3425 831 3538 873 non
3570 815 3839 881 creditur,

2240 906 2426 964 hostes
2472 909 2901 981 interrogentur,
2957 925 3053 981 pro
3108 927 3217 983 quo
3248 911 3473 967 vulnera
3507 911 3603 968 illa
3660 926 3842 967 susce-

2241 999 2436 1070 perim.
2478 1001 2619 1069 Quid
2648 1003 2702 1057 in
2749 1019 2836 1060 me
2865 1003 3035 1071 aliud,
3061 1003 3167 1060 nisi
3198 1004 3357 1060 fidem
3388 1020 3554 1076 quam
3597 1004 3703 1060 tibi
3754 1004 3843 1061 de-

2242 1092 2468 1161 ferrem,
2503 1097 2998 1167 persequebantur?
3024 1096 3095 1153 At
3139 1097 3374 1169 obiectat
3428 1097 3564 1152 mihi
3592 1097 3844 1169 Pompeii

2242 1187 2472 1258 gratiam
2503 1205 2517 1240 :
2556 1186 2751 1255 fateor,
2774 1189 2980 1256 Caesar,
3013 1205 3099 1245 me
3125 1205 3232 1244 non
3268 1189 3579 1257 hominum,
3607 1189 3709 1246 sed
3754 1206 3847 1246 no—

2243 1279 2378 1335 mini
2399 1278 2647 1337 Romano
2676 1282 2909 1337 amicum
2951 1281 3143 1349 fuisse,
3175 1282 3338 1352 idque
3367 1281 3655 1338 studuisse
3697 1297 3847 1354 egre-

2242 1375 2352 1445 gie,
2377 1384 2435 1429 ut
2460 1383 2655 1430 vestrae
2683 1376 2996 1445 reipublicae
3020 1391 3139 1432 mea
3163 1374 3340 1431 officia
3373 1375 3844 1447 impenderentur.
3932 1392 3933 1403 π

2245 1466 2471 1522 Militavi
2523 1468 2708 1541 itaque
2752 1484 2859 1525 non
2892 1471 3007 1535 uni,
3036 1468 3133 1524 sed
3175 1468 3431 1523 omnibus
3463 1484 3479 1522 :
3508 1467 3674 1523 fuerit
3718 1467 3847 1523 mihi
3932 1464 3933 1475 ¹

2245 1558 2446 1615 charus
2490 1559 2800 1631 Pompeius,
2826 1560 2921 1616 sed
2947 1570 3074 1617 ante
3125 1559 3258 1616 mihi
3301 1560 3392 1615 ille
3432 1561 3605 1631 cmpit
3643 1560 3848 1615 amicus

2244 1668 2386 1719 esse,
2415 1669 2576 1726 quam
2608 1654 2807 1710 Caesari
2849 1662 2996 1711 esset
3039 1654 3312 1709 inimicus.
3356 1651 3509 1709 Tuus
3541 1653 3637 1708 ille
3662 1667 3831 1724 gener

2248 1755 2387 1815 erat,
2411 1755 2465 1803 et
2487 1758 2541 1802 tu
2568 1761 2726 1803 socer
2747 1746 2915 1801 illius.
2941 1744 3076 1801 Cum
3099 1755 3248 1801 esset
3270 1746 3324 1800 in
3348 1745 3597 1816 partibus
3616 1743 3846 1813 Judaea,

540 1849 683 1897 trum
723 1855 895 1896 cornu
925 1856 955 1895 a
985 1841 1214 1897 cohorte
1252 1842 1456 1912 urgeri,
1500 1858 1569 1897 ex
1595 1842 1704 1897 alia
1744 1832 1961 1912 quo‘que
1991 1846 2147 1909 parte
2176 1840 2386 1913 B’juvi,
2412 1851 2472 1896 ut
2498 1842 2883 1913 imperatorem
2902 1841 3261 1906 Romanum;
3292 1856 3400 1895 non
3437 1849 3625 1896 tamen
3659 1856 3728 1897 ea
3756 1856 3851 1911 pro

548 1930 752 1987 includi
785 1930 1031 1999 flumine,
1075 1947 1177 1989 nec
1217 1932 1385 2011 ullum
1426 1931 1681 2003 effugium
1713 1931 1868 1998 viris,
1899 1931 2149 1986 irruisset

544 2038 575 2078 a
629 2039 800 2079 cornu
851 2025 1079 2088 sinistro
1136 2040 1307 2099 super
1354 2040 1453 2081 eos
1500 2026 1591 2098 qui
1632 2025 1997 2084 Mithridatem
2044 2040 2150 2082 ce—

545 2113 767 2170 dentem
809 2116 1318 2185 persequebantur;
1359 2131 1499 2188 quos
1541 2132 1611 2174 eo
1641 2133 1813 2190 usque
1851 2118 2153 2178 insectatus

541 2218 648 2274 est,
682 2208 859 2265 donec
904 2211 1090 2265 omnis
1129 2210 1371 2267 hostium
1399 2211 1632 2284 populus
1683 2214 2149 2285 exstingueretur.

548 2300 630 2356 Eo
682 2301 869 2372 praelio
920 2302 1199 2374 octoginta
1237 2303 1387 2358 solos
1430 2304 1724 2374 Antipater
1760 2306 1907 2361 viros
1934 2306 2003 2363 de
2042 2309 2157 2365 suis

547 2393 753 2459 amisit,
806 2407 976 2464 super
1014 2394 1362 2465 octingentos
1399 2394 1760 2463 Mithridates,
1807 2396 1879 2452 ita
1931 2407 1990 2453 ut
2041 2399 2158 2470 ipse

550 2495 752 2556 praeter
777 2500 932 2557 spem
962 2487 1199 2543 evaserit
1225 2504 1238 2541 :
1268 2495 1433 2558 atque
1462 2487 1581 2544 haec
1604 2504 1715 2543 uno
1744 2501 2022 2546 momento
2049 2492 2161 2548 cla-

548 2578 648 2633 des
677 2587 886 2634 secula.
914 2577 1203 2649 Antipater
1231 2579 1416 2635 multis
1448 2581 1769 2639 vulneribus
1795 2598 2028 2654 corpore
2066 2600 2163 2640 ex-

546 2671 746 2741 ceptis,
809 2670 1089 2741 egregium
1140 2671 1355 2726 virtutis
1420 2687 1533 2728 suae
1587 2674 1966 2730 testimonium
2019 2676 2163 2747 apud

547 2756 817 2815 Caesarem
851 2761 1061 2816 invenit
1093 2778 1106 2817 :
1135 2763 1449 2820 Mithridate
1499 2769 1807 2836 praesertim
1849 2784 1958 2824 non
1988 2771 2162 2826 solum

553 2867 667 2908 suae
695 2852 1059 2909 absolutionis
1105 2854 1429 2925 interprete,
1478 2858 1573 2913 scd
1613 2861 1778 2914 etiam
1832 2860 2166 2918 fortitudinis

554 2944 958 3015 praedicatore:
1005 2946 1204 3011 quibus
1257 2949 1421 3005 rebus
1473 2953 1689 3022 egregie
1747 2954 1932 3008 Caesar
1988 2954 2168 3010 delec-

552 3049 725 3107 tatus,
770 3040 823 3095 in
865 3040 1133 3098 honorem
1169 3045 1539 3115 Antipatrum,
1575 3056 1634 3102 ut
1664 3050 1977 3119 oportebat,
2023 3052 2168 3107 inter

553 3133 759 3191 amicos
796 3135 1025 3207 recepit.
1056 3136 1286 3204 Deinde,
1330 3138 1419 3193 ubi
1449 3155 1512 3195 ea
1553 3156 1673 3210 quae
1702 3141 1942 3214 Egypto
1987 3142 2171 3200 forent

2251 1933 2345 1989 illo
2366 1951 2487 2003 quae
2517 1949 2617 2005 pro
2641 1944 2712 2003 te,
2749 1934 2943 2005 excepi
2971 1933 3218 1990 vulnera.
3248 1933 3370 1990 'l‘ibi
3397 1934 3644 2004 impendi
3689 1933 3854 1990 vades

2253 2028 2469 2093 mortis,
2517 2036 2574 2083 et
2626 2028 2766 2083 ictus
2811 2028 3046 2084 telorum
3104 2028 3296 2097 excepi
3363 2028 3671 2084 hostilium.
3716 2028 3854 2097 Quid

2254 2124 2454 2179 mirum
2485 2131 2689 2188 autem,
2744 2123 2789 2177 si
2829 2123 3085 2194 captivus
3124 2123 3409 2179 vulnerum
3460 2122 3630 2179 decus
3660 2121 3856 2179 nescit?

2255 2225 2312 2274 et
2334 2217 2589 2288 fugitivus
2614 2216 2743 2288 quid
2776 2218 2847 2273 sit
2877 2217 3034 2285 fides,
3070 2218 3309 2290 ignorat?
3348 2217 3489 2286 Quid
3521 2227 3708 2274 autem
3740 2232 3855 2287 per.

2259 2319 2452 2380 petnus
2476 2310 2647 2365 hostis
2675 2310 2897 2381 obiiciat
2917 2310 3071 2380 mihi,
3101 2311 3207 2367 nisi
3246 2320 3490 2367 vestram
3534 2306 3854 2366 amicitiam?

2257 2401 2453 2458 Mirum
2497 2416 2629 2459 sane
2692 2403 2927 2468 videtur.
2981 2405 3125 2476 quod
3169 2416 3482 2462 accusatum
3528 2420 3851 2478 quemquam

2260 2488 2539 2554 Romanos
2565 2497 2721 2554 adeat
2752 2499 3079 2571 Antigonus,
3113 2516 3252 2570 quos
3281 2501 3429 2557 bello
3457 2486 3635 2556 soleat
3685 2500 3856 2556 inces-

2261 2605 2405 2655 sere,
2439 2600 2615 2662 atque.
2637 2591 2780 2662 apud
2811 2607 2906 2647 eos
2959 2601 3181 2647 exutum
3214 2608 3276 2648 se
3306 2592 3539 2660 imperio
3577 2599 3851 2662 queratur,

2264 2685 2421 2756 cujus
2452 2701 2609 2740 usum
2639 2700 2705 2741 ac
2731 2687 3031 2757 negotium,
3060 2702 3169 2741 non
3201 2688 3268 2742 ad
3300 2687 3385 2744 sui
3409 2686 3738 2758 potentiam,
3767 2701 3856 2742 nec

2265 2779 2333 2835 ad
2356 2780 2569 2851 insigne
2609 2779 2995 2846 domesticum,
3019 2780 3113 2836 sed
3137 2780 3202 2835 ad
3236 2779 3555 2836 lacesseoda
3582 2796 3739 2835 arma
3762 2780 3857 2834 Ro—

2266 2886 2449 2937 mana,
2472 2880 2528 2927 et
2563 2872 2877 2927 ulciscenda
2907 2872 3079 2943 patris
3110 2872 3465 2943 germanique
3511 2872 3679 2928 exitia
3726 2872 3859 2928 desi-

2267 2964 2834 3037 deraverit.lngratns
2885 2968 3075 3023 salutis
3124 2967 3364 3023 tribunal
3415 2966 3729 3021 Romanum
3763 2981 3858 3021 non

2270 3061 2479 3128 timeat,
2507 3061 2603 3117 sed
2631 3060 2796 3117 etiam
2821 3062 3019 3117 audeat
3047 3062 3192 3118 ultro
3232 3061 3533 3129 incessere,
3577 3077 3704 3118 cum
3737 3062 3861 3118 sciat

2268 3154 2392 3210 istic
2434 3154 2748 3212 rebellionis
2797 3171 2909 3210 suae
2933 3166 3245 3211 consortem
3296 3170 3486 3225 poenas
3534 3154 3729 3211 luisse.
3772 3153 3860 3210 Ubi

557 3228 941 3283 constituenda
968 3228 1262 3299 disposuit,
1295 3235 1546 3303 atquein
1597 3234 1810 3305 Syriam
1868 3238 2161 3305 processit,
2195 3222 2242 3287 C
2272 3248 2557 3318 Αηιῖριηριι
2603 3248 2764 3304 ﬁnem
2823 3248 3042 3304 dicendi
3099 3248 3250 3315 fecit,
3300 3222 3499 3304 vamsar
3552 3248 3863 3317 ρι-οηυηιῖεη

563 3318 961 3376 Romanaeeum
990 3321 1307 3394 reipublicae
1335 3324 1636 3381 honoribus
1658 3326 1877 3395 affecit:
1901 3330 2162 3386 talentum
2269 3341 2495 3408 dignum
2545 3341 2720 3411 magis
2769 3338 3077 3397 sacerdotio
3122 3340 3434 3412 Hyrcanum
3457 3339 3633 3396 videri
3666 3359 3682 3394 ε
3717 3339 3865 3395 Anu-

561 3426 779 3482 quoque
832 3414 1090 3503 contulit,
1150 3427 1461 3486 caeteraque
1513 3428 1567 3473 ut
1623 3418 1857 3488 probato
1915 3422 2017 3478 sibi
2048 3424 2167 3479 viro
2270 3441 2430 3502 patro
2460 3441 2641 3488 autem
2670 3432 2866 3488 detulit
2896 3433 3183 3503 potestatis
3210 3432 3563 3490 electionem.
3609 3431 3755 3488 Tum
3785 3432 3863 3487 ille

562 3506 752 3574 gratiae
780 3521 895 3561 suae
925 3502 1155 3578 pignora
1189 3511 1512 3583 impertivit.
1543 3513 1800 3586 Hyrcano
1825 3516 1987 3571 etiam
2016 3534 2166 3574 sum-

564 3614 712 3655 mum
761 3601 1131 3659 sacerdotium
1182 3606 1250 3660 de
1301 3610 1572 3663 sententia
1642 3610 1916 3681 Antipatri
1974 3612 2167 3671 volens

573 3693 831 3752 firmavit.

1143 3789 1376 3849 CAPUT
1421 3793 1592 3850 XXV.

641 3883 947 3956 Antigonus
995 3901 1209 3957 quoque
1267 3889 1318 3943 in
1349 3888 1507 3961 Syria
1557 3890 1764 3949 Caesari
1822 3896 2086 3963 occurrit,
2115 3907 2171 3954 et

565 3993 727 4048 quem
762 3979 848 4034 vel
878 3979 1049 4049 patris
1080 3978 1287 4036 deflere
1315 3998 1620 4039 aerumnam
1670 3997 2026 4055 convenerat,
2078 4005 2173 4045 ve-

569 4085 712 4125 neno
741 4085 837 4139 per
860 4070 1066 4126 amicos
1094 4072 1340 4143 Pompeii
1370 4076 1668 4145 interfecti,
1717 4081 1801 4135 vel
1841 4081 2170 4152 supplicium

569 4161 817 4232 germani
845 4176 1009 4232 quem
1039 4163 1230 4233 Scipio
1260 4180 1471 4221 summa
1511 4168 1858 4240 crudelitate,
1913 4184 2171 4245 tanquam

2269 3525 2522 3579 eumdem
2543 3523 2808 3578 arbitrum
2840 3525 3061 3580 honoris
3083 3533 3140 3580 et
3156 3523 3560 3580 moderatorem
3585 3532 3861 3593 expetens,

2271 3627 2435 3689 atque
2466 3620 2518 3673 in
2546 3634 2615 3675 eo
2644 3619 2735 3689 qui
2778 3620 3042 3675 honorem
3072 3619 3251 3685 daret,
3296 3634 3509 3690 ponens
3558 3632 3861 3674 mensuram

2272 3711 2519 3775 honoris,
2553 3719 2729 3765 astute
2752 3711 2886 3766 satis
2913 3723 2969 3768 et
2991 3710 3299 3767 verecunde
3329 3710 3500 3767 decus
3542 3710 3662 3765 tulit
3690 3718 3749 3766 et
3794 3709 3863 3765 inc

2271 3813 2612 3859 cremenlnm
2637 3803 2919 3872 potentiae.
2949 3802 3138 3859 Totins
3160 3803 3304 3858 enim
3326 3802 3529 3858 Iudam:
3552 3810 3866 3872 procurator

2273 3895 2451 3952 factus
2480 3904 2563 3949 cst
2591 3894 2878 3964 Antipater
2910 3911 2924 3948 :
2953 3909 3085 3950 sane
3123 3893 3401 3964 poposcit,
3450 3902 3513 3948 ut
3553 3908 3742 3948 muros
3783 3892 3865 3947 Ju-

2274 3987 2408 4043 daeae
2441 3990 2532 4054 qui
2557 3986 2701 4041 bello
2723 3987 2886 4042 diruti
2919 3984 3151 4051 fuerant,
3186 3985 3503 4041 aediﬁcaret.
3532 3984 3864 4056 Tantumque

2277 4080 2551 4152 negotium
2585 4079 2724 4135 datae
2776 4079 2899 4135 lidei
2949 4093 3197 4146 securus,
3226 4090 3281 4134 et
3307 4078 3602 4149 postulavit
3626 4086 3679 4131 et
3702 4077 3863 4146 impe-

2277 4177 2464 4232 travit.
2492 4176 2695 4244 anue,
2714 4184 2772 4228 ut
2796 4173 2967 4229 moris
2993 4180 3111 4228 erat
3136 4170 3399 4226 Romanis
3431 4170 3861 4242 imperatoribus,

570 4267 725 4308 reum
755 4255 936 4309 securi
990 4266 1358 4325 percusserat.
1408 4260 1628 4317 invidiae
1663 4264 1834 4334 magis
1884 4280 2048 4335 quam
2076 4268 2175 4322 do-
2277 4267 2509 4324 arbitrio
2534 4266 2765 4324 Caesaris
2815 4268 2869 4321 in
2915 4265 3187 4337 Capitolio
3226 4264 3429 4336 scripta
3478 4272 3627 4330 sunt,
3653 4278 3771 4334 quae
3791 4262 3861 4316 in-

573 4344 708 4401 loris
736 4355 922 4416 partes
948 4350 1377 4420 exsequebatur,
1406 4360 1467 4407 ut
1498 4352 1809 4425 Hyrcanum
1842 4364 1898 4413 et
1944 4356 2177 4429 Antipa-
2277 4361 2452 4432 signia
2491 4360 2720 4415 honoris
2773 4359 3063 4429 Antipatro
3110 4355 3445 4414 conferenda
3492 4353 3676 4412 Caesar
3723 4353 3858 4409 aesti-

565 4448 710 4496 trum
767 4441 1030 4521 incubare
1082 4444 1301 4512 alienis,
1339 4461 1463 4518 quae
1511 4448 1617 4504 sibi
1660 4457 1715 4505 et
1755 4448 2018 4507 fratribus
2059 4455 2177 4511 suis
2278 4456 2557 4520 mavisset,
2588 4460 2650 4508 ut
2677 4466 2789 4507 suae
2812 4447 3065 4521 iustitiae,
3097 4458 3153 4505 et
3174 4446 3495 4505 meritorum
3524 4448 3646 4513 viri,
3692 4452 3858 4516 poste-

567 4553 668 4607 per
693 4538 874 4595 scelus
911 4547 1103 4611 erepta
1126 4539 1330 4606 forent,
1361 4550 1557 4614 questu
1590 4543 1917 4614 gravissimo
1946 4561 2173 4604 coacer—
2201 4614 2233 4616 _
2278 4546 2456 4602 ritatis
2506 4559 2727 4616 quoqne
2767 4541 3063 4614 cognitioni
3110 4540 3313 4596 indicia
3357 4548 3658 4596 exstarent.
3680 4538 3860 4594 Prose-

565 4628 726 4687 baret
768 4639 1045 4689 extorrem
1092 4648 1155 4691 se
1202 4634 1406 4692 factum
1462 4636 1817 4694 habitationis
1863 4650 2105 4711 paternae
2151 4614 2253 4698 :D
2280 4647 2440 4694 cutus
2525 4614 2707 4692 autem
2771 4634 3046 4691 Caesarem
3102 4633 3395 4704 Antipater
3441 4647 3513 4687 ex
3575 4630 3762 4703 Syria,
3812 4627 3860 4681 in

569 4736 775 4783 terram
806 4729 860 4783 in
891 4744 997 4799 qua
1043 4730 1115 4786 sit
1161 4740 1342 4799 natus,
1385 4734 1570 4805 negari
1616 4733 1721 4790 sibi
1763 4742 1993 4792 :tamen
2044 4752 2173 4794 suas
2280 4731 2527 4788 Jttda‘am
2570 4729 2726 4786 ﬂexit
2756 4730 2884 4785 iter.
2916 4727 2989 4784 Et
3016 4725 3214 4798 primo,
3242 4740 3403 4797 quem
3450 4724 3735 4796 Pompeius
3776 4721 3861 4776 de-

568 4820 800 4892 injurias
830 4822 1239 4881 tolerabiliores
1268 4826 1481 4893 videri;
1510 4827 1683 4885 multo
1711 4829 2028 4886 acerbiores
2053 4830 2175 4887 illas
2282 4832 2560 4881 struxerat
2604 4836 2848 4890 murum,
2893 4822 2949 4876 in
2999 4828 3243 4876 veterem
3292 4826 3496 4873 statum
3541 4813 3857 4873 reformavit.

569 4915 771 4987 quibus
803 4922 918 4971 tota
960 4931 1093 4988 gens
1140 4918 1326 4989 populi
1371 4917 1686 4976 Iudaeorum
1716 4920 1786 4975 ab
1827 4920 2080 4994 Hyrcano
2118 4929 2178 4979 et
2285 4914 2494 4972 Deinde
2531 4913 2794 4970 tumultus
2843 4910 3123 4983 repressit,
3146 4910 3478 4966 conveniens
3515 4907 3751 4980 singulos
3792 4903 3862 4959 af-

569 5005 860 5077 Antipatro
879 5005 1213 5064 afficeretur.
1239 5009 1455 5082 Eosque
1475 5009 1545 5066 de
1572 5011 1712 5068 bene
1733 5012 1902 5084 gestis
1926 5012 1979 5068 in
2002 5012 2176 5086 Egy-

568 5108 664 5171 pto
705 5101 869 5157 rebus
906 5102 1190 5159 vindicare
1217 5103 1474 5175 gratiam.
1504 5118 1629 5160 cum
1677 5105 2178 5176 illudgltlithridatis

569 5190 794 5266 iuvandi
818 5211 1034 5265 munus,
1065 5210 1172 5252 non
1194 5211 1264 5279 ex
1285 5197 1448 5254 insita
1472 5197 1526 5254 in
1547 5197 1820 5255 Caesarem
1846 5200 2182 5257 benevolen-

572 5285 674 5353 tia,
705 5287 971 5344 sedulitas
1001 5290 1109 5345 ulla
1140 5289 1425 5359 detulerit,
1450 5292 1545 5349 sed
1574 5308 1641 5349 ex
1672 5290 2020 5366 Pompeianae
2046 5310 2182 5353 con-

2286 5010 2429 5068 fectu
2476 5008 2739 5082 parentis,
2766 5021 2910 5062 nunc
2938 5003 3285 5061 mollioribus
3313 5003 3562 5070 monitis,
3590 5016 3728 5058 nunc
3772 4999 3864 5055 mi-

2279 5106 2402 5171 nis;
2429 5114 2490 5161 ut
2533 5120 2655 5176 quae
2698 5102 2852 5173 pacis
2896 5110 3082 5157 essent
3152 5099 3337 5171 potius
3385 5114 3550 5170 quam
3594 5097 3739 5163 belli,
3788 5108 3863 5149 se-

2282 5198 2499 5271 quenda
2547 5198 2968 5262 arbitrarentur,
3015 5209 3155 5251 neve
3200 5186 3598 5264 exasperarent
3642 5190 3862 5246 animum

2282 5293 2448 5364 regis.
2475 5290 2579 5360 Qui
2609 5291 2654 5347 si
2678 5289 2981 5346 inoffensus
3007 5295 3278 5350 maneret.
3329 5286 3506 5343 civem
3561 5287 3859 5357 praestaret:

570 5378 805 5436 scientia
835 5380 1120 5439 societatis
1165 5382 1404 5441 formido
1452 5387 1772 5454 extorserit,
1813 5395 1875 5443 ut
1924 5397 2075 5446 esset
2105 5388 2188 5443 of-
2284 5385 2331 5442 si
2362 5390 2822 5450 commoveretur,
2854 5391 3145 5454 tyrannum
3187 5379 3506 5445 exhiberet;
3557 5387 3612 5434 et
3662 5375 3705 5432 si
3730 5371 3860 5429 mitis

572 5468 846 5530 fensionis
909 5473 1190 5533 obtentus.
1248 5477 1530 5535 Adversus
1583 5494 1647 5535 ea
1705 5478 2013 5551 Antipater,
2070 5494 2180 5536 non

570 5562 868 5622 verborum
910 5565 1160 5624 referens
1189 5570 1388 5639 vicem,
1422 5570 1518 5626 sed
1551 5586 1737 5628 rerum
1786 5572 2180 5642 assertionem,

572 5654 736 5712 scidit
763 5666 974 5714 vestem
1006 5675 1022 5714 :
1051 5668 1107 5717 et
1133 5660 1312 5718 nudus
1341 5663 1822 5733 vestimentorum,
1847 5664 2043 5737 plenus
2070 5664 2185 5721 vul-

578 5749 794 5836 tterum,
847 5748 1139 5836 dil’orieato
1181 5753 1410 5836 amictu,
1450 5753 1686 5834 offerens
1719 5756 1896 5836 oculis
1928 5757 2188 5836 circum;-

575 5829 837 5895 ttdntium
867 5820 1127 5911 speetatm
1172 5820 1369 5899 indicia
1396 5820 1611 5901 virtutis
1644 5865 1656 5897 ι
1688 5834 1789 5907 En.
1831 5829 2025 5916 inquit;
2060 5820 2179 5902 tua;t

2288 5488 2437 5537 esset
2457 5486 2650 5534 natura
2670 5476 2982 5553 _llyrcanus,
3009 5482 3270 5531 caverent
3297 5482 3484 5528 tamen
3509 5485 3579 5527 ne
3603 5483 3721 5526 eum
3739 5479 3858 5522 con—

2291 5572 2512 5629 tumelia
2564 5568 2953 5627 exacerbarent
2987 5584 3001 5620 :
3032 5566 3138 5624 sibi
3183 5579 3401 5637 quoque
3444 5563 3680 5619 studium
3724 5570 3853 5618 esse.

2289 5675 2349 5721 ut
2379 5666 2433 5721 in
2487 5662 2724 5720 medium
2750 5660 3084 5727 consuleret,
3116 5674 3215 5730 pro
3243 5655 3617 5714 sollicitudine
3637 5654 3719 5725 pia
3760 5662 3854 5705 non

2331 5773 2390 5812 ro
2419 5761 2711 5827 potestate.
2739 5752 2845 5811 Sed
2875 5752 2918 5808 si
2953 5764 3152 5829 navare
3196 5740 3382 5828 aliqua
3422 5748 3713 5829 tentarent,

2331 5773 2390 5812 ro
2419 5761 2711 5827 potestate.
2739 5759 2845 5811 Sed
2875 5759 2918 5808 si
2953 5764 3152 5807 navare
3198 5759 3382 5820 aliqua
3422 5759 3713 5825 tentarent,
3748 5759 3855 5827 via:

2290 5759 2502 5901 Rimata
2531 5830 2770 5900 attittttmt
2821 5834 2922 5897 eihi
2968 5846 3077 5899 non
3119 5820 3454 5901 defuturum;
3486 5817 3855 5893 liotllalttlrtlttll
