3964 6326
98 244 264 305 I985

985 254 1258 315 HISTOR.
1303 257 1394 316 DE
1432 256 1710 320 EXCIDIO
1748 260 2022 324 HIEROS.
2059 263 2261 327 URBIS
2300 268 2431 328 LIB.
2468 269 2516 328 I.

3283 279 3421 343 I986

103 374 219 430 que
276 361 573 461 amicitiam
605 365 804 437 potius,
837 381 1001 440 quam
1042 372 1474 433 dominationem
1505 378 1718 448 experi-
1745 389 1799 450 Α
1823 380 2118 451 placidiorc
2149 384 2508 452 adventabat,
2545 389 2944 461 prmoecupatis
2982 391 3224 450 Galilatte
3250 399 3430 453 muni-

103 465 326 508 rentur.
359 453 457 510 Cui
489 458 633 514 enim
680 459 907 519 dubium
964 465 1108 522 foret
1157 484 1226 522 ex
1257 468 1446 524 amicis
1477 468 1531 524 in
1574 484 1720 524 arma

104 555 430 616 erupturos,
473 549 520 604 si
564 567 690 606 cum
751 555 838 610 cui
886 571 1114 628 regnum
1164 560 1268 630 ipsi
1340 561 1720 629 ﬁrmaverant,

100 641 500 709 cognovissent
537 656 710 716 regno
752 640 1018 704 exutum?
1045 650 1219 708 Simul
1248 653 1375 723 quia
1418 652 1720 710 lenitudine

102 732 319 804 ingenii
349 736 647 795 tardiorem
699 739 1010 814 Hyrcanum
1039 755 1264 801 noverat
1301 745 1368 802 ad
1415 761 1723 820 exsequen-

101 821 209 879 das
259 828 602 897 publicorum
657 849 944 890 munermn
991 837 1369 906 necessitates,
1431 840 1558 896 ﬁliis
1604 841 1721 898 suis

101 917 461 977 dividendam
511 925 722 982 tuendae
763 929 1006 999 regionis
1053 946 1240 987 curam
1290 934 1520 1002 putavit,
1571 933 1721 1006 quod

100 1011 202 1068 ille
231 1013 414 1087 impar
442 1028 604 1074 tantre
652 1021 780 1076 moli
820 1022 1165 1097 imperioque
1213 1035 1381 1082 esset.
1426 1027 1718 1084 Phaselum

101 1105 299 1177 itaque
328 1109 600 1166 seniorem
643 1129 712 1168 ex
758 1115 947 1171 liberis
979 1118 1271 1187 praesulem
1323 1119 1720 1192 Hierosolymis

102 1209 160 1254 et
190 1198 388 1256 ducem
424 1201 630 1260 militiai
678 1207 981 1262 constituit.
1036 1209 1311 1266 Herodem
1354 1226 1570 1282 quoque
1617 1212 1720 1267 mi-

102 1309 300 1349 norem
330 1304 459 1350 natu
495 1306 658 1368 atque
685 1299 978 1357 admodum
1020 1301 1430 1359 adolescentem
1469 1305 1584 1374 pari
1612 1304 1710 1360 ho-

104 1402 246 1444 uore
273 1386 511 1444 Galiltea:
543 1391 804 1460 prmfecit.
839 1394 942 1462 Qui
975 1395 1063 1450 ubi
1113 1405 1437 1465 potestatem
1489 1396 1718 1467 adeptus

97 1490 212 1544 est,
272 1491 465 1536 natura
496 1485 673 1538 acrior
702 1485 767 1539 ad
807 1486 1057 1542 obeunda
1111 1489 1349 1559 negotia,
1402 1489 1587 1544 statim
1634 1490 1716 1544 in-

99 1572 274 1642 genio
306 1586 408 1629 suo
439 1578 720 1631 materiam
756 1578 986 1632 invenit.

694 1669 923 1727 CAPUT
966 1671 1158 1728 XXVI.

1827 474 2104 532 tionibus:
2153 477 2249 533 sed
2300 486 2480 534 tamen
2531 495 2708 552 neque
2750 483 3022 542 invidioso
3069 488 3318 558 agmine,
3367 497 3430 546 ut

1823 564 2026 623 bellum
2049 570 2242 626 minari
2263 572 2562 641 videretur,
2582 590 2684 631 nec
2707 576 2903 633 iterum
2925 578 2980 633 itt
3007 588 3124 636 tuto
3146 580 3424 652 praesidio,

1824 671 1884 716 ut
1914 663 2146 720 salutem
2178 667 2436 736 proderet
2469 685 2482 722 :
2514 669 2686 734 fultus
2730 686 2952 743 quoque
2996 672 3149 730 Sexti
3192 674 3431 732 Caesaris

1821 763 1942 808 crat
1980 756 2258 826 aspirante
2286 759 2389 816 sibi
2421 760 2624 832 gratia;
2652 763 2746 834 qui
2777 772 3030 821 metuens
3074 781 3144 820 ne
3173 765 3302 836 quid
3329 766 3424 837 ju-

1822 845 1948 901 veni
1977 847 2298 905 insidiarum
2326 851 2692 924 irrogaretur,
2723 856 3135 926 praescripserat
3174 857 3430 930 Hyrcano

1821 939 2094 996 mandatis
2113 943 2509 1013 severioribus,
2536 956 2594 1002 ut
2618 962 2647 1001 a
2673 947 2862 1018 judicii
2890 949 3157 1021 gravioris
3185 952 3430 1023 periculo

1823 1035 2241 1102 temperandum
2291 1048 2527 1109 putaret.
2579 1040 2736 1098 Unde
2797 1045 2971 1114 magis
3027 1044 3428 1104 absolutionem
3489 1065 3492 1067 λ

1815 1124 2008 1196 judicii
2039 1127 2210 1185 Sexto
2237 1130 2438 1186 detulit
2464 1148 2628 1203 quam
2677 1133 2972 1204 voluntati;
3011 1139 3259 1208 quamvis
3287 1139 3430 1212 Hyr-

1821 1233 2012 1286 canus,
2046 1222 2150 1276 etsi
2197 1223 2640 1281 insimulantibus
2672 1238 2936 1296 cesserat,
2972 1239 3032 1284 ut
3061 1247 3187 1287 eum
3220 1232 3274 1287 itt
3303 1247 3432 1288 cau-

1819 1325 1937 1365 sam
1967 1323 2210 1383 vocaret,
2237 1318 2427 1373 volens
2453 1327 2567 1374 tum
2588 1319 2906 1389 absolverit,
2927 1322 3184 1394 quoniam
3213 1339 3433 1382 servare

1821 1401 1958 1459 hero
1986 1422 2146 1476 quam
2181 1412 2442 1480 persequi
2474 1412 2730 1470 malebat.
2779 1415 2887 1470 Sed
2932 1415 3026 1471 ille
3067 1415 3296 1487 juvenili
3341 1433 3433 1474 ca-

1819 1495 1936 1553 lore
1966 1500 2218 1567 injnriam
2253 1503 2467 1572 dolens,
2497 1506 2858 1562 absolutionis
2889 1508 3154 1579 ingratus,
3188 1511 3437 1582 perrexit

1819 1591 1886 1645 ad
1916 1593 2138 1649 Sextum
2172 1599 2460 1668 proposito
2487 1600 2691 1668 studio,
2722 1610 2780 1656 ut
2805 1603 2850 1657 si
2882 1602 3077 1659 iterum
3111 1615 3427 1676 vocaretur,

1819 1699 1928 1739 non
1979 1687 2244 1755 obediret,
2275 1691 2529 1762 deditque
2581 1695 3010 1751 obtrectantibus
3055 1697 3413 1755 insimulandi

173 1787 490 1846 Laborabat
526 1785 670 1842 enim
711 1785 866 1858 Syria
900 1787 1148 1843 Ezechite
1180 1789 1408 1846 latronis
1438 1791 1712 1847 incursio-
1747 1791 1797 1852 B
1823 1778 2003 1834 locum
2036 1798 2049 1833 ³
2080 1783 2331 1852 (Ιυθηινίε
2377 1785 2660 1857 Hyrcanus
2689 1804 2794 1842 “0"
2834 1800 3143 1858 assurgeret
3170 1791 3237 1846 ad
3268 1791 3434 1846 νηίο-

101 1884 291 1938 nibus.
324 1882 532 1950 Quibtts
560 1881 650 1935 ille
679 1881 1020 1950 praedatoria:
1048 1885 1232 1938 manui
1267 1885 1516 1956 princeps
1549 1896 1717 1942 totam

101 1976 402 2031 infestabat
433 1974 792 2044 provinciam,
827 1985 990 2046 atque
1017 1978 1272 2032 omnibus
1311 1980 1446 2034 locis
1477 1981 1720 2036 infensus

98 2078 245 2124 erat.
301 2068 474 2135 Quem
522 2077 835 2138 correptum
881 2069 1118 2138 jngulari
1166 2071 1367 2141 juSsit,
1411 2076 1719 2146 multosque

99 2160 428 2234 praedonum
468 2160 748 2216 interemit
777 2181 790 2215 :
824 2162 966 2232 quod
1000 2163 1049 2217 ei
1082 2180 1329 2235 magnam
1361 2167 1575 2221 virtutis
1603 2167 1720 2237 glo-

100 2255 241 2308 riam
288 2253 520 2323 peperit,
551 2264 607 2307 ut
643 2253 871 2309 haberet
909 2254 1051 2324 apud
1090 2256 1257 2327 Syros
1284 2257 1531 2327 gratiam.
1563 2257 1718 2314 Unde

100 2342 155 2400 in
193 2345 424 2400 urbibus
451 2361 513 2400 ac
543 2347 674 2400 vicis
702 2347 1018 2401 canentium
1053 2349 1280 2404 vocibus
1311 2350 1714 2417 celebrabatur,

99 2439 260 2508 quasi
288 2452 475 2507 pacem
500 2439 806 2508 etquietem
833 2439 1101 2509 publicam
1129 2444 1302 2496 multa
1326 2453 1449 2513 post
1472 2454 1717 2515 tempora

100 2532 540 2588 retormavisset.
581 2531 868 2588 Excitabat
907 2534 994 2590 hic
1039 2549 1224 2592 sermo
1265 2539 1507 2593 secundo
1542 2539 1717 2608 plebis

99 2640 329 2680 rumore
369 2626 772 2681 aemulationem
804 2627 946 2696 piam
979 2628 1152 2683 laudis
1183 2629 1458 2696 fraternae,
1490 2641 1547 2686 ut
1571 2632 1715 2687 Pha-

99 2719 255 2774 selus
299 2719 573 2788 junioretn
623 2734 784 2785 natu,
803 2735 966 2791 quem
1011 2721 1328 2792 adtequaret
1377 2725 1576 2778 mentis
1619 2725 1714 2780 be-

100 2812 378 2882 nignitate
401 2853 417 2879 ,
448 2811 658 2868 allectis
690 2814 748 2869 in
774 2815 1080 2884 primorum
1111 2815 1291 2870 locum
1334 2817 1717 2873 benevolentia

103 2906 621 2976 prmstantioribus,
675 2905 769 2978 qui
826 2921 1017 2963 severa
1076 2917 1449 2978 temperarent
1513 2911 1710 2981 gratia.

101 2999 264 3056 Unde
311 3007 368 3054 et
414 3000 679 3054 maximus
727 2999 903 3056 honor
947 3001 1258 3071 Antipatro,
1301 3004 1456 3073 quasi
1504 3004 1716 3074 parenti

101 3093 351 3165 publico,
381 3091 734 3150 deferebatur
767 3095 922 3164 :ipse
974 3105 1155 3150 tamen
1193 3095 1328 3150 nihil
1365 3095 1432 3151 de
1476 3097 1718 3152 benevo-

1828 1889 1978 1941 nem,
2011 1891 2134 1929 cunt
2167 1877 2375 1933 videret
2420 1882 2756 1950 superiorem
2785 1899 2798 1934 :
2829 1884 3208 1940 recordatione
3248 1893 3429 1941 tamen

1825 1965 2042 2036 injuria:
2075 1971 2221 2039 (quae
2253 1972 2534 2025 tractando
2559 1973 2744 2045 alitur)
2767 1975 2980 2030 excitus
3008 1976 3271 2043 Herodes,
3301 1994 3435 2032 con-

1825 2069 2050 2132 grcgato
2080 2064 2325 2116 exercitu
2355 2065 2613 2134 pergebat
2656 2065 3094 2138 Hierosolymam
3117 2109 3133 2135 ,
3165 2078 3224 2122 ut
3251 2069 3432 2125 solve-

1824 2163 1911 2207 ret
1960 2169 2176 2209 omnem
2223 2154 2456 2226 Hyrcani
2505 2166 2856 2226 potestatem,
2887 2175 2952 2214 ac
2980 2175 3119 2230 pene
3147 2160 3427 2231 effecerat,

1825 2245 1926 2300 nisi
1957 2261 1987 2300 a
2020 2247 2186 2302 fratre
2231 2247 2496 2304 infractus
2521 2261 2572 2304 et
2606 2260 2758 2320 patre
2782 2293 2797 2317 ,
2832 2253 3067 2321 impetus
3095 2253 3214 2324 ejus
3241 2269 3438 2311 conse-

1825 2339 2054 2405 nuisset,
2092 2342 2430 2410 rogantibus,
2463 2350 2521 2396 nt
2551 2343 2920 2399 insurrexisse
2949 2346 3081 2400 satis
3111 2354 3344 2415 putaret,
3377 2356 3434 2404 et

1825 2430 2172 2487 minitationc
2233 2433 2483 2488 vindicta:
2534 2435 2756 2490 modum
2821 2449 3081 2506 poneret;
3135 2440 3436 2496 abstineret

1825 2535 2005 2581 tamen
2030 2526 2100 2582 ab
2122 2527 2469 2598 imperatoris
2494 2530 2685 2598 exitio,
2704 2530 2805 2585 sub
2831 2547 2940 2602 quo
2968 2548 3074 2587 non
3097 2533 3428 2590 mediocrem

1822 2631 2108 2676 assecutus
2146 2621 2289 2677 foret
2329 2623 2554 2694 gratiam
2577 2665 2593 2690 ,
2623 2633 2681 2678 ut
2709 2633 2916 2680 tantam
2951 2637 3272 2697 potestatem
3315 2628 3435 2683 adi-

1822 2715 2165 2786 piscerentur
2188 2734 2204 2770 :
2228 2715 2421 2772 laesum
2449 2718 2668 2788 quidem
2690 2719 2887 2788 videri,
2916 2722 3058 2791 quod
3082 2725 3137 2776 in
3160 2723 3426 2792 judicium

1822 2819 2050 2863 vocatus
2079 2810 2191 2876 sit;
2231 2810 2330 2866 sed
2359 2827 2550 2868 rursus
2575 2813 2828 2868 affectum
2865 2815 3060 2884 gratia,
3090 2815 3235 2885 quod
3262 2816 3430 2873 abso-

1823 2901 1971 2959 lutus
2004 2922 2018 2958 :
2051 2904 2246 2959 durum
2295 2905 2493 2972 nimis,
2535 2905 2582 2960 si
2636 2906 2888 2976 injuriam
2939 2917 3331 2980 prosequatur,
3373 2919 3430 2967 et

1822 3012 1922 3066 pro
1966 2999 2143 3053 salute
2196 2999 2440 3070 ingratus
2479 2999 2551 3054 sit
2581 3015 2598 3054 :
2627 2998 2853 3054 dubiutn
2883 2999 3081 3056 deinde
3111 3003 3431 3074 ancipitem-

1823 3105 1930 3160 que
1982 3091 2252 3146 bellorum
2312 3099 2868 3164 evctttungravem
2930 3108 3147 3166 quoque
3209 3097 3429 3154 invidia:

103 3187 277 3242 lentia
307 3200 374 3240 ac
405 3185 510 3240 ﬁde
540 3188 790 3253 mutavit,
819 3202 925 3258 qua
955 3187 1250 3242 observare
1283 3187 1592 3259 Hyrcanum
1623 3204 1715 3246 εον
1745 3196 1791 3261 C
1823 3183 2091 3237 sarcinam
2120 3224 2135 3250 ,
2162 3198 2284 3238 cum
2335 3185 2656 3254 imperatori
2696 3201 2798 3242 suo
2844 3201 2996 3242 arma
3039 3188 3259 3255 inferat,
3292 3199 3348 3244 et
3377 3192 3430 3249 ei

104 3279 239 3334 litus
262 3287 405 3334 erat.
433 3278 540 3334 Sed
563 3279 785 3334 difficile
801 3289 886 3334 est
903 3281 953 3333 in
982 3281 1261 3352 prosperis
1284 3281 1482 3336 invidia
1504 3297 1714 3339 carere.

106 3371 356 3441 Denique
396 3370 628 3441 primum
673 3371 869 3426 tacitus
901 3371 1182 3442 Hyrcanus
1210 3373 1274 3425 ad
1305 3374 1564 3442 jurenum
1598 3374 1717 3428 lau-

107 3465 208 3522 des
260 3465 651 3531 vellicabatur;
709 3465 1085 3522 vehementius
1145 3475 1326 3522 tamen
1375 3483 1540 3534 eum,
1596 3482 1719 3537 quae

108 3556 378 3629 praeclare
429 3567 581 3628 gesta
642 3557 698 3612 in
752 3557 989 3614 Herodis
1047 3558 1304 3628 operibus
1366 3559 1714 3627 ferebantur,

106 3649 532 3722 cxasperabant,
563 3665 724 3720 quem
756 3651 893 3706 ultra
923 3651 1070 3722 leges
1108 3651 1419 3706 Judaiorutn
1449 3662 1503 3706 ct
1527 3650 1720 3722 privati

107 3746 334 3802 modum
381 3761 734 3816 progressum
787 3745 1025 3813 videbat,
1075 3757 1134 3800 ut
1178 3762 1394 3801 omnem
1443 3746 1546 3802 sibi
1594 3761 1718 3800 cum

107 3839 280 3893 fratre
306 3853 371 3893 ac
395 3847 546 3909 patre
567 3838 871 3892 vindicaret
893 3839 1209 3908 potentiam,
1234 3854 1528 3910 regemque
1555 3853 1720 3894 exue-

109 3939 236 3986 rent
261 3932 413 3985 omni
451 3929 678 3997 honore,
708 3931 793 3986 cui
824 3930 956 3986 nihil
999 3940 1199 4002 praeter
1240 3947 1437 3986 nomen
1482 3931 1720 3986 resedis-

106 4031 218 4089 set,
246 4022 390 4092 quod
443 4037 674 4078 vacuum
721 4024 1006 4094 potestatis
1054 4025 1272 4078 inanem
1302 4024 1544 4095 speciem
1576 4039 1720 4095 pra:-

108 4115 306 4173 ferret.
343 4116 585 4189 Denique
625 4118 935 4174 inconsulto
979 4134 1045 4174 eo
1085 4119 1350 4190 plurimos
1395 4121 1516 4175 neci
1558 4120 1721 4177 datos

107 4213 230 4266 sine
262 4211 532 4268 mandatis
559 4212 835 4284 regalibus
859 4212 1196 4280 interfectos,
1225 4226 1360 4284 quos
1391 4214 1474 4269 lex
1505 4225 1720 4284 patrum

108 4307 298 4378 perire
322 4323 428 4364 non
455 4309 686 4374 sineret;
720 4310 862 4366 unde
906 4318 1163 4381 oportere
1207 4309 1480 4366 Herodem
1511 4310 1564 4366 in
1591 4325 1718 4366 cau-

109 4416 231 4457 sam
260 4401 445 4456 vocari
473 4402 714 4473 plerique
741 4403 977 4470 aiebant,
1005 4411 1064 4457 ut
1096 4395 1365 4459 ratiOnem
1406 4403 1581 4470 daret,
1611 4419 1716 4474 qua

107 4494 287 4565 gratia
315 4494 601 4550 violaverit
631 4495 828 4566 legem,
859 4511 980 4564 qua:
1015 4494 1285 4550 inauditos
1311 4502 1524 4551 vetaret
1548 4495 1718 4550 exitio

1825 3275 1916 3346 qui
1942 3285 2170 3346 paterno
2191 3277 2392 3334 affectu
2414 3294 2536 3333 eum
2569 3279 2784 3348 foverit,
2803 3281 3236 3352 saapiusjuverit,
3271 3299 3429 3340 num-

1821 3383 1984 3438 quam
2027 3371 2256 3438 laeserit,
2291 3371 2395 3426 nisi
2425 3387 2547 3427 cum
2581 3373 2738 3430 malis
2767 3375 3095 3430 consiliariis
3123 3393 3276 3446 usus,
3309 3393 3429 3434 um-

1823 3464 1977 3518 bram
2005 3465 2054 3520 ei
2083 3466 2404 3523 excitaverit
2448 3468 2770 3540 iniquitatis,
2799 3485 2906 3541 qua
2954 3485 3015 3526 se
3057 3469 3238 3528 lusum
3275 3471 3423 3528 arbi-

1823 3567 2080 3615 traretur.

2379 3653 2606 3711 CAPUT
2645 3655 2863 3712 XXVII.

1897 3745 1994 3801 llis
2041 3755 2096 3802 et
2138 3747 2336 3803 talibus
2382 3747 2590 3818 fregere
2629 3748 2930 3818 jnvenilem
2985 3749 3280 3820 impetum,
3311 3749 3428 3806 δοι-

1825 3839 2045 3908 lnmque
2076 3840 2394 3895 intestinum
2424 3857 2452 3893 a
2480 3840 2668 3896 Judaza
2708 3849 3002 3910 remotum,
3035 3843 3129 3897 scd
3152 3843 3432 3902 Romano-

1763 3993 1777 4005 ρ
1824 3947 1947 3986 rum
1985 3933 2386 3989 interventione
2428 3933 2758 3988 transfusum
2789 3942 2949 4004 atque
2979 3936 3030 3990 in
3061 3950 3158 3991 eos
3186 3953 3424 3994 versum.

1827 4023 2104 4094 Siquidem
2135 4040 2164 4078 a
2194 4025 2416 4081 Caecilio
2457 4026 2626 4082 Basso
2698 4027 2900 4084 Sextus
2938 4027 3122 4086 Caesar
3166 4030 3295 4086 dolo
3340 4032 3427 4086 in-
3462 4059 3471 4069 ν

1824 4125 2130 4188 teremptus
2177 4127 2261 4173 est
2294 4135 2307 4172 :
2338 4128 2393 4174 et
2424 4130 2614 4189 postea
2654 4119 2830 4174 Julius
2872 4119 3058 4176 Caesar
3099 4124 3335 4179 triennio
3373 4132 3433 4181 et

1823 4217 2033 4281 septem
2085 4211 2365 4267 mensibus
2408 4221 2678 4283 potestate
2725 4215 2944 4271 functus
2987 4227 3270 4288 perpetua,
3304 4221 3432 4292 quia

1823 4304 2022 4372 privati
2056 4303 2299 4360 habitum
2333 4321 2722 4378 supergressus
2751 4307 2950 4378 fuerat,
2983 4310 3037 4364 in
3080 4324 3268 4368 senatu
3298 4329 3431 4384 gra-

1821 4408 1918 4449 ves
1945 4410 2134 4464 poenas
2163 4395 2346 4461 dedit,
2379 4394 2570 4452 Cassio
2600 4397 2878 4470 Brutoque
2905 4402 3236 4457 auctoribus.
3273 4404 3430 4461 Unde

1823 4488 2167 4559 congregatis
2221 4489 2487 4556 urbibus,
2543 4505 2666 4545 cum
2720 4490 2892 4546 ultum
2945 4492 3010 4546 iri
3065 4494 3207 4549 ﬁlius
3254 4494 3432 4552 Julius

109 4586 499 4642 dari:debere
548 4602 833 4658 assurgere
879 4586 1339 4657 Hyrcanum,vel
1393 4587 1518 4641 hinc
1557 4601 1722 4658 expeo

1827 4580 2112 4650 adoptivus
2153 4581 2323 4650 patris
2351 4581 2574 4637 exitium
2602 4623 2617 4649 ,
2649 4581 2906 4653 adjuncto
2933 4583 3033 4639 sibi
3066 4587 3304 4642 Antonio
3331 4591 3432 4644 de-

109 4681 231 4746 riri,
264 4691 443 4736 utrttm
475 4697 656 4753 regem
689 4698 756 4736 an
799 4681 1068 4752 privatum
1113 4696 1234 4738 sese
1273 4681 1514 4738 Herodes
1541 4693 1715 4753 gerat.

108 4775 217 4844 Qui
263 4783 489 4831 vocatus
539 4776 596 4830 in
638 4775 900 4846 judicium
947 4774 1052 4831 nisi
1096 4773 1342 4843 adesset,
1371 4775 1718 4831 manifestum

110 4868 269 4936 fore,
321 4886 432 4942 quo
481 4879 629 4926 tanta
682 4871 798 4942 ejus
851 4871 1140 4927 insolentia
1198 4870 1567 4941 aspiravisset.
1623 4871 1719 4926 llis

111 4974 275 5034 atque
316 4963 629 5034 hujusmodi
687 4964 962 5035 regiorum
1014 4964 1316 5020 satellitum
1372 4963 1720 5020 sermonibus

113 5056 400 5129 Hyrcanus
437 5072 534 5129 per
571 5055 825 5112 invidiam
871 5056 1130 5128 paulatim
1169 5056 1600 5122 accendebatur,
1629 5056 1721 5127 qui

112 5152 457 5221 prOpriorem
509 5151 735 5222 ignavi:e
781 5150 1042 5221 pudoretn
1092 5151 1525 5221 increpitabant,
1575 5149 1738 5222 quod-

113 5243 380 5313 regalium
427 5244 769 5314 negotiorum
809 5243 933 5314 jure
975 5243 1294 5312 decesserit,
1345 5243 1618 5300 transfusa
1665 5243 1720 5298 in

114 5333 461 5404 Antipatrum
507 5343 562 5390 et
606 5334 748 5390 ﬁlios
799 5334 918 5405 ejus
965 5345 1265 5406 potestate,
1301 5351 1442 5408 quos
1471 5336 1724 5392 dominos

113 5427 466 5484 constituerit
493 5428 712 5483 licentia
740 5427 844 5485 sibi
880 5429 1142 5499 regnandi
1174 5429 1484 5485 imminuta.
1517 5428 1725 5498 Quibus

115 5521 356 5588 excitus,
405 5519 596 5577 statuit
650 5521 926 5578 Herodem
965 5522 1171 5593 judicio
1219 5538 1320 5579 suo
1370 5539 1480 5581 non
1535 5523 1725 5579 defore

115 5622 500 5684 purgaturum,
533 5629 656 5684 qua;
679 5613 980 5671 adversum
1009 5615 1162 5686 leges
1189 5626 1452 5687 usurpata
1481 5616 1724 5688 objecta-

116 5718 332 5763 rentur.
367 5707 611 5764 Herodes
640 5709 855 5766 tametsi
884 5711 940 5765 in
959 5709 1227 5780 judicium
1255 5725 1317 5766 se
1345 5719 1597 5768 vocatum
1635 5710 1724 5766 in-

121 5797 467 5872 dignaretur,
501 5809 686 5858 tamen
731 5803 819 5861 vel
870 5802 1042 5874 patris
1084 5803 1306 5863 monitis
1333 5846 1348 5873 ,
1377 5803 1466 5863 vel
1492 5802 1724 5862 consilio

1827 4673 2166 4738 stinavisset,
2190 4673 2315 4742 quia
2335 4675 2628 4728 maximam
2651 4673 2780 4730 belli
2804 4683 3033 4745 partem,
3064 4677 3242 4732 missis
3270 4681 3428 4734 auxi-

1827 4765 1935 4832 liis,
1961 4765 2206 4822 Herodes
2222 4766 2430 4837 juvisse
2455 4767 2845 4836 :estimaretur,
2868 4770 3035 4824 totius
3047 4769 3222 4842 Syria:
3246 4771 3424 4829 eidem

1826 4859 2080 4930 regenda!
2125 4861 2416 4917 commissa
2447 4869 2530 4918 est
2558 4861 2889 4918 sollicitudo.
2922 4860 3057 4930 Quae
3086 4877 3176 4921 res
3201 4864 3431 4938 Antipa-

1827 4963 1914 5012 tro
1940 4972 2103 5015 causa
2132 4955 2349 5014 lethalis
2381 4957 2535 5013 exitii
2565 4957 2690 5014 fuit.

2364 5052 2595 5110 CAPUT
2645 5053 2886 5110 XXVIII.

1902 5145 2123 5202 Timens
2153 5146 2299 5202 enint
2345 5146 2624 5202 Malaehus
2670 5147 2946 5219 Antipatri
2977 5149 3275 5220 potentiam
3306 5164 3430 5220 qua)

1829 5239 2032 5295 virtute
2077 5239 2310 5296 Herodis
2351 5239 2753 5309 cumulabatur,
2783 5251 3044 5313 corrupto
3093 5257 3203 5299 uno
3232 5242 3300 5300 de
3335 5257 3432 5300 rec

1831 5333 2044 5406 galibus
2073 5334 2360 5401 ministris,
2390 5333 2681 5405 Antipatro
2721 5351 2992 5392 venenum
3041 5338 3279 5408 paravit.
3312 5337 3436 5406 Quo

1832 5435 2044 5496 potato,
2077 5435 2204 5496 post
2249 5427 2558 5483 convivium
2609 5428 2802 5483 statim
2846 5430 3078 5485 moritur
3115 5431 3437 5500 Antipater,

1831 5519 2064 5590 impigro
2109 5519 2166 5575 in
2209 5520 2426 5575 caeteris
2476 5519 2725 5590 ingenio,
2755 5527 2811 5575 et
2851 5521 3090 5577 maxime
3139 5521 3441 5593 qumt‘endo

1831 5610 2266 5682 stabiliendoqtte
2312 5610 2552 5684 Hyrcani
2588 5611 2822 5684 imperio
2852 5613 2939 5667 vir
2967 5622 3245 5668 strenuus.
3292 5613 3441 5668 Tulit

1829 5704 2070 5778 graviter
2107 5703 2356 5762 Herodes
2396 5703 2605 5761 obitum
2637 5706 2829 5776 patris,
2862 5713 3252 5778 commotoque
3281 5719 3446 5762 exer-

1831 5799 1940 5857 citu
1965 5841 1980 5868 ,
2035 5798 2270 5856 ultorem
2320 5796 2727 5871 pollicebatur;
2776 5797 2876 5858 sed
2921 5798 3166 5859 fraterno
3204 5798 3443 5858 consilio
