3964 6334
513 255 650 314 1987

1837 185 2088 304 sancit
2122 237 2448 303 Αυυιιοειι

3679 235 3810 305 less

510 371 824 444 t'ev‘ocatus,
856 391 928 434 ne
960 376 1104 432 bello
1135 373 1392 430 intestino
1433 371 1620 428 Judaea
1651 372 1794 427 inter
1825 371 2095 427 Herodem
2125 369 2182 431 A.
2205 387 2339 426 nore
2387 371 2583 442 spiritu
2634 381 2944 428 accusatum
2995 371 3264 444 profecti,
3321 371 3476 444 apud
3531 369 3810 442 Daphncrn

512 484 568 526 et
608 471 906 526 Malacltum
947 476 1258 532 vexaretur,
1292 476 1486 539 parato
1511 465 1578 520 ad
1609 465 2022 537 repugnandum
2054 473 2111 518 et

513 565 751 620 maxime
780 563 1160 618 dissimulante
1190 561 1456 626 Malacbo,
1485 561 1628 630 quod
1659 561 1812 615 necis
1839 559 2110 629 Antipatri

513 657 766 712 conscius
791 656 959 720 furet;
993 655 1046 710 in
1073 655 1219 710 aliud
1249 669 1419 725 genus
1449 653 1674 708 ultionis
1702 651 1858 708 facile
1891 650 2113 706 traduc-

518 760 604 804 tus
635 759 748 814 est,
784 757 841 802 nt
887 747 1260 803 satisfactione
1303 756 1521 816 accepta
1554 745 1698 816 quod
1747 745 1892 799 nulla
1923 742 2116 798 fraude

519 843 745 898 Malacbi
773 841 1059 910 Antipater
1087 841 1313 898 obiisset
1333 881 1346 906 ,
1385 841 1692 912 Hyrcanum
1724 853 1788 893 ac
1813 838 2112 892 Malachum

521 935 764 992 Herodes
791 935 859 992 ad
885 950 1094 991 coenam
1138 944 1379 1000 vocaret,
1409 944 1466 988 et
1506 932 1578 988 de
1601 932 1872 988 sententia
1901 930 2072 986 Cassii
2097 970 2112 996 ,

515 1031 802 1100 quietiam
833 1033 945 1085 suis
990 1030 1042 1084 id
1079 1030 1280 1098 negmii
1319 1027 1670 1083 mandaverat
1699 1026 1766 1081 ad
1807 1025 2114 1081 obeundam

519 1123 783 1177 ultionem
813 1122 1037 1177 directis
1067 1139 1080 1176 :
1111 1121 1281 1190 parati
1332 1121 1686 1174 centuriones
1729 1118 2120 1188 praepositique

520 1213 754 1270 Romani
797 1214 1110 1279 exercitus,
1158 1212 1507 1267 venientibus
1554 1211 1806 1282 Hyrcano
1846 1209 2004 1263 simul
2055 1221 2122 1262 ac

519 1308 770 1364 Malacbo
789 1322 1082 1364 occurrere
1103 1308 1155 1361 in
1180 1307 1382 1367 littore.
1410 1315 1574 1375 atque
1599 1302 1906 1374 evaginatis
1924 1300 2122 1372 gladiis

521 1411 812 1472 utrumque
837 1416 1025 1457 eorum
1056 1401 1489 1456 circumstetere.
1523 1399 1713 1456 Solum
1746 1409 1925 1452 tamen
1957 1397 2128 1451 Malar

520 1494 682 1550 chum
731 1496 916 1551 multis
944 1497 1260 1550 vulneribus
1302 1494 1616 1550 confossum
1648 1509 1712 1549 ac
1744 1493 2007 1548 laniatum
2034 1506 2124 1546 su-

523 1602 713 1658 premo
738 1586 906 1643 exitio
935 1587 1364 1643 trucidaverunt.
1398 1587 1794 1642 Consternatus
1816 1600 1884 1640 eo
1912 1594 2126 1640 terrore

521 1679 830 1751 Hyrcanus,
863 1697 1086 1737 sensum
1117 1683 1322 1748 amisit,
1345 1693 1509 1752 atque
1533 1680 1679 1735 omni
1704 1681 1916 1735 solutus
1941 1679 2127 1749 vigore

2212 467 2490 524 offendere
2518 468 2839 534 Antonium,
2865 464 2974 538 jam
3004 475 3172 523 totum
3195 466 3508 539 Cleopatra:
3537 467 3816 522 amoribus

2213 561 2457 616 deditum
2481 603 2494 624 ,
2526 569 2687 632 atque
2730 561 2850 632 ejus
2898 560 3108 617 libidini
3157 561 3564 618 deservientem
3587 604 3604 628 ,
3637 562 3818 633 ibique

2215 671 2444 728 arguere
2473 638 2758 729 coeperunt
2785 659 3176 714 intolerabilem
3210 657 3433 712 fratrum
3463 666 3818 728 potestatem.

2216 749 2442 805 Messala
2493 761 2681 807 contra
2733 749 3020 807 refellebat
3069 753 3416 807 assistentem
3471 748 3728 822 Hyrcano
3767 760 3826 806 et

2217 844 2562 902 insolentiam
2608 847 2786 916 gentis
2834 845 3190 918 redarguebat
3215 887 3230 912 ,
3259 861 3380 916 quae
3411 842 3656 900 factione
3691 860 3824 914 pau-

2217 953 2406 993 corum
2456 942 2687 993 excitata
2717 953 2846 994 suos
2888 937 3249 1003 detrectaret,
3283 935 3495 992 alienos
3522 947 3828 1008 quaereret,

2221 1029 2563 1101 Hyrcaniqtre
2613 1031 2865 1099 injuriam
2915 1037 3267 1101 praztexeret;
3321 1044 3442 1084 cum
3494 1027 3829 1101 Hyrcanus,

2220 1120 2364 1192 quod
2417 1120 2628 1178 civibus
2682 1132 2828 1179 esset
2883 1121 3333 1189 aceommodum,
3383 1122 3824 1192 prmOptavisset.

2220 1211 2465 1282 Cognitis
2492 1214 2673 1283 itaque
2699 1214 3120 1285 allegationibus
3166 1212 3425 1283 partium,
3466 1213 3829 1282 interrogavit

2224 1303 2530 1375 Hyrcanum
2584 1305 2852 1360 Antonius
2875 1347 2890 1371 ,
2923 1320 3059 1376 quos
3105 1305 3350 1376 aptiores
3381 1319 3505 1360 esse
3530 1304 3832 1359 arbitrare-

2225 1406 2329 1451 tur.
2361 1396 2528 1465 Cujus
2573 1396 2768 1453 affectu
2820 1396 3120 1453 secundum
3172 1396 3444 1452 Herodem
3488 1412 3555 1451 ac
3609 1395 3830 1452 fratrem

2225 1492 2342 1559 ejus
2377 1493 2764 1560 conveniente,
2797 1508 2918 1545 eum
2957 1491 3221 1546 voluntati
3270 1506 3383 1546 sua:
3411 1506 3676 1560 responsa
3703 1506 3836 1546 con-

2225 1593 2499 1654 gruerent,
2539 1586 2842 1641 delectatus
2887 1585 3180 1641 admodum
3205 1626 3221 1652 ,
3249 1585 3395 1656 quod
3425 1597 3545 1640 erat
3573 1586 3835 1641 fratribus

2228 1688 2464 1747 paterna:
2480 1679 2862 1748 hospitalitatis
2878 1679 3164 1749 copulatus
3178 1678 3834 1750 uecessitudine,quando

520 1778 723 1832 mentis
753 1785 809 1834 et
833 1779 1080 1847 corporis
1101 1779 1328 1832 corruit.
1353 1778 1636 1847 Paulisper
1665 1785 1850 1831 tamen
1881 1776 1970 1830 ubi
2003 1789 2126 1830 sese
2153 1761 2202 1824 Β
2229 1787 2355 1826 eum
2405 1786 2529 1827 cum
2573 1772 2804 1828 Gabinio
2849 1773 3229 1828 advenientem
3261 1772 3313 1826 in
3342 1771 3590 1827 Iudaeam
3634 1772 3835 1843 gratis-

522 1871 753 1940 recepit,
787 1871 1124 1941 interrogato
1178 1869 1390 1925 llerode
1413 1913 1426 1937 ,
1461 1872 1586 1940 quis
1628 1869 1978 1940 praecepisset
2017 1868 2128 1922 Ma-

520 1961 738 2017 lacbum
786 1963 1000 2030 occidi,
1053 1963 1142 2017 ubi
1191 1963 1446 2034 cognovit
1479 1978 1543 2016 ex
1577 1965 1882 2033 praepositis
1906 2003 1921 2028 ,
1953 1960 2128 2016 Cassii

527 2055 757 2112 Romani
789 2059 1134 2127 imperatoris
1157 2058 1315 2128 jussu
1340 2067 1614 2124 necatum,
1643 2058 1788 2115 illico
1814 2056 2128 2127 respondit:

524 2147 744 2206 Cassius
790 2167 921 2221 ergo
947 2161 1002 2206 et
1030 2151 1183 2216 mihi,
1219 2162 1274 2206 et
1303 2152 1492 2221 patriae
1523 2167 1659 2205 mea:
1687 2150 1847 2204 saluti
1879 2149 2001 2216 fuit,
2036 2149 2126 2218 qui

520 2247 806 2316 utriusque
851 2244 1228 2299 insidiatorem
1275 2246 1524 2314 peremit.
1574 2244 1684 2298 Sed
1715 2243 1818 2298 hoc
1862 2245 1978 2299 sive
2015 2257 2127 2313 prae

523 2351 672 2400 metu
720 2339 942 2405 dixerit,
972 2340 1089 2394 sive
1139 2340 1211 2393 ita
1257 2338 1492 2394 senserit
1541 2338 1854 2409 Hyrcanus,
1885 2336 2028 2390 baud
2057 2335 2126 2390 li-

524 2435 691 2505 quido
736 2444 919 2507 patet,
955 2449 1133 2503 neque
1182 2442 1371 2488 nostro
1413 2432 1628 2487 definiri
1676 2438 1858 2502 potest
1898 2429 2124 2500 judicio.

523 2528 898 2585 lnsurrexerat
947 2528 1211 2590 Elichus,
1267 2523 1360 2597 qui
1416 2524 1654 2580 fraterna
1723 2522 2130 2579 necessitudine

525 2621 753 2675 Malachi
788 2628 1018 2676 mortem
1048 2627 1277 2690 cuperet
1323 2617 1511 2673 ulcisci
1539 2635 1552 2669 :
1580 2617 1673 2672 sed
1702 2618 1828 2688 quia
1856 2616 2125 2672 Herodem

525 2716 796 2771 lacessere
828 2730 934 2769 non
983 2714 1239 2781 audebat,
1274 2713 1495 2768 fratrem
1528 2713 1698 2783 ipsius
1732 2712 2023 2768 Phaselum
2051 2712 2132 2767 la-

525 2807 854 2863 cessendum
889 2807 1280 2861 arbitrabatur.
1311 2806 1432 2872 Quo
1461 2808 1703 2876 cognito,
1740 2804 1980 2860 Herodes
2007 2820 2127 2859 mo-

529 2917 654 2956 vere
697 2915 758 2956 se
796 2903 1046 2970 capiens,
1079 2909 1327 2955 retentus
1368 2909 1450 2955 est
1493 2901 1740 2968 corporis
1786 2897 2125 2955 inﬁrmitate.

528 2992 753 3047 Elichus
800 2992 1010 3047 interea
1063 2993 1391 3046 numitiOnes
1441 2992 1700 3062 quasdam
1752 3001 1806 3047 et
1855 2992 2130 3062 praecipue

528 3085 827 3141 Massadam
862 3086 1136 3156 impositis
1177 3085 1446 3156 praesidiis
1477 3095 1856 3155 occupaverat.
1899 3083 2006 3141 Sed
2038 3085 2127 3139 ubi

2228 1867 2368 1922 sime
2412 1868 2546 1922 satis
2595 1869 2887 1938 Antipater
2939 1867 3177 1936 hospitio
3225 1868 3482 1937 recepit,
3539 1868 3838 1938 multisque

2230 1961 2499 2030 percoluit
2525 1959 2759 2026 ofﬁciis;
2787 1960 3059 2017 Herodem
3086 1969 3142 2014 et
3185 1959 3478 2015 Phaselum
3531 1961 3839 2016 tetrarchas

2228 2055 2549 2121 ordinavit,
2603 2055 2875 2125 totiusque
2922 2055 3125 2111 Jodma:
3173 2054 3626 2125 procurationem
3676 2070 3841 2126 agere

2230 2150 2509 2217 percepit.
2547 2147 2683 2204 Hine
2733 2163 2952 2219 quoque
2999 2147 3390 2219 multiplicatus
3439 2133 3524 2204 est
3569 2164 3842 2205 numerus

2228 2235 2682 2314 conquerentium
2715 2260 2728 2296 :
2759 2257 2884 2298 nam
2913 2242 3017 2298 etsi
3056 2244 3198 2299 alios
3236 2245 3540 2314 legatorum
3589 2244 3836 2300 custodia

2229 2347 2553 2406 receperat,
2609 2338 2748 2394 alios
2791 2337 3054 2394 aﬂ‘ecerat
3099 2339 3476 2404 contumelia;
3528 2340 3602 2394 illi
3656 2349 3833 2396 tamen

2231 2439 2417 2499 postea
2451 2431 2614 2501 legati
2641 2431 2710 2486 ad
2739 2432 3035 2487 Antonium
3069 2432 3122 2486 in
3162 2433 3294 2488 urbe
3333 2431 3477 2504 Tyro
3515 2432 3832 2503 degentem,

2229 2520 2368 2576 facta
2398 2523 2796 2596 Hierosolymis
2835 2524 3108 2581 seditione
3149 2541 3379 2597 pergere
3420 2528 3709 2597 prmcepit,
3739 2543 3832 2581 vo-

2232 2611 2430 2667 luntati
2455 2614 2654 2669 civium
2705 2631 2812 2670 nun
2862 2615 3175 2671 defuerunt.
3221 2616 3288 2671 Et
3317 2621 3568 2687 quamvis
3595 2618 3834 2688 graviter

2230 2716 2375 2764 esset
2404 2709 2457 2762 in
2487 2707 2852 2764 reclamantes
2883 2708 3237 2773 vindicatum,
3267 2723 3459 2765 rursus
3492 2719 3679 2766 tamen
3714 2725 3832 2781 per-

2230 2811 2478 2872 strepere
2519 2803 2635 2857 ausi
2684 2811 2858 2857 sunt:
2892 2801 3094 2857 missus
3138 2803 3207 2856 ab
3255 2802 3496 2859 Antonio
3545 2805 3834 2876 Tyriorum

2230 2911 2456 2966 praises,
2501 2896 2590 2966 qui
2635 2897 2939 2966 corriperet
2993 2895 3298 2952 insolentiae
3349 2911 3496 2963 reos,
3547 2913 3678 2953 cum
3730 2909 3833 2952 tam

2230 2989 2348 3058 ipse
2371 3004 2531 3059 quam
2556 2990 2720 3044 etiam
2747 2988 2990 3044 Herodes
3010 2999 3172 3060 atque
3197 2989 3482 3061 Hyrcanus
3501 3001 3833 3061 quaererent,

2235 3097 2302 3137 ne
2344 3082 2414 3136 ibi
2452 3082 2772 3153 gravissima
2805 3083 3072 3152 supplicia
3094 3125 3109 3149 ,
3141 3084 3443 3154 patriasque
3471 3084 3838 3154 perturbatio-

534 3179 735 3235 Hcrodi
791 3179 1005 3234 refusus
1046 3179 1241 3234 salutis
1285 3178 1438 3249 vigor
1481 3188 1601 3243 est,
1637 3187 1850 3247 recepta
1897 3179 2079 3232 omnia
2106 3219 2121 3244 ,
2154 3148 2200 3212 (ἶ
2233 3188 2329 3228 nes
2357 3186 2410 3228 et
2441 3189 2635 3229 causas
2679 3175 2946 3231 bellorum
2991 3175 3256 3247 gigneret.
3308 3175 3412 3232 Ubi
3459 3177 3594 3232 nihil
3627 3177 3838 3248 profec—

534 3273 820 3344 ipsumque
852 3272 1098 3328 Elichum
1129 3271 1432 3326 munitione
1470 3270 1727 3325 Massadue
1757 3271 2001 3326 Herodes
2031 3271 2128 3326 ob-

532 3378 842 3422 secrantem
897 3366 1124 3420 dimisit.
1175 3365 1619 3434 [interpellaverat
1667 3365 1786 3434 ejus
1829 3365 2128 3434 potentiam

538 3461 842 3530 Antigonus
879 3460 1200 3525 Aristobuli,
1235 3458 1659 3513 adminiculante
1689 3458 1790 3513 sibi
1832 3459 2130 3512 Ptolemteo

534 3567 748 3616 socero,
775 3566 910 3621 quos
941 3550 1185 3606 Herodes
1231 3551 1420 3620 pra-lio
1470 3549 1628 3614 fudit,
1655 3557 1712 3604 et
1755 3549 1929 3618 ejecto
1974 3549 2129 3604 Anti-

530 3660 696 3715 gonu,
729 3642 1165 3713 Hierosolymam
1194 3641 1366 3696 victor
1391 3641 1699 3695 revertitur.
1735 3641 1926 3711 Magna
1957 3642 2128 3712 gratia

477 3761 480 3764 ’
537 3740 702 3795 etiam
732 3738 968 3793 recentis
998 3735 1277 3806 triumphi,
1306 3743 1361 3791 et
1392 3735 1664 3806 prrecipue
1694 3750 1849 3790 novre
1874 3736 2132 3805 conjunc-

531 3833 716 3889 tionis.
749 3831 881 3887 Nam
930 3831 1107 3901 primo
1161 3829 1319 3884 Dosis
1366 3832 1414 3883 ei
1459 3828 1658 3898 conjux
1709 3827 2032 3890 adbaeserat,
2066 3843 2131 3882 ex

533 3943 641 3995 qua
666 3925 1016 3994 Antipatrum
1063 3923 1304 3994 suscepit
1332 3922 1534 3987 lilium;
1569 3931 1752 3992 postea
1785 3921 2130 3976 Mariamnem

531 4017 846 4074 Alexandro
900 4016 1206 4073 Aristobuli
1258 4016 1371 4069 ﬁlio
1415 4016 1687 4085 genitam,
1729 4014 1984 4070 secundis
2029 4013 2133 4070 sibi

532 4110 737 4179 nuptiis
786 4108 1169 4177 copulaverat,
1204 4106 1454 4178 Hyrcano
1501 4108 1802 4176 proximam
1829 4149 1842 4172 ,
1875 4115 2038 4177 atque
2064 4108 2134 4162 ob

532 4218 595 4258 ea
630 4201 795 4271 regali
829 4199 1111 4269 prteditam
1162 4198 1468 4252 nobilitate.
1512 4197 1620 4253 Nec
1653 4208 1832 4254 tamen
1879 4198 2133 4254 invidiam

532 4295 729 4360 evasit,
757 4293 900 4363 qttud
931 4308 1156 4363 regnum
1185 4301 1516 4361 praereptum
1545 4292 1624 4346 ire
1649 4291 1897 4362 Hyrcano
1917 4291 2138 4347 aﬂ‘ecta-

528 4395 706 4442 verat.
740 4385 872 4441 Nam
903 4385 990 4441 ubi
1028 4385 1172 4442 bello
1199 4383 1547 4439 Macedonico
1577 4384 1758 4439 Caesar
1779 4394 1940 4454 atque
1967 4386 2138 4440 Anto-

533 4483 654 4536 nius
697 4480 948 4536 Cassium
999 4479 1330 4549 Brutumque
1379 4492 1742 4549 oppresserc,
1791 4477 2138 4549 victoresque

2231 3274 2377 3331 ttnn,
2413 3268 2508 3322 sed
2566 3268 2933 3324 irrationabili
2985 3269 3342 3326 contentione
3387 3271 3610 3327 misceri
3657 3274 3836 3327 omnia

2230 3374 2489 3430 coepere,
2535 3361 2738 3416 direxit
2779 3361 3054 3417 Antonius
3111 3374 3353 3420 armatos
3385 3382 3398 3417 :
3429 3377 3459 3419 a
3499 3365 3708 3436 quibus
3753 3366 3834 3420 alii

2231 3455 2383 3515 caesi,
2413 3455 2503 3508 alii
2535 3457 2776 3525 graviter
2807 3457 2978 3510 saucii
3005 3472 3019 3520 ;
3051 3456 3118 3511 ab
3150 3457 3406 3529 Hyrcano
3453 3469 3639 3515 tamen
3675 3469 3737 3514 ut
3761 3475 3839 3514 sc-

2233 3551 2464 3619 pulturae
2511 3550 2732 3616 mortui,
2767 3558 2859 3604 aut
2907 3551 3213 3617 medicinas,
3244 3553 3338 3622 qui
3388 3561 3836 3624 potueranteva-

2232 3643 2388 3709 dere,
2419 3643 2646 3714 gratiam
2675 3643 2880 3713 adepti,
2909 3642 3140 3714 gemina:
3188 3643 3551 3700 humanitatis
3595 3649 3834 3702 occasio-

2234 3750 2358 3792 nem
2411 3735 2612 3791 dedere
2633 3778 2648 3802 ,
2681 3751 2785 3807 qua
2835 3736 2954 3808 ejus
2985 3738 3036 3792 in
3069 3739 3220 3794 cives
3251 3738 3635 3795 benevolentia
3669 3744 3836 3795 maui-

2236 3827 2548 3884 festaretur.
2581 3828 2778 3886 Caetrri
2811 3845 3028 3900 quoque
3054 3832 3144 3902 qui
3174 3831 3482 3902 elfugerant
3503 3874 3518 3900 ,
3547 3835 3619 3888 ita
3650 3835 3832 3890 urbem

2235 3922 2564 3993 exagitando
2612 3932 3078 3994 eusperaverant
3119 3926 3416 3982 Antonium
3445 3968 3459 3990 ,
3497 3937 3556 3981 ut
3586 3927 3749 3983 etiam
3783 3929 3830 3980 in

2235 4030 2332 4070 eos
2361 4031 2498 4087 quos
2530 4017 2743 4073 vinctos
2766 4017 3008 4085 tenebat,
3033 4033 3285 4089 suprema
3316 4019 3586 4090 supplicia
3618 4021 3834 4074 manda-

2239 4107 2328 4162 rit.

2795 4202 3028 4260 CAPUT
3066 4201 3261 4259 XXIX.

2312 4298 2562 4352 Cesserat
2610 4297 2893 4354 acerbitati
2943 4297 3265 4362 insolentia,
3296 4296 3403 4353 sed
3443 4299 3675 4356 decursu
3725 4298 3828 4356 fere

2241 4391 2441 4447 biennii
2496 4391 2762 4448 eﬁ'uderat
2810 4407 2868 4448 se
2899 4392 3091 4464 Syriae
3143 4392 3474 4451 Parthorum
3544 4395 3825 4460 exercitus,

2240 4484 2447 4539 Pacoro
2468 4486 2613 4556 regis
2638 4483 2750 4540 ﬂlio
2767 4494 2821 4539 et
2846 4484 3264 4542 Barzafarmane
3286 4487 3579 4544 Persarum
3602 4497 3823 4557 satrapa.

527 4576 665 4630 alter
697 4575 751 4629 in
777 4573 990 4628 Italiam
1037 4573 1255 4643 regredi
1302 4573 1616 4642 maturavit,
1664 4573 1801 4628 alter
1829 4574 1884 4628 in
1918 4545 2527 4646 Syriamearbarum
2592 4596 2786 4650 agmen
2849 4582 3221 4638 ductantibus.
3275 4582 3485 4652 Quibus
3534 4583 3828 4638 stimulatur

530 4667 934 4738 properandum
960 4665 1226 4731 credidit;
1254 4665 1615 4736 legationibus
1639 4667 1888 4737 plurimis
1911 4667 2138 4724 afﬂuen-

529 4759 674 4816 tibus
730 4774 1041 4815 convenere
1085 4758 1154 4813 ad
1209 4759 1504 4815 Antonium
1569 4760 1884 4816 Judaiorum
1935 4765 2136 4834 quique

532 4856 798 4923 potiores,
829 4861 993 4922 atque
1022 4853 1074 4906 in
1103 4851 1411 4924 Bithyniam
1440 4869 1783 4923 processere,
1817 4868 2137 4914 accusantes

530 4946 798 5001 Herodem
845 4944 1177 5016 fratremque
1229 4946 1349 5017 ejus
1393 4946 1684 5003 Phaselum
1706 4990 1721 5014 ,
1755 4964 1823 5004 eo
1854 4951 1997 5020 quod
2029 4951 2132 5021 ipsi

530 5041 796 5095 violenter
828 5040 1080 5094 invasere
1131 5053 1318 5094 rerum
1359 5041 1603 5095 omnium
1650 5050 2004 5112 potestatem,
2035 5060 2134 5100 no-

532 5150 658 5190 men
688 5134 862 5189 solum
893 5134 1144 5206 Hyrcano
1172 5133 1239 5190 ad
1270 5136 1510 5206 speciem
1540 5135 1766 5193 honoris
1809 5137 2135 5208 dereliquis-

532 5237 674 5284 sent.
708 5227 812 5283 Sed
839 5227 1126 5298 przesentia
1158 5227 1389 5284 Herodis
1427 5229 1713 5299 praevaluit
1735 5239 1792 5285 et
1816 5231 2011 5301 gratia,
2042 5232 2134 5301 qui

530 5335 638 5374 non
691 5319 954 5374 mediocri
1008 5319 1272 5388 pecunia,
1323 5320 1419 5375 sed
1464 5333 1520 5376 et
1566 5322 1885 5377 muneribus
1937 5323 2138 5392 opimis

529 5411 752 5467 Antonii
796 5411 1039 5466 animum
1081 5412 1182 5466 sibi
1217 5412 1556 5468 devinxerat.
1594 5412 1750 5469 Unde
1783 5430 1848 5468 ne
1879 5429 2135 5471 sermone

527 5503 747 5574 quidem
775 5504 884 5558 ullo
915 5503 1240 5573 perstrictus
1272 5505 1342 5559 ab
1371 5503 1615 5560 Antonio
1637 5546 1652 5572 ,
1683 5508 1967 5562 evacuavit
1998 5508 2136 5562 invi-

525 5595 670 5652 diam
697 5596 990 5653 adversum
1010 5612 1072 5652 se
1099 5597 1328 5654 directa:
1345 5598 1656 5669 legationis.
1691 5599 1896 5657 lterum
1915 5610 2132 5658 centum

526 5688 645 5743 ferte
669 5689 776 5746 viri
812 5687 1136 5747 Iudaeorum
1159 5690 1506 5748 Antiochiam
1533 5692 1601 5748 ad
1631 5707 1834 5764 usque,
1871 5710 1982 5752 non
2033 5695 2136 5750 mi-

2236 4674 2469 4728 acccssit
2516 4673 2780 4744 Lysanias
2829 4674 3110 4736 Ptolemaei
3158 4674 3320 4741 illius,
3356 4676 3617 4731 defuncto
3664 4682 3822 4746 patre,

2235 4767 2320 4819 cui
2383 4775 2810 4837 cognomentum
2879 4767 3114 4823 Menneo
3163 4767 3268 4824 fuit
3303 4785 3315 4821 :
3349 4778 3548 4825 exutus
3592 4770 3697 4839 jam
3740 4783 3826 4837 po—

2237 4867 2434 4914 testate
2463 4873 2562 4928 per
2591 4869 2952 4915 memoratum
2985 4871 3260 4932 satrapam
3282 4903 3298 4928 ,
3329 4862 3648 4917 sollicitavit
3671 4861 3824 4914 Paco-

2232 4967 2354 5006 rum
2408 4953 2690 5023 promissis
2739 4953 2890 5010 mille
2940 4956 3150 5026 argenti
3199 4957 3457 5022 talentis,
3486 4965 3543 5012 et
3576 4957 3824 5028 quingen-

2238 5045 2308 5099 tis
2339 5046 2684 5112 mulieribus,
2725 5057 2782 5102 ut
2828 5048 3102 5117 Antigono
3144 5063 3370 5119 regnum
3397 5049 3576 5111 daret.
3603 5045 3824 5121 Hyrcani

2236 5138 2476 5193 solveret
2492 5137 2877 5194 sacerdotium.
2909 5140 3145 5196 Pacorus
3168 5140 3422 5196 ministro
3450 5141 3601 5212 regio
3631 5151 3819 5210 partem

2236 5234 2508 5302 equitatus
2554 5233 2708 5288 dedit-
2754 5234 3046 5306 (quoniam
3093 5235 3209 5304 ipse
3255 5234 3652 5290 rebellionibus
3694 5234 3819 5288 intra

2235 5324 2446 5396 Syriam
2478 5325 2865 5399 detinebatur),
2902 5335 2959 5381 ut
2990 5327 3043 5381 in
3070 5325 3314 5382 Judzeam
3350 5329 3630 5393 transiret,
3670 5336 3819 5394 atque

2236 5416 2510 5488 Antigono
2542 5434 2658 5473 rem
2689 5429 2908 5491 gereret
2949 5429 3005 5477 et
3034 5419 3272 5475 studium
3317 5420 3438 5491 ejus
3463 5421 3674 5487 iuvaret
3695 5436 3707 5471 :
3731 5415 3818 5472 sed

2238 5511 2344 5566 hoc
2391 5527 2610 5583 quoque
2653 5529 2844 5584 parum
2877 5522 3240 5584 processerat,
3283 5514 3386 5570 nisi
3417 5512 3818 5586 conﬂigentibus

2214 5603 2525 5671 adversum
2559 5621 2620 5663 se
2659 5606 2892 5674 Judaeis,
2926 5607 3142 5664 Herode
3171 5621 3236 5664 ac
3265 5607 3537 5676 Phaselo,
3571 5620 3624 5668 et
3648 5615 3816 5665 contra

2238 5694 2541 5770 Antigono,
2568 5697 2804 5756 ducibus
2848 5698 2918 5756 de
2959 5701 3234 5758 sententia
3285 5702 3545 5774 Antigoni
3593 5699 3814 5774 preposi-
