3964 6370
103 324 244 386 1980

973 325 1243 388 ntsron.
1289 332 1376 386 DE
1415 289 1695 386 Exutnto
1736 323 2011 384 manus.
2059 323 2257 385 URBIS
2297 326 2424 384 LIB.
2469 329 2509 384 ι.

3263 335 3403 392 {9‘30

98 456 218 499 tum
247 445 385 500 foret
414 487 427 510 ,
461 453 518 500 ut
546 445 812 501 Pacorum
853 447 1261 502 conciliatorem
1309 446 1458 516 pacis
1490 445 1699 514 recipe-
1727 443 1776 504 Α
1807 443 1944 509 bria,
1981 443 2063 498 vel
2091 444 2246 512 jussu
2279 443 2460 498 alieno
2501 443 2636 498 mori
2669 443 2760 515 qui
2807 455 2990 514 posset
3032 446 3231 503 vinctis
3277 447 3407 505 licet

100 549 244 591 rent.
296 537 448 604 Quod
501 537 764 595 Phaselus
822 540 1024 611 ingenii
1071 539 1372 604 facilitate,
1418 541 1700 595 obnitente

99 629 341 695 Herode,
371 632 656 697 probatum
688 631 741 687 in
790 641 1067 702 tempore,
1099 648 1225 687 mox
1273 631 1377 687 sibi
1426 632 1701 702 pernicio-

97 737 223 776 sum
271 733 568 794 expertus,
595 725 862 794 cognovit
889 735 1082 779 natura
1122 724 1383 780 barbaros
1423 738 1547 779 esse
1579 725 1701 778 inli-

99 814 258 867 deles
288 831 301 867 :
336 830 458 868 nam
510 817 708 870 missus
737 819 802 870 ad
838 817 1337 883 Barzafarmauem,
1368 816 1518 888 quasi
1556 818 1703 887 pacis

99 916 480 962 exsecutorem
509 915 566 962 et
593 923 717 963 cum
752 909 1002 981 llyrcano
1021 911 1300 980 profectus
1346 912 1588 964 occurrit
1615 924 1704 964 sa-

101 1009 274 1067 trapa:
298 1042 312 1064 ,
344 1008 520 1054 astute
549 1002 681 1056 satis
723 1003 924 1056 velanti
971 1002 1196 1058 insidias
1234 1003 1416 1072 specie
1458 1003 1706 1073 benigni-

97 1091 251 1144 tatis.
303 1091 552 1161 Denique
604 1092 930 1162 profecturis
959 1110 1185 1150 munera
1219 1095 1401 1163 dabat,
1433 1106 1487 1150 et
1516 1110 1705 1165 quem-

98 1184 402 1241 admodum
471 1187 1005 1244 circumvenirentur
1068 1188 1520 1260 dispositionibus
1593 1189 1704 1244 suis

96 1281 492 1336 constituebat.
542 1282 1027 1354 Prosequebautur
1083 1297 1180 1338 eos
1227 1282 1490 1338 custodite
1532 1283 1706 1353 magis

95 1389 288 1439 causa.
308 1391 470 1446 quam
499 1378 632 1432 socii
663 1378 1055 1446 periculorum.
1080 1378 1472 1436 Deferebantur
1505 1377 1701 1445 nuntii,

96 1467 243 1536 quod
304 1469 453 1522 mille
506 1468 726 1524 talentis
785 1469 1018 1524 Parthus
1080 1471 1394 1541 redemptus
1445 1469 1586 1526 foret
1638 1469 1705 1524 ad

96 1560 329 1614 exitium
363 1571 808 1616 memoratorum.
839 1561 1068 1618 Ofellius
1113 1577 1329 1634 quoque
1377 1561 1556 1634 fugam
1584 1577 1708 1617 sua-

95 1652 287 1715 debat,
317 1654 463 1723 quod
497 1669 529 1709 a
558 1653 862 1710 Saramalla
911 1655 1172 1727 Syrorum
1207 1655 1485 1711 dirissimo
1511 1655 1705 1712 factio-

97 1759 219 1800 nem
257 1745 344 1799 eis
387 1756 633 1814 paratam
679 1757 1035 1817 cognoverat.
1077 1747 1185 1803 Sed
1226 1762 1326 1803 nec
1369 1749 1446 1803 sic
1484 1747 1702 1818 quidem

1807 539 2057 594 manibus
2083 548 2139 594 et
2168 537 2313 593 ferro
2345 545 2539 608 negato
2561 539 2768 593 exitum
2814 541 2939 593 vitae
2969 541 3234 595 invenire.
3285 541 3410 598 Fuit

1808 637 1989 684 tamen
2039 629 2203 683 etiam
2250 629 2390 682 alius
2434 629 2503 684 de
2549 643 2615 683 eo
2663 644 2846 686 sermo
2892 629 3228 700 hujusrnodi,
3262 633 3410 703 quod

1807 723 1993 776 saucio
2020 719 2327 792 Antigonus
2363 721 2632 776 medicum
2679 722 3012 788 adhibuerit,
3043 739 3150 792 quo
3196 739 3409 782 venena

1806 814 2016 869 vulneri
2046 823 2302 884 tanquam
2333 814 2788 869 medicamentum
2818 816 3250 879 infunderentur.
3277 817 3408 885 Qui-

1805 906 1939 962 libet
1965 907 2143 960 exitus
2180 907 2373 960 horum
2394 947 2408 971 ,
2442 907 2767 976 principium
2797 904 2986 961 habuit
3011 907 3236 978 spiritus
3265 908 3410 964 fero-

1805 1001 1990 1054 cioris.
2025 1000 2316 1055 Addidisse
2345 1002 2615 1071 allegatur
2642 1003 2694 1056 in
2730 1001 2932 1057 ultimis
2977 1005 3112 1072 suis,
3145 1020 3266 1060 cmn
3293 1005 3403 1075 jam

1805 1090 2091 1147 exhalaret
2111 1093 2384 1162 spiritum,
2415 1095 2635 1164 cognito
2659 1095 2802 1165 quod
2829 1095 3071 1152 Herodes
3099 1100 3327 1164 viveret,
3353 1107 3409 1155 et

1777 1183 1930 1255 ‘fuga
1978 1193 2199 1253 paratas
2243 1184 2469 1240 insidias
2506 1189 2781 1255 evaserit,
2810 1203 2932 1243 cum
2965 1191 3139 1260 gratia
3165 1206 3288 1247 sese
3315 1193 3412 1248 ob-

1807 1276 1888 1333 ire
1920 1295 1934 1332 :
1967 1279 2091 1348 quia
2137 1281 2490 1348 superstitem
2539 1282 2872 1352 relinqueret
2899 1284 2988 1353 qui
3013 1283 3115 1338 sibi
3149 1284 3410 1340 ultionem

1807 1369 2053 1425 inferret.
2114 1370 2358 1426 Herodes
2409 1381 2591 1427 autem
2642 1374 2954 1441 properavit
3004 1375 3059 1429 in
3111 1375 3412 1442 Arabiam,

1807 1477 2038 1533 sperans
2063 1479 2124 1518 se
2154 1473 2508 1535 accepturum
2537 1467 2818 1536 pecuniam
2843 1509 2856 1531 ,
2890 1485 2992 1539 qua
3023 1469 3140 1524 sola
3169 1470 3418 1527 barbari-

1807 1571 1924 1612 cam
1979 1557 2227 1612 inclinari
2266 1573 2432 1627 posse
2474 1559 2728 1614 crederet
2777 1561 3090 1626 avaritiam,
3125 1573 3185 1616 ut
3232 1562 3418 1619 fratris

1811 1649 2108 1704 redimeret
2153 1650 2532 1719 captivitatem
2566 1667 2579 1702 :
2611 1665 2675 1705 ac
2702 1653 2746 1705 si
2775 1653 2858 1707 vel
2894 1653 3130 1708 Arabem
3176 1664 3421 1724 patet-nm

1810 1743 2203 1805 immemorem.
2238 1743 2574 1809 dilectionis,
2603 1745 2692 1799 vel
2741 1735 3046 1804 referendis
3090 1749 3415 1805 muneribus

95 1836 367 1892 adductus
406 1845 491 1893 est
527 1839 812 1906 Phaselus,
845 1841 1037 1896 relicto
1068 1841 1341 1909 Hyrcano,
1376 1842 1481 1896 sibi
1508 1857 1705 1897 consu-
1741 1823 1782 1887 Β
1812 1839 2143 1892 tenaciorem
2173 1837 2498 1905 offenderet,
2523 1854 2599 1894 tes
2623 1849 2870 1896 mutuum
2902 1849 3153 1911 posceret
3179 1843 3415 1914 pretium

95 1931 240 1993 lere;
279 1947 468 1987 verum
506 1933 737 1989 adorsus
767 1944 850 1989 est
880 1943 1155 2005 satrapam
1195 1937 1531 2006 gravioribus
1570 1952 1702 1992 con-

95 2026 364 2091 tumeliis,
397 2027 539 2098 quod
569 2027 746 2098 pretio
777 2028 938 2084 fidem
973 2030 1254 2100 proderet,
1284 2031 1567 2101 pluriSque
1603 2047 1700 2102 pe-

91 2120 316 2174 cuniam
346 2135 508 2190 quam
539 2122 850 2191 aequitatem
880 2121 1100 2178 duceret
1122 2128 1139 2188 ';
1159 2123 1394 2191 amplius
1415 2138 1512 2193 pro
1531 2123 1702 2179 salute

93 2227 209 2266 sese
233 2212 422 2278 daret,
451 2228 616 2283 quam
639 2213 948 2285 Antigonus
971 2229 1069 2285 pro
1098 2231 1266 2286 regno
1291 2225 1696 2270 annumeraret.

93 2304 192 2359 Sed
227 2304 404 2360 Persa
450 2305 610 2360 fidem
639 2321 802 2376 quam
853 2307 1193 2376 prodiderat,
1231 2307 1470 2378 perjurio
1513 2308 1700 2362 conci-

97 2399 230 2453 liare
277 2397 387 2454 sibi
429 2400 586 2453 nixus
618 2410 674 2455 et
702 2402 1072 2466 suspicionem
1117 2416 1334 2457 onmem
1385 2401 1700 2471 depellere,

97 2493 237 2546 haud
288 2493 466 2547 multo
507 2503 630 2564 post
676 2495 860 2549 dolum
911 2497 1164 2566 patravit.
1199 2495 1332 2550 Nam
1357 2510 1426 2551 eo
1458 2496 1705 2566 profecto

95 2586 157 2640 ad
190 2586 489 2653 Pacorum,
518 2587 717 2657 quibus
745 2588 797 2642 id
829 2589 1030 2659 negotii
1077 2587 1379 2655 dederant,
1411 2588 1701 2644 Phaselum

95 2693 146 2736 et
160 2682 479 2752 Hyrcanum
502 2684 807 2753 corripiunt
827 2683 1544 2753 exsecrationibus,quando
1558 2681 1704 2736 aliud

95 2773 198 2844 jam
232 2773 424 2830 facere
455 2776 793 2846 nequibant,
827 2777 1004 2831 ultum
1034 2776 1098 2831 iri
1130 2778 1414 2845 cupientes
1446 2777 1708 2831 barbaro-

100 2885 212 2923 rum
263 2870 512 2939 periuria
554 2878 610 2926 et
639 2870 924 2940 perfidiam
969 2869 1311 2940 proditionis.
1363 2869 1475 2925 Nec
1527 2868 1706 2924 minus

103 2972 126 2999 ⁸
149 2962 276 3017 Nini
306 2965 556 3019 minister
584 2965 782 3019 missits
810 2966 862 3018 in
881 2963 1122 3020 Iudaeam
1147 2964 1286 3018 dolis
1312 2964 1705 3035 prmtenderat,

105 3065 156 3109 ut
193 3067 422 3127 caperet
453 3056 725 3112 Herodem
758 3074 772 3110 ε
809 3058 902 3112 sed
943 3059 1094 3113 illum
1123 3056 1443 3126 jamdudum
1486 3072 1708 3126 suspec-

107 3157 312 3204 tantem
362 3147 593 3203 insidias
649 3149 1001 3204 barbarorum
1053 3151 1236 3219 gravis
1284 3147 1352 3201 ad
1402 3148 1706 3202 cavendum

1810 1929 2254 2010 redemptionis,
2307 1947 2406 2001 pro
2449 1945 2560 2001 quo
2605 1934 2990 2002 oppigneraret
3037 1929 3414 1990 redimendum

1777 2040 1782 2044 ’
1809 2026 2001 2091 tilium,
2031 2040 2197 2095 quem
2228 2023 2295 2078 ad
2327 2024 2426 2080 hos
2458 2039 2585 2080 usus
2614 2034 2934 2096 septennem
2964 2042 3192 2098 puerum
3223 2043 3408 2084 secum

1805 2118 2128 2175 deduxerat.
2159 2119 2265 2175 Sed
2305 2129 2640 2188 prmventum
2670 2130 2754 2176 est
2787 2122 2887 2192 βίω
2920 2122 3155 2177 studium
3191 2137 3406 2195 germa-

1806 2210 1999 2266 nitatis
2049 2220 2229 2267 morte
2275 2212 2492 2267 Phaseli
2520 2253 2536 2277 ,
2563 2213 2703 2268 etin
2736 2229 2965 2269 vacuum
3015 2213 3257 2271 Herodes
3305 2226 3416 2272 tam

1807 2303 2006 2358 sedulo
2037 2302 2267 2359 fraterni
2300 2304 2478 2359 studia
2509 2306 2756 2360 muneris
2788 2306 3216 2376 exsequebatur.
3259 2307 3418 2364 Prius

1810 2405 1986 2451 tamen
2015 2412 2178 2466 quam
2206 2397 2277 2452 de
2307 2407 2484 2452 morte
2513 2396 2701 2453 fratris
2729 2411 3108 2471 cognosceret,
3141 2401 3416 2457 Bocchum

1810 2490 2025 2546 Arabia:
2056 2505 2238 2562 regem
2282 2493 2523 2548 alienum
2570 2496 2797 2564 reperit,
2829 2510 2989 2565 quem
3019 2497 3256 2552 amicum
3288 2511 3412 2552 cre-

1808 2581 1973 2636 debat
2003 2599 2018 2636 z
2051 2599 2173 2637 nam
2199 2583 2245 2638 is
2273 2583 2434 2638 fidem
2481 2599 2603 2639 cum
2651 2596 2898 2656 tempore
2937 2589 3188 2655 mutavit,
3219 2597 3275 2645 et
3302 2589 3416 2659 jam

1810 2677 2340 2745 appropinquantem
2401 2675 2616 2732 Arabia:
2662 2677 2864 2735 ﬁnil‘us
2916 2679 3188 2737 Herodem
3240 2683 3417 2738 vetuit

1813 2770 2018 2824 intrare
2051 2788 2063 2822 :
2093 2772 2402 2841 composito
2452 2772 2600 2842 quod
2667 2773 2769 2828 sibi
2828 2773 3158 2830 Parthorum
3209 2776 3417 2832 nuntiis

1813 2867 2146 2948 insinuatum
2198 2866 2376 2931 foret.
2421 2883 2490 2924 ne
2540 2868 2829 2940 profugum
2881 2885 3037 2926 suum
3087 2872 3143 2927 in
3189 2887 3418 2943 regnum

1812 2960 2027 3014 Arabia:
2079 2961 2458 3030 recipiendum
2515 2971 2772 3032 putaret,
2821 2963 3061 3034 bellique
3106 2966 3418 3035 gravissimi

1812 3069 2031 3110 causam
2092 3055 2195 3110 sibi
2245 3053 2518 3124 gigneret.
2581 3055 2791 3121 Quibus
2841 3055 3084 3112 oli‘ensus
3134 3058 3418 3123 Herodes,

1813 3152 2078 3205 continuo
2135 3148 2367 3215 retulit,
2417 3163 2538 3218 qua:
2583 3148 2751 3219 justas
2814 3148 3203 3218 commotionis
3263 3149 3422 3205 dolor

106 3257 226 3296 cura
257 3242 578 3305 exercebat,
606 3257 773 3312 seque
799 3243 938 3296 intra
967 3242 1303 3295 munitiones
1337 3241 1572 3295 tenebat.
1603 3240 1711 3294 Nec
1738 3222 1783 3286 C
1819 3251 2180 3311 prompserat,
2211 3251 2375 3312 atque
2406 3240 2534 3296 inde
2566 3244 2618 3296 in
2645 3241 2940 3312 Egyptum
2971 3243 3266 3298 convertit.
3295 3243 3420 3299 Mox
3476 3260 3481 3266 ’

109 3334 379 3388 simulatis
427 3349 458 3387 a
504 3333 713 3390 Pacoro
783 3334 1055 3389 mandatis
1111 3333 1307 3404 quibus
1357 3332 1424 3386 de
1482 3331 1714 3386 Phaselo

108 3430 335 3500 ejusque
363 3428 655 3484 insolentia
683 3428 906 3484 fratrem
932 3428 1254 3483 conveniret
1278 3469 1292 3492 ,
1318 3441 1502 3481 muros
1527 3425 1712 3497 egredi

109 3532 159 3576 et
195 3523 467 3592 alloquiis
516 3521 754 3576 hostium
814 3535 936 3575 sese
983 3506 1445 3574 committendum
1487 3518 1713 3588 putavit.

109 3617 454 3686 Cognitoque
502 3615 724 3670 fratrem
754 3624 810 3670 et
841 3614 1150 3686 Hyrcanum
1192 3612 1367 3668 teneri
1393 3653 1408 3681 ,
1455 3622 1612 3666 nocte
1658 3611 1713 3666 in

111 3707 405 3762 ldumzeam
433 3721 563 3762 suos
593 3707 901 3777 praemisit,
933 3716 1096 3775 atque
1143 3706 1261 3775 ipse
1307 3719 1431 3760 cum
1482 3703 1717 3760 servulis

111 3800 466 3871 insequentes
531 3799 793 3854 barbaros
854 3798 1013 3854 fudit.
1075 3797 1366 3868 Multisque
1411 3799 1612 3862 cassis,
1659 3798 1715 3852 in

113 3891 419 3949 Massadam
461 3907 583 3948 sese
613 3892 906 3964 properato
930 3890 1100 3963 gradu
1129 3891 1360 3946 contulit
1391 3906 1404 3944 :
1434 3891 1716 3960 graviores

113 3996 296 4042 tamen
339 3985 557 4042 Parthis
595 3997 857 4056 expertus
896 3984 1118 4039 Judmos
1163 3983 1256 4054 qui
1301 3982 1524 4053 fugienti
1564 3982 1717 4036 incu-

112 4079 368 4144 buerant,
393 4090 448 4134 et
469 4094 602 4134 suos
624 4079 842 4148 quidem
868 4078 1010 4132 intra
1033 4077 1366 4132 munitiones
1387 4075 1716 4146 composuit,

116 4175 257 4229 ultus
307 4187 435 4229 sese
487 4173 558 4229 de
606 4173 1046 4243 insequentibus.
1104 4171 1228 4243 Ipse
1273 4177 1457 4226 autem
1513 4169 1716 4225 relictis

117 4266 389 4335 praesidiis
416 4282 536 4337 qua:
566 4268 725 4322 matri
755 4278 810 4324 et
841 4267 1102 4322 fratribus
1124 4264 1434 4337 junioribus
1465 4254 1718 4336 praasidio

118 4359 321 4424 forent,
351 4360 405 4414 iu
446 4361 702 4416 Arabiam
749 4361 1015 4417 Petrmam
1046 4360 1347 4415 contendit.
1380 4358 1628 4414 Infudere
1657 4371 1718 4414 se

115 4452 296 4508 Persas
320 4452 743 4525 Hierosolymis,
767 4454 1042 4508 irruentes
1063 4452 1118 4507 in
1147 4451 1464 4522 fugientium
1488 4443 1714 4505 domes:

113 4567 270 4607 versa
321 4552 506 4606 omnia
550 4553 604 4606 in
647 4551 898 4622 rapinas,
931 4551 1156 4616 bellum,
1185 4550 1451 4624 tumultus
1480 4567 1493 4601 :
1525 4561 1714 4602 eorum

115 4645 308 4714 injuria
341 4646 644 4715 processit,
677 4654 737 4700 ut
781 4659 1009 4716 regnum
1059 4645 1334 4714 Antigono
1383 4643 1707 4706 traderetur;

117 4741 380 4797 Phaselus
404 4757 623 4813 quoque
659 4749 716 4796 et
753 4741 1034 4812 Hyrcanus
1060 4739 1115 4793 in
1146 4746 1471 4810 potestatem
1503 4736 1621 4805 ejus
1645 4735 1713 4789 ad

116 4835 399 4891 subeunda
449 4852 570 4906 qua:
619 4835 828 4890 libitum
886 4833 1052 4899 foret,
1082 4834 1559 4903 consignareutur.
1616 4829 1716 4884 llle

116 4939 296 4983 autem
325 4937 514 4984 tenere
541 4942 665 4982 sese
708 4927 914 4981 diutius
945 4924 1210 4997 nequivit,
1244 4924 1340 4979 sed
1371 4922 1631 4977 continuo
1647 4922 1714 4975 ‘in

121 5019 434 5091 Hyrcanum
482 5019 626 5074 facto
675 5021 907 5088 impetu,
939 5033 1098 5074 aures
1143 5019 1260 5088 ejus
1304 5015 1558 5070 dentibus
1602 5013 1718 5069 suis

118 5111 371 5176 abscidit,
397 5127 465 5168 ne
487 5111 707 5182 quando
731 5112 839 5166 ulla
869 5126 1050 5166 rerum
1079 5109 1439 5166 conversione
1465 5121 1719 5162 recursus

119 5205 166 5258 ei
203 5213 413 5275 pateret
443 5205 509 5260 ad
535 5204 900 5260 sacerdotium
937 5219 950 5258 ς
980 5219 1251 5259 summum
1283 5202 1438 5258 enim
1465 5200 1720 5256 sacerdo-

124 5307 232 5352 tem
263 5299 648 5353 immutilatum
670 5312 794 5353 esse
819 5306 1058 5367 oportet,
1084 5312 1181 5352 nec
1223 5297 1406 5351 licere-
1419 5311 1514 5366 per
1543 5295 1718 5366 legem

124 5389 313 5458 liquet,
343 5401 401 5444 ut
425 5389 678 5461 nautilato
704 5403 935 5460 corpore
973 5388 1262 5459 quisquam
1291 5404 1507 5443 summo
1534 5387 1725 5457 funga-

127 5493 217 5538 tur
247 5500 472 5540 munere
500 5483 817 5540 sacerdotii.
850 5483 1113 5540 Pbaselus
1142 5481 1367 5539 adscitae
1397 5482 1500 5538 sibi
1535 5481 1729 5536 mortis

123 5575 406 5632 celeritate
433 5576 824 5632 contumeliam
856 5573 1166 5646 praevertit,
1201 5574 1350 5630 illiso
1372 5574 1550 5643 capite
1579 5572 1729 5628 saxis

125 5684 252 5739 quas
294 5669 438 5728 forte
484 5678 878 5736 occurrerant,
905 5668 1236 5739 dedignatus
1260 5667 1470 5724 servari
1497 5667 1566 5722 ad
1593 5667 1727 5722 ludi-

1818 3345 1997 3390 tamen
2033 3335 2304 3390 Bocchum
2335 3337 2590 3405 pmnituit
2620 3336 2836 3391 violata:
2865 3336 3054 3407 gratiae
3076 3377 3091 3403 ,
3124 3337 3422 3408 missisque

1815 3443 1913 3498 per
1960 3442 2097 3497 quos
2145 3438 2499 3484 revocaretur
2549 3426 2810 3494 Herodes,
2851 3429 3148 3498 praevertit.
3192 3428 3291 3485 Cui
3339 3431 3422 3487 in-

1816 3535 2006 3591 gressu
2031 3523 2282 3592 regiones
2311 3535 2447 3590 quas
2480 3520 2793 3578 Rbinocorii
2835 3521 3242 3592 inhabitabant,
3271 3535 3322 3581 et
3351 3525 3422 3581 de

1817 3613 2004 3668 fratris
2045 3613 2286 3678 interitu,
2317 3623 2373 3669 et
2420 3614 2487 3669 de
2534 3614 2772 3686 llyrcani
2816 3617 3131 3686 captivitate
3178 3618 3270 3688 qui
3319 3620 3424 3674 sub

1821 3708 2053 3763 vinculis
2081 3709 2132 3762 in
2167 3707 2518 3763 Parthienem
2563 3708 2828 3763 deductus
2873 3719 2978 3775 est,
3019 3711 3164 3766 veris
3205 3711 3420 3768 insidiis

1818 3800 2260 3866 manifestatum,
2307 3809 2646 3871 itantumque
2718 3801 2973 3856 maeroris
3038 3813 3422 3872 assumptum,

1817 3900 2082 3962 quantum
2127 3891 2439 3960 depositum
2503 3892 2970 3960 sollicitudinum,
3025 3905 3084 3948 ut
3134 3909 3234 3963 pro
3280 3894 3426 3950 bello

1820 3984 2003 4055 fugam
2036 3992 2275 4052 pararet.
2314 3984 2560 4054 Denique
2587 3986 2976 4040 Alexandriam
3004 4001 3218 4042 summo
3243 3989 3426 4043 studio

1819 4074 2122 4142 contendit,
2149 4083 2312 4146 atque
2334 4075 2410 4131 ibi
2435 4092 2558 4133 cum
2591 4077 2799 4134 honore
2826 4093 2856 4133 a
2882 4079 3170 4150 CleOpatra
3199 4094 3425 4152 suscep‘

1820 4179 1928 4238 tus,
1959 4171 2102 4241 quod
2146 4171 2284 4226 tanti
2327 4171 2568 4227 nominis
2616 4174 2793 4227 virum
2834 4171 3026 4228 ducem
3065 4173 3271 4229 militiae
3309 4175 3424 4231 suis

1818 4264 2182 4334 expetendum
2211 4264 2456 4336 partibus
2487 4265 2864 4322 arbitraretur.
2912 4265 3068 4323 Unde
3097 4269 3427 4336 posthabitis

1819 4359 2021 4429 regina:
2071 4357 2467 4428 petitionibus,
2525 4357 2756 4412 Romam
2821 4357 3134 4427 navigavit,
3185 4359 3426 4415 minores

1821 4452 2095 4521 procellas
2153 4450 2363 4508 hiemis
2420 4459 2576 4505 ratus
2644 4450 3197 4520 perturbationesque
3254 4449 3430 4507 Italize

1819 4555 2160 4617 compertas,
2192 4561 2353 4616 quam
2385 4560 2523 4616 quos
2552 4545 2605 4598 in
2636 4545 2942 4613 Cleopatra:
2970 4544 3274 4600 mobilitate
3299 4560 3426 4616 gra-

1821 4640 2000 4695 viores
2041 4638 2296 4693 omnibus
2337 4637 2634 4707 naufragiis
2678 4636 2880 4693 ﬂuctus
2926 4624 3430 4707 perborresoebatt

1821 4732 2058 4802 denique
2100 4731 2498 4800 inexspectatis
2526 4739 2812 4785 ventorum
2844 4729 3067 4786 ﬂatibus
3121 4731 3430 4801 profectus,

1820 4825 1972 4881 circa
1999 4823 2355 4894 Pamphiliam
2389 4823 2693 4894 periculum
2733 4822 2948 4888 incidit,
2979 4822 3077 4880 sed
3119 4824 3290 4880 evasit
3340 4833 3438 4880 ta-.

1825 4933 1985 4982 men;
2017 4926 2074 4972 et
2119 4924 2332 4972 mutato
2377 4915 2618 4987 navigio,
2647 4916 3013 4973 Brundusium
3059 4918 3232 4986 prius,
3262 4925 3426 4987 atque

1825 5009 1949 5065 inde
1979 5009 2208 5066 Romam
2237 5010 2504 5079 pervenit.
2538 5008 2618 5065 lbi
2663 5019 2904 5078 paternae
2931 5009 3190 5066 amicitiae
3220 5027 3430 5080 praero-

1823 5102 2000 5172 gativa
2023 5101 2157 5157 adiit
2175 5101 2497 5166 Antonium,
2524 5101 2931 5173 deploratisque
2956 5102 3072 5158 suis
3089 5113 3145 5158 et
3165 5103 3430 5160 domestia

1824 5213 2010 5255 carum
2033 5197 2291 5252 aerumnis
2317 5196 2803 5260 necessitudinum,
2829 5197 3028 5268 quibus
3053 5196 3110 5252 iu
3140 5197 3429 5254 obsidione

1829 5293 2025 5364 positis
2063 5291 2294 5346 Romam
2323 5298 2604 5360 precatum
2645 5300 2887 5346 venerat.
2919 5290 3219 5346 Antonium
3250 5290 3425 5356 flexit,

1831 5396 2105 5459 assumpta
2133 5402 2199 5440 ex
2233 5394 2380 5440 tanta
2415 5400 2598 5440 rerum
2623 5384 2988 5440 conversione
3019 5385 3424 5447 misericordia,

1829 5479 1956 5550 quia
1986 5495 2084 5535 rex
2105 5478 2306 5534 dudum
2341 5475 2756 5548 potentissimus
2781 5519 2796 5545 ,
2827 5486 2882 5533 et
2911 5477 3004 5547 qui
3031 5477 3298 5532 Romanae
3324 5479 3436 5534 rein

1833 5571 2063 5641 publica:
2083 5569 2286 5641 sapius
2314 5569 2512 5625 tulerat
2539 5581 2700 5638 opem
2726 5608 2741 5633 ,
2770 5577 3001 5636 repente
3025 5580 3084 5626 ut
3113 5568 3429 5642 naufragus,

1831 5672 1889 5721 et
1916 5679 2106 5720 rerum
2141 5662 2388 5722 omriiam
2439 5674 2649 5733 egens,
2676 5659 2981 5732 auxiliique
3024 5661 3181 5732 inops
3216 5663 3334 5720 suis
3377 5664 3453 5726 ira,

202 5813 231 5842 ιι
272 5806 359 5861 Al.
405 5807 511 5863 uiui
543 5821 562 5862 :
595 5821 717 5862 nam
748 5803 870 5861 Nini
904 5815 1102 5859 nomen
1130 5799 1272 5873 apud
1298 5797 1603 5895 Iosephum
1633 5811 1742 5854 non
1769 5795 1987 5868 legitur.
2019 5795 2188 5851 Rana.
