3964 6328
584 261 720 324 I991
1927 270 2148 329 SANCT

2322 271 2544 331 BROSH
3032 269 3040 274 ’
3773 285 3881 342 1992

580 397 825 469 periculo
872 397 1066 469 positis
1121 398 1444 470 suppliciter
1505 400 1830 473 imploraret
1877 405 2182 473 auxilium,
2213 395 2266 451 Α
2289 401 2418 456 sere
2465 384 2647 458 εαἮῘιο
2681 385 2791 443 Nec
2834 386 2939 444 “"3
2966 387 3163 447 Ῑυίεδθι
3207 391 3448 449 Victori?!
3492 406 3690 460 mora-
3723 393 3880 452 ιιίάυι

577 493 768 550 sedem
798 495 1128 550 mutaverit:
1157 495 1344 566 inquo
1370 496 1476 552 etsi
1501 497 1771 554 Antonius
1801 498 2191 570 huSpitalitatis
2292 479 2526 534 Romam
2564 480 2795 551 agminis
2836 480 2992 538 δηοη
3035 483 3392 541 ευδοΐηδεεθι
3441 487 3700 554 milites.
3733 490 3885 558 (Ιιιίάε

577 587 752 657 gratia
792 602 913 658 quae
958 587 1064 642 sibi
1109 603 1236 643 cum
1286 597 1441 660 patre
1483 589 1604 660 ejus
1652 592 1940 662 Antipatro
1989 593 2137 648 fuera

2320 572 2474 643 nopia
2523 574 2802 643 querelam
2860 589 3285 648 expromerent,
3348 591 3689 653 vastataque
3740 585 3885 638 omnia

580 692 850 748 propense
896 678 1260 736 inclinaretur
1313 682 1662 753 maximeque
1713 683 1860 754 quod
1893 692 1919 721 τι
1952 683 2145 740 Ιάιιιηω

2320 667 2436 722 :irca
2462 681 2671 734 muros,
2699 667 3188 742 difﬁcultatemque
3228 673 3581 742 utensilium,
3617 684 3680 730 et
3715 689 3885 747 angus-

579 769 893 825 tetrarchon
916 770 1122 828 faciens
1171 787 1342 843 regno
1382 773 1832 844 praedestinatum
1864 776 2137 849 reliquera

2322 759 2398 815 ias
2423 760 2803 817 alimentorum
2829 763 3275 832 praetenderent:
3300 775 3356 821 et
3371 767 3484 837 jam
3514 775 3748 838 tempus
3764 768 3887 823 ades-

1158 863 1392 924 CAPUT
1432 867 1606 924 xxx,
2291 861 2378 910 set
2405 869 2514 925 quo
2542 855 2610 910 ad
2651 854 2878 911 hiberna
2908 871 3006 912 eos
3034 858 3339 915 concedere
3377 869 3698 930 oporteret,
3731 872 3888 931 ruptu-

651 955 836 1012 Czesar
884 964 1066 1014 tamen
1113 957 1494 1015 benevolentia
1541 961 1774 1017 naturali
1820 960 2086 1030 diffusior,
2134 973 2191 1019 et

2323 962 2383 1002 os
2432 949 2721 1020 imperium
2766 951 3128 1019 minarentur,
3177 952 3233 1007 ni
3261 953 3364 1008 sibi
3397 953 3731 1025 acquietum
3761 954 3888 1010 foret.

579 1046 864 1104 toleratam
916 1049 970 1105 in
1019 1048 1260 1122 λεεγριο
1304 1052 1576 1122 Αηιίρςιιιεί
1627 1053 1878 1110 minuam
1933 1055 2189 1111 omnibus
2287 1039 2517 1112 Jamque
2555 1042 2752 1098 seditio
2781 1045 3158 1113 convaluerat,
3213 1047 3320 1101 nisi
3351 1047 3610 1106 Herodes
3645 1051 3892 1106 centurio-

578 1140 747 1212 μαινίς
774 1141 857 1197 sui
901 1140 1139 1198 Cmsaris
1185 1141 1413 1213 prauis,
1462 1153 1520 1201 et
1559 1145 1882 1217 hospitalem
1929 1147 2190 1218 conjunc-
2289 1135 2449 1192 nibus
2475 1135 2682 1206 pariter
2706 1151 2771 1192 ac
2811 1138 3080 1194 militibus
3109 1139 3374 1197 Romanis
3413 1142 3673 1198 medium
3704 1145 3890 1200 εευίῐεο

575 1235 780 1291 tionem
803 1243 1080 1307 tamquam
1107 1238 1380 1294 renovatis
1406 1238 1597 1308 gratia:
1622 1239 1940 1311 pignoribus
1966 1240 2187 1297 cbariu-
2288 1241 2416 1282 ι’θηε
2446 1227 2734 1297 οΐλνίεεθιυ
2765 1245 2836 1286 ne
2862 1229 3187 1287 desererent
3214 1247 3338 1288 eum
3366 1275 3382 1302 ο
3429 1250 3607 1305 quem
3655 1233 3833 1292 C4353?
3853 1247 3891 1294 ει

577 1342 639 1383 ra
681 1328 952 1384 habebat:
994 1330 1350 1401 suspectabat
1376 1341 1558 1388 tamen
1601 1342 1879 1388 versutum
1911 1334 2142 1405 ingenim

2325 1320 2580 1385 intonius,
2628 1331 2855 1377 senatus
2901 1339 3119 1396 quoque
3160 1326 3426 1382 tuendum
3457 1329 3568 1384 sibi
3628 1331 3890 1387 commise-

579 1421 756 1492 κεῖς’
799 1437 908 1477 non
937 1437 1095 1494 ωφιο
1124 1431 1182 1478 οι
1211 1423 1390 1494 ωηο,
1437 1424 1536 1481 sed
1577 1427 1921 1497 ηθεοιίοιιυηι
1960 1441 2198 1484 suorum.
2288 1419 2434 1480 rant,
2467 1427 2633 1483 quum
2665 1414 2976 1484 praesertim
3003 1415 3141 1471 nihil
3174 1417 3490 1475 defuturum
3520 1421 3728 1476 usibus
3763 1423 3894 1492 polli-

577 1515 902 1573 utilitatibus
925 1533 1089 1587 prave
1111 1517 1401 1574 intentum.
1433 1519 1667 1577 Senatus
1693 1519 1928 1577 adeundi
1949 1521 2075 1577 data
2097 1537 2142 1578 ct

2371 1515 2524 1563 'etur.
2559 1508 2628 1564 Et
2679 1511 2949 1580 completa
3000 1511 3248 1568 oratione
3289 1513 3344 1567 in
3386 1513 3690 1585 regionem
3737 1529 3892 1588 egres-

574 1607 684 1678 pia,
714 1609 858 1680 apud
889 1625 1052 1681 quem
1073 1609 1308 1669 Messala
1333 1621 1389 1667 et
1415 1610 1668 1668 Atratino
1697 1613 2070 1670 astruentibus
2093 1630 2190 1686 pa-
2287 1613 2406 1667 8‘15:
2435 1601 2618 1656 ευδίιο
2660 1618 2845 1658 Telum
2894 1605 3141 1660 omnium
3197 1605 3604 1664 abundanliam
3655 1609 3892 1665 θιειΐίιυί

579 1712 737 1759 terna
757 1703 898 1760 bene
928 1714 1103 1776 gesta,
1141 1705 1312 1776 ipsius
1339 1720 1556 1777 quoque
1582 1705 1816 1763 Herodis
1851 1707 2028 1763 ofﬁcia
2061 1723 2144 1779 erg

2324 1694 2620 1765 uppeditari
2651 1695 2806 1764 fecit,
2823 1706 2881 1753 ut
2911 1698 3064 1754 nulla
3086 1698 3619 1771 Silonisuperesset
3636 1705 3889 1773 causatio;

576 1796 880 1853 Romanam
901 1797 1296 1869 rempublicam
1321 1809 1539 1869 patrum
1559 1801 1883 1857 auctoritate
1902 1801 2141 1858 decretui

2328 1798 2348 1844 t
2398 1789 2528 1845 inde
2575 1792 2790 1863 erectis;
2821 1793 3202 1849 universorum
3242 1795 3476 1864 animis,
3525 1813 3664 1853 cum
3709 1798 3890 1855 duobus

581 1899 686 1955 est,
719 1889 852 1946 utile
880 1889 1124 1947 Romano
1152 1890 1389 1962 imperio
1436 1908 1664 1964 regnum
1712 1893 1947 1950 Herodis
1973 1895 2146 1952 videri

2324 1883 2531 1942 rillibus
2580 1887 2823 1956 peditum
2857 1897 2913 1944 et
2941 1887 3256 1959 quingentis
3282 1889 3570 1960 equitibus
3623 1891 3889 1958 ldumteam

582 1984 728 2054 quod
773 1984 1104 2055 astipulante
1153 1985 1416 2055 Antonio,
1450 1987 1597 2044 bello
1645 1987 1908 2045 adversus
1953 1989 2147 2045 Parthe

2323 1977 2520 2048 ecepit.
2551 1977 2749 2046 Quieto
2775 1982 2886 2050 jam
2918 1979 3292 2036 Romanarum
3341 1984 3598 2054 agmine,
3648 1995 3809 2056 atque
3847 1987 3888 2039 in

583 2078 826 2150 gerendo
847 2078 1070 2150 adiungi
1089 2079 1356 2136 Romanis
1384 2081 1675 2137 memorati
1695 2083 1840 2154 regis
1868 2082 2148 2139 societate:

2328 2071 2532 2128 ibernis
2562 2073 2883 2140 locato,dux
2909 2073 3039 2130 facti
3059 2074 3319 2146 Josippus
3343 2075 3547 2132 leviori
3578 2077 3788 2135 electus
3814 2096 3888 2134 ne-

577 2171 931 2228 conduceret.
966 2172 1207 2229 Dimisso
1247 2182 1460 2241 senatu,
1495 2175 1678 2231 Caesar
1723 2186 1886 2246 atque
1917 2177 2142 2232 Antonii

2323 2165 2456 2233 otio,
2496 2181 2564 2222 ne
2590 2166 2722 2237 quid
2753 2167 3019 2226 adversus
3049 2167 3390 2241 Antigonum
3418 2171 3650 2242 majore
3672 2175 3885 2244 periculo

578 2273 634 2320 et
661 2263 905 2321 Herodes
932 2266 1132 2336 pariter
1154 2268 1361 2337 egressi
1389 2267 1564 2336 curia,
1594 2269 2050 2340 prosequentibus
2071 2285 2143 2326 m:

2319 2259 2658 2328 isurpandum
2680 2259 3044 2316 arbitraretur
3075 2279 3088 2317 :
3114 2261 3231 2333 ipse
3251 2272 3433 2320 autem
3456 2279 3599 2322 suos
3621 2282 3691 2322 ex
3714 2267 3884 2322 Massa-

577 2358 900 2430 gistratuum
931 2358 1127 2416 ofﬁciis
1154 2360 1517 2416 deducuntur.
1573 2361 1872 2433 Primoque
1917 2363 2028 2430 die,
2079 2379 2186 2434 quo
2286 2352 2356 2409 dit
2382 2353 2696 2419 "811513108.
2719 2368 2850 2434 Cum
2885 2355 2939 2409 in
2983 2355 3228 2412 Samaria
3277 2359 3516 2427 Ιπονίείε
3561 2376 3693 2431 quae
3734 2361 3881 2416 ιυυηί-

579 2467 805 2524 regnum
849 2453 1048 2511 Herodi
1086 2455 1560 2511 senatusconsulto
1602 2430 1842 2510 delatum
1874 2455 2038 2523 foret,
2069 2454 2144 2511 An

2315 2455 2476 2502 uento
2521 2455 2579 2502 et
2622 2430 2745 2504 usui
2791 2445 2907 2502 fore
2937 2447 3209 2516 crederet,
3258 2430 3658 2506 constitisset:
3700 2451 3880 2523 glaciali

579 2547 760 2603 tonius
789 2547 1019 2603 adornat
1041 2546 1374 2616 convivium,
1403 2563 1700 2619 regemque
1727 2548 1942 2604 invitat.
1976 2547 2144 2604 Eodet

2314 2539 2470 2595 iieme
2509 2547 2567 2596 et
2602 2540 2827 2611 repletis
2870 2541 2998 2596 nive
3019 2541 3179 2612 tlocis
3225 2543 3502 2613 omnibus,
3564 2547 3879 2616 praeveniens

581 2643 695 2700 fere
734 2652 982 2715 tempore
1020 2643 1280 2715 Josippus
1319 2642 1488 2699 frater
1530 2643 1763 2699 Herodis
1800 2659 1952 2716 aqua:
2003 2643 2188 2713 inopia
2287 2634 2554 2690 adventus
2583 2635 2668 2690 sui
2706 2635 2899 2691 nuntio
2926 2635 3218 2707 Sephorim
3259 2637 3444 2708 prisco
3475 2643 3779 2697 vocitatam
3805 2656 3880 2697 no-

579 2735 759 2807 fugam
786 2737 852 2802 in
885 2748 1045 2793 nocte
1087 2746 1474 2808 composuerat
1507 2755 1521 2792 :
1556 2737 1654 2794 sed
1685 2747 1834 2793 tanta
1883 2735 2066 2793 subito
2103 2737 2186 2792 vis
2287 2729 2437 2784 mille
2489 2745 2658 2801 quam.
2707 2731 3108 2788 Diocaesal‘eam
3165 2739 3356 2802 Postea
3409 2745 3878 2806 υιιηουρδνετυιιι,

579 2828 884 2899 pluviarum
909 2837 1109 2884 terram
1151 2830 1364 2898 infudit,
1408 2840 1466 2886 ut
1505 2845 1698 2887 omnes
1729 2831 1966 2900 repleret
1991 2829 2186 2885 ductus
2287 2823 2410 2878 sine
2440 2823 2551 2878 ullo
2583 2825 2864 2894 ingressus
2901 2824 3093 2895 praclio
3121 2825 3435 2882 reﬁciendis
3462 2842 3614 2898 quos
3646 2827 3880 2883 hiemales

576 2933 859 2990 aquarum.
889 2921 1074 2992 Itaque
1097 2935 1352 2978 revocato
1382 2922 1680 2994 transfugio
1703 2922 1848 2993 quod
1869 2922 1937 2978 ad
1966 2930 2184 2993 gentem
2254 2981 2262 2989 ,
2288 2916 2498 2986 pruinae
2536 2927 2700 2988 atque
2747 2917 3028 2988 asperiora
3076 2918 3203 2989 gelu
3249 2919 3450 2977 itinera
3499 2922 3878 2994 fatigaverant,

575 3017 816 3070 Arabum
849 3017 1090 3087 parabat,
1122 3016 1424 3072 obsidentis
1466 3017 1724 3087 Antigoni
1753 3016 1940 3086 copias
1985 3014 2182 3086 partim
2286 3019 2648 3079 Opportunam
2694 3011 3064 3066 existimavit:
3105 3020 3226 3068 erat
3257 3012 3406 3068 enim
3443 3013 3561 3070 illic
3592 3026 3655 3071 et
3685 3017 3879 3071 alimen~

576 3107 810 3174 insidiis,
835 3109 1029 3179 partim
1059 3108 1453 3180 congressione
1479 3118 1644 3178 atque
1666 3117 1858 3178 aperto
1890 3109 2079 3177 praclio
2096 3107 2183 3162 fu-
2215 3169 2253 3180 _
2290 3111 2464 3160 torum
2507 3103 2678 3160 multa
2708 3105 2884 3174 copia.
2929 3104 3035 3161 Ubi
3065 3105 3287 3162 refectis
3315 3107 3440 3163 cibo
3472 3117 3531 3163 et
3569 3111 3769 3165 stativa
3810 3111 3878 3164 iu-

577 3201 692 3270 dit,
738 3169 850 3258 sed
883 3210 940 3258 et
985 3203 1102 3274 ipse
1153 3169 1469 3273 plerumque
1499 3169 1730 3257 adverso
1769 3169 1922 3256 exitu
1964 3215 2086 3256 sese
2126 3201 2182 3256 in
2209 3169 2254 3233 Ο
2290 3196 2650 3269 terpositione
2694 3197 2982 3264 militibus,
3032 3198 3328 3255 adversum
3375 3201 3630 3260 latrones
3660 3203 3879 3275 prrelium

573 3305 814 3354 castrum
841 3297 1066 3366 recepit.
1098 3296 1166 3351 Et
1185 3295 1297 3367 jam
1331 3293 1575 3350 Herodes
1605 3309 1672 3350 ex
1705 3293 1856 3348 ltalia
1889 3292 1944 3348 in
1988 3293 2180 3348 urbem
2284 3289 2649 3344 adoriundum
2698 3291 2928 3359 putavit,
2961 3291 3054 3361 qui
3089 3300 3255 3347 totam
3295 3307 3697 3364 percurrentes
3729 3297 3880 3365 κεῖσε

571 3390 750 3461 Syria:
789 3388 1175 3445 Ptolemaidem
1218 3387 1547 3454 improvisus
1584 3385 1800 3451 aderat,
1841 3399 2183 3456 propereque
2285 3399 2438 3450 nem,
2469 3401 2578 3439 non
2622 3383 2834 3440 minore
2865 3401 3029 3456 quant
3058 3385 3258 3442 bellica
3290 3387 3619 3446 incursione
3658 3392 3876 3446 locorum

574 3496 828 3554 egressus
855 3481 1068 3551 navigio
1101 3521 1116 3547 ,
1145 3495 1270 3535 cum
1321 3479 1526 3549 ingenti
1570 3493 1735 3533 manu
1775 3478 1976 3532 civium
2005 3487 2062 3532 et
2089 3491 2182 3546 pe-
2283 3476 2495 3532 incolas
2541 3479 2822 3534 attrivere.
2874 3478 3062 3549 itaque
3111 3480 3290 3549 primo
3344 3490 3561 3550 partem
3611 3483 3876 3554 quamdam

577 3576 922 3646 regrinorum
963 3573 1296 3644 Antigonum
1343 3571 1586 3643 petebat,
1634 3570 2051 3627 occurrentibus
2079 3570 2180 3625 sibi
2282 3571 2529 3640 equitum
2560 3580 2615 3626 et
2643 3571 2890 3642 peditum
2931 3570 2988 3626 in
3020 3573 3200 3627 vicum
3229 3571 3492 3629 Arbelam
3525 3578 3813 3646 praemisit,
3835 3583 3876 3631 et

580 3669 832 3727 Ventidio
859 3679 915 3725 et
944 3668 1136 3725 Silone
1179 3668 1406 3724 ducibus
1445 3667 1702 3723 Romanae
1753 3667 1992 3732 militiae,
2040 3679 2180 3737 quos
2282 3659 2401 3729 ipse
2422 3675 2546 3716 cum
2579 3662 2788 3733 reliqua
2819 3679 2982 3719 manu
3011 3671 3136 3735 post
3161 3664 3523 3736 quadraginta
3551 3667 3676 3724 dies
3707 3668 3872 3724 adfuit.

575 3766 845 3822 Antonius
875 3761 1195 3819 deducendo
1221 3761 1422 3819 Herodi
1459 3763 1656 3818 adesse
1685 3768 2040 3832 praeceperat.
2072 3760 2180 3814 Eos
2280 3751 2394 3808 Nec
2439 3763 2619 3811 tamen
2677 3757 2952 3813 exerCilus
3001 3759 3182 3828 δρθοίο
3236 3760 3416 3814 ιθτΐίιί
3462 3761 3744 3828 humiles;
3795 3764 3872 3817 sed

571 3861 780 3920 Gellius
808 3860 862 3915 in
893 3859 992 3916 hos
1012 3873 1145 3914 usus
1174 3857 1415 3913 directos
1452 3857 1520 3912 ab
1552 3856 1796 3913 Antonio
1827 3854 1956 3909 licet
1978 3853 2180 3910 abltor-
2281 3862 2407 3903 cum
2453 3849 2620 3904 armis
2650 3851 3044 3908 occurrendum
3075 3854 3201 3922 rati,
3241 3855 3611 3926 praeferebant
3654 3857 3872 3927 discipli-

572 3976 699 4017 rens
721 3957 926 4023 studio,
958 3953 1102 4026 quod
1133 3963 1423 4023 utrumque
1450 3966 1642 4007 eorum
1667 3949 1972 4021 Antigonus
2001 3947 2179 4020 pretio
2283 3956 2404 3995 nam
2439 3941 2690 3998 bellicam
2713 3953 2767 3999 et
2800 3945 3070 4001 latronum
3099 3946 3403 4002 audaciam.
3435 3947 3710 4008 Conﬁictu
3739 3951 3871 4006 habi-

571 4059 870 4116 averterat,
900 4050 1086 4116 specie
1113 4055 1293 4101 tamen
1336 4043 1406 4099 de
1451 4042 1702 4113 proximo
1726 4039 2020 4097 convenire
2049 4055 2177 4095 sua-
2281 4044 2356 4101 to,
2389 4038 2556 4092 cessit
2580 4053 2750 4092 cornu
2785 4039 3016 4094 Herodis
3044 4041 3361 4110 sinistrum;
3395 4043 3494 4098 sed
3527 4046 3640 4100 cito
3665 4059 3867 4116 repara-

573 4153 758 4199 serat:
789 4141 834 4197 si
856 4139 1074 4210 quidem
1098 4139 1152 4192 in
1181 4136 1450 4207 proximis
1477 4135 1723 4201 urbibus,
1749 4136 1819 4190 ob
1846 4131 2180 4204 reprimendi
2279 4130 2358 4185 vit
2378 4130 2646 4199 Herodes,
2677 4141 2733 4188 et
2754 4133 3013 4189 adhibitis
3035 4135 3390 4205 adiumentis,
3418 4151 3547 4193 suos
3573 4141 3779 4205 statuit,
3801 4139 3868 4192 in-

570 4235 704 4293 belli
728 4232 965 4290 Parthici
997 4231 1280 4297 tumultus,
1325 4227 1608 4284 Ventidius
1636 4227 2057 4292 immorabatur;
2090 4224 2178 4281 Si-
2279 4233 2573 4293 sequentes
2618 4226 2884 4296 perculit,
2933 4234 3098 4298 atque
3147 4227 3368 4299 infregit
3408 4229 3648 4301 impetus
3674 4247 3865 4289 eorum.

571 4331 664 4388 lon
687 4339 870 4386 autem
900 4328 1043 4383 intra
1071 4325 1314 4382 Judzeam
1345 4324 1577 4396 positus,
1606 4332 1847 4394 apertam
1875 4337 1996 4378 cum
2021 4323 2176 4378 Anti-
2277 4319 2381 4388 Qui
2422 4321 2672 4377 cominus
2712 4332 3039 4394 pugnantem
3093 4323 3363 4380 llerodem
3407 4326 3518 4396 pati
3566 4328 3861 4399 nequivere,

568 4442 712 4500 gono
758 4424 1073 4481 societatem
1125 4421 1352 4494 pecunia
1400 4420 1725 4476 conficiebat
1768 4437 1782 4474 :
1834 4435 1936 4475 nec
1991 4428 2172 4475 tamen
2277 4415 2725 4487 declinantesque
2750 4432 2922 4488 usque
2942 4416 3008 4472 ad
3038 4416 3338 4474 Jordanem
3369 4429 3593 4476 secutus
3624 4422 3740 4476 neci
3769 4429 3861 4474 tra-

568 4521 813 4580 Herodes
838 4519 1046 4577 auxilio
1073 4517 1296 4588 egebat,
1328 4515 1414 4572 cui
1456 4523 1654 4584 praeter
1681 4528 1884 4585 paucos
1920 4513 2174 4570 Galilaeo-
2199 4568 2251 4588 “
2277 4507 2433 4563 didit.
2467 4508 2684 4580 Reliqui
2725 4525 2916 4566 omnes
2943 4524 3102 4580 supra
3132 4510 3356 4566 ﬂuvium
3397 4512 3651 4584 dispersi,
3688 4523 3742 4568 ut
3764 4526 3861 4567 om-

568 4635 713 4687 rum,
741 4616 984 4674 universi
1007 4568 1357 4670 adli'Zeserant
1382 4627 1395 4665 :
1428 4619 1485 4666 et
1511 4609 1637 4681 quia
1667 4609 2005 4682 propositum
2031 4618 2168 4677 erat,
2198 4568 2254 4630 Β
2279 4601 2331 4655 ni
2383 4602 2757 4658 incursionum
2813 4614 2960 4660 metu
3011 4603 3236 4660 Galilaza
3283 4605 3700 4674 absolveretur;
3747 4607 3862 4662 resi-

567 4723 627 4769 ut
646 4710 716 4767 de
742 4707 1006 4775 Massada,
1037 4720 1169 4763 suos
1191 4703 1588 4776 quamprimum
1611 4703 1850 4773 eriperet
1869 4701 2170 4768 obsidioni,
2275 4691 2528 4750 dentibus
2561 4695 2958 4764 tantummodo,
3007 4697 3099 4767 qui
3127 4711 3189 4752 se
3217 4697 3447 4755 latebris
3486 4701 3858 4764 recondentes,

563 4806 779 4878 Joppen
822 4803 877 4858 in
921 4800 1102 4858 medio
1145 4798 1381 4871 positam
1425 4795 1714 4867 pugnando
1744 4795 1890 4866 cepit
1913 4793 2168 4850 adversa-
2271 4802 2336 4843 ac
2359 4788 2510 4843 velut
2540 4787 2871 4844 infodientes
2910 4789 3209 4860 speluncis,
3256 4791 3543 4847 victoriam
3588 4793 3858 4850 moraban-

563 4899 774 4956 riorum
803 4909 969 4952 manu
994 4893 1249 4949 refertam
1275 4933 1290 4960 ,
1323 4905 1393 4946 ne
1422 4890 1490 4946 ad
1518 4889 1778 4946 ulteriora
1808 4902 2166 4959 progressuS,
2271 4889 2379 4936 tur.
2415 4880 2587 4936 Erant
2621 4890 2805 4937 autem
2847 4881 2903 4937 in
2951 4891 3229 4952 praerupto
3282 4886 3574 4953 montium,
3624 4883 3856 4942 concavis

562 4991 777 5048 hostem
804 5003 837 5044 a
861 4998 1013 5060 tergo
1037 4985 1406 5056 relinqueret:
1435 4992 1492 5039 et
1519 4981 1765 5054 quamvis
1785 4980 1889 5036 iter
1911 4981 2030 5051 ejus
2057 4981 2167 5034 An-
2271 4988 2528 5030 saxorum
2559 4974 2845 5042 lateribuS,
2895 4974 3240 5032 ίηῑιοιτθηῐεε
3279 4993 3501 5048 Specus.
3545 4980 3686 5036 inter
3721 4993 3858 5060 scru-

559 5086 779 5157 tigonus
795 5056 1057 5152 impedire
1073 5087 1319 5150 cuperet,
1339 5086 1522 5132 tamen
1551 5074 1693 5131 facili
1720 5073 1938 5145 negotio
1964 5071 2169 5128 Massa-
2271 5084 2406 5141 peas
2429 5084 2615 5141 rupes,
2646 5068 2796 5125 invio
2827 5068 3065 5141 undique
3105 5079 3162 5126 et
3205 5071 3560 5143 impossibili,
3590 5073 3692 5130 nisi
3719 5056 3852 5129 loco-

556 5177 685 5234 dam
710 5174 940 5246 recepit,
973 5186 1213 5243 suosque
1237 5169 1444 5228 exemit
1483 5167 1748 5241 periculo.
1782 5166 1991 5224 Deinde
2037 5181 2162 5237 pro-
2268 5177 2391 5218 rum
2421 5161 2636 5231 incolis,
2684 5163 3066 5232 accessu.;Qui
3113 5167 3526 5222 transversariis
3573 5165 3775 5223 semitis
3803 5173 3853 5236 [et

555 5268 732 5327 fectus
761 5265 1189 5337 Hierosolymam
1216 5277 1340 5318 cum
1359 5265 1541 5318 omnia
1564 5260 1801 5328 fecisset,
1832 5274 1901 5315 ne
1923 5272 2165 5330 pugnau-
2267 5255 2511 5328 angustis
2537 5254 2788 5324 callibus,
2832 5257 3031 5327 quibus
3078 5257 3213 5313 solis
3250 5257 3390 5314 adiri
3421 5260 3694 5323 solerent,
3725 5256 3852 5329 peri-

554 5364 612 5421 di
642 5363 869 5420 haberet
898 5359 1309 5426 necessitatem,
1337 5371 1592 5413 asserens
1616 5370 1676 5412 se
1703 5369 1803 5427 pro
1830 5353 2040 5411 civibus
2065 5351 2162 5408 ad-
2266 5348 2373 5405 culi
2402 5364 2526 5417 usu,
2550 5356 2609 5403 ut
2628 5348 2890 5404 adversus
2909 5348 3209 5420 periculum
3225 5348 3672 5420 deprehendendi
3699 5349 3848 5405 tutio-

552 5469 748 5514 versus
798 5451 1174 5519 rebellionem,
1233 5465 1344 5506 non
1387 5449 1674 5505 adversum
1728 5462 1859 5504 suos
1911 5445 2159 5518 praelium
2263 5456 2350 5497 res
2370 5440 2571 5498 forent.
2600 5438 2744 5498 Cazci
2776 5442 2922 5498 intus
2950 5451 3234 5497 antrorum
3254 5442 3531 5510 recessus,
3559 5457 3776 5513 quorum
3800 5439 3844 5493 in

550 5550 870 5623 recepisse:
903 5547 1189 5604 lacessitus
1209 5545 1278 5601 ab
1305 5543 1562 5616 Antigoni
1600 5542 1923 5611 fautoribus,
1949 5540 2160 5613 sagittis
2259 5534 2438 5591 fronte
2485 5542 2662 5605 petra,
2715 5548 2886 5606 usque
2940 5535 3008 5591 ad
3063 5535 3367 5607 profundas
3421 5536 3846 5608 congregationes

547 5652 607 5703 et
632 5641 930 5702 levioribus
968 5639 1194 5713 spiculis
1216 5638 1288 5697 de
1310 5653 1466 5696 muro
1505 5636 1609 5695 sibi
1648 5637 2030 5708 obstrepentes
2069 5634 2154 5690 fu-
2257 5644 2546 5702 aquarum,
2574 5629 2728 5689 velut
2749 5629 2988 5701 quodam
3015 5629 3322 5689 continenti
3355 5630 3490 5705 iugo
3527 5632 3840 5704 prominens,

619 5765 652 5798 ⁸
686 5759 1024 5823 Idumam;
1076 5753 1149 5810 al.
1211 5753 1266 5809 in
1296 5749 1489 5829 .Idum.
1533 5751 1702 5808 ΒΑΜ.
