3964 6326
112 271 282 331 199⁸5

1000 280 1272 342 HISTOR.
1318 283 1406 341 DE
1449 278 1728 343 EXCIDIO
1768 282 2040 344 lllEROS.
2084 283 2309 347 URBIS.
2351 289 2482 347 LIB.
2527 290 2572 348 l..

3306 301 3446 360 199‘

116 399 296 458 spem
337 387 574 447 adeundi
614 390 954 461 excluderet,
1009 394 1221 451 lubrico
1253 396 1490 468 undique
1518 400 1647 464 situ,
1678 399 1744 454 de
1771 386 1824 459 Α
1853 408 2076 454 vocatus
2129 415 2158 454 a
2215 404 2594 472 persequendo
2643 415 2792 462 esset
2829 407 3122 477 .f‘lerodes,
3169 417 3228 467 et
3282 414 3452 470 armis

113 482 436 553 supercilio
472 484 736 542 montium
785 486 1105 544 cadentibus
1153 490 1327 560 aquis,
1381 499 1435 545 et
1494 492 1735 546 amnium

116 587 306 630 cursu
336 574 586 647 fragoso,
615 585 674 632 ut
712 579 1074 650 praecipitium
1116 579 1443 636 fluentorum
1475 581 1653 647 ruina,
1682 591 1740 638 ct

116 678 330 720 saxum
364 666 653 725 imminens
671 668 944 726 eharraris
972 671 1092 742 plus
1120 672 1344 728 terroris
1375 671 1548 729 daret.
1580 673 1735 729 Dein-

117 755 201 811 de
228 755 565 829 aliquamdiu
590 774 688 816 rex
734 760 788 816 in
835 761 1046 818 incerto
1093 762 1272 828 haesit,
1316 779 1424 818 non
1457 765 1734 835 reperiens

114 849 595 921 quemadmodum
634 861 886 910 naturam
915 854 1182 912 vinceret.
1213 855 1409 913 Postea
1456 871 1590 913 vero
1628 855 1733 913 hu-

111 941 375 1012 jusmodi
393 953 702 1002 commento
725 961 876 1015 usus,
918 955 976 1002 ut
997 947 1050 1003 in
1085 949 1306 1004 modum
1333 963 1582 1006 arearum
1613 965 1733 1005 ma-

117 1019 704 1105 chi'iia‘t‘owtrnunimine,
733 1038 1099 1097 validissimos
1125 1057 1373 1114 quosque
1396 1043 1728 1099 includeret:

117 1128 180 1184 in
213 1129 336 1199 ipsa
361 1129 689 1201 spelazorum
731 1147 828 1188 ora
875 1143 1134 1200 armatos,
1162 1135 1478 1190 retinaculis
1511 1136 1731 1207 quibus-

119 1223 260 1279 dam
295 1224 568 1296 deposuit,
610 1225 702 1298 qui
733 1227 890 1284 facile
938 1229 1179 1286 inermes
1235 1231 1450 1299 cedere,
1502 1240 1558 1287 et
1607 1245 1730 1287 cum

117 1316 388 1373 omnibus
422 1318 912 1376 necessitudinibus
953 1330 1007 1375 et
1033 1322 1384 1392 generatione
1426 1323 1732 1378 interficere

118 1421 452 1478 cmperunt:
481 1419 539 1466 at
577 1411 623 1466 si
654 1412 745 1482 qui
774 1413 1031 1469 resistere
1060 1413 1345 1480 auderent,
1395 1429 1489 1470 eos
1529 1415 1731 1485 injecto

118 1501 240 1573 igni
271 1517 525 1559 exurere.
571 1503 765 1560 Nullus
796 1504 980 1574 pietati
1021 1505 1192 1562 locus.
1241 1507 1384 1575 Quin
1427 1506 1591 1563 etiam
1630 1522 1730 1563 vo-

117 1594 250 1650 lens
281 1594 525 1652 Hero‘des
569 1596 862 1667 plerosque
906 1597 1121 1668 eripere
1171 1599 1312 1666 neCi,
1345 1607 1506 1669 atque
1551 1599 1621 1654 ad
1652 1603 1731 1668 jse

117 1687 478 1759 confugiendi
527 1687 778 1745 fiduciam
826 1691 982 1756 dare,
1029 1691 1228 1747 avertit
1279 1692 1495 1762 magis:
1550 1693 1620 1747 ita
1674 1699 1733 1747 ut

1847 489 2130 559 depositis,
2179 491 2433 549 balneum
2482 506 2628 551 esset
2680 498 2958 568 ingressus
3013 516 3120 557 uno
3160 503 3452 560 comitatus

1841 583 2080 652 servulo,
2111 596 2469 643 occurrerunt
2497 589 2545 645 ei
2579 598 2690 646 trcs
2719 591 2822 648 viri
2867 593 3126 650 districtis
3177 600 3453 654 mucroni-

1841 672 1942 728 bus
1975 674 2211 733 :deinde
2239 678 2445 748 plures,
2473 680 2565 752 qui
2596 681 2948 752 fugissentde
2983 685 3193 755 prmlio,
3221 688 3448 744 latibula

1838 777 2168 838 quaerentes.
2201 769 2290 838 Hi,
2317 771 2438 828 viso
2463 789 2613 846 rege,
2658 777 2859 832 turbati
2891 788 3039 836 metu
3071 782 3404 852 pertransire
3424 825 3441 849 ,

1837 865 1999 929 atque
2025 861 2092 917 ad
2112 862 2317 919 exitum
2340 864 2521 922 balnei
2543 866 2959 939 festinaverunt,
2987 880 3047 927 ut
3066 883 3292 944 possent
3314 890 3441 930 eva-

1836 950 1988 1021 dere,
2019 955 2107 1024 qui
2142 965 2433 1026 potuerant
2463 974 2651 1016 necem
2691 964 2834 1034 regis
2871 971 3086 1033 patrare
3127 964 3441 1037 bellumque

1835 1045 2145 1105 absolvere.
2175 1050 2418 1121 Denique
2447 1067 2610 1109 nemo
2632 1053 2754 1123 fuit,
2789 1056 2882 1126 qui
2904 1056 3170 1128 fugientes
3199 1058 3447 1130 corripe-

1836 1145 1954 1192 ret:
1983 1139 2127 1196 unde
2172 1142 2470 1213 conjiciens
2522 1145 2786 1214 Herodes,
2819 1158 3017 1218 quanta
3050 1150 3296 1207 hostibus
3349 1151 3434 1208 for

1837 1229 1983 1285 mido
2026 1232 2266 1303 inesset,
2317 1235 2560 1293 incubuit
2604 1241 2833 1309 preelio,
2883 1249 2938 1297 et
2979 1242 3218 1314 Pappum
3269 1246 3445 1315 ipsum

1836 1321 2030 1379 ducem
2073 1327 2289 1383 adversi
2340 1331 2574 1400 agminis
2616 1332 2922 1398 interfecit,
2969 1343 3134 1405 atque
3175 1336 3292 1404 ejus
3345 1337 3446 1391 ab-

1833 1419 2011 1474 scindi
2033 1431 2196 1490 caput
2215 1421 2403 1491 jussit,
2425 1424 2572 1496 quod
2598 1426 2670 1482 ab
2690 1442 2757 1483 eo
2777 1425 2950 1484 frater
2976 1429 3236 1500 Josippus
3265 1432 3447 1502 regius

1835 1511 2201 1584 interemptus
2233 1514 2397 1572 foret.

2407 1607 2639 1666 CAPUT
2683 1610 2877 1668 XXXI.

1907 1695 2212 1767 Antigonus
2257 1699 2468 1756 interea
2502 1703 2680 1773 fugam
2725 1721 2886 1775 quam
2930 1717 3242 1776 paraverat,
3275 1710 3450 1767 distu-

118 1783 667 1840 nullusvoluntarius
691 1783 890 1841 Herodi
919 1785 1326 1858 adjungeretur;
1347 1796 1401 1842 et
1429 1787 1473 1844 si
1502 1787 1726 1868 quiadi-
1754 1795 1805 1857 Β
1833 1787 1895 1842 lit
1929 1804 1941 1840 :
1975 1803 2138 1859 quem
2187 1800 2493 1849 morantem
2539 1794 2787 1852 Herodes
2827 1797 3164 1855 circumfuso
3197 1802 3448 1858 exercitu

116 1877 413 1948 gebantur;
456 1889 690 1935 mortem
738 1880 1060 1950 praeferrent
1105 1881 1433 1951 captivitati.
1490 1883 1732 1955 Denique

117 1986 268 2027 unus
303 1971 372 2027 de
400 1972 706 2028 senioribus
751 1974 839 2028 cui
885 1983 1096 2044 septem
1138 1974 1230 2029 filii
1281 1989 1527 2046 uxorque
1573 1977 1732 2033 ades-

115 2070 275 2131 sent,
303 2077 535 2134 quorum
560 2065 718 2120 saluti
744 2065 1038 2122 consulere
1067 2075 1274 2138 posset,
1305 2082 1497 2124 onmes
1519 2084 1613 2126 cos
1637 2071 1730 2126 tali

116 2153 328 2211 occidit
354 2155 564 2212 modo:
618 2156 872 2228 Singulos
914 2173 1160 2228 quosque
1209 2161 1462 2231 progredi
1512 2160 1726 2231 iubens,

116 2250 246 2318 ipse
275 2249 328 2304 in
355 2249 604 2320 ingressu
626 2250 800 2317 stetit,
831 2260 886 2306 et
912 2252 1295 2322 procedentem
1322 2253 1390 2310 de
1411 2252 1539 2310 filiis
1562 2255 1730 2311 inter-

116 2341 365 2397 ﬁciebat.
415 2341 733 2422 Despiciens
772 2342 1019 2401 Herodes
1051 2354 1158 2400 tam
1211 2346 1368 2402 triste
1410 2346 1620 2404 facinus
1665 2363 1730 2404 ac

115 2434 471 2503 miserabile,
497 2445 722 2506 paterna
752 2439 1074 2508 perstrictus
1105 2440 1526 2511 necessitudine,
1571 2457 1730 2499 arce-

116 2528 217 2583 bat
237 2544 420 2598 manu,
452 2539 507 2585 et
530 2531 711 2588 verbis
733 2532 980 2603 rogabat,
1023 2543 1082 2590 ut
1111 2545 1358 2605 parceret
1387 2537 1593 2606 liberis,
1628 2539 1731 2594 im-

117 2625 424 2689 punitatem
453 2622 761 2694 pollicens:
803 2637 857 2679 at
885 2625 974 2681 ille
1013 2625 1429 2700 haudquaquam
1472 2630 1600 2687 ullis
1642 2633 1730 2687 in-

117 2714 304 2772 flexus
331 2715 575 2784 vocibus,
597 2725 760 2787 atque
788 2718 1011 2790 insuper
1032 2725 1144 2792 regi
1175 2723 1535 2792 conviciatus,
1566 2739 1731 2795 supra

117 2812 272 2868 filios
299 2812 462 2868 etiam
504 2828 725 2871 uxorem
757 2816 990 2888 peremit
1025 2817 1379 2888 prtecipitatis
1406 2834 1474 2875 ex
1505 2820 1618 2877 alto
1643 2837 1730 2877 ca.

119 2906 420 2962 daveribus
451 2905 708 2975 filiorum,
741 2909 808 2964 ad
839 2909 1087 2968 ultimum
1119 2911 1472 2982 semetipsum
1511 2914 1563 2968 in
1605 2929 1731 2984 pro-

119 2999 351 3055 fundum
380 3001 710 3071 przecipitem
739 3000 908 3056 dedit.
941 3001 1274 3058 Perterritus
1295 3003 1381 3060 his
1401 3005 1725 3076 Antigonus,

121 3093 272 3165 quod
329 3102 438 3149 tum
491 3091 650 3150 facile
693 3093 941 3151 Herodes
984 3089 1257 3153 latronum
1301 3096 1726 3165 multitudinem,

121 3185 480 3256 locorumque
499 3187 873 3257 superavisset
889 3186 1288 3258 difficultatem,
1311 3188 1482 3260 ipsius
1509 3191 1728 3260 quidem

124 3279 472 3350 praesentiam
503 3279 840 3335 declinavit:
889 3279 988 3337 sed
1029 3283 1300 3338 convertit
1341 3298 1402 3340 se
1450 3283 1518 3340 ad
1548 3284 1728 3342 Ptole-

122 3385 344 3438 mtcum,
373 3386 533 3441 quem
562 3371 805 3428 Herodes
837 3373 974 3442 parti
1007 3374 1278 3429 exercitus
1301 3375 1644 3445 praefecerat,
1676 3387 1732 3435 et

125 3463 211 3518 vir
239 3461 308 3518 ad
334 3461 477 3518 furta
507 3463 637 3520 belli
686 3464 1036 3534 peridoneus,
1087 3479 1185 3535 per
1230 3480 1325 3521 eos
1369 3467 1566 3537 quibus
1611 3483 1730 3524 mos

128 3563 257 3613 erat
307 3557 529 3612 turbare
573 3555 882 3626 Galilaeam,
930 3557 1229 3627 improviso
1281 3559 1486 3629 impetu
1553 3559 1732 3618 Ptole-

129 3645 340 3706 maeum’
366 3647 602 3720 jugulari
650 3649 872 3721 coegit:
921 3649 1202 3720 .Iosippum
1249 3667 1462 3722 quoque
1506 3652 1730 3709 fratrem

129 3742 382 3812 Herodis,
411 3757 670 3814 germano
691 3744 746 3798 in
777 3742 898 3799 aliis
925 3752 1187 3814 occupato
1211 3747 1476 3816 partibus,
1503 3748 1730 3820 impigre

131 3844 525 3907 repugnantem
551 3849 674 3891 cum
701 3835 958 3891 militibus
979 3835 1238 3892 Romanis
1259 3837 1351 3907 qni
1374 3838 1425 3892 in
1449 3837 1731 3908 adjumen-

132 3935 245 3982 tum
299 3925 417 3997 ejus
450 3933 654 3982 temere
696 3924 913 4003 collecti
961 3925 1316 3995 advenerant,
1348 3927 1568 3982 delevit.
1617 3926 1732 3983 Nec

129 4027 285 4075 tanto
333 4026 622 4074 contentus
662 4017 960 4089 triumpho,
1014 4018 1222 4074 addidit
1269 4017 1435 4075 etiam
1485 4020 1728 4075 victorias

127 4128 350 4188 gravem
397 4113 453 4167 in
489 4112 800 4169 defunctum
830 4113 1236 4183 contumeliam,
1268 4123 1325 4170 ut
1368 4115 1609 4177 abscisso
1639 4129 1730 4171 ca-

127 4206 241 4278 pite
270 4203 705 4277 relinqueretur:
736 4220 834 4276 pro
859 4220 966 4276 quo
996 4205 1236 4262 Pherora
1272 4209 1439 4264 frater
1460 4209 1728 4279 perempti

128 4299 514 4372 quinquaginta
567 4298 764 4354 talenta
804 4298 1034 4366 obtulit,
1082 4313 1184 4355 nec
1231 4299 1559 4371 impetravit.
1610 4301 1728 4368 Qua

127 4391 357 4448 victoria
387 4405 576 4447 rursus
597 4391 651 4447 in
672 4389 1004 4463 Antigonum
1034 4392 1387 4463 plurimorum
1411 4393 1549 4449 intra
1576 4392 1726 4451 Gali-

128 4486 288 4542 lream
317 4484 492 4540 studia
521 4499 780 4542 conversa
806 4495 1172 4557 renovataque
1197 4486 1326 4543 belli
1347 4488 1584 4559 negotia.
1615 4487 1726 4545 An-

126 4578 388 4635 tiochiam
435 4577 677 4635 Herodes
725 4577 1118 4645 contenderat,
1168 4579 1280 4634 illic
1333 4594 1549 4637 ammno
1592 4580 1726 4636 satis

127 4674 253 4730 loco
281 4687 440 4744 quem
475 4672 734 4744 Daphnen
760 4672 1029 4741 vocitant,
1068 4673 1463 4744 requiescebat.
1506 4673 1608 4731 Ubi
1633 4690 1726 4731 ac-

126 4775 290 4836 cepto
322 4765 566 4836 germani
594 4765 746 4820 necis
787 4767 1008 4831 nuntio,
1040 4763 1314 4836 paulisper
1363 4763 1725 4838 ingemiscens

127 4858 370 4932 passioni
410 4872 699 4916 mmrorem
729 4858 971 4925 distulit,
1016 4859 1310 4916 vindictam
1352 4860 1576 4932 paravit.
1609 4860 1725 4918 Non

129 4950 255 5005 tulit
287 4948 590 5022 Antigonus
621 4950 889 5006 furentem
920 4949 1128 5018 dolore,
1163 4951 1258 5008 sed
1298 4951 1440 5007 intra
1472 4953 1728 5009 munitio-

129 5059 232 5101 nes
261 5059 385 5100 sese
425 5044 688 5100 recondit.
720 5043 916 5114 Irrupit
939 5045 1201 5114 Herodes,
1229 5054 1292 5102 ut
1314 5055 1732 5118 persequeretur

130 5139 266 5194 tanti
297 5138 557 5193 facinoris
582 5145 855 5204 auctores,
887 5145 944 5193 et
983 5137 1144 5194 facile
1169 5139 1508 5196 occurrentia
1538 5139 1738 5195 avertit

131 5232 369 5303 agmina.
394 5231 528 5286 Erat
570 5230 864 5287 multorum
893 5246 999 5288 nex
1029 5231 1285 5302 plurima,
1318 5231 1612 5288 obstructae
1633 5233 1736 5289 via:

129 5324 428 5396 iacentium
468 5323 849 5390 cadaveribus,
883 5334 940 5381 ut
966 5324 1157 5381 itinera
1184 5326 1299 5397 ipsa
1331 5341 1736 5397 peremptorum

133 5419 416 5475 funeribus
441 5417 806 5489 replerentur.
837 5419 1122 5474 Peractum
1153 5427 1300 5476 esset
1326 5420 1598 5491 praelium,
1623 5434 1740 5476 om-

134 5512 294 5571 nibus
326 5511 448 5582 fuga
479 5511 673 5579 versis,
703 5513 748 5567 si
790 5512 1032 5569 Herodes
1085 5512 1512 5586 Hierosolymam
1562 5516 1738 5586 proti-

135 5622 238 5664 nus
261 5604 602 5676 dirigendum
632 5609 736 5662 iter
761 5607 1160 5663 aestimavisset.
1192 5607 1481 5679 Abjecerat
1512 5611 1739 5682 Antigo-

139 5716 241 5757 nus
272 5699 478 5764 hastas,
514 5699 759 5756 ultimum
791 5700 1118 5770 supplicium
1149 5701 1561 5770 pertimescens.
1600 5701 1742 5760 Con-

143 5793 246 5850 fusi
270 5804 466 5848 omnes
491 5799 660 5858 metu,
704 5790 841 5847 adeo
867 5799 924 5846 ut
953 5806 1076 5847 cum
1117 5792 1412 5863 asperitate
1437 5793 1632 5852 hiemis
1656 5809 1745 5852 re.

682 5879 960 5945 Pnaon.
1023 5881 1163 5944 XV.

1832 1877 2083 1945 obsedit;
2114 1880 2476 1954 incubuitque
2518 1900 2582 1940 ea
2613 1896 2770 1956 parte
2817 1904 2938 1959 quae
2969 1900 3087 1945 erat
3127 1900 3256 1946 ante
3304 1901 3447 1948 tem-

1832 1969 2004 2036 plum,
2031 1986 2136 2041 qua
2170 1984 2325 2042 parte
2365 1976 2532 2029 etiam
2566 1975 2857 2051 Pompeius
2889 1996 3107 2035 murum
3141 1981 3441 2053 irruperat.

1833 2059 2005 2116 Tanta
2061 2073 2244 2120 autem
2299 2065 2413 2135 jam
2474 2069 2722 2125 victoria:
2778 2072 2891 2142 regi
2953 2075 3339 2144 praesumptio,
3390 2081 3450 2130 ut
3543 2138 3548 2143 ,

1833 2153 1997 2208 etiam
2062 2155 2350 2213 obsidione
2397 2151 2702 2230 cmpta'ad
2772 2163 3151 2234 accipiendam
3219 2182 3448 2224 uxorem

1833 2245 2130 2304 Alexandri
2181 2248 2347 2305 filiam
2407 2251 2746 2321 deflecteret,
2805 2255 3108 2326 hymenzeis
3154 2257 3450 2315 classicum

1833 2348 2076 2407 mutans,
2128 2350 2185 2398 et
2235 2345 2452 2414 nuptias
2511 2346 2659 2402 bello
2693 2349 3116 2418 intermiscens;
3169 2360 3335 2422 atque
3379 2369 3450 2409 ex

1833 2434 2125 2490 occasione
2167 2435 2338 2504 prmlii
2367 2439 2773 2509 coniunctionis
2817 2445 3279 2512 opportunitatem
3311 2447 3450 2502 ade-

1833 2531 1984 2594 ptus,
2005 2539 2035 2579 a
2058 2524 2215 2581 festis
2236 2527 2304 2582 ad
2328 2529 2529 2584 bellum
2556 2532 2873 2586 revertitur.
2898 2532 3150 2588 Occurrit
3173 2542 3229 2588 et
3255 2537 3449 2595 Sosius

1834 2617 2035 2673 missus
2063 2619 2133 2674 ab
2160 2619 2399 2675 Antonio
2429 2621 2485 2676 in
2520 2623 2894 2692 adjumenlum
2929 2626 3135 2696 regium
3163 2644 3174 2679 :
3211 2628 3283 2681 ita
3308 2642 3447 2684 con-

1827 2707 2033 2778 junctis
2061 2709 2294 2778 viribus,
2326 2701 2452 2767 eum
2487 2728 2590 2768 usu
2631 2715 2761 2771 belli
2791 2729 2848 2772 et
2884 2709 3182 2787 disciplina
3224 2704 3449 2776 militari

1833 2798 2064 2856 Romani
2106 2812 2451 2873 praestarent,
2486 2815 2542 2862 et
2571 2809 2686 2878 regi
2719 2810 2903 2865 studio
2946 2803 3194 2881 placendi
3242 2815 3447 2870 innite-

1833 2904 2049 2964 rentur,
2079 2897 2168 2950 vix
2202 2899 2395 2968 quinto
2419 2914 2612 2957 mense
2644 2903 2782 2960 facta
2814 2905 3070 2974 irruptio,
3118 2905 3446 2964 llcrodlani‘s

1834 3005 2047 3046 murum
2085 2994 2385 3050 ascendere
2417 2997 2583 3052 ausis.
2627 2995 2973 3053 lrrucntibns
3017 3008 3201 3055 autem
3243 3001 3445 3057 Roma-

1834 3098 2027 3140 norum
2079 3088 2494 3144 centurionibus
2526 3090 2822 3160 oppidum,
2872 3091 3231 3149 innumeram:
3285 3097 3444 3150 factae

1833 3178 2032 3246 ctedes,
2065 3191 2269 3237 vastata
2303 3183 2450 3239 circa
2482 3183 2745 3256 templum
2786 3187 2990 3240 omnia.
3027 3189 3129 3243 Alii
3167 3189 3444 3261 fugientes

1835 3269 1902 3324 ad
1938 3271 2220 3341 templum,
2266 3272 2362 3328 alii
2404 3275 2724 3346 congregati
2755 3275 2895 3331 intra
2923 3277 3119 3334 domos
3152 3279 3450 3338 obtrunca-

1831 3360 2071 3417 bantur:
2105 3365 2250 3420 nulla
2300 3363 2585 3423 miseratio
2633 3371 2959 3435 senectutis,
3001 3371 3152 3427 nulla
3202 3374 3448 3433 infantia:

1831 3461 1926 3507 aut
1962 3454 2248 3513 muliebris
2277 3456 2634 3515 infirmitatis.
2685 3459 2897 3517 Obtulit
2925 3477 2985 3518 se
3015 3464 3352 3537 Antigonus,
3387 3480 3446 3526 et

1831 3545 2120 3604 immemor
2168 3549 2316 3617 loci,
2369 3551 2572 3623 dejeeit
2619 3568 2678 3610 se
2708 3556 2776 3610 ad
2808 3555 2981 3627 pedes
3031 3558 3196 3614 Sosii.
3231 3564 3301 3617 At
3349 3563 3447 3620 ille

1830 3652 1990 3709 quem
2017 3649 2166 3696 tanta
2195 3658 2378 3699 rerum
2406 3647 2701 3702 conversio
2733 3647 3033 3706 admonere
3061 3651 3252 3707 debuit
3277 3654 3447 3711 mise-

1829 3736 2106 3805 ricordim,
2139 3739 2481 3796 conviciatus
2504 3741 2780 3812 jacentem
2819 3742 3156 3815 Antigonum
3203 3749 3440 3817 vocavit,

1830 3843 1932 3884 nec
1961 3838 2140 3886 tamen
2188 3831 2346 3902 quasi
2374 3833 2595 3888 mulieri
2647 3839 2912 3906 pepercit,
2951 3838 3050 3894 sed
3098 3840 3338 3897 vinctum
3386 3845 3443 3898 in

1829 3939 2108 3981 carcerem
2132 3927 2384 3983 detrusit.
2419 3929 2709 3985 Fluctuare
2741 3929 3008 3997 Herodes,
3039 3933 3313 4002 quomodo
3336 3934 3448 3991 Ro-

1830 4031 2113 4073 manorum
2159 4019 2410 4076 manibus
2439 4021 2682 4090 eriperet
2712 4021 2964 4092 patriam,
2996 4024 3270 4093 quomodo
3298 4033 3439 4082 tem-

1827 4111 1973 4180 plum
2004 4112 2346 4183 ageutilibus
2375 4115 2846 4186 incoinquinatum
2889 4128 3223 4174 reservaret.
3259 4117 3440 4176 Festi-

1829 4203 2033 4260 nabant
2061 4206 2206 4261 enim
2242 4207 2474 4263 Romani
2523 4217 2776 4279 spectare
2826 4211 3082 4282 mysteria
3135 4213 3437 4282 interiora,

1828 4296 2119 4367 profanare
2154 4308 2342 4356 sancta
2373 4310 2708 4356 sanctorum.
2738 4302 2850 4358 Rex
2901 4319 3032 4359 vero
3061 4319 3204 4360 nunc
3246 4320 3436 4375 prece,

1827 4404 1973 4446 nunc
2000 4391 2163 4447 minis
2189 4407 2473 4449 removere
2503 4394 2771 4464 singulos,
2821 4393 2945 4463 fuga
2995 4393 3325 4451 deteriorem
3354 4412 3440 4451 ar-

1827 4480 2061 4538 bitratur
2079 4484 2385 4550 victoriam,
2416 4487 2461 4538 si
2486 4484 2616 4554 quid
2641 4493 3113 4540 sacramentorum
3138 4485 3444 4557 divulgare-

1828 4590 1937 4636 tur.
1962 4580 2170 4637 Instare
2194 4581 2262 4636 ad
2309 4581 2548 4651 praedam
2597 4581 2850 4649 Romani,
2890 4581 3134 4637 Herodes
3163 4583 3442 4650 resistere,

1828 4687 1898 4729 ne
1927 4687 2149 4729 vacuam
2179 4674 2284 4729 sibi
2321 4674 2510 4730 urbem
2533 4673 2940 4744 relinquerent,
2968 4689 3305 4745 regnumque
3337 4676 3443 4733 sibi

1825 4777 2118 4834 superesse
2154 4763 2381 4820 deserti.
2419 4763 2610 4822 Sosius
2656 4776 2845 4821 contra
2878 4775 3051 4836 captm
3096 4765 3252 4822 urbis
3297 4781 3439 4837 pra:-

1829 4853 1954 4909 dam
1987 4853 2250 4912 militibus
2279 4854 2468 4912 deberi
2499 4855 2804 4911 asserebat.
2847 4855 2956 4912 Sed
2988 4870 3087 4911 rex
3116 4855 3184 4911 de
3222 4858 3447 4927 proprio

1832 4950 2132 5020 spopondit
2187 4951 2346 5007 militi
2375 4965 2435 5006 se
2470 4953 2762 5023 pecuniam
2813 4950 3112 5006 daturum:
3161 4958 3325 5021 atque
3372 4951 3448 5030 ita

1833 5041 2107 5112 reliquum
2138 5043 2328 5111 patriae
2353 5043 2498 5113 quod
2528 5051 2884 5110 remanserat,
2914 5043 3140 5112 pecunia
3170 5043 3444 5102 redemit:
3542 5098 3545 5100 _

1838 5143 1898 5190 ut
1927 5136 2248 5206 promissum
2289 5136 2559 5208 impleret,
2602 5137 2992 5194 humanissime
3022 5137 3223 5194 milites
3261 5153 3449 5195 susce-

1838 5229 1939 5300 pit,
1973 5229 2371 5286 rationabiliter
2401 5230 2592 5298 duces,
2627 5232 2805 5301 ipsum
2834 5245 3052 5303 quoque
3080 5231 3231 5302 regia
3259 5230 3455 5285 libera-

1836 5323 1989 5381 litate
2018 5323 2234 5380 Sosium
2267 5334 2646 5381 remuneratus
2681 5334 2769 5382 est
2801 5343 2816 5379 :
2860 5340 3023 5382 nemo
3068 5325 3315 5397 ingratus
3362 5339 3452 5379 re-

1839 5417 2029 5474 cessit.
2065 5417 2254 5474 Sosius
2297 5433 2556 5474 coronam
2583 5418 2698 5472 Deo
2735 5417 2956 5492 obtulit,
2977 5425 3033 5473 et
3057 5416 3337 5488 profectus
3364 5430 3455 5471 se-

1843 5525 1963 5567 cum
2014 5510 2237 5568 abduxit
2287 5512 2618 5583 Antigonum
2659 5510 2726 5566 ad
2772 5511 3096 5578 Antonium,
3143 5525 3304 5580 quem
3360 5510 3452 5565 ille

1846 5605 2000 5678 quasi
2032 5605 2317 5680 degeneris
2345 5605 2513 5662 animi
2547 5605 2750 5672 virum,
2781 5604 2960 5660 securi
2990 5603 3282 5674 percussit.

2391 5697 2623 5756 CAPUT
2677 5696 2900 5752 XXX“.

1926 5792 2171 5851 Herodes
2215 5801 2396 5849 autem
2439 5790 2673 5863 plurima
2705 5790 2870 5845 etiam
2900 5789 3013 5844 suis
3046 5785 3303 5857 largitus,
3336 5785 3459 5856 plu-

2889 5879 2970 5937 26
