3964 6334
497 228 642 294 i995
1840 220 2087 284 SANCTI
2120 216 2445 284 suanosn
3055 244 3062 252 -
3664 218 3817 281 sese
3893 309 3897 315 _

490 353 628 408 rima
658 348 901 406 Antonio
922 346 1222 417 amicisque
1249 344 1367 415 ejus
1392 343 1538 399 dona
1564 340 1753 409 dedit;
1780 356 1883 397 nec
1910 351 2088 397 tamen
2117 348 2173 409 Α
2194 342 2309 413 ipsa
2336 341 2614 396 desereret
2637 336 2983 395 necessitate.
3010 335 3259 407 Denique
3281 335 3616 394 destitutum
3644 351 3817 393 exer-

492 440 767 501 redimere
815 441 884 497 ab
928 439 1169 497 Antonio
1218 436 1394 508 potuit
1438 436 1790 493 securitatem
1832 437 1938 491 sui.
1979 434 2101 491 Jam
2203 432 2369 486 citum
2401 430 2521 499 ejus
2551 428 2607 484 in
2649 428 2785 485 locis
2823 427 3033 483 saxosis
3059 436 3224 500 atque
3251 428 3413 484 inviis
3452 428 3638 485 adorsi
3671 429 3815 485 Ara-

492 537 637 593 enim
663 535 932 590 Antonius
952 531 1259 601 Cleopatra:
1281 529 1455 585 amori
1475 528 1827 585 defcneratus
1849 526 2106 582 inservie-

497 627 624 687 bat:
655 635 820 696 atque
843 623 1133 689 addictus,
1178 621 1297 691 ejus
1342 620 1555 677 libidini
1590 618 1976 684 famulabatnr,
2006 615 2107 673 sed

500 721 719 775 vincere
747 731 855 772 non
888 722 1101 786 poterat
1130 713 1400 777 femineas
1427 712 1753 777 aviditates,
1788 720 1843 766 et
1870 709 2107 766 maxime

499 812 812 867 exercitatae
848 807 1091 863 mulieris
1122 806 1177 862 in
1208 804 1451 861 caedibus
1479 804 1914 878 pr0pinquorum
1937 843 1950 865 ,
1986 802 2107 872 qui-

504 908 607 964 bus
635 903 958 969 exstinctis,
1009 899 1413 972 possessionem
1460 913 1650 954 eorum
1693 895 1849 969 quasi
1874 894 2109 966 spolium

503 1000 619 1056 suis
644 998 901 1070 iunxerat
929 1013 943 1050 :
974 994 1169 1051 eadem
1208 993 1437 1048 avaritia
1468 991 1631 1046 simul
1663 999 1719 1044 et
1746 987 2069 1047 crudelitate
2092 1025 2110 1053 ,

505 1093 552 1148 si
583 1106 719 1163 quos
751 1090 819 1159 de
851 1088 1005 1161 Syria
1051 1085 1440 1157 locupletiores
1482 1083 1624 1138 fama
1664 1091 1986 1154 acceperat,
2030 1079 2114 1135 in-

506 1184 849 1243 terliciebat:
878 1192 1040 1253 atque
1067 1180 1289 1237 addicto
1314 1179 1428 1251 jam
1459 1178 1527 1234 ad
1554 1192 1683 1233 suas
1715 1175 1968 1232 libidines
1999 1177 2109 1229 An-

510 1277 661 1334 tonio
683 1318 699 1344 ,
729 1291 955 1347 regnum
985 1288 1202 1345 quoque
1229 1271 1432 1328 Judatze
1461 1280 1516 1327 ct
1558 1270 1773 1327 Arabia:
1819 1266 2112 1326 exstinctis

510 1370 727 1441 utrique
756 1368 905 1439 genti
935 1364 1407 1437 impcritautibus,
1450 1363 1697 1419 avaritize
1736 1378 1851 1418 suae
1888 1360 2116 1432 adjungi

510 1477 675 1534 posse
722 1460 1108 1517 arbitrabatur.
1162 1457 1272 1514 Sed
1320 1458 1567 1529 quamvis
1614 1453 1841 1511 libidine
1885 1454 2112 1519 ebrius,

2207 524 2301 580 bes
2320 566 2336 591 ,
2365 523 2512 594 gravi
2544 522 2695 578 caede
2716 528 2969 577 sternunt
2992 521 3369 592 funduntque,
3398 530 3455 578 et
3482 521 3705 591 fugatos
3728 537 3817 577 ua-

2205 632 2311 690 que
2341 616 2407 672 ad
2441 615 2653 687 refugia
2681 614 2857 672 secuti
2887 615 3053 672 exitio
3081 615 3284 672 dedere
3313 634 3328 669 :
3359 614 3536 671 adfuit
3566 615 3818 673 Herodes

2209 709 2386 765 serius
2428 707 2651 778 quidem
2692 723 2856 779 quam
2904 707 3205 764 necessitas
3244 707 3676 779 expostulabat;
3720 707 3819 763 sed

2212 812 2394 857 tamen
2445 802 2595 857 ultus
2638 816 2982 868 aerumnam,
3030 801 3435 872 posterioribus
3482 802 3698 872 prcliis
3746 803 3817 858 ita

2210 893 2424 952 Arabas
2452 893 2685 961 afﬂixit,
2714 903 2774 948 ut
2805 908 2966 949 unam
3010 893 3159 949 illam
3198 893 3482 950 victoriam
3519 908 3685 950 suam
3716 908 3821 949 saa-

2212 984 2334 1055 pius
2363 985 2742 1056 deplorarent.
2785 985 3199 1043 Accidit-etiam
3239 998 3388 1042 motu
3430 996 3596 1043 teme
3633 989 3823 1058 gravis

2210 1079 2523 1159 animorum
2553 1078 2953 1149 defectio,.quo
2981 1096 3239 1149 pecorum
3272 1080 3568 1151 plurimum
3591 1120 3609 1149 ,
3642 1082 3824 1137 homi-

2215 1187 2341 1227 num
2387 1186 2605 1243 quoque
2653 1172 2875 1243 triginta
2918 1170 3036 1229 fere
3087 1173 3257 1229 millia
3300 1182 3629 1244 consumpta
3670 1182 3818 1230 sunt.

2214 1264 2469 1321 Militaris
2503 1273 2682 1320 tamen
2714 1266 2895 1321 omnis
2925 1282 3153 1332 manus.
3184 1284 3252 1324 eo
3281 1269 3427 1339 quod
3454 1268 3565 1325 sub
3601 1266 3699 1325 dio
3730 1268 3825 1322 ba-

2216 1357 2426 1416 bitabat
2446 1401 2461 1427 ,
2496 1360 2787 1416 incolumis
2815 1361 3209 1431 perseveravit.
3242 1362 3377 1418 Hinc
3403 1377 3628 1433 quoque
3652 1364 3822 1419 erecti

2217 1454 2385 1509 animi
2417 1453 2653 1509 hostium
2671 1493 2690 1522 ,
2720 1463 2779 1509 ut
2816 1456 3219 1512 arbitrarentur
3244 1455 3389 1526 quod
3416 1455 3704 1512 desertam
3732 1454 3826 1511 Ju-

512 1569 708 1611 somno
748 1552 965 1624 gravis,
1008 1552 1061 1607 in
1109 1552 1432 1606 hac'tamen
1474 1556 1632 1621 parte
1672 1549 1901 1618 resipuit
1941 1547 2117 1603 Anto-
2217 1546 2389 1603 datam
2430 1546 2646 1603 facilius
2684 1547 3039 1615 invaderent,
3070 1557 3127 1603 et
3155 1549 3439 1619 perculsos
3465 1548 3673 1604 talibus
3706 1564 3825 1619 pre-

513 1650 672 1712 nius,
704 1658 761 1703 ut
790 1648 924 1703 tales
956 1646 1102 1701 viros
1130 1653 1185 1701 et
1216 1643 1624 1715 potentissimos
1654 1658 1814 1713 reges
1836 1683 1852 1709 ,
1886 1656 1985 1713 pro
2016 1641 2118 1695 im-
2217 1640 2379 1709 digiis
2408 1641 2738 1712 alfligerent.
2768 1640 2925 1699 Unde
2949 1657 3047 1699 eos
3076 1642 3320 1700 Herodes
3346 1641 3417 1697 ad
3442 1642 3825 1699 defensionem

512 1741 665 1813 perio
720 1739 1174 1811 petulantissimae
1223 1735 1471 1792 mulieris
1523 1736 1878 1807 exstinguere
1931 1733 2115 1789 detre—
2142 1728 2191 1790 B
2219 1733 2303 1789 sui
2332 1735 2624 1806 erigendns
2652 1736 2899 1806 putavit,
2930 1732 2985 1792 'et
3025 1736 3260 1792 maxime
3289 1737 3416 1807 quia
3446 1737 3667 1807 legatos
3694 1751 3827 1807 quos

513 1840 708 1891 ctaret.
731 1832 941 1890 Tamen
962 1847 1032 1888 ne
1055 1832 1328 1887 immunes
1348 1830 1672 1895 dimitteret,
1695 1827 1900 1885 amicos
1924 1840 2117 1883 eorum
2220 1830 2278 1885 in
2314 1828 2574 1885 Arabiam
2613 1833 2876 1896 miserat,
2917 1841 3143 1888 necatos
3177 1830 3306 1887 dolo
3341 1843 3693 1905 compertum
3731 1830 3826 1885 Ita-

517 1928 793 1999 perculit;
834 1926 1201 1996 possessionis
1250 1923 1547 1980 maximam
1595 1933 1804 1993 partem
1875 1921 2119 1987 ademit,
2224 1921 2405 1977 bebat.
2447 1921 2563 1978 [Ioc
2598 1938 2731 1994 ergo
2772 1922 3113 1994 trepidantes
3150 1938 3411 1980 sermone
3448 1924 3691 1979 adorsus
3724 1931 3824 1980 est.

520 2034 751 2089 eamque
788 2018 1065 2089 praecipue
1107 2032 1228 2087 quae
1263 2016 1567 2072 balsamum
1609 2015 2125 2088 gigneret:urbes-
2225 2014 2356 2070 Cum
2414 2023 2493 2069 tet
2538 2015 2794 2071 secundis
2842 2026 3156 2071 nostrorum
3207 2015 3452 2087 pretiis,
3502 2014 3703 2072 fracte
3747 2030 3831 2072 res

519 2127 626 2185 que
666 2124 857 2168 omnes
899 2112 1045 2167 intra
1088 2110 1443 2167 Eleutherum
1486 2124 1699 2165 amnem
1741 2108 1914 2175 sitas,
1956 2104 2125 2179 Tyrio
2227 2105 2466 2162 hostium
2519 2122 2693 2178 usque
2734 2106 2803 2162 ad
2848 2108 3089 2178 ipsorum
3138 2106 3340 2165 fuerint
3383 2106 3827 2173 confessionem,

522 2216 704 2261 tamen
761 2213 817 2261 et
872 2201 1076 2260 Sidone
1131 2203 1421 2273 exceptis,
1481 2200 1786 2271 Cleopatra:
1841 2198 2128 2270 cupiditati

523 2297 872 2371 adjudicavit.
900 2296 1033 2365 Quae
1062 2295 1153 2350 tali
1177 2294 1435 2360 mercede
1460 2310 1493 2363 a
1521 2295 1639 2349 viro
1663 2292 1890 2349 delinita
1908 2333 1923 2359 ,
1956 2306 2128 2361 usque

524 2390 593 2447 ad
633 2390 971 2461 Euphratem
1016 2397 1300 2458 prosecuta
1343 2386 1780 2458 proficiscentem
1811 2387 1866 2441 in
1895 2384 2130 2441 Parthos

524 2484 818 2543 Antonium
840 2523 857 2550 ,
887 2497 985 2552 per
1013 2480 1258 2537 Judmam
1287 2482 1551 2547 revertit,
1582 2479 1673 2534 ubi
1702 2478 1863 2534 donis
1890 2478 2132 2533 muneri-

525 2577 732 2649 busque
762 2575 1011 2633 maximis
1042 2574 1340 2631 conciliare
1370 2570 1475 2630 sibi
1507 2572 1712 2642 regina:
1741 2571 1983 2627 animum
2027 2571 2133 2627 ile-

524 2669 687 2726 rodes
718 2684 826 2723 non
856 2666 1232 2738 praetermisit.
1273 2665 1372 2721 Cui
1415 2664 1670 2720 secundat
1700 2678 1790 2720 res
1819 2662 2132 2735 superbiam

527 2761 833 2832 augebant,
882 2766 941 2813 ut
989 2757 1276 2814 muliebris
1321 2756 1645 2829 impotentia
1696 2772 1862 2828 supra
1908 2756 2133 2813 modum

529 2865 652 2907 sese
676 2849 992 2905 extolleret.
1024 2847 1307 2919 Siquidem
1334 2862 1445 2903 non
1474 2848 1645 2903 multo
1672 2858 1794 2918 post
1824 2847 1873 2904 ei
1902 2847 2137 2904 Partho-

2228 2200 2322 2270 qui
2361 2213 2566 2255 vesano
2603 2199 2797 2255 dolore
2837 2199 3066 2270 perciti,
3116 2202 3271 2272 quasi
3310 2200 3441 2256 victi
3480 2200 3702 2272 legatos
3738 2214 3830 2255 no-

2230 2302 2374 2351 stros
2405 2304 2793 2364 peremerunt;
2827 2297 3025 2351 mirum
3055 2294 3189 2351 mihi
3220 2294 3464 2362 videtur,
3486 2295 3638 2366 quod
3666 2305 3832 2352 metus
3932 2294 3933 2366 ί

2232 2400 2334 2441 vos
2366 2386 2766 2444 irrationabilis
2794 2387 2849 2443 in
2889 2396 3100 2444 tantum
3138 2389 3475 2460 perculerit,
3516 2398 3578 2446 ut
3618 2390 3830 2447 fortuita
3914 2442 3921 2446 .

2231 2480 2630 2536 elementorum
2660 2483 2810 2537 notis
2834 2482 2949 2553 jam
2980 2482 3242 2539 virtutum
3269 2483 3623 2541 successibus
3651 2486 3832 2556 νηίδα
3932 2498 3933 2556 l

2235 2570 2369 2625 ratis
2396 2588 2410 2625 :
2443 2571 2595 2626 nulla
2624 2573 2942 2644 congressio
2972 2574 3102 2640 fuit,
3134 2590 3242 2645 qua
3273 2591 3382 2631 non
3412 2576 3607 2632 statim
3641 2577 3833 2632 Arabs

2234 2664 2543 2730 cesserint,
2573 2673 2736 2736 atque
2759 2667 2812 2723 in
2839 2666 3017 2736 fugam
3048 2669 3332 2735 conversi,
3364 2668 3682 2727 cedendum
3703 2671 3836 2728 exis-

2237 2756 2598 2813 timaverint:
2630 2767 2684 2814 et
2715 2768 2773 2814 ut
2803 2773 2863 2815 se
2893 2758 3100 2816 habent
3128 2769 3156 2798 ι
3187 2761 3329 2818 furta
3358 2761 3527 2828 belli,
3551 2763 3751 2820 fraude
3766 2768 3837 2817 ιι-

2239 2866 2346 2923 que
2376 2850 2588 2907 insidiis
2616 2852 2859 2908 remedia
2888 2855 3270 2923 captaverint;
3304 2872 3413 2913 non
3438 2866 3500 2914 ut
3528 2858 3643 2928 ipsi
3672 2859 3840 2913 vince-

531 2958 654 2998 rum
682 2957 777 2998 rex
800 2938 1123 3005 Artabazes,
1147 2938 1406 3011 Tigranis
1434 2940 1800 3009 potentissimi
1827 2939 1971 3011 regis
1998 2938 2140 2995 filius
2239 2951 2363 2998 rent
2388 2984 2403 3009 ,
2434 2942 2532 2999 sed
2563 2953 2621 2998 ut
2649 2952 2896 3001 nostram
2926 2944 3212 3004 differrent
3240 2949 3551 3006 victoriam.
3598 2951 3711 3007 Pro
3734 2952 3841 3023 qni-

529 3032 677 3091 dono
716 3039 802 3089 est
837 3030 1019 3087 datus.
1062 3031 1236 3097 Quem
1277 3030 1548 3085 Antonius
1586 3031 1861 3103 captivum
1905 3039 2136 3096 tenens,

2242 3035 2346 3090 bus
2392 3051 2516 3094 cum
2555 3037 2839 3095 confidere
2875 3050 3197 3109 oporteret,
3236 3043 3533 3113 exagitatio
3586 3043 3845 3109 successit

536 3128 624 3184 cui
660 3126 804 3183 omni
844 3123 1027 3195 praeda
1064 3133 1119 3179 et
1159 3124 1352 3194 spoliis
1390 3122 1626 3180 Persicis
1669 3125 1947 3195 triumpho
1984 3125 2140 3181 debi-
2166 3122 2213 3186 C
2246 3128 2402 3199 quasi
2449 3129 2810 3186 formidabilis
2856 3131 3021 3199 belli,
3070 3134 3194 3203 quia
3234 3140 3380 3191 terra
3422 3138 3692 3203 tremuit,
3730 3151 3840 3193 cum

539 3231 650 3275 tum
673 3262 688 3286 ,
718 3219 874 3291 quasi
903 3218 1014 3275 vile
1041 3217 1370 3288 mancipium
1404 3217 1618 3273 mulieri
1656 3218 1866 3274 addixit
1890 3237 1902 3272 :
1933 3227 1995 3273 ut
2033 3233 2142 3288 quo
2245 3219 2347 3275 soli
2368 3220 2589 3277 innocui
2615 3220 2820 3279 fuerint
2847 3224 2976 3295 quia
3003 3226 3192 3296 praelia
3220 3236 3494 3297 gererent.
3520 3229 3704 3300 Autsi
3728 3244 3842 3286 conv

538 3314 801 3371 illustrior
844 3314 1020 3370 fuerat
1060 3311 1288 3368 victoria
1314 3353 1328 3378 ,
1357 3326 1424 3367 eo
1461 3311 1671 3380 turpior
1706 3324 1851 3368 esset
1888 3312 2142 3383 largitio,
2245 3311 2495 3368 siderare
2548 3313 2784 3371 velimus
2832 3317 3032 3388 quibus
3079 3318 3361 3387 olfecerit,
3406 3320 3633 3381 Arabes
3681 3326 3842 3396 potius

539 3420 663 3474 qum
693 3420 873 3476 regem
906 3412 1059 3458 tanto
1088 3402 1328 3458 ludibrio
1358 3402 1771 3458 dehonestaret.
1811 3402 1924 3459 Nec
1963 3412 2145 3459 tamen

543 3499 744 3554 diutius
767 3499 968 3568 potitus
993 3496 1271 3563 secundis,
1301 3496 1391 3566 qui
1422 3495 1498 3551 uti
1526 3496 1634 3551 illis
1660 3495 1971 3563 nesciebat,
1999 3496 2147 3551 inso-

545 3591 710 3647 lentia
740 3589 989 3655 mujiebri
1015 3588 1321 3659 Augustum
1349 3588 1400 3641 in
1428 3601 1488 3642 se
1514 3586 1794 3643 excitavit.
1820 3587 2007 3659 Itaque
2034 3588 2149 3644 bel-

544 3684 654 3741 lum
693 3684 973 3741 Actiacum
1017 3681 1225 3753 magnis
1264 3681 1520 3752 utrinque
1558 3681 1850 3752 parabatur
1887 3681 2147 3739 motibus.

545 3777 956 3851 Promptissime
972 3793 1065 3833 rex
1080 3791 1203 3831 cum
1232 3772 1474 3832 Antonio
1498 3774 1769 3846 gestiebat
1785 3773 1989 3829 bellum
2014 3775 2148 3830 sub-

541 3875 652 3939 ire,
695 3872 819 3942 quia
846 3881 912 3926 ‘et
952 3867 1143 3925 Judtea
1190 3867 1258 3923 ab
1300 3859 1484 3923 hostili
1530 3866 1766 3923 tumultu
1798 3866 2062 3933 vacabat,
2094 3874 2151 3923 et

549 3964 873 4039 Hyrcaniam
904 3978 933 4016 a
963 3977 1155 4018 sorore
1187 3960 1445 4031 Antigoni
1475 3957 1572 4014 ditt
1612 3968 1880 4014 retentam
1922 3973 2149 4029 recepe-

551 4066 655 4114 rat.
701 4054 811 4112 Sed
858 4055 914 4109 in
951 4052 1057 4108 hoc
1092 4067 1310 4123 quoque
1347 4049 1592 4106 Herodes
1634 4049 2023 4117 beatissimus,
2062 4049 2153 4105 cui

554 4148 786 4203 invisum
825 4156 908 4200 est
950 4145 1209 4215 periculis
1254 4144 1446 4199 alienis
1488 4159 1610 4199 sese
1656 4145 1907 4199 miscere.
1950 4142 2155 4199 Valens

558 4241 738 4309 itaque
781 4238 1069 4307 Cleopatra
1116 4236 1357 4291 alienare
1401 4234 1638 4290 animum
1693 4234 1814 4303 ejus
1858 4250 1887 4287 a
1935 4234 2154 4305 regibus

553 4343 718 4405 atque
762 4340 1047 4397 avertere,
1095 4327 1287 4383 suadet
1334 4328 1487 4395 viro,
1538 4335 1596 4381 ut
1641 4325 1842 4381 bellum
1891 4325 2154 4403 adversus

552 4430 761 4488 Arabas
811 4435 1035 4500 gereret
1085 4420 1377 4479 Ilerodes:
1424 4436 1535 4493 quo
1585 4421 1630 4476 si
1678 4420 1932 4491 superior
1975 4433 2152 4490 esset,

2246 3406 2681 3478 aestimabimus,
2728 3425 2864 3480 quos
2906 3411 2961 3466 in
3010 3412 3211 3468 bellum
3256 3412 3513 3481 reduxit,
3557 3431 3635 3471 ne
3673 3433 3735 3474 se
3771 3416 3844 3472 fu-

2246 3499 2444 3570 giendo
2487 3501 2878 3559 subtraherent
2925 3503 3263 3562 fortioribus.
3307 3506 3483 3563 Video
3527 3510 3682 3565 enim
3732 3509 3842 3565 illos

2249 3606 2356 3646 non
2386 3593 2558 3647 armis
2584 3603 2678 3649 aut
2707 3596 2911 3651 viribus
2938 3596 3137 3665 fretos,
3165 3598 3262 3654 sed
3292 3601 3510 3668 pecoris
3537 3603 3722 3659 nostri
3749 3602 3844 3658 dis-

2252 3683 2450 3754 pendio
2476 3685 2528 3739 in
2559 3686 2733 3743 aciem
2758 3686 3056 3746 remeasse.
3084 3690 3315 3762 Fragilis
3340 3703 3519 3751 autem
3547 3711 3682 3767 spes
3699 3736 3714 3763 ,
3735 3712 3842 3769 qua:

2254 3790 2361 3831 non
2394 3792 2462 3832 ex
2495 3778 2735 3849 propriae
2769 3782 2989 3838 virtutis
3020 3782 3216 3840 fiducia
3240 3825 3255 3849 ,
3287 3786 3386 3842 sed
3414 3802 3485 3843 ex
3516 3789 3698 3846 aliena
3729 3806 3844 3861 pen-

2252 3869 2345 3926 det
2376 3871 2592 3926 miseria
2620 3891 2632 3924 :
2659 3887 2781 3928 cum
2808 3874 2862 3930 in
2885 3875 3051 3932 terris
3077 3876 3210 3933 nihil
3239 3886 3349 3934 tam
3378 3882 3669 3952 mutabile,
3697 3897 3840 3955 quam

2253 3964 2339 4019 vel
2367 3964 2619 4020 secunda:
2646 3981 2734 4022 res
2763 3968 2849 4023 vel
2873 3969 3142 4026 adversas.
3174 3973 3399 4044 Exiguis
3430 3976 3578 4030 enim
3612 3992 3841 4033 momen-

2255 4058 2327 4112 tis
2357 4064 2533 4113 status
2562 4074 2746 4115 rerum
2780 4061 3138 4118 humanarum
3171 4075 3462 4124 novantur.
3490 4069 3606 4125 Nec
3637 4084 3839 4142 prospe-

2255 4151 2393 4207 ritas
2420 4151 2678 4208 diuturna
2697 4194 2712 4220 ,
2743 4170 2843 4212 nec
2867 4172 3110 4214 :crumna
3135 4168 3222 4216 est
3247 4162 3522 4232 pertinax.
3548 4165 3732 4238 itaque
3750 4178 3838 4221 nec

2258 4245 2518 4301 miserum
2558 4261 2682 4304 esse
2710 4263 2811 4305 nec
2850 4240 3073 4320 contra,
3119 4261 3443 4323 perpetuum
3483 4267 3609 4325 est;
3645 4258 3738 4316 sed
3762 4256 3833 4311 al-
3932 4242 3933 4285 ἢ

2259 4344 2430 4392 ternae
2468 4336 2804 4410 frequenter,
2844 4352 2901 4397 et
2937 4342 2991 4399 in
3031 4343 3225 4401 iisdem
3256 4349 3423 4404 varia:
3461 4350 3616 4407 vices
3652 4364 3830 4407 rerum.

2261 4426 2508 4499 Denique
2537 4444 2602 4485 ex
2631 4431 2793 4488 nobis
2818 4435 3130 4504 exemplum
3160 4452 3454 4508 capessere
3482 4441 3634 4499 licet.
3661 4440 3834 4499 Confli-

556 4520 754 4581 Arabia
782 4522 983 4592 reginas
1011 4516 1269 4573 cederet:
1304 4515 1350 4571 si
1382 4513 1629 4607 inferior,
1660 4511 1971 4569 dominatus
2000 4511 2155 4571 Cleo-
2179 4518 2234 4579 D
2258 4529 2348 4574 ctu
2370 4521 2651 4587 superiore
2679 4524 2919 4593 pmiores
2942 4522 3174 4596 fuimus,
3203 4530 3301 4587 sed
3326 4533 3380 4587 in
3406 4548 3669 4604 processu
3689 4532 3832 4607 praelii

561 4629 729 4689 patra:
759 4618 813 4671 in
843 4612 1086 4670 Judmam
1116 4608 1529 4667 ostenderetur.
1564 4605 1698 4663 Uter
1726 4607 1985 4675 vicisset,
2016 4608 2154 4663 alte-

561 4727 681 4768 rum
726 4707 984 4765 solveret.
1028 4703 1182 4772 Quod
1209 4701 1497 4775 consilium
1528 4702 1732 4755 non'ex
1758 4698 2120 4770 dispositione
2140 4742 2156 4768 ,

562 4805 659 4862 sed
703 4819 770 4859 ex
818 4815 917 4857 usu
964 4797 1017 4853 in
1061 4794 1327 4852 Herodem
1370 4792 1692 4848 inclinavit:
1733 4792 1827 4863 qui
1866 4792 2067 4858 simul,
2102 4801 2161 4849 ut

565 4898 810 4972 praelium
851 4894 1080 4949 adorsus
1121 4898 1241 4955 est,
1293 4887 1523 4943 validior
1552 4888 1797 4957 equitatu
1828 4887 2032 4942 avertit
2062 4888 2160 4943 ho-

563 5002 741 5057 stem;
792 4991 843 5045 in
885 4987 1033 5043 exitu
1079 4980 1427 5039 multitudine
1474 4980 1712 5035 hostium
1738 4987 2052 5050 superatur,
2104 4989 2154 5036 et

563 5098 793 5142 numero
821 5077 1263 5137 circumvenitur.
1307 5072 1663 5144 Congregatis
1708 5072 1762 5127 in
1803 5070 2049 5127 Canatha
2076 5072 2159 5128 vi-

563 5177 714 5233 ribus
740 5171 1210 5235 adversariorum,
1241 5164 1531 5221 adversum
1563 5178 1700 5234 quos
1726 5164 1960 5221 densare
1989 5165 2159 5221 aciem

563 5269 757 5326 volens
776 5309 790 5331 ,
820 5265 980 5321 elatis
1010 5276 1235 5317 suorum
1261 5257 1456 5313 animis
1483 5270 1738 5311 successu
1766 5256 2007 5325 priorum
2027 5298 2043 5325 ,
2073 5271 2159 5313 ea-

563 5377 669 5434 que
708 5370 872 5416 causa
915 5354 967 5411 in
1011 5354 1222 5408 hostem
1269 5344 1696 5416 irrumpentibus
1737 5346 2079 5412 destituitur,
2110 5354 2164 5401 et

565 5452 801 5507 maxime
828 5445 1022 5503 fraude
1049 5440 1400 5504 Athenionis,
1435 5450 1597 5508 quem
1636 5436 1925 5508 Cleopatra
1965 5437 2160 5493 ducem

567 5543 916 5615 adjunxerat,
960 5553 1071 5594 non
1112 5544 1169 5591 ut
1203 5533 1492 5603 adjuvaret
1530 5526 1801 5587 llerodem
1823 5572 1839 5599 ,
1876 5528 1973 5588 sed
2009 5539 2069 5589 ut
2105 5532 2161 5590 in

641 5665 668 5693 ι
689 5654 870 5711 Malim
898 5644 1113 5724 quidam
1143 5646 1254 5718 fata
1281 5642 1424 5700 belli.
1454 5641 1730 5700 Causa».
1760 5647 1799 5709 ,j‘:

2257 4625 2379 4666 sors
2409 4623 2649 4682 mutata,
2684 4623 2745 4672 ut
2774 4620 3121 4678 vinceremur
3150 4623 3219 4679 ab
3248 4624 3334 4682 his
3360 4642 3500 4697 quos
3532 4631 3829 4686 viceramus.

2262 4702 2407 4775 Ergo
2445 4716 2501 4765 et
2537 4706 2716 4765 nobis'
2736 4726 2963 4783 sperare
2996 4719 3277 4787 suppetit,
3316 4721 3464 4791 quod
3504 4725 3777 4791 vincantur
3807 4734 3832 4772 a

2260 4799 2420 4853 nobis
2457 4801 2551 4872 qui
2584 4818 2683 4858 nos
2709 4806 2976 4864 vicerant.
3013 4809 3233 4868 lncauta
3261 4815 3407 4871 enim
3437 4831 3660 4889 semper
3692 4816 3833 4873 nimia

2261 4896 2658 4964 praesumptio,
2690 4906 2744 4952 et
2774 4900 2857 4954 sui
2891 4903 3194 4974 negligens.
3220 4906 3409 4963 Timor
3427 4920 3614 4968 autem
3650 4906 3835 4983 μοιρί-

2264 4997 2394 5041 cere
2429 4984 2626 5044 futuris
2672 4991 2964 5060 admonet,
2993 5006 3047 5052 et
3071 4997 3410 5070 diligentiam
3435 5004 3618 5061 docet.
3646 5005 3700 5060 In
3726 5014 3833 5074 pro-

2265 5076 2442 5144 speris
2466 5079 2694 5137 audacia
2714 5083 2949 5154 obrepit,
2971 5095 3030 5144 et
3052 5090 3355 5148 inconsulta
3384 5099 3665 5154 temeritas
3684 5094 3834 5153 nescii

2265 5170 2557 5259 consilium
2587 5175 2742 5231 ducis
2762 5189 3106 5249 exspectare.
3142 5185 3385 5259 Denique
3422 5201 3613 5247 contra
3640 5201 3832 5249 senten-

2269 5257 2395 5314 tiam
2440 5278 2616 5320 meam
2662 5270 3174 5344 progredientibus,
3216 5257 3371 5336 vobis
3407 5279 3724 5341 Athenionis
3749 5295 3828 5337 ne-

2266 5353 2433 5423 quitia
2469 5360 2698 5417 nocendi
2731 5363 2906 5420 locum
2943 5371 3167 5436 reperit.
3197 5369 3352 5428 Nunc
3391 5377 3528 5432 mihi
3567 5372 3831 5447 trepidatio
3932 5428 3933 5443 χ

2262 5458 2446 5503 vestra
2481 5450 2707 5508 vadatur
2737 5461 3155 5530 prmrogativam
3184 5463 3498 5523 victoriam.
3529 5470 3722 5542 Erigite
3746 5465 3828 5538 ἰαὶ·

2263 5545 2352 5594 tur
2380 5543 2590 5602 animos
2614 5586 2632 5617 ,
2660 5557 2717 5604 et
2748 5558 2987 5608 veterem
3014 5552 3322 5614 Judaaornm
3354 5562 3827 5632 magnanimitatem
