3964 6344
126 236 266 306 19θῖ

994 220 1267 315 ηιδτοκῖ
1309 252 1399 313 ne
1436 224 1719 315 sitcum
1756 214 2029 317 attines.
2071 258 2290 318 URBIS.
2331 256 2463 317 LIB.
2503 261 2547 317 ι.

3316 266 3417 328 Μ
3469 328 3472 335 ,

122 373 370 430 attollite.
393 371 511 431 Nec
534 385 631 430 vos
656 372 1059 432 insensibilium
1085 376 1486 433 commotiones
1514 386 1721 447 pertor—
1746 379 1799 441 Α
1826 356 1955 434 dum
1977 388 2289 450 superatum
2312 380 2605 436 Antonium
2626 380 3012 454 arbitrabatur,
3029 396 3153 442 cum
3178 385 3423 445 Herodes

124 476 308 534 reant,
338 482 439 523 nec
463 477 737 533 terrarum
764 478 946 525 motus
971 469 1198 524 alterius
1224 483 1485 525 terumnae
1508 469 1723 540 judices

125 560 483 617 arbitramini.
514 560 725 617 Habent
751 577 905 617 suam
938 576 1137 617 noxam
1171 562 1454 632 passiones
1481 562 1725 619 eletnen-

128 666 300 713 torum
332 673 346 710 :
390 671 495 713 nec
530 656 677 713 aliud
706 657 978 724 timeatis,
1013 672 1175 727 quam
1205 650 1352 727 quod
1385 657 1438 712 in
1472 657 1605 727 ipsis
1634 655 1721 711 of-

127 751 368 808 fensibus
405 761 513 807 est.
558 750 677 807 Non
718 751 864 808 enim
903 752 1055 822 signa
1094 750 1462 822 periculorum
1501 759 1631 807 sunt
1668 750 1722 806 in

128 854 285 902 terra:
313 852 465 900 motu
492 852 659 915 atque
686 844 1042 900 animantium
1066 844 1179 911 lue,
1199 843 1296 901 sed
1320 845 1434 914 ipsa
1455 830 1719 914 pericula.

127 936 265 994 Nihil
309 945 399 992 est
441 937 585 1008 quod
631 937 954 1005 timeamus,
999 938 1152 1008 quasi
1192 937 1378 1008 gravia
1409 936 1724 1009 perpessuri

128 1032 213 1102 qui
272 1032 599 1102 pertulimus
660 1032 998 1102 gravissima.
1052 1032 1330 1101 Propitius
1370 1032 1485 1103 jar’n
1541 1040 1727 1103 potest

126 1138 281 1191 esse,
307 1124 401 1196 qui
436 1124 734 1180 vindicavit
762 1141 775 1177 :
807 1133 865 1180 et
892 1124 1098 1191 mitior,
1131 1139 1294 1195 quam
1323 1124 1370 1180 si
1402 1138 1510 1179 non
1543 1124 1722 1180 vindi-

127 1225 316 1273 casset.
360 1216 503 1285 Quid
542 1228 796 1273 servatur
838 1218 964 1287 post
1007 1226 1165 1273 terra)
1204 1226 1409 1273 motum
1446 1232 1512 1273 ac
1553 1219 1714 1287 pesti-

127 1310 339 1368 lentiam
361 1352 377 1377 ,
414 1311 522 1366 nisi
552 1309 978 1367 misericordia?
1007 1311 1145 1379 Quia
1174 1310 1444 1367 solvimus
1481 1310 1724 1382 duplicia

128 1413 368 1474 peccata.
392 1402 469 1477 .Et
511 1410 694 1459 tamen
732 1416 871 1470 nos,
902 1401 1048 1474 quod
1087 1401 1235 1458 bello
1269 1402 1405 1458 utile
1438 1403 1544 1471 sit,
1587 1404 1729 1459 inte-

125 1511 277 1567 grum
307 1497 596 1555 habemus.
624 1496 944 1553 Pestilentia
974 1497 1121 1552 enim
1153 1506 1310 1553 extra
1341 1497 1545 1553 bellum
1576 1498 1728 1568 posi-

128 1599 208 1647 tos
234 1590 461 1647 abstulit
489 1608 505 1643 :
534 1598 725 1647 nostra
755 1597 937 1647 autem
966 1590 1193 1647 victoria
1224 1590 1277 1647 id
1317 1590 1569 1647 hostibus
1595 1591 1725 1647 ade-

127 1684 260 1749 mit,
307 1682 454 1756 quod
501 1683 649 1740 bello
693 1683 949 1740 idoneum
993 1683 1260 1754 legerant.
1308 1682 1521 1740 Deinde
1568 1683 1728 1739 nobis

1823 480 2142 540 superesset
2183 471 2449 527 victoria).
2496 475 2703 530 Anxius
2744 474 2928 547 itaque
2956 493 3090 547 rex,
3122 494 3245 536 cum
3275 480 3418 537 Rho.

1819 561 1953 618 dum
1981 564 2282 619 accessisse
2308 566 2579 622 Caesarem
2610 582 2740 624 vero
2782 569 2983 626 indicio
3021 576 3424 646 comperisset,

1820 653 2098 724 navigavit
2121 654 2189 709 ad
2214 669 2466 723 eum,1ie
2493 657 2634 712 fama
2664 666 2941 717 terrenum
2983 664 3087 719 iter
3120 665 3243 736 ejus
3281 683 3419 738 prae-

1821 756 2082 804 verteret.
2112 748 2531 822 Adveniensque
2552 752 2803 824 deposito
2830 756 3160 829 diademate,
3182 774 3305 818 sese
3325 763 3422 820 ob-

1823 841 1947 896 tulit
1969 842 2182 912 privato
2223 843 2438 915 habitu,
2479 846 2574 901 sed
2600 859 2786 906 mente
2825 851 2992 922 regia.
3020 853 3263 925 Denique
3289 857 3423 913 nihil

1823 934 2043 990 veritati
2083 936 2441 1004 subtrahens,
2470 944 2833 996 constantiam
2878 944 3083 1012 tenuit,
3123 947 3421 1003 auctorita-

1825 1030 1935 1078 tem
1979 1027 2303 1082 reservavit.
2353 1027 2489 1098 Ego,
2545 1029 2755 1100 inquit,
2800 1031 3082 1103 Auguste,
3116 1035 3294 1093 fateor
3336 1054 3425 1096 me

1825 1115 2046 1173 ﬁdelem
2084 1116 2255 1175 fuisse
2291 1118 2532 1176 Antonio
2565 1124 2778 1179 socium
2802 1165 2817 1191 ,
2868 1136 3059 1196 utpote
3094 1130 3187 1199 qui
3226 1130 3297 1186 ab
3359 1144 3427 1189 eo

1824 1226 2055 1281 regnum
2103 1214 2439 1284 acceperim,
2490 1216 2577 1271 cui
2622 1233 2710 1273 me
2747 1218 3055 1276 debitorem
3099 1223 3277 1279 adhuc
3319 1239 3427 1282 non
3474 1258 3482 1273 ν

1825 1302 2048 1360 abnuo:
2083 1305 2248 1376 idque
2295 1307 2466 1363 armis
2511 1308 2936 1380 probassem,si
2984 1312 3273 1387 Cleopatra
3320 1331 3427 1374 non

1822 1396 2149 1465 invidisset,
2178 1409 2233 1456 et
2263 1402 2475 1458 Arabes
2503 1419 2612 1459 non
2643 1405 3021 1476 impedissent.
3067 1409 3147 1466 Ea
3191 1413 3433 1469 necessi-

1826 1496 1942 1548 tate
1982 1508 2134 1549 arma
2182 1494 2476 1553 adversum
2519 1507 2573 1554 te
2624 1513 2731 1554 non
2777 1500 2913 1555 tuli:
2947 1516 3057 1558 non
3078 1505 3241 1574 quasi
3272 1505 3433 1562 amici

1824 1581 2101 1653 desertor,
2135 1595 2228 1643 aut
2267 1589 2443 1659 praelii
2472 1589 2734 1660 pavidus,
2769 1591 2871 1648 sed
2894 1594 3051 1665 quasi
3079 1595 3229 1651 domi
3267 1597 3434 1653 rebus

1827 1679 2082 1747 gerendis
2128 1692 2445 1752 occupatus.
2489 1682 2761 1755 Ingratum
2802 1700 2890 1742 me
2937 1695 3116 1743 tamen
3166 1688 3273 1744 sibi
3319 1703 3429 1745 non

128 1791 284 1848 pecus
312 1786 632 1845 mortuum,
681 1776 791 1832 illis
831 1776 1162 1845 consilium,
1206 1780 1299 1847 qui
1340 1776 1548 1847 legatos
1587 1790 1727 1847 quos
1754 1778 1803 1840 ιιι
1829 1772 2006 1827 sensit
2047 1771 2349 1842 Antonius,
2400 1775 2549 1845 quod
2596 1785 2655 1832 et
2694 1775 3010 1848 adjumenta
3054 1780 3331 1837 exercitus
3376 1772 3434 1838 et

127 1869 402 1935 misimus,
426 1864 631 1925 contra
659 1868 751 1940 jus
780 1868 975 1940 fasque
1000 1869 1332 1940 jugulandos
1374 1878 1724 1940 putaverunt.

129 1961 463 2020 Praevaricati
494 1970 626 2021 sunt
655 1962 829 2035 legem
858 1964 1102 2019 omnium
1134 1962 1417 2019 hominum
1437 2002 1454 2031 ,
1484 1963 1728 2033 ipsorum

130 2058 285 2113 etiam
315 2056 721 2113 barbarorum:
754 2056 1014 2126 quoniam
1047 2057 1189 2126 apud
1220 2055 1370 2126 ipsos
1395 2069 1612 2126 quoque
1637 2056 1729 2126 qui

132 2148 372 2205 nesciunt
392 2147 793 2204 humanitatem
816 2187 832 2214 ,
861 2145 1208 2202 inviolabiles
1234 2145 1396 2218 legati
1424 2145 1729 2204 habentur:

132 2240 248 2295 dum
276 2240 518 2297 vindicta
547 2240 788 2296 caelestis
818 2237 1230 2303 reformidatur,
1259 2246 1318 2293 et
1344 2238 1481 2292 tanti
1507 2237 1734 2294 sceleris

134 2332 265 2388 ultor
293 2332 441 2387 Deus
471 2332 723 2387 timetur.
756 2329 871 2386 Iioc
899 2344 1031 2401 ergo
1056 2328 1399 2385 admiserunt
1423 2328 1728 2384 adverSarii

136 2427 297 2482 nostri
318 2467 333 2492 ,
365 2424 516 2498 quod
548 2440 651 2481 nec
682 2424 932 2480 humanas
963 2439 1064 2479 nec
1094 2423 1292 2480 divinae
1321 2422 1473 2493 leges
1502 2421 1734 2477 inultum

138 2520 461 2591 relinquunt.
501 2518 861 2591 Egrediamur
899 2532 1065 2589 ergo,
1108 2532 1215 2571 non
1261 2532 1360 2586 pro
1399 2514 1599 2571 ﬁnibus
1642 2523 1738 2570 aut

138 2614 351 2685 spoliis,
398 2612 500 2671 sed
548 2628 647 2685 pro
687 2612 873 2668 divina
921 2610 1122 2681 injuria
1166 2609 1491 2680 praeliaturi.
1544 2607 1739 2666 Incitet

141 2722 235 2763 nos
259 2706 320 2763 ad
348 2706 582 2773 bellum,
608 2719 716 2761 non
748 2694 989 2775 conjugii
1017 2710 1112 2757 aut
1140 2703 1312 2773 prolis
1342 2702 1577 2757 charitas
1595 2742 1611 2768 ,
1639 2700 1736 2757 sed

142 2809 460 2871 praesumpta
495 2798 768 2869 protectio
798 2796 917 2853 Dei.
958 2794 1078 2850 Non
1119 2795 1341 2850 arbitria
1383 2805 1569 2850 nostra
1591 2835 1608 2861 ,
1641 2793 1738 2850 sed

144 2890 299 2948 divini
324 2892 467 2965 juris
497 2901 771 2964 praecepta
800 2888 1155 2959 exsequimur
1195 2901 1351 2942 sacra
1373 2926 1388 2950 ,
1422 2895 1479 2943 ut
1517 2902 1615 2956 pro
1655 2886 1739 2941 his

145 2983 416 3040 vindictam
447 2995 807 3054 reposcamus
829 3021 846 3047 ,
874 2993 1012 3051 quos
1042 2978 1389 3035 inviolabiles
1418 2993 1544 3034 esse
1571 2992 1736 3049 opor-

148 3082 254 3130 tere
289 3076 477 3147 religio
517 3072 692 3144 jubet.
740 3072 883 3128 luter
925 3085 1075 3127 arma
1122 3070 1340 3126 hostilia
1379 3070 1578 3142 legatio
1624 3070 1739 3126 sola

1830 1862 2091 1920 frumenti
2122 1865 2556 1924 innumerabiles
2583 1872 2769 1941 copias
2799 1873 3001 1929 absens
3029 1875 3291 1931 miserim.
3324 1877 3433 1935 Sed

1831 1962 1890 2009 et
1919 1954 2215 2023 tu,Ctesar,
2240 1973 2329 2015 me
2350 1974 2457 2014 non
2488 1961 2759 2032 ingratum
2781 1963 3064 2021 beneflciis
3081 1967 3201 2036 ejus
3225 1968 3440 2039 judica-

1836 2048 2041 2114 visses,
2091 2051 2137 2106 si
2182 2048 2411 2108 Actiaco
2458 2052 2606 2109 bello
2653 2053 3042 2113 interfuissem.
3092 2057 3231 2115 Vide
3275 2076 3436 2131 quam

1833 2140 1975 2196 nihil
2017 2141 2361 2200 subtraham.
2408 2144 2539 2200 Plus
2583 2155 2770 2201 metuo
2814 2148 2957 2218 apud
3004 2156 3057 2204 te
3094 2150 3341 2221 ingratus
3381 2154 3439 2209 in

1836 2229 2050 2288 hostem
2093 2244 2280 2303 tuum,
2324 2251 2485 2306 quam
2524 2238 2579 2292 in
2622 2245 2676 2292 te
2717 2237 2891 2295 hostis
2931 2239 3124 2298 videri.
3165 2242 3436 2302 Iudicium

1836 2323 1970 2380 mihi
2013 2333 2162 2382 tuum
2200 2329 2421 2398 gravius
2458 2344 2621 2401 quam
2664 2331 2867 2387 bellum
2906 2344 3025 2398 est,
3076 2333 3221 2404 apud
3273 2352 3435 2409 quem

1838 2431 1949 2473 non
1984 2418 2247 2474 virtutum
2284 2420 2514 2489 merita,
2544 2422 2643 2478 sed
2676 2423 2801 2478 vitia
2843 2426 3243 2495 periclitantur.
3284 2428 3442 2488 Unde

1838 2520 1895 2568 et
1920 2524 2022 2581 ego
2050 2511 2194 2567 malo
2216 2512 2361 2581 apud
2392 2523 2442 2569 te
2481 2514 2550 2571 de
2576 2515 2683 2571 ﬁde
2704 2557 2720 2582 ,
2754 2530 2917 2585 quam
2948 2518 3020 2574 de
3058 2519 3283 2590 perﬁdia
3315 2537 3445 2579 cau-

1837 2616 1929 2659 sas
1954 2603 2162 2660 dicere.
2213 2604 2384 2672 Vide,
2412 2606 2616 2675 Caesar,
2650 2624 2812 2679 quam
2839 2611 3111 2684 integrum
3142 2616 3438 2674 Antonium

1838 2710 1948 2750 non
1979 2695 2316 2752 deseruerim
2338 2738 2354 2763 ,
2387 2699 2590 2754 victum
2621 2714 2730 2755 non
2762 2704 2963 2774 refugi.
2987 2696 3201 2775 Vicisti,
3232 2705 3436 2778 Cmaar,

1838 2787 2137 2844 Antonium
2181 2790 2486 2862 legionibus
2517 2793 2623 2848 tuis
2661 2796 2914 2851 maximis
2936 2838 2950 2864 ,
2982 2797 3160 2855 vicisti
3198 2802 3443 2858 consiliis

1842 2884 1984 2948 tuis,
2026 2884 2201 2940 vicisti
2239 2884 2454 2956 imperii
2494 2885 2727 2943 Romani
2766 2890 3011 2957 viribus,
3054 2894 3198 2964 quod
3238 2894 3446 2953 dereli-

1841 2978 1960 3047 quit
1996 2988 2053 3033 et
2088 2978 2236 3049 quod
2276 2981 2532 3051 negavit:
2565 2991 2620 3037 et
2652 2997 2778 3039 vere
2813 2986 2992 3041 victus
3027 2996 3111 3044 cst
3148 2991 3443 3047 virtutibus

1843 3068 1983 3135 tuis,
2026 3069 2124 3126 sed
2163 3072 2336 3141 magis
2376 3072 2620 3129 moribus
2656 3076 2792 3130 suis.
2826 3076 2967 3133 Vicit
3003 3093 3126 3135 eum
3158 3081 3444 3155 Cleopatra

150 3171 287 3238 pacis
313 3177 603 3241 sequestra
635 3175 720 3223 est
744 3184 757 3219 :
787 3166 937 3223 exuit
968 3164 1180 3221 hostem
1208 3164 1300 3235 qui
1324 3164 1594 3235 legatione
1619 3163 1739 3219 fun-
1767 3171 1814 3235 ο
1844 3174 2001 3227 uxor,
2034 3163 2165 3218 vicit
2191 3177 2316 3218 eum
2341 3162 2634 3236 Egyptius
2658 3182 2838 3235 amor,
2862 3169 2990 3226 vicit
3018 3186 3142 3228 eum
3168 3173 3446 3249 Conopaaa

151 3262 301 3332 gitur,
331 3275 567 3330 quorum
600 3273 744 3314 nunc
772 3258 994 3328 sanguis
1023 3256 1223 3311 clamat
1249 3255 1317 3310 ad
1348 3257 1517 3311 Deum
1542 3265 1598 3311 et
1626 3254 1745 3310 vin-

153 3354 332 3411 dictam
358 3355 627 3428 reposcit.
658 3353 1004 3409 Festiuemus
1032 3352 1196 3422 igitur
1221 3351 1288 3406 ad
1316 3352 1584 3421 prtelium,
1614 3351 1742 3407 dum

156 3448 369 3507 ultorem
399 3450 670 3505 habemus
703 3447 870 3502 Deum
903 3460 1173 3502 catsorum
1206 3444 1501 3500 vindicem.
1535 3444 1619 3499 Illi
1647 3459 1746 3514 pro

159 3543 302 3598 nobis
343 3543 543 3601 melius
590 3540 927 3611 proeliantur,
975 3549 1030 3595 et
1069 3538 1383 3595 circumfusi
1424 3538 1745 3609 angelorum

158 3635 479 3708 legionibus,
532 3635 590 3691 in
638 3634 756 3690 acie
802 3633 1169 3704 praetendunt.
1221 3633 1447 3689 Talibus
1498 3633 1747 3690 hortatus

162 3731 385 3797 milites,
426 3732 479 3786 in
530 3730 742 3787 hostem
783 3727 927 3794 ruit,
968 3743 1187 3783 omnem
1228 3728 1575 3784 occasionem
1618 3728 1748 3785 belli

160 3825 449 3896 requirens.
484 3821 659 3878 Erant
689 3822 899 3878 Arabes
928 3820 1341 3891 praestantiores
1366 3836 1621 3887 numero,
1649 3821 1747 3877 sed

160 3916 341 3971 animis
368 3916 740 3981 infirmiores;
785 3913 931 3970 unde
970 3915 1359 3985 congressione
1397 3913 1616 3979 habita,
1657 3931 1749 3972 ce-

162 4004 397 4064 ciderunt
427 4009 545 4063 fere
575 4022 763 4063 eorum
794 4007 1033 4078 quinque
1060 4007 1249 4062 millia.
1295 4006 1510 4076 Reliqui
1540 4021 1661 4064 sese
1694 4008 1748 4063 in

164 4099 502 4156 munitionem
546 4099 911 4169 recipientes,
950 4112 1106 4168 aqua:
1138 4097 1317 4169 inopia
1359 4096 1750 4168 fatigabantur,

165 4202 217 4247 ut
242 4192 509 4264 legatione
549 4193 711 4248 missa
759 4207 945 4262 pacem
974 4193 1170 4269 pretio
1212 4192 1591 4261 deposcerent.
1640 4192 1750 4249 Sed

1848 3255 2113 3314 luxuries.
2166 3257 2354 3314 Victus
2398 3267 2517 3327 est,
2565 3261 2690 3331 quia
2740 3264 2931 3319 maluit
2980 3278 3103 3322 cum
3157 3262 3458 3341 Cleopatra

1846 3350 1992 3405 vinci
2014 3389 2030 3414 ,
2061 3364 2224 3421 quam
2256 3351 2375 3406 sine
2413 3362 2477 3407 ea
2520 3353 2778 3410 vincere:
2815 3354 2941 3411 vleit
2980 3372 3102 3413 eum
3135 3360 3334 3418 mulier
3364 3361 3448 3417 in-

1845 3441 2036 3498 festior
2076 3443 2192 3497 auis
2246 3457 2410 3514 quam
2463 3444 2815 3503 adversariis.
2870 3447 3164 3507 Suaseram
3213 3463 3443 3512 mortem

1849 3533 2131 3600 mulieris,
2156 3535 2202 3592 si
2230 3535 2393 3592 vellet
2420 3536 2521 3592 sibi
2550 3540 2878 3596 consulere:
2913 3544 3267 3613 promiseram
3298 3550 3454 3606 auxi-

1848 3628 1918 3682 lia
1938 3670 1955 3695 ,
1984 3628 2182 3700 quibus
2210 3644 2523 3700 repararem
2551 3632 2810 3690 amictum
2836 3652 2850 3688 ε
2881 3639 3236 3708 promiseram
3267 3644 3413 3701 vires
3432 3687 3450 3713 ,

1847 3720 2045 3791 quibus
2086 3722 2331 3792 fugacem
2371 3732 2578 3788 tuerer,
2620 3741 2710 3783 me
2748 3727 2924 3797 ipsmn
2965 3729 3095 3786 belli
3136 3744 3448 3795 consortem

1847 3812 2153 3868 obtuleram
2179 3830 2192 3866 :
2224 3813 2322 3869 sed
2349 3824 2586 3871 mentem
2619 3816 2737 3887 ejus
2766 3819 3180 3887 obstrinxerant
3218 3825 3449 3905 Cleopa-

1849 3911 1946 3958 trre
1991 3905 2354 3974 cupiditates:
2384 3906 2560 3962 victus
2590 3917 2674 3963 est
2695 3950 2708 3973 ,
2738 3911 2862 3981 quia
2895 3913 3086 3971 audire
3115 3930 3204 3974 me
3234 3919 3406 3976 noluit
3431 3940 3447 3976 :

1849 3995 2024 4053 victus
2052 4011 2173 4052 sum
2205 4005 2260 4054 et
2290 4012 2392 4070 ego
2419 4013 2543 4054 cum
2574 4000 2813 4058 Antonio
2835 4046 2850 4070 ,
2879 4006 3093 4063 minore
3135 4018 3313 4068 tamen
3350 4012 3449 4071 ﬁa-

1847 4090 2022 4160 gitio:
2055 4089 2181 4161 quia
2213 4090 2366 4148 illum
2394 4090 2687 4164 Cleopatra
2716 4098 2881 4167 vicit,
2917 4115 3004 4156 me
3033 4101 3324 4164 Antonius.
3355 4108 3452 4167 llle

1852 4183 2140 4239 barbaram
2162 4226 2177 4252 ,
2211 4199 2313 4256 ego
2340 4186 2575 4243 amicum
2605 4203 2716 4245 non
2745 4190 3055 4262 dereliqui.‘
3070 4194 3201 4252 Cum
3232 4199 3326 4255 illo
3355 4216 3451 4272 po-

164 4299 276 4339 cum
311 4301 371 4342 se
414 4283 657 4355 protrahi
706 4284 992 4351 viderent,
1046 4295 1097 4338 et
1149 4284 1272 4339 sitis
1322 4282 1556 4354 amplius
1597 4284 1755 4355 aquis
1853 4276 1938 4332 Sili
1977 4276 2260 4344 diadema,
2293 4279 2391 4337 sed
2423 4279 2488 4335 ad
2521 4290 2573 4336 te
2604 4284 2791 4343 venire
2835 4286 3031 4343 timens
3070 4289 3233 4346 amici
3274 4292 3450 4351 ﬁdelis

167 4372 534 4433 deficientibus
562 4375 971 4443 accenderetur,
997 4376 1336 4447 egredientes
1364 4376 1609 4448 plerique
1634 4392 1760 4434 sese
1855 4370 2064 4441 gratia.
2112 4373 2451 4441 sequestravi
2496 4376 2648 4444 regni
2691 4376 2957 4447 insignia.
2990 4379 3086 4435 sed
3129 4397 3234 4436 non
3276 4384 3448 4455 abjeci

167 4467 452 4526 offerebant
476 4470 724 4527 hostibus
746 4510 760 4537 ,
787 4469 1093 4526 voluntario
1119 4470 1266 4526 ferro
1292 4484 1450 4539 quam
1486 4470 1596 4527 siti.
1620 4486 1758 4541 pras-
1860 4467 2084 4522 virtutis
2124 4466 2516 4522 conscientiam
2544 4486 2557 4520 :
2592 4477 2653 4522 ut
2712 4469 2861 4525 voles
2886 4470 3089 4540 judica.
3123 4472 3236 4544 Ego
3267 4484 3447 4534 tamen

170 4572 404 4635 optantes
443 4564 643 4636 perire.
666 4564 817 4631 Quos
848 4564 1062 4619 vinctos
1084 4564 1334 4620 servabat
1374 4562 1619 4620 Herodes
1638 4602 1655 4631 ,
1685 4576 1755 4620 ue
1780 4559 1835 4620 Ι)
1858 4559 2050 4630 quavis
2076 4567 2224 4613 Sorte
2249 4556 2435 4627 iudieii
2464 4559 2536 4612 lui
2565 4559 2799 4615 referant
2828 4577 3038 4618 mecum
3062 4605 3077 4630 ,
3103 4564 3250 4635 quod
3275 4567 3453 4638 cujus-

169 4654 289 4726 quid
320 4668 465 4715 esset
491 4656 833 4713 insidiarum.
878 4655 1068 4727 Itaque
1104 4656 1345 4727 quinque
1386 4655 1580 4712 diebus
1618 4669 1753 4725 qua-

173 4757 285 4804 tuor
313 4748 481 4808 ferme
508 4750 678 4805 millia
707 4758 928 4820 recepta
955 4757 1120 4804 sunt:
1153 4748 1277 4803 aliis
1300 4747 1368 4803 ad
1397 4747 1599 4803 bellum
1631 4762 1760 4818 pro-

172 4841 491 4912 deuntibus,
530 4845 726 4900 iterum
768 4843 835 4899 ad
875 4853 1082 4914 septem
1125 4842 1291 4899 millia
1319 4842 1562 4898 virorum
1592 4856 1756 4897 caesa.

172 4934 278 5003 Qua
309 4937 465 5008 plaga
500 4936 762 4994 humiliati
794 4935 1002 4992 Arabes
1041 4952 1072 4991 a
1114 4950 1274 5007 rege,
1314 4944 1520 5007 quanto
1561 4936 1760 4991 virtute

110 5061 116 5069 -
175 5029 486 5098 inferiores,
529 5040 677 5086 tanto
716 5029 949 5086 consilio
990 5028 1437 5101 przestantiores:
1469 5042 1630 5098 quem
1660 5026 1760 5110 ad-

175 5124 465 5203 versarium
505 5123 808 5191 habebant,
840 5124 996 5195 quasi
1037 5122 1378 5179 defensorem
1400 5162 1416 5188 ,
1447 5131 1505 5179 et
1530 5121 1759 5177 auxilia-

177 5225 343 5275 torem
374 5216 479 5274 sibi
506 5217 677 5289 ipsum
710 5217 1118 5288 expetiverunt.
1144 5252 1153 5257 -

708 5307 941 5365 CAPUT
979 5306 1225 5363 XXXIII.

244 5400 347 5460 Sed
374 5402 544 5477 major
565 5404 826 5459 victorem
848 5399 1164 5467 sollicitudo
1184 5400 1448 5471 perculit,
1476 5407 1536 5455 ut
1554 5401 1642 5471 qui
1665 5399 1771 5456 sibi

180 5494 310 5553 alios
336 5497 674 5567 subiecerat,
702 5512 808 5552 non
835 5496 947 5565 jam
966 5495 1041 5550 de
1073 5494 1301 5563 finibus,
1327 5494 1423 5552 sed
1447 5493 1516 5550 de
1541 5502 1656 5550 toto
1684 5508 1771 5550 re-

182 5602 284 5658 gno
304 5586 602 5660 periculum
616 5588 916 5661 imminens
941 5587 1405 5658 perhorresceret,
1427 5588 1574 5642 victo
1602 5588 1771 5642 Anto-

108 5754 109 5761 ‘
184 5681 273 5737 nio
299 5696 464 5752 quem
493 5680 600 5741 fida
628 5681 731 5737 sibi
769 5680 1005 5736 amicitia
1032 5678 1338 5749 copularat.
1378 5678 1630 5750 Denique
1656 5678 1772 5734 Au-

108 5770 109 5773 “
185 5780 367 5841 gustus
409 5772 590 5831 Caesar
611 5771 816 5830 Actiaci
866 5771 1226 5844 triumphator
1268 5769 1619 5837 certaminis,
1649 5769 1791 5828 nec—'

1858 4652 2001 4707 modi
2035 4651 2228 4707 fuerim
2256 4652 2463 4705 amicus
2502 4650 2881 4710 mstimabitur.

2402 4743 2633 4801 CAPUT
2672 4744 2918 4801 XXXIV.

1931 4838 2232 4909 Respondit
2269 4838 2338 4894 ad
2382 4852 2447 4895 ea
2486 4836 2709 4894 Czesar:
2743 4839 2938 4906 Salve,
2974 4841 3179 4914 inquit,
3213 4854 3269 4901 et
3308 4861 3452 4904 nune

1862 4934 2033 5005 magis
2064 4946 2234 5004 regno
2267 4944 2358 4989 tuo
2384 4940 2575 5001 utere,
2609 4934 2735 5004 quia
2765 4950 2872 4990 non
2907 4936 3212 4993 invidemus
3241 4939 3457 4996 virtuti-

1863 5028 2000 5095 bus,
2048 5025 2145 5082 sed
2190 5026 2546 5082 delectamur.
2582 5026 2784 5097 Dignus
2812 5027 2958 5084 enim
2987 5043 3048 5085 es
3076 5030 3323 5101 pluribus
3350 5031 3457 5087 im-
3524 5028 3525 5033 “

1867 5134 2093 5193 perare,
2127 5121 2218 5190 qui
2248 5119 2328 5175 sic
2357 5120 2529 5174 tueris
2557 5119 2850 5177 amicitiam
2883 5139 2897 5176 :
2926 5131 2982 5177 et
3012 5130 3081 5177 ut
3120 5122 3173 5178 in
3211 5123 3460 5182 adversis
3502 5160 3523 5171 κ

1868 5212 2103 5284 positum
2135 5226 2244 5268 non
2274 5212 2548 5282 abneges,
2579 5221 2638 5268 et
2662 5214 2895 5269 amicum
2937 5215 3031 5271 tibi
3062 5216 3311 5275 confiteri
3354 5235 3463 5275 non

1870 5309 2181 5365 erubescas.
2241 5306 2349 5365 Sed
2406 5308 2636 5364 adorere
2692 5307 3025 5367 felicioribus
3078 5304 3360 5370 atlharrerc
3409 5323 3468 5371 et

1872 5415 2202 5456 conservare
2252 5394 2437 5455 fidem‘
2468 5401 2524 5455 in
2570 5403 2845 5471 prosperis
2876 5417 2891 5455 :
2919 5402 3031 5474 jam
3081 5403 3133 5458 in
3181 5405 3463 5475 adversis,

1869 5492 2002 5548 satis
2046 5490 2309 5561 probasti.
2361 5489 2569 5547 Vicerit
2616 5498 2668 5547 te
2711 5490 3016 5560 Antonius,
3065 5495 3162 5552 sed
3208 5511 3317 5552 non
3366 5512 3471 5568 ego

1872 5584 2072 5640 victum
2120 5583 2605 5654 putabam,quem
2658 5585 2895 5640 amicitia
2945 5601 3129 5657 parem
3181 5587 3312 5644 fecit
3356 5588 3470 5645 vic-

1873 5678 2105 5734 toribus.
2154 5676 2455 5748 Propterea
2490 5677 2768 5746 expeteris
2804 5694 2836 5735 a
2877 5679 3072 5748 nobis,
3116 5680 3241 5751 quia
3288 5682 3470 5742 nullus

1890 5781 1942 5827 te
1987 5771 2117 5829 belli
2169 5778 2400 5828 eventus
2451 5770 2723 5827 mutavit:
2771 5772 3207 5843 quandoquidem
3262 5790 3371 5833 non
3419 5785 3475 5834 tu
