3964 6382
456 278 594 338 5999
1801 247 2047 311 SANCTI
2087 256 2102 308 Δ

2200 247 2412 308 BllOSll
3611 259 3616 264 ε
3635 234 3767 293 2000

453 388 750 448 Antonium
793 381 1118 446 deseruisti,
1162 377 1258 432 sed
1291 384 1343 429 te
1371 370 1639 429 Antonius
1659 407 1675 435 ,
1707 365 1799 438 qui
1828 366 2056 435 Cleopa-
2083 371 2138 435 Α
2160 363 2354 419 s‘truxit
2380 376 2447 418 ex
2476 357 2840 416 fundamentis
2871 372 2885 410 :
2919 369 3019 411 nec
3062 352 3239 410 minor
3264 349 3462 408 tuendi
3493 361 3660 420 quam
3689 363 3767 404 or-

818 491 978 548 quam
1024 442 1120 527 tibi
1160 465 1414 524 credidit.
1459 460 1776 533 lnsipientia
1819 458 1965 514 illius
2007 465 2060 511 te
2161 455 2322 510 nandi
2353 452 2600 510 intentio.
2631 449 2908 521 Siquidem
2931 457 3169 504 castrum
3186 445 3448 517 Aquiloni
3482 442 3765 513 suhjacens

457 536 978 642 acquisivit:
1010 563 1138 635 quia
1171 555 1690 632 perniciosissimam
1724 551 1826 607 sibi
1855 549 2058 620 elegit,
2161 546 2537 612 communivit,
2571 543 2716 615 quod
2743 541 3037 613 appellavit
3063 548 3089 577 ⁸
3119 538 3336 596 Antonii
3364 536 3640 609 gratiam,
3667 536 3766 591 nul-

458 628 678 725 iidelein
723 628 1046 731 repudiavit:
1088 628 1435 720 Nee‘mirum
1461 690 1475 714 ,
1520 647 1566 702 si
1605 643 1912 715 Cleopatrae
1950 642 2062 696 An-
2162 640 2217 695 lo
2259 637 2488 694 inferius
2535 636 2876 708 superiorum
2924 633 3269 705 palatiorum.
3328 628 3574 686 Addidit
3617 628 3764 683 etiam

458 718 866 820 toniusnvict'us
911 718 1226 818 adhaereat,
1276 762 1306 802 a
1357 759 1462 818 qua
1511 743 1690 798 victor
1727 748 1918 809 captus
1955 745 2058 792 est.
2163 731 2218 786 in
2247 729 2362 800 ipsa
2389 742 2514 784 arce
2541 729 2705 798 regia:
2731 725 2926 783 domus
2950 724 3162 796 gemina
3186 720 3533 786 habitacula,
3559 718 3766 774 maximi

461 814 882 926 aulidiuiraris,
925 847 970 901 si
1014 855 1067 901 te
1105 814 1386 899 desistere
1403 836 1536 893 fecit
1561 836 1849 904 Cleopatra
1890 833 2062 885 Anto-
2164 822 2401 880 ambitus
2429 832 2485 878 et
2524 821 2786 877 mirabilis
2814 816 3268 890 pulchritudinis,
3317 828 3564 887 quorum
3596 814 3768 884 gratia:

459 906 611 1006 n‘ium
638 988 653 1013 ,
683 959 808 1001 cum
935 955 1023 996 me
1065 933 1446 994 dissociaverit
1487 938 1651 1001 atque
1695 943 1763 984 ex
1811 934 2066 982 consorte
2167 918 2303 973 nihil
2332 916 2725 974 conferendum
2773 913 3078 970 arbitreris.
3129 911 3308 968 Unum
3354 924 3566 966 eorum
3604 906 3770 963 Caesa-

462 1000 923 1113 hostem
954 1028 1190 1088 fecerit?
1235 1025 1384 1096 Ergo
1426 1031 1482 1078 et
1520 1000 1644 1093 quia
1688 1030 1744 1075 tu
1783 1019 2066 1075 nobiscum
2169 1009 2312 1065 rium
2336 1051 2352 1074 ,
2385 1009 2614 1065 alterum
2648 1005 2965 1079 Agrippium
2994 1002 3414 1113 nuncupabatur
3441 1041 3459 1069 ,
3505 1010 3568 1056 ut
3591 1001 3644 1056 in
3670 1000 3769 1056 suis

457 1093 774 1204 repudiatus
819 1142 916 1191 es,
967 1132 1024 1180 ct
1070 1121 1195 1177 ideo
1249 1093 1530 1173 nobiscum
1568 1127 1758 1183 regna.
1806 1110 1918 1167 Nec
1963 1108 2070 1163 hoc
2169 1103 2380 1160 aedibus
2408 1112 2681 1159 tantorum
2712 1102 3010 1156 amicorum
3037 1096 3293 1154 diuturna
3318 1093 3602 1151 memoria
3644 1093 3772 1149 cele-

465 1187 688 1299 q‘uridem
735 1187 1005 1277 beneficio
1043 1221 1234 1278 vacat,
1279 1207 1423 1280 quod
1468 1207 1595 1264 dum
1639 1218 1740 1260 nos
1775 1203 1932 1259 bellis
1972 1215 2068 1261 oc-
2172 1198 2443 1254 braretur.
2495 1195 2696 1253 Urbem
2727 1207 2947 1266 quoque
2990 1190 3256 1248 Sebasten
3306 1202 3422 1244 non
3464 1187 3646 1244 solum
3688 1202 3766 1242 rex

467 1280 733 1390 dupamiir
771 1313 1057 1377 civilibus,
1102 1316 1160 1362 tu
1201 1303 1522 1361 indomitam
1560 1301 1801 1357 Arabum
1851 1306 2068 1370 gentem
2173 1288 2483 1356 aedificavit,
2511 1288 2606 1343 sed
2638 1287 2802 1343 etiam
2831 1284 3058 1356 replevit
3089 1280 3559 1339 inhabitantibus.
3606 1280 3681 1335 Ac
3712 1295 3769 1335 ne

467 1372 752 1483 subiecisti
774 1448 789 1474 ,
823 1405 946 1476 quia
986 1372 1297 1458 Judteorum
1330 1395 1517 1452 hostes
1544 1407 1646 1465 pro
1684 1390 1886 1448 nostris
1917 1389 2071 1445 duci-
2174 1383 2385 1454 singula
2411 1395 2730 1452 persequar,
2759 1378 2904 1434 haud
2935 1377 3105 1433 ullum
3133 1375 3292 1432 facile
3313 1373 3593 1445 praeteriit
3611 1372 3767 1429 locum

464 1467 607 1562 mus.
640 1467 808 1558 Nobis
839 1467 984 1554 enim
1017 1507 1168 1548 arma
1199 1489 1479 1553 inferunt,
1514 1485 1608 1557 qui
1637 1499 1735 1540 vos
1769 1484 2070 1539 lacessunt.
2174 1485 2514 1533 vetustarum
2548 1474 2788 1542 urbium,
2821 1488 2981 1543 quem
3013 1486 3121 1526 non
3145 1477 3451 1526 renovaret
3481 1467 3770 1534 labentem,

467 1561 638 1655 Nobis
665 1608 796 1664 ergo
824 1589 1094 1651 militasti,
1119 1599 1241 1641 cum
1273 1582 1374 1638 tibi
1403 1582 1652 1636 vinceres
1685 1595 1699 1632 :
1751 1586 1806 1633 et
1850 1576 1974 1632 ideo
2024 1583 2077 1628 te
2177 1577 2270 1624 aut
2293 1568 2492 1624 additis
2518 1583 2640 1639 quae
2661 1567 2859 1623 deesse
2879 1564 3226 1631 videbantur,
3256 1561 3522 1619 aediﬁciis
3544 1568 3766 1617 ornaret.

475 1653 968 1748 reiiiuiieraliitnus,
1002 1690 1062 1735 ut
1086 1693 1313 1749 regnum
1342 1683 1492 1730 tuum
1515 1673 1871 1728 confirmetur
1889 1677 2078 1724 nostro
2181 1663 2559 1726 Liberalitates
2586 1676 2804 1733 quoque
2848 1675 2976 1716 suas
3028 1673 3199 1730 usque
3241 1658 3309 1713 ad
3355 1653 3771 1728 quinquennalia

481 1795 733 1838 munere.
779 1775 1002 1830 interim
1037 1771 1168 1827 nihil
1209 1767 1550 1823 imminuisse
1582 1780 1689 1819 non
1717 1777 1878 1833 parva
1908 1759 2082 1831 gratia
2109 1766 2158 1826 B
2183 1758 2492 1815 diffundens
2536 1757 2833 1813 certamina
2862 1774 2877 1812 :
2923 1755 3067 1810 unde
3114 1751 3245 1808 illud
3291 1751 3592 1808 hominum
3622 1762 3768 1820 genus

475 1884 560 1931 est
588 1891 600 1926 :
630 1870 942 1927 adoriemur
975 1867 1027 1920 in
1051 1863 1318 1932 reliquum
1353 1900 1367 1925 ,
1401 1867 1460 1912 nt
1488 1871 1597 1912 non
1630 1857 1882 1924 requiras
1909 1851 2083 1907 Anto-
2185 1853 2371 1910 etl‘usis
2399 1851 2610 1907 divitiis
2635 1848 3007 1921 locupletavit.
3055 1846 3347 1918 Templum
3390 1845 3566 1901 etiam
3597 1840 3772 1899 Caesari

478 1969 653 2022 nium.
686 1962 870 2033 Neque
895 1959 1039 2014 enim
1071 1955 1295 2024 dignum
1327 1959 1411 2006 est
1431 1991 1446 2017 ,
1476 1958 1538 2004 ut
1575 1963 1736 2019 quem
1770 1946 1914 2001 bello
1945 1943 2080 1999 vici—
2184 1946 2254 2002 de
2278 1959 2552 2000 marmore
2579 1943 2705 1999 albo
2731 1941 2977 1998 condidit
3021 1940 3088 1996 ad
3117 1941 3295 1996 fontes
3325 1936 3590 1994 Iordanis
3612 1979 3626 2003 ,
3655 1933 3770 1990 adeo

480 2068 627 2122 m’us,
661 2031 1082 2110 non'vincamus
1110 2042 1519 2101 benevolentia.
1545 2040 1677 2095 Cum
1713 2040 1830 2094 huic
1856 2035 2088 2092 dixisset
2187 2040 2475 2095 immemor
2500 2037 2676 2093 iactus
2718 2035 2997 2107 religionis
3027 2077 3041 2103 ,
3074 2045 3127 2089 ut
3158 2032 3367 2088 homini
3412 2031 3675 2101 templum
3702 2041 3774 2083 Sa-

479 2121 664 2204 Ctesar
713 2143 973 2212 imposuit
1009 2136 1260 2192 diadema
1309 2133 1472 2204 capiti
1521 2133 1640 2202 eius
1665 2170 1681 2195 ν
1736 2129 2084 2185 ερόυιὶιειιθιιι
2187 2141 2389 2198 craret,
2423 2147 2688 2202 usumque
2711 2132 2954 2202 gentium
2984 2129 3038 2184 in
3065 2128 3306 2184 Judteam
3337 2125 3644 2182 induceret.
3680 2121 3770 2178 Lo-

479 2239 780 2309 adjungens
810 2232 1040 2288 muneri.
1075 2229 1191 2296 Qua
1221 2226 1539 2312 dignatione
1568 2223 1801 2279 Caesaris
1827 2222 2091 2276 invitatus
2190 2245 2253 2283 cu
2277 2241 2474 2283 nomen
2504 2226 2728 2281 Panium
2760 2234 2879 2280 est:
2913 2223 3002 2278 ubi
3034 2236 3190 2277 mons
3230 2219 3548 2275 altitudinis
3571 2215 3774 2274 excelsa:

481 2327 832 2392 Alexander,
864 2339 932 2379 ex
960 2320 1154 2376 amicis
1183 2308 1406 2374 Antonii
1433 2316 1606 2372 virum
1635 2316 1721 2371 cui
1752 2313 1938 2369 Caesar
1970 2329 2087 2366 ma-
2190 2322 2395 2376 vertice
2424 2333 2638 2373 summo
2664 2318 2717 2372 in
2748 2317 2979 2372 sublime
3007 2313 3326 2386 porrigitur,
3359 2311 3520 2382 cujus
3547 2309 3599 2364 in
3629 2308 3769 2363 latere

483 2426 628 2484 xime
653 2421 1048 2492 indignaretur,
1071 2415 1260 2470 volens
1285 2410 1562 2466 abducere
1585 2408 1895 2472 offensioni,
1921 2405 2089 2460 multa
2194 2413 2509 2468 umbrosum
2539 2413 2783 2482 aperiun-
2809 2422 3027 2465 ammm
3057 2451 3072 2476 ,
3124 2424 3223 2478 per
3255 2406 3409 2478 quod
3436 2400 3772 2477 gmveolentis

481 2515 808 2588 deplorabat
873 2525 1036 2581 prece
1088 2526 1102 2561 :
1156 2506 1250 2562 sed
1305 2504 1610 2571 indignatio
1665 2501 1827 2556 nimia
1881 2499 2090 2554 nullum
2194 2505 2475 2577 prmcipitii
2507 2504 2836 2574 profundum
2865 2518 3063 2559 saevam
3095 2502 3320 2559 exhalat
3358 2498 3662 2574 mephitim.
3702 2493 3770 2550 iu-

482 2610 658 2666 venia:
700 2609 876 2662 locum
903 2601 1146 2672 reliquit.
1191 2596 1672 2654 Proliciscentibus
1695 2593 1818 2650 inde
1842 2594 1894 2648 in
1924 2592 2094 2665 IEgy-
2198 2609 2282 2655 tus
2312 2614 2574 2669 aquarum
2615 2597 2962 2668 congregatio
2989 2637 3004 2664 ,
3053 2606 3108 2652 et
3135 2597 3255 2666 sine
3292 2595 3412 2652 ullo
3440 2604 3592 2650 motu
3631 2589 3770 2646 multa

485 2713 658 2773 ptum,
693 2706 1016 2768 prosecutus
1045 2692 1280 2748 Caesaris
1301 2691 1406 2745 iter
1430 2688 1786 2760 suppeditatis
1818 2685 2090 2750 omnibus,
2196 2694 2278 2748 vis
2326 2693 2501 2747 inerat
2523 2734 2538 2758 ,
2596 2701 2653 2746 υι
2700 2691 2989 2746 mslimalio
3032 2687 3316 2761 profunda
3360 2683 3658 2743 aniludinis
3682 2693 3766 2736 non

483 2809 606 2864 quae
635 2790 719 2845 vel
749 2787 854 2858 ipsi
883 2786 970 2842 vel
1002 2782 1267 2841 exercitui
1300 2782 1420 2836 usui
1474 2781 1652 2836 lorent
1675 2822 1688 2844 ,
1739 2779 1980 2832 maxima
2013 2776 2094 2831 sui
2198 2783 2783 2855 comprehendercmr,
2832 2783 2988 2838 Foris
3031 2792 3212 2836 amem
3257 2781 3409 2836 circa
3454 2779 3623 2850 ipsius
3655 2771 3771 2830 antri

482 2863 659 2954 gratia
703 2877 1050 2948 imperatoris
1081 2875 1184 2928 sibi
1235 2873 1416 2928 studia
1466 2870 1781 2926 conciliavit
1809 2868 2093 2925 Herodes:
2199 2877 2415 2933 radices
2442 2867 2621 2932 fomes
2644 2875 2948 2931 scatur-iuni
2977 2893 2990 2929 ε
3021 2873 3168 2930 unde
3197 2882 3383 2929 onum
3412 2871 3527 2927 illic
3554 2863 3769 2926 Jordanis

488 2977 770 3048 ρι’ωεὶριιο
801 2972 923 3041 (ιιιῑίι
961 2971 1016 3024 in
1047 2970 1183 3024 Ῑοείε
1211 2967 1542 3023 ω’ίάῖοτίυυε
1573 2980 1747 3035 usque
1778 2965 2051 3020 Ρθιυείυῐη
2078 3005 2094 3031 9
2201 2973 2448 3044 plerique
2475 2972 2816 3027 :estimavere
2841 2989 2854 3023 :
2884 2971 3037 3024 nobis
3067 2977 3284 3035 tamen,
3317 2967 3455 3038 quid
3483 2965 3672 3022 veritas
3692 2961 3770 3015 ha-

491 3069 661 3140 regali
698 3063 1011 3137 provisione
1048 3077 1309 3132 aquarum
1339 3060 1615 3114 afﬂuentia
1648 3058 2055 3112 subministrata
2083 3075 2095 3110 :

2203 3067 2330 3122 heat
2353 3107 2367 3129 ,
2403 3067 2454 3120 in
2485 3064 2876 3134 posterioribus
2900 3062 3256 3134 aperiendum
3280 3061 3524 3118 videtur.
3547 3058 3691 3114 'Erat
3727 3052 3770 3107 in

497 3161 694 3232 quibus
722 3155 921 3213 ofliciis
952 3167 1159 3209 tantum
1188 3153 1271 3209 sui
1293 3166 1534 3205 amorem
1563 3149 1798 3205 infundit
1825 3150 2097 3216 omnibus,
2129 3150 2174 3214 C
2207 3159 2492 3214 maritimis
2523 3158 2736 3222 civitas,
2766 3172 2888 3228 qua:
2917 3155 3187 3212 Stratonis
3213 3156 3384 3212 tun-is
3411 3151 3768 3226 appellabatur,

494 3263 555 3307 υι
583 3251 703 3322 illus
737 3249 1016 3303 νίάθτθιυτ
1058 3245 1328 3300 meruisse
1368 3258 1528 3313 (ιιιειπη
1577 3241 1876 3310 accepisse.
1927 3240 2099 3296 Μίιιοΐ
2197 3251 2310 3322 jam
2338 3252 2476 3306 lessa
2505 3249 2662 3305 bellis
2708 3248 3118 3320 frequentibus,
3171 3257 3228 3305 et
3273 3255 3549 3304 vetustate
3577 3246 3680 3315 ipsa
3705 3241 3772 3294 in-

491 3356 710 3416 quoque
739 3338 891 3410 regni
933 3345 1176 3408 potestas
1203 3376 1217 3401 ,
1267 3350 1427 3406 quam
1473 3333 1828 3388 humanitatis
1874 3333 2100 3403 largitas

2202 3344 2401 3399 clinata
2428 3342 2480 3396 in
2508 3343 2721 3398 ruinam
2749 3360 2762 3397 :
2793 3343 3199 3414 opportunitate
3226 3352 3409 3398 tamen
3432 3351 3488 3398 et
3505 3337 3665 3412 gratia
3685 3331 3770 3389 loci

495 3437 882 3493 aestimaretur.
930 3431 1086 3489 Unde
1117 3431 1300 3485 Caesar
1329 3445 1396 3484 ex
1443 3428 1712 3482 sententia
1761 3428 1922 3483 rebus
1960 3429 2100 3482 intra
2206 3437 2568 3507 praeminens
2589 3479 2603 3503 ,
2635 3451 2796 3508 quam
2823 3436 3105 3492 renovavit
3137 3435 3315 3507 lapide
3362 3434 3491 3490 albo
3514 3475 3529 3502 ’
3560 3441 3612 3487 el
3637 3424 3771 3482 variis

498 3527 788 3600 Egyptum
835 3524 1038 3594 gestis,
1089 3522 1329 3576 Antonio
1375 3529 1426 3576 et
1454 3521 1750 3590 Cleopatra.
1789 3520 2058 3576 defunctis
2085 3561 2100 3586 ,

2203 3529 2420 3583 ornavit
2463 3528 2708 3583 aediliciis
2734 3569 2750 3596 ,
2800 3536 2964 3599 atque
3015 3527 3068 3583 in
3097 3544 3158 3584 ea
3204 3521 3656 3599 magnanimitatis
3679 3529 3770 3573 sua:

501 3637 607 3679 non
663 3621 842 3676 solum
887 3633 1006 3687 quae
1057 3614 1309 3684 adempta
1359 3623 1514 3668 erant
1579 3614 1776 3669 llerodi
1819 3613 2100 3680 reddidit;
2206 3621 2468 3676 virtutem
2493 3619 2555 3675 et'
2573 3621 2901 3692 elegantiam
2933 3621 3111 3692 operis
3141 3622 3437 3689 expressit.
3485 3617 3626 3674 Inter
3661 3609 3771 3665 duas

503 3729 693 3770 νυνιιηῖ
726 3715 888 3768 cum“
940 3719 1138 3778 Ιπθειθτ
1168 3707 1260 3762 illa
1312 3722 1432 3776 (111³³
1476 3705 1760 3776 διεορειινθ
1793 3715 2063 3761 “erlem!
2086 3747 2101 3773 9
2205 3715 2350 3771 enim
2385 3693 2684 3771 maritimas
2715 3716 2879 3771 urbes
2905 3756 2918 3779 ,
2966 3716 3161 3771 Doram
3189 3725 3353 3786 atque
3377 3714 3583 3786 Joppen
3612 3711 3700 3764 sita
3723 3703 3767 3758 in

506 3802 1060 3872 Gadarum,.loppen,
1092 3799 1394 3856 Samariam
1444 3813 1662 3869 quoque
1711 3798 1762 3854 ei
1811 3800 2100 3854 concessit.

2206 3807 2388 3864 medio
2419 3827 2433 3862 :
2468 3818 2700 3881 utraque
2743 3825 2810 3864 ex
2841 3818 2995 3882 parte
3025 3811 3421 3880 perstringitur
3469 3811 3766 3878 importuoso

504 3899 800 3956 Marillmas
826 3908 1044 3966 (ιιιοίιιιθ
1072 3891 1258 3957 “ibes:
1281 3891 1504 3956 Gazam:
1529 3889 1944 3956 Ανίῑίπθάδηθηι»
1969 3891 2102 3962 ἓορ-
2205 3901 2417 3968 littore,
2467 3912 2523 3956 ut
2563 3917 2755 3958 omnes
2787 3902 3116 3974 quicumque
3145 3920 3210 3959 cx
3240 3903 3480 3977 Egypto
3510 3893 3765 3956 Phcenicen

507 4013 635 4069 pen,
663 3994 856 4048 turrim
885 3990 1158 4047 Stratonis
1185 3987 1348 4042 simul
1382 3988 1639 4042 donavit:
1672 3987 2105 4059 quadringentos
2207 4005 2594 4064 prmtermeare
2621 3994 2957 4061 desiderant,
2985 3995 3041 4050 in
3068 3995 3183 4051 salo
3209 3995 3476 4052 ﬂuctuant
3498 4035 3514 4062 ,
3545 3989 3656 4061 quia
3679 3984 3766 4039 ire.

511 4105 730 4160 quoque
776 4086 1068 4154 stipatores
1117 4098 1182 4136 ex
1222 4080 1392 4136 Callia
1435 4081 1632 4151 quibus
1675 4091 1830 4151 septa
1885 4081 2106 4137 incede-
2207 4096 2438 4157 quenter
2463 4088 2576 4142 illic
2601 4103 2751 4143 mare
2776 4087 2954 4143 ventis
2980 4089 3268 4154 excitatur,
3297 4098 3356 4144 ct
3383 4086 3607 4144 maxime
3631 4074 3762 4149 Lybi-

2209 4195 2276 4236 co
2303 4181 2602 4250 spiramine
2628 4223 2643 4248 ,
2692 4183 2848 4253 cujus
2873 4183 3034 4238 etiam
3063 4182 3436 4239 moderatiore
3458 4180 3578 4236 ﬂatu
3601 4174 3760 4230 ﬂuctus

2209 4274 2513 4331 attollitur:
2565 4275 2799 4346 denique
2826 4275 3002 4332 illisus
3033 4278 3495 4346 praecurrentibus
3537 4266 3759 4329 saxis,et

2209 4366 2384 4422 fracto
2414 4382 2767 4438 repercussus
2794 4367 3000 4438 impetu
3025 4409 3042 4435 ,
3092 4368 3316 4424 efferum
3373 4381 3520 4423 mare
3559 4353 3759 4418 cadendo

2209 4467 2516 4530 exasperat.
2543 4459 2730 4530 Itaque
2761 4475 2856 4516 rex
2882 4460 3088 4516 nullum
3118 4462 3382 4531 impensis
3419 4468 3644 4516 statuens
3668 4460 3758 4504 mo-

2131 4533 2186 4595 Ῑ)
2210 4553 2364 4618 dum,
2397 4553 2839 4624 magnanimitate
2863 4553 2995 4609 vicit
3023 4563 3268 4610 naturam
3291 4597 3306 4622 ,
3341 4561 3646 4626 portumque
3668 4553 3756 4598 mar

2203 4645 2381 4716 jorem
2423 4647 2600 4718 Pyreo
2648 4647 2966 4714 constituit;
3013 4657 3176 4720 atque
3223 4649 3277 4704 in
3308 4665 3376 4705 eo
3406 4649 3663 4719 penetrata
3685 4647 3754 4691 ru-

2208 4740 2355 4809 pium
2397 4742 2646 4796 vastitate
2671 4782 2686 4806 ,
2720 4742 2986 4798 stationes
3027 4751 3170 4798 tutas
3209 4742 3530 4815 composuit.
3579 4734 3756 4792 Mensus

515 4184 606 4236 bat
650 4178 939 4246 Cleopatra
967 4216 981 4240 ,
1049 4173 1115 4227 ad
1164 4172 1465 4227 custodiam
1511 4174 1760 4242 corporis
1811 4173 1925 4244 regi
1977 4188 2107 4228 con-

510 4272 712 4338 cessit,
746 4269 1021 4337 multaque
1051 4267 1178 4320 alia.
1229 4264 1337 4320 Sed
1388 4264 1472 4320 his
1501 4266 1755 4321 omnibus
1797 4282 1890 4323 rex
1939 4267 2108 4338 pluris

514 4364 788 4426 habebat,
819 4361 944 4432 quia
974 4376 1002 4413 a
1029 4357 1245 4413 Caesare
1276 4372 1442 4428 super
1467 4373 1657 4412 omnes
1682 4399 1697 4424 ,
1744 4358 1879 4414 infra
1911 4360 2108 4431 Agrip-

515 4473 635 4526 pani
683 4465 905 4516 tamen,
949 4449 1273 4520 diligebatur
1312 4465 1327 4514 ;
1380 4449 1447 4505 ab
1492 4448 1728 4521 Agrippa
1759 4491 1774 4516 ,
1823 4450 1958 4507 infra
1987 4450 2109 4509 Cae-

508 4563 707 4604 sarem.

1075 4634 1302 4693 CAPUT
1341 4634 1561 4691 XXXV.

582 4733 997 4806 Quintodecimo
1022 4731 1206 4801 itaque
1249 4732 1333 4786 sui
1361 4733 1510 4802 regni
1537 4747 1720 4800 anno,
1768 4743 1826 4790 ut
1875 4735 2107 4792 beatitu-

509 4828 623 4885 dini
650 4843 761 4882 suae
791 4823 1153 4895 responderet
1181 4831 1236 4879 et
1262 4824 1452 4894 gratiae
1476 4864 1492 4891 ,
1521 4833 1671 4880 tanto
1700 4842 1878 4882 rerum
1911 4843 2106 4884 secun-

509 4922 699 4976 darum
731 4933 987 4974 successu
1020 4918 1229 4972 levatus
1258 4957 1273 4984 ,
1324 4917 1390 4970 ad
1444 4918 1696 4987 pietatem
1738 4921 1969 4976 intendit
2004 4940 2017 4975 :
2048 4931 2104 4978 et

508 5023 566 5069 ut
593 5029 654 5068 se
678 5021 886 5083 gratum
919 5008 1234 5065 caelestibus
1283 5007 1337 5062 in
1381 5023 1440 5064 se
1470 5024 1633 5080 supra
1679 5011 1895 5066 modum
1927 5012 2102 5070 ﬂuen-

507 5109 650 5163 tibus
698 5105 975 5160 benciiciis
1024 5103 1468 5170 demonstraret,
1502 5107 1791 5177 templum
1847 5107 2098 5165 ornavit:

501 5213 827 5268 mniiemque
859 5196 1009 5250 illum
1041 5195 1185 5250 circa
1235 5196 1491 5265 templum
1537 5197 1642 5254 loci
1692 5200 1957 5256 ambitum
1994 5202 2100 5258 cir-

501 5288 847 5347 cnmvallavit
871 5303 1025 5342 muro
1050 5328 1065 5354 ,
1097 5286 1493 5358 geminatisque
1523 5291 1712 5361 spatiis
1737 5293 1954 5350 inclusit
1995 5295 2097 5350 im-

501 5399 690 5441 menso
725 5380 1026 5437 aediﬁcandi
1053 5389 1350 5462 sumptu-et
1380 5385 1649 5453 exquisito
1678 5385 1898 5443 decore.
1950 5387 2096 5444 Indi-

495 5477 582 5534 cio
606 5485 762 5534 erant
789 5488 1000 5544 magna:
1025 5473 1173 5528 circa
1201 5475 1498 5530 sacrarium
1529 5479 1797 5548 porticus,
1829 5496 1961 5552 quas
1992 5497 2094 5538 ex-

2207 4850 2425 4906 (Ῐυοίῐυθ
2455 4836 2691 4907 ερειιίυιη
2720 4837 2865 4908 quod
2914 4838 3272 4910 magnitudini
3323 4845 3508 4910 portus
3539 4820 3752 4887 conveni—

2207 4937 2310 4996 ret,
2343 4944 2470 4984 saxa
2501 4930 2734 5000 ingentia
2767 4931 2820 4985 in
2855 4945 3008 4987 mare
3032 4931 3162 5001 jecit
3185 4972 3200 4997 ,
3227 4931 3423 5002 quibus
3449 4929 3633 4984 inesset
3652 4914 3748 4987 Ple‘

2208 5023 2392 5093 risque
2418 5024 2648 5079 altitudo
2680 5025 2874 5095 pedum
2903 5025 3294 5098 quinquaginta
3317 5067 3334 5094 ,
3364 5025 3482 5082 aliis
3508 5016 3648 5076 etiam
3670 5021 3748 5064 ex-

2207 5115 2426 5169 celsior.
2473 5116 2728 5171 Distinxit
2758 5117 2933 5187 ipsum
2967 5119 3220 5175 maximis
3266 5119 3501 5175 turribus
3535 5115 3747 5185 portum.

2204 5222 2431 5276 quarum
2461 5223 2621 5263 unam
2651 5209 2884 5265 Drusion
2913 5212 3151 5278 vocavit,
3186 5220 3245 5267 ut
3277 5212 3432 5268 Drusi
3458 5217 3655 5266 nomen.
3674 5189 3745 5262 «ιιιί

2202 5299 2268 5354 de
2299 5301 2528 5356 Caesaris
2557 5301 2854 5371 majoribus
2881 5302 2981 5357 fuit
3009 5345 3024 5368 ,
3066 5304 3367 5375 insignibus
3395 5301 3475 5359 sui
3500 5291 3656 5367 operis
3676 5286 3743 5375 itt-

2201 5400 2430 5448 texeret.
2493 5393 2706 5449 Gradus
2753 5395 2916 5451 etiam
2962 5373 3246 5453 breviores
3292 5398 3426 5455 locis
3473 5373 3742 5454 interpositi“

2197 5485 2658 5555 l'requentioribus
2683 5529 2698 5556 ,
2750 5503 2848 5562 per
2870 5504 3008 5560 quos
3033 5491 3155 5548 sine
3183 5491 3336 5561 gravi
3362 5479 3536 5547 labore
3572 5465 3740 5540 na'iﬁl‘

569 5645 590 5671 θ
627 5631 934 5704 Legendnm
985 5630 1197 5689 videtur
1221 5673 1237 5702 ,
1267 5631 1478 5688 Antonii
1505 5643 1729 5692 castrum
1754 5655 1772 5692 .-
1816 5639 1898 5696 vel
1922 5641 1966 5696 si
2019 5641 2218 5711 mavis,
2248 5643 2529 5701 Antonium
2586 5647 2701 5704 sive
2743 5649 3058 5704 Antoninum
3100 5659 3330 5705 castrum
3371 5638 3563 5706 Antonii
3587 5625 3734 5710 φατέον

493 5707 669 5762 ΒΑΜ.
