3964 6316
134 325 284 387 εοοι

1028 334 1294 397 flfSTOll.
1340 339 1430 397 DE
1471 340 1755 400 EXCIDIO
1783 337 2059 398 HIEROS.
2101 337 2326 434 UHBIS.
2366 338 2497 397 LIB.
2530 341 2571 396 ι.

3326 345 3469 404 2002

126 444 620 505 subducerentur.
667 448 866 505 Tribus
893 450 1055 507 etiam
1082 453 1312 510 colossis
1339 455 1648 528 ingentibus
1674 465 1762 513 ιο-
1788 459 1842 518 Α
1868 451 2003 524 regii
2048 454 2269 525 generis
2295 495 2310 519 .
2352 464 2408 510 et
2432 453 2524 509 diu
2555 456 2839 511 exercitati
2872 457 3151 529 privilegio
3178 456 3463 529 potestatis

124 552 239 598 tam
270 550 482 613 portus
541 542 692 600 illius
731 544 963 615 gratiam
1012 548 1334 604 venustavit.
1384 550 1583 606 lterum
1631 561 1793 615 tem-.

128 638 288 708 plum
318 634 581 695 Caesaris
606 638 822 695 editiori
851 628 1095 721 fundavit
1123 643 1265 710 loco,
1288 652 1342 701 et
1370 644 1561 715 templi
1585 644 1765 700 medio

138 728 433 786 colossum
458 730 753 787 constituit
791 734 1017 805 Augusti
1050 736 1305 803 nomine,
1353 737 1501 792 velut
1541 737 1765 793 simula-

139 836 300 878 crum
333 821 561 892 ipsius,
608 822 754 895 quod
804 839 910 881 non
943 826 1170 883 minoris
1214 830 1597 901 magnitudinis
1624 831 1765 887 foret

140 914 458 972 simulacro
481 915 720 990 Olympii
745 916 898 974 Jovis
915 927 1011 974 aut
1033 919 1261 976 Junonis
1282 923 1517 993 Argivas.
1543 922 1763 979 Nescias

140 1007 623 1081 pulchritudinem
653 1009 708 1066 in
736 1011 898 1069 tantis
926 1012 1329 1070 difficultatibus
1353 1057 1369 1081 ,
1399 1030 1467 1071 an
1510 1016 1760 1073 validita-

90 1084 119 1099 ’
140 1111 252 1159 tem
284 1092 492 1173 operis
525 1119 541 1169 ;
585 1118 651 1160 ac
695 1105 1090 1161 munimentum
1122 1106 1178 1162 in
1210 1114 1361 1162 tanto
1391 1108 1587 1165 decore
1626 1125 1765 1180 prae-

140 1205 295 1253 stare
334 1196 585 1269 amplius
617 1205 777 1268 putes
799 1242 814 1267 ,
866 1199 1303 1272 quandoquidem
1333 1201 1622 1258 insolubile
1649 1218 1765 1257 ma-

142 1300 273 1348 neat
299 1306 477 1364 opus,
508 1300 565 1350 et
588 1292 727 1348 mari
757 1301 815 1350 et
842 1295 1119 1350 vetustati.
1147 1294 1396 1352 Accessit
1417 1297 1599 1367 itaque
1622 1296 1675 1351 in
1697 1312 1763 1350 eo

142 1400 314 1456 opere
343 1385 642 1457 multiplex
667 1387 867 1459 gratia.
897 1386 1033 1444 Nam
1059 1398 1115 1445 et
1141 1389 1274 1445 urbs
1304 1389 1537 1446 maxima
1574 1404 1760 1446 accre-

139 1479 220 1536 vit
250 1480 666 1553 provinciae,[et
695 1490 883 1553 portus
904 1482 1285 1555 navigantibus
1309 1524 1326 1552 ,
1358 1493 1413 1540 et
1441 1483 1616 1539 honor
1644 1483 1764 1539 Ca:-

140 1573 253 1628 sari
283 1612 302 1641 ,
351 1571 523 1646 cujus
590 1587 661 1631 ex
707 1574 929 1632 nomine
954 1573 1201 1632 Ctesarea
1267 1575 1321 1632 in
1366 1574 1471 1631 hoc
1516 1583 1764 1647 tempore

140 1674 395 1725 vocatur.

697 1760 930 1822 CAPUT
969 1762 1214 1821 XXXVI.

1869 545 2136 603 incertum
2161 542 2185 615 ,’
2209 560 2277 602 an
2308 546 2377 602 ab
2404 562 2472 603 eo
2499 547 2770 605 abetinere
2800 564 2862 605 se
2898 559 3117 620 posset,
3159 550 3467 607 aestimaba-

1867 648 1974 696 tur.
2007 640 2258 711 Laqueus
2286 641 2446 712 igitur
2470 643 2661 698 mortis
2688 642 2960 715 Hyrcano,
2987 644 3309 716 conjugium“
3327 658 3463 715 nep-

1869 733 1938 787 tis
1960 732 2100 800 fuit,
2134 732 2290 803 cujus
2320 735 2492 805 gratia
2539 736 2854 807 properavit
2891 737 2958 792 ad
2990 737 3259 794 Herodem
3305 756 3321 794 :
3371 753 3469 794 ne—

1871 824 2040 892 scius,
2087 825 2255 881 tutius
2278 842 2345 881 ne
2371 827 2513 899 apud
2545 827 2758 883 hostem
2786 828 3028 899 captivos
3055 828 3277 901 degere,
3304 844 3466 901 quam

1866 919 2007 989 apud
2049 934 2228 990 regem
2261 922 2614 996 propinquos.
2662 921 2817 977 Nulla
2856 923 3037 995 itaque
3072 923 3157 979 vel
3203 922 3309 979 levi
3343 938 3466 995 reg-

1858 1010 2029 1091 nandi
2057 1011 2391 1082 suspicione,
2422 1012 2525 1068 hoc
2554 1013 2673 1069 solo
2704 1014 3062 1085 interemptus
3087 1023 3172 1071 est
3196 1055 3211 1082 ,
3239 1013 3383 1085 quod
3412 1014 3465 1071 ei

1865 1113 2175 1173 competere
2206 1121 2432 1176 regnum
2462 1106 2770 1163 videbatur.
2823 1108 3092 1180 Diligebat
3118 1108 3329 1166 interea
3354 1109 3468 1166 Ma-

1866 1196 2132 1252 riamnem
2159 1197 2408 1268 impenso
2435 1212 2640 1267 amore,
2671 1214 2775 1255 nec
2795 1198 3058 1255 oﬁ‘ensam
3089 1201 3340 1269 volebat;
3371 1216 3469 1256 cu—

1866 1289 2170 1346 mulaverat
2200 1291 2396 1347 mulier
2423 1293 2653 1364 gratiam
2698 1293 3057 1349 numerosiori
3103 1304 3282 1364 partu.
3328 1294 3463 1350 Nam

1864 1382 2105 1453 quinque
2130 1382 2182 1438 ei
2208 1393 2568 1455 generaverat
2592 1384 2738 1441 filios
2760 1426 2774 1452 ,
2806 1385 2904 1443 sed
2928 1400 2994 1442 ex
3026 1386 3199 1442 tribus
3230 1385 3467 1443 maribus

1861 1472 2044 1544 junior
2069 1474 2255 1531 Horum
2281 1476 2511 1541 obierat,
2541 1476 2670 1533 dum
2705 1477 2905 1533 litteris
2944 1478 3205 1535 imbuitur
3229 1478 3461 1535 liberali-

1864 1565 1987 1620 bus.
2035 1565 2252 1639 Reliqui
2293 1568 2401 1624 duo
2449 1569 2593 1625 ultra
2649 1570 2982 1641 privatorum
3036 1571 3258 1627 modum
3315 1572 3466 1643 regio

1864 1657 2013 1713 cultu
2044 1656 2491 1733 celebrabantur.
2524 1659 2796 1732 Suﬂ'ragio
2821 1671 2938 1716 erat
2962 1660 3252 1730 juvenibus
3277 1661 3466 1717 matris

1866 1750 2158 1818 nobilitas,
2210 1763 2265 1807 et
2308 1767 2437 1808 suus
2462 1764 2616 1808 ortus
2665 1754 2717 1809 in
2744 1769 2911 1823 regno
2935 1795 2951 1820 ,
2990 1754 3135 1826 quod
3161 1754 3463 1826 imperante

209 1855 367 1912 Hanc
407 1856 563 1929 regis
603 1858 898 1928 potentiam
943 1860 1228 1932 prosperis
1276 1860 1589 1918 affluentem
1634 1876 1762 1918 suc-
1791 1845 1973 1916 Biam
2020 1854 2175 1915 Ρθιτθ
2203 1846 2374 1916 senili
2414 1843 2630 1912 Ῑοτθηιν
2672 1846 2768 1901 sed
2800 1861 2957 1901 δηιοι·
2993 1847 3229 1901 maxime
3269 1846 3467 1902 Maria“

139 1948 388 2007 cessibus
429 1950 599 2006 unius
626 1951 874 2008 mulieris
901 1954 1140 2022 expetita
1167 1954 1401 2010 societas
1432 1956 1746 2021 inclinavit;

138 2041 468 2114 maestisque
514 2041 735 2114 infregit
762 2043 1041 2101 doloribus
1064 2087 1081 2114 ,
1121 2062 1187 2101 ex
1215 2061 1325 2117 quo
1350 2046 1640 2104 adversum
1660 2048 1753 2119 jus

112 2135 328 2209 fasque
351 2136 674 2209 coniugium
700 2137 964 2210 dignitate
991 2141 1169 2211 potius
1193 2140 1414 2212 generis
1440 2156 1603 2212 quam
1624 2142 1754 2198 cha-

139 2230 341 2299 ritate,
389 2245 499 2287 usu
550 2230 786 2303 quodam
836 2232 986 2304 regio
1022 2234 1356 2291 metiendum
1399 2235 1748 2293 existimavit.

140 2320 386 2380 Habebat
431 2333 622 2380 autem
663 2324 717 2395 i_n
758 2326 1132 2394 consortium,
1186 2327 1440 2384 Dosidem
1490 2331 1749 2397 nomine,

142 2416 700 2491 Hierosolymitanam
753 2418 1254 2493 feminamprivato
1281 2422 1385 2478 sibi
1414 2431 1542 2478 ante
1578 2423 1752 2478 socia-

144 2520 251 2568 tam
272 2555 288 2581 ,
319 2527 445 2584 qua:
467 2513 682 2585 gratior
710 2528 776 2570 eo
804 2528 926 2571 esse
957 2514 1254 2581 debuerat,
1290 2529 1396 2586 quo
1420 2513 1600 2571 fuerat
1624 2514 1752 2570 felix

144 2605 370 2675 marito,
418 2621 552 2663 cum
603 2621 708 2678 qua
745 2608 931 2678 regale
960 2606 1141 2664 fuerat
1180 2607 1408 2678 adeptus
1453 2607 1748 2680 fastigium.

146 2699 344 2757 Verum
394 2702 697 2759 immemor
743 2701 933 2772 gratiae
997 2701 1214 2771 projicit
1243 2701 1521 2770 Dosidem,
1579 2702 1753 2757 sociat

146 2792 501 2852 Hariamnem
545 2793 847 2851 Aristobuli
894 2782 1166 2865 neptem,
1210 2794 1506 2850 Alexandri
1557 2793 1742 2849 filiam.

148 2888 329 2961 ltaque
352 2888 486 2947 dum
520 2890 767 2962 sequitur
794 2888 1160 2955 nobilitatem,
1192 2889 1248 2945 in
1280 2888 1745 2958 perturbationem

148 2980 348 3050 incidit,
380 2998 496 3055 qua
525 2982 630 3039 sibi
662 2981 857 3039 domus
886 2983 1105 3053 propria
1136 2997 1246 3038 non
1279 2983 1633 3048 conveniret,
1659 2979 1750 3036 cui

150 3079 481 3149 diversarum
534 3082 939 3155 provinciarum
991 3083 1279 3156 multiplex
1342 3084 1749 3156 obtemperaret

152 3176 409 3247 populus:
455 3191 530 3233 ac
574 3192 645 3234 ne
690 3176 838 3233 oculi
882 3191 1039 3233 novae
1085 3187 1268 3248 nupta:
1312 3178 1440 3234 odio
1470 3178 1745 3234 novercali

142 3265 290 3328 .domi
315 3270 499 3340 posito
520 3310 538 3337 ,
568 3282 636 3325 eo
665 3284 824 3340 quem
856 3270 1012 3326 Dosis
1052 3278 1415 3341 generaverat
1437 3312 1453 3337 ,
1500 3269 1741 3325 offende-

155 3370 351 3429 rentur,
378 3363 595 3435 ejecms
623 3378 731 3419 non
754 3363 928 3421 solu‘m
959 3365 1199 3435 paternis
1228 3364 1434 3421 aedibus
1458 3407 1473 3432 ,
1513 3365 1609 3421 sed
1637 3374 1746 3422 tota

157 3466 357 3525 quoque
381 3458 525 3513 urbe
547 3454 835 3527 Antipater
864 3456 885 3529 (
909 3456 963 3512 id
988 3457 1133 3512 enim
1156 3456 1341 3527 juveni
1372 3472 1566 3513 nomen
1592 3458 1612 3529 )
1661 3459 1747 3514 in-

158 3542 337 3604 faustis
364 3549 574 3622 nuptiis
599 3549 778 3605 locum
809 3548 936 3606 fecit
958 3593 972 3617 ,
998 3565 1133 3621 quas
1167 3562 1321 3620 pater
1358 3550 1501 3606 unici
1527 3550 1627 3606 filii
1651 3567 1748 3607 ex-

163 3636 276 3693 silio
300 3640 730 3707 concelebravit,
764 3642 967 3715 vixque
997 3644 1259 3700 festorum
1291 3643 1501 3698 dierum
1549 3644 1747 3700 solem-
1824 3673 1837 3677 δ

162 3730 408 3791 nitatibus
461 3735 866 3792 arcessebatur.
926 3736 1131 3794 Videns
1184 3739 1380 3795 mulier
1427 3738 1747 3811 morigerari

160 3824 254 3881 sibi
278 3828 535 3887 maritum
560 3871 577 3898 ,
628 3831 790 3887 etiam
822 3830 1037 3900 pietatis
1082 3831 1329 3888 convicio
1356 3833 1408 3888 in
1436 3833 1744 3905 superbiam

160 3932 427 3992 conversa,
452 3923 641 3981 addita
669 3934 754 3981 est
777 3925 940 3982 etiam
970 3941 1134 3982 causa
1156 3966 1171 3993 ,
1199 3942 1301 3996 qua
1330 3927 1452 3997 jure
1477 3926 1598 3997 ejus
1622 3928 1746 3982 ani-

162 4025 273 4075 mus
306 4015 775 4074 inﬂammaretur:
826 4018 951 4089 quia
980 4018 1307 4091 Hyrcanum
1333 4035 1493 4075 avum
1544 4032 1700 4075 suum
1727 4062 1742 4087 ,

163 4102 256 4160 viri
277 4107 355 4163 sui
382 4108 599 4165 insidiis
621 4118 847 4165 noverat
873 4111 1202 4166 exstinctum
1222 4152 1236 4176 ,
1266 4109 1404 4166 falso
1432 4119 1744 4182 suspectum

162 4212 370 4273 propter
382 4206 537 4276 regni
555 4188 938 4276 cupiditatem:
961 4204 1078 4276 ipse
1095 4213 1200 4269 est,
1232 4204 1299 4261 de
1321 4221 1428 4275 quo
1449 4220 1608 4277 supra
1634 4222 1746 4262 me-

164 4299 505 4368 moravimus,
538 4314 698 4371 quem
731 4296 1175 4355 Barzafarmanes
1201 4300 1291 4371 qui
1315 4298 1496 4357 Persis
1525 4300 1747 4372 imperi-

164 4386 320 4456 tabat,
349 4407 473 4450 cum
504 4400 828 4464 occupasset
854 4392 1088 4465 Syriam,
1119 4395 1389 4466 captivum
1419 4396 1741 4464 abduxerat,

163 4486 315 4552 atque
340 4485 391 4542 in
418 4489 637 4545 Parthia
667 4488 842 4559 primo
872 4495 1166 4554 retentum,
1202 4498 1389 4559 postea
1416 4489 1621 4546 Judaeis
1649 4505 1745 4560 po-

164 4575 473 4637 stulantibus
498 4583 587 4652 qui
614 4596 776 4651 supra
807 4581 1138 4651 Euphratem
1159 4580 1552 4649 inhabitabant,
1582 4581 1746 4638 mise-

166 4677 305 4729 ratus
342 4686 544 4735 sortem
594 4677 902 4733 inelinatam
947 4678 1305 4748 permiserat:
1348 4688 1511 4749 atque
1539 4679 1745 4735 utinam

169 4767 220 4815 ut
245 4776 532 4827 concessus
560 4769 735 4826 fuerat
761 4770 1178 4842 deprecantibus
1200 4811 1215 4837 ,
1267 4770 1339 4825 ita
1369 4770 1530 4827 etiam
1562 4770 1744 4827 credi-

169 4850 326 4914 disset
349 4863 691 4921 monentibus
717 4905 733 4932 ,
762 4878 831 4919 ne
858 4877 1009 4919 mora
1040 4862 1245 4934 ingenii
1280 4861 1504 4917 humani
1525 4864 1751 4934 propin-

170 4959 383 5013 Quorum
413 4969 534 5011 cum
575 4957 814 5028 potentia
851 4955 1209 5023 sollicitaret,
1259 4964 1319 5012 ut
1363 4955 1431 5012 ad
1476 4956 1747 5024 Herodem

174 5045 443 5105 transitum
472 5050 693 5120 faceret,
734 5066 852 5107 eam
885 5049 960 5106 illi
1005 5049 1250 5122 periculo
1278 5049 1512 5107 futuram
1536 5091 1552 5117 ,
1602 5052 1748 5123 quod

174 5136 337 5193 nullos
362 5144 531 5215 magis
555 5145 707 5215 regni
744 5142 945 5214 cupido
970 5144 1247 5212 servandi,
1270 5158 1438 5216 quam
1472 5145 1748 5214 proximos

174 5230 489 5303 exagitaret,
536 5244 699 5308 atque
743 5251 774 5291 a
802 5221 1118 5307 propinquis
1149 5246 1391 5293 caveret.
1420 5234 1624 5293 Verum
1656 5237 1750 5294 ille

177 5320 325 5380 tazdio
350 5330 802 5402 peregrinationis
831 5338 886 5385 et
915 5343 1137 5385 suorum
1186 5328 1460 5386 desiderio
1504 5331 1753 5388 transivit

177 5408 490 5485 Euphratem
514 5465 531 5491 ,
575 5424 628 5478 in
648 5420 891 5479 Iudaeam
919 5422 1232 5479 revertitur.
1290 5423 1448 5491 Quod
1490 5423 1655 5481 altius
1693 5423 1750 5481 in

180 5515 353 5571 Ρθοιυε
379 5512 628 5584 Herodis,
661 5530 821 5586 quam
851 5516 1135 5587 quisquam
1165 5522 1318 5571 ratus
1346 5524 1494 5584 erat,
1525 5516 1753 5574 descen-

182 5596 273 5670 dit,
298 5619 398 5664 non
423 5624 529 5683 quo
555 5610 650 5668 ille
672 5625 899 5683 regnum
927 5608 1268 5666 affectaverit
1286 5649 1304 5679 ,
1350 5608 1446 5666 sed
1476 5610 1603 5682 quia
1632 5610 1753 5668 viro

1854 1953 2033 2003 mnes,
2048 1954 2156 2009 quo
2173 1954 2268 1994 rex
2288 1938 2457 2010 magis
2473 1938 2751 2010 magisque
2764 1938 3009 2009 quotidie
3028 1937 3428 1994 accendebatur
3446 1953 3462 1990 :

1855 2042 1912 2086 ut
1958 2046 2079 2086 cum
2124 2030 2227 2100 ipsi
2274 2030 2423 2086 nulla
2471 2031 2791 2088 vicissitudo
2830 2032 3034 2087 amoris
3062 2045 3092 2085 a
3118 2030 3350 2101 conjuge
3379 2044 3467 2085 re-

1853 2122 2183 2194 penderetur
2208 2162 2224 2188 ,
2274 2130 2499 2178 caveret
2528 2130 2711 2178 tamen
2736 2166 2751 2190 ,
2804 2137 2873 2179 ne
2923 2122 2975 2176 in
3007 2122 3193 2191 aliquo
3220 2119 3466 2175 mulieris

1853 2218 2098 2272 animum
2127 2214 2523 2271 mmstificaret.
2551 2214 2731 2287 aliqua
2806 2216 2966 2270 lance
3006 2214 3191 2269 odium
3222 2211 3466 2269 mulieris

1854 2315 1912 2363 et
1939 2321 2091 2362 amor
2125 2293 2231 2362 'viri
2257 2306 2554 2361 adversum
2585 2322 2646 2363 se
2670 2307 2974 2363 certabant.
3021 2305 3230 2363 Justius
3281 2314 3461 2359 tamen

1856 2399 2210 2455 Mariamnem
2234 2408 2507 2454 amantem
2546 2414 2606 2455 se
2628 2398 2805 2455 virum
2833 2397 3065 2465 oderat,
3095 2413 3254 2469 quam
3287 2396 3462 2453 Hero-

1853 2492 1952 2549 des
1982 2492 2334 2549 Mariamnem
2375 2471 2592 2547 amabat
2622 2506 2729 2547 non
2762 2500 3059 2547 amantem.
3126 2489 3459 2560 Suppetebat

1854 2586 2071 2642 mulieri
2115 2586 2299 2641 odium
2326 2585 2396 2642 de
2424 2584 2628 2657 flagitio
2650 2625 2665 2648 ,
2714 2584 2911 2639 fiducia
2939 2584 3009 2640 de
3048 2597 3235 2639 amore
3272 2598 3286 2635 :
3334 2580 3460 2652 quia

1853 2677 2028 2733 altero
2055 2675 2246 2733 dolore
2273 2677 2491 2744 nepetis
2518 2676 2931 2742 adversabatur,
2963 2677 3137 2731 altero
3167 2689 3263 2745 per
3290 2673 3457 2730 obse-

1852 2770 2039 2840 quium
2065 2770 2300 2824 amantis
2325 2769 2708 2824 extollebatur.
2766 2768 2834 2823 Et
2880 2767 3005 2823 ideo
3046 2783 3116 2823 ne
3147 2781 3179 2822 a
3207 2766 3458 2822 convicio

1853 2861 2072 2933 quidem
2114 2860 2546 2932 objiciendorum
2593 2861 2881 2917 criminum
2925 2859 3287 2928 temperavit,
3314 2860 3460 2930 quod

1851 2967 2010 3009 avum
2040 2951 2141 3008 sibi
2173 2952 2480 3024 Hyrcanum
2509 2963 2563 3009 et
2601 2952 2822 3008 fratrem
2853 2951 3146 3008 Jonatham
3196 2967 3292 3037 per
3338 2966 3460 3007 sce-

1852 3047 1939 3102 lus
1967 3046 2305 3117 eripuisset,
2352 3061 2476 3101 cum
2521 3046 2662 3102 alter
2691 3059 2954 3116 prosocer
2985 3085 3001 3113 ,
3048 3045 3188 3100 alter
3232 3043 3455 3099 affinis:

1854 3137 1947 3193 ille
1968 3146 1994 3174 δ
2022 3147 2251 3208 propter
2275 3139 2573 3195 senectutis
2619 3138 2990 3195 infirmitatem
3021 3138 3227 3194 servari
3257 3138 3459 3193 debue—

1773 3245 1821 3309 ο
1851 3233 1943 3301 rit,
1968 3232 2056 3288 hic
2085 3234 2277 3288 saltem
2303 3242 2529 3305 propter
2546 3242 2765 3288 aetatem
2790 3232 3252 3288 adolescentulam
3279 3249 3292 3285 :
3325 3232 3459 3286 faci-

1854 3340 1976 3382 mus
1997 3324 2279 3396 indignum
2309 3367 2323 3390 ,
2355 3326 2439 3380 cui
2466 3334 2675 3394 septem
2705 3336 2760 3380 et
2797 3324 2985 3379 decem
3012 3338 3282 3380 annorum
3326 3322 3457 3379 ado-

1854 3408 2080 3475 lescenti
2108 3434 2380 3474 summum
2402 3418 2751 3475 commiserat
2771 3417 3155 3484 sacerdotium,
3182 3418 3306 3472 huic
3326 3432 3458 3472 eon-

1853 3513 2007 3568 tinuo
2039 3515 2297 3569 honorem
2330 3512 2601 3578 contulit,
2648 3519 2705 3567 et
2751 3520 2983 3567 mortem
3033 3511 3259 3576 intulit;
3306 3509 3458 3565 nulla

1852 3605 1955 3660 alia
1983 3618 2169 3669 causa.
2205 3612 2263 3659 ut
2287 3603 2621 3674 accepimus,
2654 3603 2756 3659 nisi
2799 3602 2944 3675 quod
2968 3601 3290 3658 sacerdotali
3318 3603 3458 3656 ami-

1851 3703 1941 3751 ctu
1974 3695 2229 3759 indutus,
2277 3694 2367 3749 ubi
2392 3694 2626 3749 accessit
2654 3694 2886 3761 primum
2918 3693 2983 3747 ad
3020 3692 3210 3747 altaria
3241 3701 3459 3746 sacrato

1850 3796 1906 3841 et
1941 3784 2146 3841 celebri
2185 3785 2275 3840 die
2302 3824 2317 3849 ,
2366 3783 2547 3839 subito
2588 3783 2818 3854 populus
2868 3783 3263 3854 illacrymavit:
3308 3783 3456 3851 quod

1849 3886 2166 3948 suspectum
2196 3876 2333 3932 adeo
2358 3873 2561 3929 Herodi
2596 3873 2735 3942 fuit,
2788 3882 2847 3928 ut
2894 3888 3003 3943 prae
3031 3872 3230 3945 gaudio
3257 3872 3454 3927 crede-

1849 3979 1935 4024 ret
1962 3967 2223 4038 populum
2250 3965 2649 4037 illacrymasse,
2678 3975 2839 4034 atque
2857 3962 2995 4018 adeo
3021 3977 3149 4033 erga
3168 3961 3453 4032 Ephebnm

1851 4059 2157 4132 prodidisse
2172 4058 2431 4131 affectum
2459 4073 2653 4123 suum,
2682 4056 2955 4128 lacrymas
2999 4055 3122 4116 illas
3165 4053 3278 4109 voti
3314 4052 3455 4109 indi-

1850 4167 1978 4220 ces,
2027 4152 2267 4207 studium
2299 4149 2485 4222 populi
2531 4149 2615 4204 sui
2648 4149 3055 4219 periculosum,
3103 4148 3196 4220 qui
3247 4146 3453 4203 intimis

1850 4244 2151 4300 visceribus
2189 4241 2611 4312 significaverit,
2644 4239 2788 4312 quod
2818 4239 3057 4294 studium
3088 4253 3214 4310 erga
3243 4238 3452 4294 cultum

1848 4336 2211 4392 adolescentis
2254 4333 2523 4400 haberet,
2573 4341 2628 4387 et
2658 4330 2895 4386 nobilem
2922 4331 3077 4385 illum
3122 4330 3327 4401 regium
3361 4343 3457 4384 ne-

1851 4436 2033 4499 potem
2084 4424 2399 4497 impotentis
2445 4421 2686 4478 mulieris
2735 4420 2904 4477 filium
2969 4419 3193 4475 fratrem
3252 4418 3454 4488 reginae

1850 4519 2204 4593 protervioris
2252 4534 2374 4589 quae
2419 4530 2604 4586 regem
2655 4514 2831 4569 virum
2862 4512 3284 4584 dedignaretur,
3329 4524 3457 4587 pro-

1853 4618 2138 4679 rupturum
2167 4607 2236 4662 ad
2264 4605 2672 4679 imperandum,
2713 4605 2823 4659 nisi
2858 4602 3124 4659 maturius
3151 4602 3398 4659 sublatus
3422 4616 3458 4657 e

1856 4702 2039 4757 medio
2068 4700 2207 4755 foret
2232 4741 2250 4768 ,
2276 4701 2363 4755 cui
2400 4700 2570 4755 forma
2592 4740 2607 4765 ,
2645 4696 2732 4753 cui
2762 4696 2977 4753 decoris
3002 4695 3176 4766 gratia
3203 4704 3460 4767 suppete-

1855 4803 1959 4862 ret,
1990 4802 2049 4848 ut
2064 4792 2186 4864 jure
2212 4790 2582 4863 praeferendus
2608 4789 2860 4845 omnibus
2889 4789 3274 4844 mstimaretur.
3320 4786 3460 4843 Pro-

1856 4890 2037 4961 posuit
2090 4890 2271 4960 itaque
2321 4888 2724 4944 adolescentem
2781 4883 3035 4941 occidere
3076 4900 3092 4938 :
3141 4872 3460 4954 exagitabat

1857 4997 1981 5039 eum
2010 4990 2185 5037 mater
2206 4979 2578 5036 adolescentis
2602 5021 2618 5045 ,
2665 4994 2786 5049 quae
2826 4985 2884 5034 et
2916 4976 2986 5033 ad
3016 4974 3456 5048 investigandum

1854 5075 2074 5143 acrior,
2106 5081 2164 5130 et
2208 5074 2276 5128 ad
2323 5072 2688 5128 ulciscendum
2718 5069 3097 5127 vehementior
3121 5109 3138 5135 ,
3190 5066 3325 5124 nihil
3361 5080 3458 5122 oc-

1858 5171 2062 5228 cultum
2085 5211 2103 5239 ,
2150 5168 2396 5240 nihilque
2437 5167 2670 5223 inultum
2694 5164 3002 5237 patiebatur
3024 5206 3041 5231 ,
3085 5176 3263 5231 eoque
3299 5174 3460 5217 revo-

1852 5282 1981 5323 care
2033 5260 2158 5322 sese
2182 5278 2248 5320 ac
2272 5262 2576 5334 reprimere
2602 5258 2964 5318 deliberabat.
3013 5255 3224 5312 Rursus
3277 5252 3464 5323 exagi-

1854 5357 2006 5414 tabat
2047 5370 2171 5413 eum
2220 5353 2549 5412 cumulatior
2595 5352 2649 5407 in
2696 5349 2815 5406 dies
2867 5362 2998 5419 erga
3048 5344 3458 5401 adolescentem

1854 5462 2010 5521 amor
2037 5447 2414 5524 universorqm
2456 5451 2512 5500 et
2536 5440 2691 5515 regni
2742 5438 3065 5513 periculum.
3117 5433 3275 5492 Unde
3322 5448 3463 5503 pra:-

1853 5537 2250 5667 ruptolfurore
2295 5538 2604 5607 excitatus,
2666 5532 2857 5593 statuit
2909 5529 3102 5605 quovis
3144 5525 3309 5585 modo
3350 5525 3463 5584 sibi

1856 5625 2025 5667 censu
2051 5624 2166 5667 ere.

1856 5624 2166 5671 consulere.

252 5769 357 5847 {In
399 5774 633 5834 editione
672 5775 847 5846 prima
889 5774 1242 5847 AAscensiana
1265 5772 1502 5847 legimus
1546 5782 1759 5847 propter
1805 5768 2083 5833 senectutis
2106 5768 2395 5841 inﬁrmum,
2425 5782 2527 5842 pro
2562 5780 2673 5839 quo
2699 5764 2843 5824 male
2879 5768 3069 5837 postea
3103 5760 3463 5833 inﬁrmitatem

190 5840 579 5906 substitueruntt
611 5840 855 5905 Minoem
888 5844 925 5902 1.
952 5860 1003 5904 c.
1033 5858 1158 5917 pag.
1182 5844 1313 5931 8‘26.~
