3964 6316
552 315 695 376 90οῑ

1073 424 1305 483 CAPUT
1343 421 1613 479 XXXVII.

625 520 853 578 Mittitur
870 517 1190 574 adolescens
1214 516 1492 571 nocturnis
1513 513 1847 583 temporibus
1864 512 1931 569 ad
1956 513 2149 569 urbem

553 614 771 672 Hierico
796 655 811 679 ,
852 609 1122 681 atqueibi
1151 608 1345 665 solitus
1370 606 1628 663 delectari
1657 606 1841 662 studio
1885 605 2106 661 natandi
2130 621 2149 674 ;

554 720 586 761 a
636 704 880 778 plurimis
928 700 1085 774 quasi
1146 700 1201 755 in
1243 699 1428 755 ludum
1477 696 1805 754 coeuntibus
1851 696 1980 752 dum
2032 695 2153 752 sine

552 798 717 853 modo
738 796 1023 866 mergitur,
1053 792 1106 847 in
1138 789 1345 861 piscina
1372 795 1617 845 necatur.
1659 786 1714 842 Id
1746 786 1967 842 tacitum
1995 800 2153 842 soror

552 902 661 944 non
696 888 853 952 tulit,
897 885 993 941 sed
1043 883 1239 939 affectu
1279 877 1658 952 germanitatis
1701 892 1796 948 per
1840 878 2152 933 convicium

549 981 809 1055 prodidit,
837 988 1000 1049 atque
1030 977 1324 1047 objectavit
1349 974 1566 1039 marito,
1587 973 1740 1042 jussu
1772 972 1890 1043 ejus
1911 970 2016 1028 sibi
2040 972 2152 1027 fra-

550 1087 689 1135 trem
718 1085 989 1146 ereptum.
1014 1072 1340 1131 Destitutam
1363 1083 1424 1125 se
1443 1068 1722 1134 omnibus,
1754 1066 2025 1122 funestam
2049 1064 2154 1121 sibi

551 1170 774 1229 domum
802 1168 1085 1238 conjugis,
1129 1164 1220 1236 qui
1278 1162 1455 1233 primo
1502 1160 1607 1216 sibi
1664 1174 1824 1215 avum
1853 1159 2152 1226 ademerit,

552 1274 738 1335 postea
756 1274 1072 1333 germanum
1098 1256 1455 1322 interemerit,
1483 1254 1734 1309 miseram
1760 1265 1820 1308 se
1845 1252 2019 1307 exitio
2039 1252 2154 1309 suis

552 1352 722 1411 fuisse
748 1363 773 1407 τ
793 1350 1085 1422 imprecari
1110 1349 1227 1405 dira
1252 1348 1372 1404 viro
1392 1389 1408 1415 ,
1456 1345 1637 1403 socrui
1674 1353 1731 1402 et
1757 1350 1903 1416 regis
1929 1345 2104 1400 sorori
2130 1361 2146 1411 ;

555 1460 847 1503 commune
874 1444 1113 1499 omnium
1142 1441 1400 1512 ﬂagitium
1431 1458 1445 1496 :
1484 1440 1717 1496 ultorem
1756 1438 1927 1494 Deum
1962 1450 2154 1508 posce-

553 1556 637 1609 re,
667 1555 735 1596 ne
753 1547 965 1595 tantum
988 1538 1194 1593 facinus
1209 1534 1532 1606 impunitum
1552 1533 1970 1604 relinqueretur.
1990 1529 2156 1586 Fere-

554 1634 647 1690 bat
690 1632 791 1687 ista
833 1629 1075 1687 Herodes
1103 1629 1257 1700 quasi
1285 1642 1470 1683 amore
1509 1634 1699 1697 captus
1734 1633 1789 1680 et
1820 1623 2035 1679 nutibus
2059 1622 2157 1679 de-

552 1724 701 1781 ditus
727 1742 740 1780 :
771 1723 868 1780 sed
900 1722 1111 1778 furebat
1133 1721 1214 1777 ira
1245 1718 1525 1776 muliebris
1549 1761 1564 1785 ,
1606 1728 1663 1773 et
1690 1717 1834 1773 ferre
1862 1731 1971 1771 non
2004 1726 2155 1786 pote-

1950 300 2195 366 SANCTI
2234 306 2558 366 AMBROSII

2173 425 2225 486 Α
2255 422 2429 492 psisse
2457 421 2679 485 Herodi,
2716 430 2773 476 ut
2801 422 3173 478 Aristobulum
3204 424 3271 477 ad
3318 438 3379 478 se
3403 424 3525 478 sine
3552 435 3715 477 mora
3742 424 3853 477 mit-

3721 303 3853 360 EVM

2252 524 2430 572 teret:
2459 516 2529 572 de
2553 516 2848 572 Mariamne
2868 517 3011 588 quod
3027 526 3053 555 ἰ
3075 517 3176 571 sibi
3203 516 3495 587 conjuncta
3525 517 3702 583 foret,
3730 532 3861 586 pras-

2253 611 2574 667 termisisse.
2621 610 2738 667 Non
2771 626 2881 683 quo
2906 610 3195 681 cooperire
3227 610 3481 667 libidines
3508 624 3671 677 suas,
3703 609 3786 664 vel
3809 608 3855 665 ia

2253 703 2337 757 bis
2362 719 2481 773 qua:
2507 714 2690 774 nuptae
2708 708 2897 759 essent
2921 702 3064 774 apud
3098 705 3325 758 maritos
3350 702 3594 767 soleret,
3625 701 3721 757 cui
3751 702 3856 758 sine

2255 797 2498 865 periculo
2527 784 2656 852 usus
2680 795 2850 864 foret,
2881 796 3142 870 ﬂagitium
3170 797 3291 852 sine
3317 796 3565 867 pudore;
3620 795 3722 851 sed
3761 810 3855 867 quo

2252 888 2555 959 Cleopatra:
2600 898 2823 947 caveret
2871 890 3336 960 indignationem,
3385 905 3509 959 qua
3573 889 3858 959 utriusque

2255 982 2473 1053 quidem
2501 997 2666 1038 sexus
2688 983 2844 1039 rivali
2873 981 3269 1049 offenderetur,
3302 981 3399 1036 sed
3427 981 3678 1050 amplius
3705 980 3751 1035 si
3776 993 3858 1036 so-

2220 1077 2449 1171 .ciatam
2475 1078 2590 1132 viro
2605 1078 2888 1133 mulierem
2917 1078 3398 1149 deprehendisset;
3426 1077 3556 1148 quia
3579 1091 3648 1131 se
3672 1077 3860 1131 decore

2256 1184 2423 1241 super
2460 1186 2649 1226 omnes
2681 1172 2956 1228 excellere
2990 1173 3251 1228 mulieres
3280 1171 3684 1227 arbitrabatur.
3733 1169 3857 1226 Per-

2257 1263 2411 1317 Iectis
2429 1262 2614 1334 itaque
2633 1263 2851 1331 litteris,
2877 1263 3149 1320 Herodem
3170 1266 3543 1327 excusavisse,
3574 1260 3732 1332 quod
3753 1262 3859 1317 sine

2255 1356 2528 1413 seditione
2569 1358 2752 1428 populi
2782 1366 2836 1413 et
2867 1357 3279 1427 perturbatione
3302 1356 3472 1412 totius
3494 1356 3691 1427 gentis
3719 1355 3858 1411 avel-

2257 1452 2371 1508 lere
2408 1466 2437 1506 a
2469 1450 2585 1507 suis
2614 1451 2852 1506 nobilem
2876 1465 2983 1506 non
3016 1458 3201 1521 posset
3223 1449 3680 1515 adolescentem,
3711 1458 3861 1518 atque

2259 1553 2317 1599 ut
2360 1544 2706 1599 satisfaceret
2745 1542 3106 1610 Alexandra,
3139 1542 3502 1614 spopondisse
3548 1540 3860 1598 Aristobulo

2258 1637 2619 1695 sacerdotium
2648 1655 2661 1693 :
2695 1636 2790 1692 sed
2820 1652 2942 1693 cum
2967 1650 3150 1692 moras
3173 1635 3289 1691 fieri
3310 1635 3602 1706 promissis
3625 1634 3861 1702 vidisset,

2259 1741 2314 1785 et
2338 1740 2455 1786 arte
2482 1744 2542 1785 se
2578 1729 2692 1785 ludi
2724 1739 2965 1800 putaret;
2998 1728 3365 1784 Alexandram
3398 1729 3691 1799 paravisse
3718 1727 3858 1782 navi-

555 1828 640 1875 rat
666 1816 949 1874 maledicta
970 1814 1303 1873 exsecrantis
1348 1824 1402 1869 et
1430 1811 1762 1884 indignantis
1788 1811 2156 1882 arrogantiam
2187 1816 2236 1878 Β
2261 1824 2428 1895 gium,
2481 1836 2545 1877 ac
2573 1821 2693 1892 ipso
2721 1831 2980 1893 apparatu
3020 1820 3163 1894 fugae
3188 1821 3411 1893 cognito
3441 1835 3544 1892 per
3574 1820 3860 1877 Sabionem

554 1911 812 1979 maxime,
843 1911 969 1982 quia
999 1911 1173 1966 victus
1200 1908 1495 1965 vernaculo
1538 1906 1660 1978 ejus
1699 1904 1946 1962 Herodes
1975 1906 2158 1959 insur-

555 2019 685 2075 gere
712 2004 974 2060 adversus
998 2003 1296 2073 neglectam
1328 2000 1622 2073 nequibat,
1653 2008 1707 2055 et
1737 1999 1860 2054 ideo
1890 2011 1999 2069 quo
2045 2011 2161 2051 ma-

553 2095 640 2166 gis
665 2094 887 2150 excitari
912 2096 1065 2165 quasi
1097 2108 1286 2149 amans
1311 2102 1526 2163 posset,
1564 2106 1728 2149 scena
1751 2089 2007 2146 adulterii
2028 2104 2161 2145 con-

558 2171 762 2245 texitur
788 2228 802 2255 ,
833 2195 999 2258 atque
1025 2188 1078 2242 in
1124 2186 1411 2242 mulierem
1438 2183 1742 2241 istiusmodi
1772 2183 1983 2240 crimen
2018 2196 2162 2238 com-

558 2284 797 2353 ponitur,
829 2280 972 2353 quod
1009 2279 1298 2351 imaginem
1326 2293 1476 2334 suam
1522 2276 1759 2332 Antonio
1780 2273 1834 2329 in
1861 2272 2159 2344 Egyptum

557 2357 968 2430 destinavisset.
1016 2371 1242 2439 Quanta:
1289 2368 1431 2425 istud
1471 2366 1905 2439 intemperantiae
1933 2365 2158 2432 fuisset,

555 2474 613 2519 ut
638 2463 848 2519 absenti
872 2473 927 2519 et
953 2469 1203 2533 prompto
1234 2462 1287 2516 in
1316 2460 1568 2516 libidines
1594 2459 1731 2527 viro,
1758 2467 1869 2513 tum
1900 2466 2162 2527 praeterea

556 2556 764 2627 potenti
786 2557 877 2627 qui
903 2563 1170 2626 potestate
1192 2569 1288 2624 pro
1303 2554 1427 2624 jure
1454 2560 1719 2617 uteretur,
1746 2549 1974 2605 fortnam
1996 2560 2163 2603 vena-

556 2650 664 2723 lem
692 2648 913 2705 offerret
940 2658 999 2704 ιιι
1037 2648 1440 2721 pulchritudine
1480 2646 1778 2702 illiceretur
1802 2686 1815 2711 ,
1852 2658 2005 2699 novae
2035 2656 2164 2698 nuc-

567 2743 729 2800 tionis
755 2746 1085 2801 commercio
1109 2760 1168 2801 se
1197 2744 1484 2799 mulierem
1514 2743 1756 2813 potuisse
1775 2780 1792 2808 ,
1836 2740 1885 2794 vi
1916 2753 1986 2795 ne
2011 2750 2165 2792 amo-

561 2840 642 2896 ris
684 2854 753 2894 an
789 2839 916 2895 odio
961 2838 1180 2908 mariti,
1220 2838 1372 2909 cujus
1412 2837 1715 2909 periculum
1762 2850 1862 2908 pro
1910 2832 2163 2890 mercede

564 2931 818 2988 adulterii
849 2932 1278 3001 postulavisset?
1325 2930 1437 2986 Hoc
1480 2932 1662 3001 itaque
1706 2939 2017 2985 commento
2045 2943 2163 2982 mu-

558 3027 775 3094 lierum,
808 3030 952 3097 apud
981 3026 1249 3082 iierodem
1280 3027 1577 3083 Mariamne
1607 3040 1717 3097 quo
1742 3025 1914 3096 magis
1937 3024 2160 3079 amaba-

560 3129 677 3188 tur,
711 3136 777 3176 eo
806 3120 1024 3193 gravius
1054 3121 1412 3191 appetebatur
1436 3160 1452 3185 ,
1482 3133 1583 3175 nec
1614 3128 1794 3173 tamen
1826 3117 2162 3173 insimulatio

2261 1915 2492 1970 consilio
2516 1924 2823 1970 revocatam
2855 1927 2980 1971 esse
3003 1928 3127 1969 cum
3159 1913 3293 1968 lilio.
3325 1913 3420 1969 llis
3448 1922 3667 1967 motum
3698 1911 3860 1968 liere-

2260 2007 2383 2063 dem
2414 2008 2786 2064 dissimulasse
2807 2007 2874 2063 ad
2897 2016 3111 2079 tempus
3134 2008 3413 2083 injuriam,
3442 2016 3500 2063 et
3525 2006 3862 2063 accelerasse

2263 2100 2578 2155 Aristobulo
2605 2101 2899 2156 sacerdotii
2924 2101 3294 2167 collationem,
3328 2109 3391 2156 ut
3426 2099 3667 2157 honoris
3692 2100 3860 2170 specie

2262 2204 2465 2263 paratae
2496 2194 2644 2249 necis
2666 2193 2922 2249 invidiam
2950 2194 3157 2250 velaret
3183 2211 3198 2249 :
3222 2207 3328 2262 qua
3360 2203 3586 2263 peracta
3606 2234 3624 2260 ,
3648 2203 3711 2249 ut
3738 2193 3860 2248 dixi-

2264 2298 2408 2350 mus,
2436 2283 2590 2353 quasi
2631 2282 2859 2340 fulmine
2884 2286 3069 2351 ’ictus,
3120 2285 3422 2357 exagitatus
3465 2295 3579 2351 est,
3628 2285 3785 2341 simul
3811 2292 3857 2341 et

2260 2376 2500 2432 sﬂ‘eetati
2522 2376 2777 2433 adulterii
2797 2377 2980 2433 afficto
3006 2394 3037 2433 a
3062 2376 3179 2434 suis
3227 2379 3456 2433 crimine
3473 2419 3490 2445 ,
3525 2380 3680 2449 quod
3708 2381 3858 2434 sciret

2264 2470 2558 2527 Antonium
2589 2481 2896 2541 promptum
2924 2471 2992 2527 ad
3017 2470 3291 2538 libidines,
3324 2470 3695 2537 etinvclatas,
3718 2486 3780 2527 ex
3799 2486 3855 2527 eo

2263 2568 2411 2641 quod
2428 2568 2725 2639 plurimum’
2752 2578 2965 2639 poterat
2989 2566 3414 2623 inﬂammantem
3434 2567 3488 2621 in
3510 2582 3687 2622 omne
3706 2580 3853 2637 genus

2264 2662 2589 2718 amatorium
2621 2661 2968 2732 cupiditates.
3015 2659 3319 2731 Cleopatrae
3353 2676 3580 2733 quoque
3632 2661 3857 2731 inexpia-

2268 2756 2434 2812 bilcm
2465 2756 2759 2812 rivalitatis
2783 2758 3058 2828 praecipue
3104 2757 3349 2813 dolorem
3402 2766 3573 2827 atque
3622 2755 3857 2813 immani-

2265 2858 2455 2915 tatem,
2501 2866 2624 2922 quae
2655 2852 2918 2922 plurimos
2961 2850 3226 2915 virorum,
3258 2865 3397 2923 quos
3422 2850 3686 2907 seniores
3728 2850 3857 2905 circa

2268 2957 2496 2997 uxorum
2540 2939 2940 3012 reprimendam
2974 2939 3447 3010 intemperantiam
3497 2949 3856 3012 compererat,

2267 3034 2677 3099 interemisset,
2724 3033 3014 3089 imminere
3048 3030 3151 3088 sibi
3199 3032 3501 3104 periculum
3548 3048 3667 3089 non
3695 3032 3855 3088 solum

2266 3126 2579 3182 amittendae
2598 3126 2866 3197 conjugis,
2901 3125 2994 3182 sed
3015 3125 3178 3181 etiam
3195 3124 3497 3181 subeundus
3524 3125 3726 3183 mortis
3751 3141 3857 3197 per—
3936 3108 3937 3115 “

559 3215 697 3287 ipsa,
728 3216 978 3285 quamvis
1005 3213 1399 3285 indignantium
1430 3210 1753 3267 feminarum
1778 3252 1792 3277 ,
1840 3210 2017 3265 aliena
2045 3210 2158 3265 veri
2187 3196 2235 3260 C
2266 3219 2640 3275 hmrescebar,
2686 3219 2977 3289 proposui;
3018 3220 3198 3290 iraque
3260 3219 3381 3291 ipse
3417 3196 3759 3276 contende“
3809 3218 3856 3273 in

564 3309 777 3378 penitus
819 3308 918 3364 fuit
950 3329 961 3362 :
1008 3318 1236 3364 matrem
1265 3308 1409 3364 enim
1440 3304 1805 3362 Alexandrum
1846 3304 2118 3360 furentem
2142 3345 2158 3372 ,

562 3401 704 3471 quod
732 3401 871 3456 alius
901 3402 1013 3456 lilio
1043 3417 1142 3457 suo
1187 3400 1501 3457 Aristobulo
1543 3400 1595 3455 in
1628 3399 1935 3454 sacerdotio
1967 3398 2162 3470 praefe.

564 3496 787 3552 rebatur
823 3496 960 3568 (hoc
1004 3498 1150 3552 enim
1194 3499 1414 3554 nomine
1460 3497 1748 3554 Jonatham
1802 3496 1968 3554 lilium
2001 3510 2158 3551 suum

561 3588 705 3659 quod
738 3603 895 3643 avum
928 3588 1031 3644 sibi
1061 3604 1243 3660 regem
1277 3589 1445 3646 fuisse
1487 3588 1541 3645 in
1581 3590 1899 3644 memoriam
1930 3588 2158 3643 reduce-

562 3689 686 3746 ret,
716 3680 974 3755 appellari
1020 3682 1293 3754 malebat)
1338 3682 1406 3737 ab
1438 3680 1676 3739 Antonio
1726 3696 1822 3752 per
1851 3680 2160 3750 Musurgam

559 3771 851 3844 quemdam
894 3774 1198 3830 litterarum
1246 3786 1593 3848 sequestrum
1644 3775 1866 3846 petiisse
1908 3773 2021 3828 lilio
2060 3786 2160 3828 suo

557 3867 921 3924 sacerdotium
948 3910 965 3936 ,
999 3867 1135 3924 fides
1165 3884 1295 3924 vero
1324 3867 1543 3939 propior
1567 3877 1704 3925 crat.
1759 3867 1969 3925 Deinde
1994 3868 2162 3924 adve—

558 3961 743 4016 niente
769 3959 823 4015 in
865 3959 1108 4017 Iudaeam
1137 3962 1313 4018 G‘ellio
1338 3962 1564 4019 Antonii
1608 3964 1785 4018 amico
1811 4004 1826 4030 ,
1876 3962 2157 4033 cegnitum

558 4052 959 4108 adolescentem
993 4055 1257 4110 miraculo
1290 4053 1459 4110 fuisse
1503 4066 1725 4127 propter
1764 4055 2159 4112 excellentissi-

562 4146 634 4205 mi
664 4145 877 4200 decoris
896 4147 1153 4219 gratiam.
1202 4146 1316 4201 Non
1351 4148 1533 4203 minus
1569 4149 1731 4203 etiam
1759 4148 2112 4204 Mariamnem
2140 4191 2155 4217 ,

560 4237 714 4309 cujus
734 4254 841 4310 quo
871 4238 1108 4311 dignitas
1129 4240 1351 4308 clarior,
1383 4255 1451 4296 eo
1469 4238 1608 4295 fama
1631 4240 1918 4310 illustrior,
1947 4252 2000 4296 et
2020 4241 2158 4298 forte

557 4338 893 4402 compertam
935 4345 1088 4388 more
1116 4330 1351 4404 quodam
1383 4331 1583 4404 ingenii
1613 4331 1832 4388 humani
1859 4373 1875 4404 ,
1907 4347 2013 4403 quo
2055 4335 2159 4391 viri

556 4439 774 4496 quoque
816 4441 883 4482 eo
926 4440 987 4483 se
1032 4425 1387 4482 interioribus
1431 4424 1621 4482 amicis
1668 4428 1908 4483 cariores
1936 4427 2159 4498 cupiant

548 4518 875 4588 declarare,
919 4519 965 4575 si
1012 4519 1374 4591 prmsentibus
1412 4534 1628 4591 quoque
1659 4518 2150 4575 necessitudinibus

2267 3311 2584 3383 (Egyptum,
2615 3320 2676 3368 ut
2694 3311 2989 3368 Antonium
3019 3312 3105 3368 vel
3125 3312 3471 3381 CleOpatram
3498 3328 3672 3384 quam
3702 3314 3857 3368 nissi-

2266 3421 2354 3466 nte
2404 3406 2707 3473 metuebat,
2764 3404 3107 3462 deﬂecteret.
3185 3405 3484 3463 Evocatum
3540 3407 3641 3463 alii
3692 3408 3858 3465 ierunt

2265 3499 2337 3555 Μ.
2372 3498 2596 3555 Antonii
2627 3499 2822 3554 litteris
2863 3514 2932 3554 eo
2974 3497 3303 3565 tetendisse,
3354 3510 3415 3553 ut
3457 3499 3646 3559 necati
3681 3500 3853 3556 adole-

2268 3590 2472 3646 scentis
2513 3604 2710 3646 causas
2739 3600 3044 3659 prtestaret.
3090 3589 3446 3647 Profecturus
3486 3600 3678 3649 tamen
3720 3588 3854 3645 afﬁni

2263 3697 2364 3738 suo
2389 3680 2613 3751 Josippn
2642 3682 2728 3737 cui
2772 3681 2990 3738 Salome
3022 3697 3275 3754 germana
3304 3682 3448 3753 regis
3471 3684 3525 3739 itt
3551 3685 3851 3755 coniugium

2263 3784 2634 3844 convenerat,
2679 3786 2895 3832 secreto
2923 3779 3129 3847 aperit,
3180 3789 3489 3848 suspectam
3534 3780 3641 3838 sibi
3676 3793 3853 3836 necem

2266 3877 2486 3938 propter
2512 3867 2812 3939 conjugalis
2837 3867 3024 3923 forma:
3053 3871 3418 3939 appetentiam
3442 3909 3459 3936 ,
3488 3886 3656 3941 quam
3700 3871 3851 3927 missa

2263 3962 2345 4016 sui
2358 3959 2573 4030 decoris
2593 3960 2774 4030 specie
2785 3960 3296 4030 prodidissemulier
3315 3971 3675 4032 argueretur;
3701 3962 3850 4032 idque

2262 4053 2420 4125 quasi
2446 4049 2599 4109 affini
2624 4051 2830 4123 negotii
2856 4052 3295 4122 committere,ut
3318 4054 3362 4111 si
3387 4053 3505 4125 ipse
3530 4056 3602 4111 ab
3628 4054 3848 4112 Antonio

2263 4148 2571 4204 exstinctus
2618 4145 2779 4212 foret,
2832 4146 3182 4203 Mariatdnem
3225 4155 3481 4214 necaret,
3532 4164 3604 4205 ne
3652 4159 3847 4205 merces

2262 4238 2451 4311 flagitii
2470 4247 2802 4308 superesset.
2829 4237 3086 4310 Josippus
3115 4238 3568 4309 haudquaquam,
3618 4252 3680 4296 ut
3717 4240 3841 4293 arbi-

2261 4344 2398 4400 tror,
2429 4333 2610 4389 studio
2631 4333 2971 4403 proditionis,
3002 4332 3097 4388 sed
3123 4347 3234 4403 quo
3259 4332 3506 4389 mulieris
3530 4349 3662 4405 erga
3687 4332 3841 4387 virum

2258 4429 2467 4498 sopiret
2491 4425 2780 4497 querelas,
2812 4427 3007 4496 quibus
3052 4441 3111 4481 se
3140 4425 3396 4482 afflictam
3427 4425 3638 4482 diceret
3666 4425 3841 4484 ardere

2260 4519 2402 4576 odiis
2438 4520 2563 4585 viri,
2596 4517 2908 4577 mandatum
2940 4518 3235 4590 exprimit,
3284 4529 3449 4588 atque
3488 4519 3557 4574 ad
3600 4517 3838 4576 aﬂ‘ectum

553 4613 668 4695 suis
693 4612 746 4668 in
779 4626 841 4669 se
879 4611 1267 4685 hospitalitatis
1312 4614 1630 4671 societatem
1679 4614 2034 4686 indulgeant:
2078 4615 2152 4671 ibi
2179 4593 2235 4656 Ῑ)
2257 4614 2493 4672 amantis
2527 4614 2917 4686 interpretatur
2941 4614 3083 4685 quod
3115 4627 3185 4669 ne
3224 4623 3472 4669 mortuus
3513 4614 3731 4683 quidem
3762 4624 3842 4681 pa-

552 4720 771 4777 qnoque
815 4705 1139 4767 Alexandra:
1186 4707 1368 4762 datam
1415 4722 1538 4763 cum
1588 4707 1747 4764 Sosio
1805 4707 2153 4779 colloquendi

556 4799 767 4871 copiam
795 4797 935 4859 .licet
984 4799 1228 4855 liberiori
1268 4800 1481 4869 vidute,
1538 4800 1638 4856 alia
1692 4816 1908 4873 quoque
1946 4818 2154 4874 cogno-

552 4889 740 4951 scendi
773 4889 1001 4965 hospitis
1031 4890 1223 4948 deesse
1249 4892 1403 4971 copia
1434 4908 1540 4953 non
1573 4891 1832 4964 potuerit,
1862 4908 1985 4948 cum
2008 4911 2153 4967 pra:-

551 4983 742 5047 sertim
793 4983 1100 5054 hujusmodi
1144 4992 1200 5040 et
1239 4999 1431 5041 causas
1489 4996 1545 5041 et
1591 5000 1852 5058 personas
1909 4988 2153 5059 require-

551 5086 654 5135 ret.
697 5078 904 5139 Deinde
948 5079 1149 5137 collato
1181 5081 1454 5159 utrimque
1495 5081 1725 5136 consilio
1756 5081 1807 5136 id
1839 5095 1899 5136 se
1930 5082 2150 5140 dedisse

548 5170 873 5241 sententias,
937 5179 998 5229 ut
1048 5172 1334 5244 utriusque
1390 5173 1655 5245 imagines
1712 5173 1951 5229 Antonio
2008 5174 2145 5232 diri-

544 5271 826 5339 gerentur.
880 5263 1240 5327 Perstrictum
1287 5265 1439 5325 illum
1479 5265 1771 5338 splendore
1802 5267 2095 5339 imaginum
2127 5311 2143 5335 ,

545 5362 601 5411 ct
625 5354 766 5411 Sosii
801 5354 1073 5425 przecipue
1103 5356 1415 5413 testimonio
1460 5355 1589 5429 (qui
1632 5356 1762 5412 nihil
1793 5358 1898 5413 tale
1928 5373 1990 5414 se
2021 5375 2141 5413 um-

544 5463 703 5517 quam
738 5448 938 5511 vidisse
986 5449 1038 5511 in
1089 5448 1246 5505 terris
1277 5459 1639 5519 asseveraret,
1684 5461 1739 5507 et
1778 5451 2008 5522 gratiam
2037 5451 2145 5510 illis

547 5554 650 5589 non
701 5537 979 5590 hominum
1009 5579 1024 5604 ,
1076 5537 1169 5592 sed
1200 5538 1436 5593 divinam
1470 5541 1650 5595 inesse
1696 5541 2096 5598 lettocinamem
2128 5561 2142 5597 :

547 5637 602 5678 nt
639 5628 909 5683 excitaret
953 5629 1052 5682 viri
1104 5629 1333 5686 minime
1379 5631 1591 5688 sobrias
1633 5634 1983 5706 cupiditates)
2003 5637 2141 5692 scri-

621 5789 641 5815 "
686 5780 884 5840 “crudi
914 5783 1141 5839 scilicet.
1174 5786 1343 5854 Beas.

2261 4718 2468 4766 teretur
2495 4707 2751 4765 Herodes
2770 4707 2979 4779 sejungi
3005 4721 3065 4761 se
3088 4706 3157 4761 ab
3198 4706 3382 4762 uxoris
3420 4707 3705 4762 societate.
3744 4700 3838 4759 Sed

2260 4803 2455 4859 mulier
2481 4803 2642 4874 longe
2680 4802 2838 4858 aliter
2867 4816 3028 4871 quam
3071 4799 3330 4872 Josippus
3359 4801 3743 4864 :estimaverat,
3778 4796 3838 4853 ad

2257 4905 2638 4966 argumentum
2668 4893 2834 4951 traxit
2859 4893 3155 4963 implicata:
3180 4891 3360 4947 adhuc
3390 4891 3443 4946 in
3472 4907 3535 4947 se
3564 4890 3837 4948 crudelita-

2257 4989 2347 5059 tis,
2376 4989 2533 5060 cujus
2551 4988 2872 5047 exercendae
2903 4997 3271 5059 postmortcm
3299 5000 3514 5058 quoque
3550 5000 3702 5043 suam
3746 4998 3834 5039 ex-

2254 5083 2594 5139 secutionem
2658 5081 2807 5138 affini
2862 5080 3088 5151 proprio
3135 5079 3537 5147 mandavisset;
3596 5076 3833 5134 infestum

2250 5178 2403 5233 illum
2459 5176 2563 5232 sibi
2608 5176 2803 5247 injuria
2827 5216 2844 5242 ,
2875 5176 2968 5245 qui
3009 5175 3353 5244 suspiciones
3380 5188 3509 5229 suas
3549 5188 3654 5228 non
3683 5184 3853 5241 argu-'

2248 5276 2434 5325 mento
2473 5266 2654 5338 aliquo
2702 5266 2949 5326 veritatis
2988 5264 3360 5331 examinaret,
3409 5264 3508 5321 sed
3534 5266 3829 5336 'prazrupta:

2245 5361 2439 5417 mortis
2468 5358 2640 5414 exitio
2666 5368 2915 5430 urgeret;
2949 5358 3155 5414 nullum
3179 5357 3320 5412 odiis
3348 5356 3511 5415 linem
3536 5357 3682 5423 fore,
3720 5367 3827 5425 quae

2243 5454 2384 5510 ultra
2413 5455 2592 5522 ipsum
2623 5452 2749 5511 vitte
2774 5468 2847 5511 ac
2864 5453 3055 5509 salutis
3087 5451 3361 5511 defectum
3390 5450 3819 5509 ostenderentur.

2242 5546 2350 5603 Sed
2372 5546 2634 5618 Josippus
2659 5547 2947 5603 domestici
2970 5546 3096 5605 ntali
3121 5546 3432 5613 immemor,
3459 5543 3588 5603 dum
3604 5544 3822 5597 alienant

2248 5639 2538 5710 conjugem
2567 5638 2711 5695 ultro
2753 5638 3109 5695 reconciliare
3152 5639 3383 5711 expetit,
3436 5651 3557 5693 sute-
3595 5629 3821 5705 coniugis
