3964 6316
144 310 298 368 10οό

1021 316 1295 375 IIISTOR.
1336 319 1427 375 DE
1467 317 1751 380 EXCIDIO
1787 322 2067 385 HIEROS.
2110 326 2335 385 UBBIS.
2378 330 2508 387 LIB.
2555 332 2595 387 Ι.

3318 335 3462 396 2006

144 427 445 484 adversum
475 443 538 485 se
562 428 923 486 inflammavit
950 432 1289 502 suspiciones
1315 451 1328 487 :
1353 449 1481 504 quae
1507 444 1564 491 et
1586 437 1757 493 eollo-
1781 441 1836 504 Α
1862 440 2068 498 fruetus
2094 451 2238 499 terra
2290 445 2588 516 abnueret,
2624 448 2796 506 fames
2821 461 3049 523 augeret
3077 452 3463 527 pestilentiam,

140 520 274 592 quia
300 522 408 577 viri
439 523 656 593 proprii
685 539 808 579 cum
833 524 1129 583 Mariamne
1151 572 1167 596 ,
1198 544 1489 601 morasque
1540 533 1593 587 in
1633 533 1756 590 aula

142 614 291 684 regia
323 614 475 669 haud
502 614 868 684 perfunctorie
897 618 1151 674 ferendas
1171 620 1561 677 arbitrabatur.
1596 624 1758 679 Deni-

142 721 251 776 que
278 705 369 761 ubi
394 705 574 762 frater
596 711 910 775 revertitur,
939 710 1378 769 insimulationes
1400 731 1506 770 non
1531 716 1760 785 distulit,

147 797 406 865 iniuriam
456 799 669 856 addens
705 817 857 857 suam
902 806 1172 875 regalibus
1200 810 1583 876 contumeliis,
1616 811 1762 882 quod

147 890 250 945 sibi
281 906 510 961 quoque
541 892 838 951 Mariamne
859 896 1155 955 ademisset
1181 903 1435 957 maritum
1473 921 1486 956 :
1534 903 1632 958 sed
1660 904 1765 961 He-

151 984 317 1039 rodes
344 987 690 1054 praestrictus
710 989 857 1054 licet,
898 999 1077 1045 tamen
1102 993 1518 1065 haudquaquam
1542 996 1764 1065 gravius

150 1076 333 1146 primo
354 1089 672 1134 commotus
693 1090 797 1146 est,
826 1097 927 1138 nec
956 1082 1227 1140 infensum
1251 1101 1311 1141 se
1334 1087 1492 1142 uxori
1509 1090 1761 1158 praebuit,

154 1182 276 1224 cum
328 1169 501 1224 etiam
531 1170 584 1225 vi
629 1174 836 1229 amoris
858 1173 1145 1241 infractus,
1178 1178 1410 1245 quodam
1440 1179 1527 1235 die
1550 1181 1766 1237 mulieri

152 1260 339 1329 iurare
360 1263 561 1332 erepit,
609 1265 753 1333 quod
798 1276 950 1322 tanto
974 1283 1098 1323 eam
1130 1269 1383 1340 diligeret
1421 1271 1619 1327 affectu
1642 1314 1657 1339 ,
1706 1283 1767 1328 ut

160 1366 457 1423 numquam
486 1355 713 1412 alterius
740 1358 988 1414 mulieris
1001 1359 1313 1431 flagraverit
1340 1364 1669 1433 cupiditate:
1692 1366 1765 1420 ita

156 1459 351 1504 omnes
376 1462 449 1502 ex
491 1449 676 1506 animo
696 1450 998 1522 abjeeerit,
1048 1462 1107 1510 ut
1131 1458 1284 1511 uxori
1313 1455 1474 1513 fidem
1502 1468 1765 1517 servaret.

159 1538 230 1593 At
255 1539 383 1594 illa:
414 1539 565 1598 Satis
587 1583 603 1607 ,
635 1543 846 1615 inquit,
893 1561 1136 1603 amorem
1163 1564 1289 1620 erga
1314 1566 1402 1606 me
1433 1558 1584 1607 tuum
1616 1556 1768 1608 man-

163 1629 302 1692 datis
321 1647 450 1702 qua:
477 1633 701 1706 Josippo
729 1638 961 1695 dederas
979 1682 993 1705 ,
1038 1640 1330 1699 declarasti
1357 1645 1679 1716 praecipiens
1708 1656 1769 1703 ut

162 1737 248 1780 me
273 1725 583 1782 occideret.
631 1727 920 1801 Quomodo
951 1741 1129 1803 potest
1151 1749 1335 1794 amare
1356 1780 1371 1804 ,
1392 1738 1482 1808 qui
1513 1739 1767 1795 occidere

1864 536 2019 593 Hunc
2045 537 2345 596 Mariamne
2365 540 2566 596 exitum
2602 544 2741 611 tulit,
2772 544 2953 600 sobrie
2976 545 3094 599 viro
3125 545 3341 625 pudica,
3366 546 3465 613 sed

1862 628 2107 686 insolens
2134 630 2321 687 forma:
2339 635 2693 691 conscientia.
2718 635 2814 691 Cui
2838 639 3254 708 magnanimitas
3279 654 3474 710 super-

1863 719 2105 793 fluebat,
2136 725 2397 780 sedulitas
2425 725 2643 793 deerat,
2676 737 2737 783 ut
2762 728 3049 789 blanditias
3080 731 3467 803 dedignaretur

1864 817 2083 884 mariti,
2125 833 2311 874 secura
2358 819 2503 890 quod
2555 821 2685 876 nihil
2718 823 2787 878 ab
2817 838 2883 879 eo
2910 824 2999 892 qui
3030 838 3192 895 supra
3241 825 3461 891 modum

1863 908 2132 979 diligeret,
2163 912 2312 967 exitii
2355 913 2567 986 perpeti
2601 925 2826 985 posset:
2859 932 2957 972 nec
2988 916 3165 971 solum
3212 917 3278 972 ad
3325 933 3466 989 prac-

1864 1017 1992 1059 sens
2024 1002 2283 1059 ultionem
2309 1007 2535 1076 reperit,
2567 1007 2665 1062 sed
2696 1008 2859 1063 etiam
2902 1008 2954 1063 in
2986 1010 3254 1080 reliquum
3284 1009 3464 1066 haere-

1865 1092 2057 1147 ditaria
2085 1093 2209 1149 odia
2253 1096 2574 1152 transmisit.
2625 1097 2724 1152 Cui
2757 1114 3072 1154 successere
3099 1099 3195 1154 filii
3233 1100 3465 1157 materni

1866 1184 2071 1240 doloris
2101 1200 2451 1243 exsecutores
2480 1190 2571 1259 pio
2596 1205 2724 1261 erga
2751 1198 2975 1246 matrem
2994 1191 3213 1264 quidem
3243 1191 3461 1263 affectu,

1868 1276 1961 1332 sed
1990 1292 2115 1348 erga
2148 1288 2360 1346 patrem
2394 1280 2599 1351 impio:
2630 1296 2753 1337 cum
2783 1281 3000 1352 utrique
3029 1291 3318 1353 parentum
3349 1281 3467 1352 pari

1865 1383 2093 1443 munere
2114 1372 2203 1441 jus
2229 1380 2435 1427 natura:
2461 1374 2784 1429 solvendum
2815 1374 2976 1429 foret.
2997 1374 3109 1430 Nec
3141 1366 3464 1431 inexercita-

1869 1469 1957 1529 tos
1976 1462 2140 1517 dolor
2194 1466 2397 1534 reperit
2435 1483 2450 1519 :
2499 1481 2621 1520 nam
2670 1466 2763 1522 diu
2808 1466 2996 1522 Romae
3038 1467 3233 1522 eruditi
3259 1467 3467 1524 Latinis

1863 1552 2016 1625 juxta
2044 1563 2099 1610 et
2146 1552 2351 1611 Graecis
2402 1556 2605 1613 litteris
2631 1600 2646 1622 ,
2701 1558 2960 1614 astutiam
2992 1574 3098 1614 non
3129 1560 3462 1616 mediocrem

1868 1656 2277 1718 assumpserant
2303 1690 2318 1715 ,
2381 1658 2439 1703 et
2484 1650 2741 1705 absentes
2786 1648 2814 1688 δ
2861 1662 3239 1722 compererant
3276 1666 3464 1706 necem

1870 1739 2077 1804 matris,
2102 1740 2374 1819 plerisque
2404 1742 2457 1796 in
2498 1743 2684 1797 odium
2710 1744 2879 1814 patris
2902 1743 3289 1815 impulsoribus
3310 1759 3468 1815 aspe-

162 1819 378 1886 potest?
408 1819 620 1877 Amens
644 1823 790 1879 illico
816 1840 912 1881 rex
941 1827 1029 1883 ubi
1056 1830 1261 1886 audivit
1306 1843 1572 1889 secretum
1601 1848 1761 1890 suum
1792 1835 1839 1896 Β
1867 1832 2141 1887 rabantur.
2198 1833 2479 1904 Regressis
2518 1851 2735 1907 quoque
2765 1852 2833 1892 ne
2887 1842 3215 1907 conspectus
3242 1838 3463 1911 quidem

158 1910 479 1980 proditum,
530 1916 770 1987 cogitare
837 1921 1005 1989 erepit
1074 1937 1366 1995 numquam
1422 1926 1761 1996 proditurum

159 2001 326 2060 fuisse
352 2004 670 2077 Josippum,
710 2010 814 2066 nisi
839 2021 1032 2082 captus
1058 2029 1249 2072 amere
1277 2018 1520 2075 mulieris
1555 2035 1766 2076 merce-

160 2096 280 2152 dem
311 2100 643 2168 proditionis
661 2111 850 2175 stupro
869 2109 1174 2177 quassisset,
1191 2112 1594 2170 manifestatum
1619 2116 1763 2187 quod

161 2189 248 2244 diu
277 2190 523 2261 latebat,
555 2194 610 2250 in
638 2207 832 2268 aperto
859 2201 1068 2258 crimen
1120 2203 1338 2260 indubia
1368 2209 1718 2279 corruptione
1748 2229 1762 2265 :

162 2297 264 2339 non
289 2283 498 2342 frustra
528 2291 818 2347 excitatam
847 2307 1114 2359 sororem,
1147 2313 1268 2368 qua:
1295 2299 1650 2357 domesticam
1683 2304 1765 2358 in-

159 2375 351 2444 iuriam
385 2395 507 2450 pra:
532 2385 733 2438 ceteris
757 2383 1225 2456 deprehendisset.
1279 2390 1466 2462 Itaque
1516 2394 1766 2466 indigna-

165 2470 306 2525 tione
333 2471 510 2527 nimia
551 2472 741 2530 furens
783 2478 1059 2551 animique
1097 2482 1273 2551 impos
1320 2485 1553 2541 exsilivit
1586 2487 1657 2543 de
1684 2488 1766 2544 le-

166 2563 325 2629 ctulo,
355 2563 578 2635 fugiens
607 2572 933 2641 corruptelae
956 2577 1130 2643 turpis
1158 2581 1429 2650 contagia,
1454 2595 1555 2636 nec
1584 2582 1765 2638 furen-

169 2665 268 2711 tem
299 2659 557 2729 capiebat
582 2663 703 2717 aula
727 2682 742 2717 :
771 2665 975 2720 audivit
1004 2682 1162 2723 soror
1184 2670 1596 2738 vociferantem,
1629 2689 1764 2729 con-

170 2747 421 2821 tinuoque
450 2754 675 2823 rapiens
692 2765 907 2825 tempus
924 2758 989 2812 ad
1009 2773 1387 2830 argumentum
1418 2764 1766 2821 insimulandi

169 2848 221 2894 et
247 2845 595 2900 occasionem
631 2848 883 2914 nocendi,
922 2850 1267 2907 confirmavit
1303 2853 1632 2924 indignantis
1677 2871 1770 2911 su-

172 2935 468 3005 spiciones:
518 2940 786 3010 impulsus
812 2943 994 3014 itaque
1028 2944 1218 3001 dolore
1243 2947 1454 3017 injuriae
1484 2949 1766 3004 insimula-

176 3030 312 3086 tione
356 3046 641 3109 germange
665 3079 681 3103 ,
732 3035 892 3105 jubet
916 3039 1088 3093 occidi
1117 3050 1439 3111 utrumque;
1469 3058 1571 3098 nec
1598 3042 1772 3100 multo

179 3132 290 3193 post
312 3136 507 3181 secuta
530 3136 613 3181 est
640 3126 903 3184 factorum
935 3132 1251 3200 pmoitentia
1277 3151 1291 3187 :
1319 3141 1375 3189 et
1396 3134 1484 3188 ubi
1514 3135 1593 3190 ira
1624 3136 1768 3190 ceci-

1868 1924 2077 1994 paterni
2123 1927 2428 1980 reverentia
2460 1926 2808 1982 sedulitatem
2854 1926 3154 1995 infuderat;
3186 1930 3470 1987 crescebat
3542 1948 3587 1975 ὀ

1866 2031 1989 2072 cum
2020 2026 2180 2072 aetate
2207 2018 2431 2073 malitia.
2462 2018 2709 2075 Accessit
2735 2021 2899 2076 etiam
2928 2035 2996 2076 ex
3021 2020 3261 2092 eonjugii
3290 2021 3468 2076 socie-

1867 2120 1976 2167 tate
2024 2113 2411 2184 praesumptio,
2444 2113 2588 2184 quod
2630 2113 2792 2169 alteri
2836 2114 3059 2169 Salome
3117 2114 3233 2167 lilia
3289 2114 3469 2184 neptis

1869 2205 2135 2274 Herodis,
2178 2208 2337 2263 alteri
2388 2208 2657 2262 Archelao
2704 2208 2886 2279 genita
2952 2208 3043 2280 qui
3107 2205 3469 2279 Cappadocia:

1865 2318 2090 2375 regnum
2122 2303 2356 2369 tenebat,
2378 2304 2429 2357 in
2456 2303 2546 2373 jus
2575 2304 2785 2373 cepulzr.
2806 2302 3061 2374 nuptialis
3079 2313 3471 2375 convenerant,

1866 2405 1923 2452 et
1961 2395 2217 2452 nobilitas
2258 2395 2658 2467 coniunctionis
2701 2396 2953 2452 odiorum
2982 2395 3206 2451 dederat
3237 2394 3473 2451 auctori-

1868 2498 2056 2546 tatem.
2113 2490 2506 2546 Ofl'endebatur
2535 2490 2697 2562 igitur
2728 2489 2993 2556 Herodes,
3027 2489 3113 2544 vel
3139 2488 3303 2543 tacito
3334 2485 3475 2542 filio-

1868 2601 1989 2641 rum
2022 2586 2240 2656 ingenio
2269 2585 2596 2640 excitatiore
2622 2626 2637 2651 ,
2682 2599 2845 2655 quam
2888 2592 3113 2653 paterna
3141 2582 3331 2653 pietas.
3361 2580 3470 2651 pati

1869 2685 2094 2749 posset,
2127 2693 2248 2749 quae
2273 2677 2437 2732 etiam
2466 2676 2613 2730 vultu
2642 2675 2961 2748 frequenter
3002 2673 3242 2729 laeditur.
3288 2671 3475 2729 Adde-

1868 2772 2066 2828 bantur
2094 2779 2151 2827 et
2191 2770 2396 2826 stimuli
2426 2770 2496 2824 ab
2525 2769 2607 2824 his
2650 2769 2742 2841 qui
2787 2769 2856 2823 ab
2887 2767 3096 2823 insidiis
3118 2765 3354 2825 filiorum
3384 2781 3475 2821 ca-

1871 2863 2129 2928 vendum,
2154 2863 2304 2933 quasi
2325 2861 2539 2916 solliciti
2565 2862 2761 2916 crebro
2781 2859 3199 2924 denuntiabant,
3224 2872 3477 2914 asseren-

1873 2965 1988 3021 tes,
2034 2955 2177 3027 quod
2226 2954 2452 3009 ultrices
2496 2952 2727 3009 materni
2758 2952 2911 3008 exitii
2950 2959 3230 3006 armarent
3257 2963 3471 3011 manus.

1872 3051 2080 3119 Quibus
2098 3050 2421 3122 perterritus
2434 3047 2678 3104 Herodes
2694 3046 3040 3117 Antipatrum
3064 3043 3282 3099 Dosidis
3303 3043 3470 3105 lilium

1876 3142 2139 3219 praeferre
2168 3142 2429 3197 fratribus
2458 3182 2472 3208 ,
2503 3150 2667 3211 atque
2698 3139 2765 3195 ad
2830 3139 2913 3193 sui
2959 3137 3189 3210 gratiam
3220 3134 3473 3191 uberiore

177 3213 273 3281 dit,
302 3232 459 3273 amor
499 3220 801 3297 successit,
829 3231 886 3277 et
927 3226 1106 3293 passio
1150 3228 1468 3281 resuscitata
1501 3235 1614 3295 est,
1649 3236 1770 3282 tan-

1878 3213 1901 3278 ἒ
1920 3237 2111 3293 effectu
2138 3235 2304 3306 coepit
2343 3233 2638 3291 lacessere.
2653 3230 2863 3289 Ardere
2887 3228 3186 3300 majoribus
3197 3226 3337 3281 odiis
3352 3224 3477 3280 aula

182 3316 366 3381 tusque
412 3306 699 3369 incanduit
744 3314 928 3371 fervor
972 3318 1315 3388 cupiditatis,
1359 3327 1417 3374 ut
1459 3319 1772 3377 defunctam

183 3415 283 3457 non
304 3404 585 3474 crederet,
612 3418 775 3477 atque
803 3408 858 3463 in
888 3424 1115 3465 excessu
1138 3412 1333 3465 mentis
1364 3412 1595 3481 positus,
1618 3413 1775 3482 quasi

186 3496 444 3555 viventem
480 3501 873 3571 alloqueretur.
898 3503 967 3558 Et
988 3505 1130 3561 sicut
1152 3505 1217 3559 ad
1260 3520 1381 3561 eam
1421 3522 1541 3576 qua:
1571 3507 1778 3562 viveret

186 3602 373 3658 pueros
403 3593 710 3664 dirigebat,
742 3611 958 3667 rogans,
991 3607 1048 3652 ut
1072 3596 1333 3668 depositis
1364 3599 1735 3655 simultatibus
1761 3642 1776 3666 ,

186 3684 249 3739 ad
273 3700 389 3743 sese
419 3690 660 3756 veniret,
692 3699 747 3746 et
778 3692 1031 3747 redderet
1070 3707 1129 3748 se
1155 3693 1423 3765 conjugali
1442 3696 1651 3764 gratiae.
1677 3693 1777 3749 Vix

189 3776 411 3852 denique
464 3783 640 3838 mttlto
671 3784 897 3841 edoctus
936 3787 1223 3843 intervallo
1273 3789 1537 3857 temporis
1578 3790 1781 3845 obiisse

193 3873 455 3940 credidit,
506 3891 668 3945 quam
697 3892 799 3947 pro
828 3893 1017 3933 amore
1049 3888 1321 3949 tamquam
1355 3880 1681 3935 immortalis
1705 3879 1783 3935 fe-

194 3968 383 4024 minam
409 3969 626 4026 decoris
653 3972 788 4027 mori
819 3988 923 4027 non
954 3974 1198 4043 potuisse
1226 3972 1616 4029 arbitrabatur.
1641 3972 1784 4028 Tan.

197 4066 277 4115 tus
303 4074 419 4118 erat
457 4063 690 4120 affectus
719 4080 844 4136 erga
879 4065 1212 4121 defunctam.
1268 4066 1515 4136 Denique
1559 4064 1784 4132 eiferus,

1832 3361 1839 3369 -
1876 3329 2048 3401 regia,
2076 3335 2131 3382 et
2156 3326 2458 3381 certamine
2490 3323 2718 3379 fratrum
2748 3324 2964 3378 concuti
2992 3339 3006 3377 :
3057 3319 3185 3375 dum
3227 3318 3305 3373 illi
3336 3316 3475 3372 indi-

1876 3432 2126 3492 gnantur,
2177 3419 2323 3491 quod
2371 3420 2598 3491 privatae
2640 3417 2885 3473 mulieris
2916 3415 3059 3471 filius
3087 3413 3193 3471 sibi
3219 3414 3273 3467 in
3305 3414 3475 3483 regno

1877 3513 2012 3569 ortis
2041 3510 2470 3583 praeferebatur:
2525 3509 2616 3565 ille
2655 3516 2910 3565 versutus
2940 3504 3219 3572 adulandi,
3268 3518 3376 3576 quo
3416 3517 3477 3558 se

1878 3604 2195 3659 inferiorem
2227 3612 2475 3659 materno
2503 3596 2677 3659 latere
2722 3600 3026 3669 cernebat,
3070 3615 3139 3655 eo
3187 3597 3480 3654 studiosius

1880 3697 2269 3753 commendare
2298 3712 2420 3753 sese
2444 3698 2606 3766 patri,
2635 3706 2891 3769 appetere
2921 3708 3209 3768 germanos
3252 3707 3479 3762 compo-

1882 3789 1999 3843 sitis
2032 3789 2528 3844 insimulationibus
2558 3804 2663 3843 nou
2692 3790 3027 3858 quiescebat,
3051 3776 3225 3842 donec
3244 3787 3362 3859 ipse
3381 3801 3482 3857 per

1883 3896 1943 3936 se
1977 3896 2040 3934 ac
2070 3896 2165 3952 per
2191 3880 2326 3935 alios
2345 3896 2482 3951 quos
2508 3881 2611 3935 sibi
2632 3880 2976 3951 arljunxerat,
3003 3878 3311 3933 excluderet
3336 3878 3486 3949 ipsos

1883 3972 1954 4027 ab
1983 3970 2175 4027 affectu
2208 3982 2451 4043 paterno.
2489 3972 2730 4045 Denique
2762 3970 3022 4042 regnandi
3061 3970 3143 4023 his
3173 3985 3329 4041 spem
3368 3984 3486 4024 oma-

1889 4081 2009 4125 nem
2032 4065 2254 4132 ademit,
2282 4066 2352 4119 ita
2383 4073 2440 4119 ut
2467 4064 2683 4136 publice
2704 4064 2927 4120 condito
2955 4070 3301 4127 testamento,
3337 4060 3488 4116 solus

201 4163 373 4221 Ροειθλ
426 4168 591 4227 θυμω
635 4160 687 4213 in
735 4158 1026 4213 multorum
1060 4173 1250 4214 necem
1280 4158 1628 4229 przesentium
1660 4156 1787 4212 odio
1888 4160 2101 4235 imperii
2132 4175 2420 4217 successor
2442 4158 2848 4227 designaretur,
2878 4156 3185 4227 missusque
3213 4154 3280 4211 ad
3310 4153 3491 4209 Caesa-

201 4245 363 4304 fertur
378 4261 753 4321 exasperatus,
782 4266 881 4307 nec
893 4253 1067 4308 solum
1084 4252 1275 4307 morbo
1300 4252 1463 4306 animi
1487 4250 1785 4317 laborasse,

1889 4271 2005 4310 rem
2037 4253 2263 4309 Romam
2297 4263 2497 4325 praeter
2523 4252 2736 4322 insigne
2764 4250 3087 4306 diadematis
3111 4248 3259 4303 omni
3303 4256 3497 4303 ornatu

203 4340 291 4395 sed
317 4344 479 4399 etiam
510 4346 657 4413 gravi
680 4346 928 4417 corporis
954 4345 1297 4417 :rgritudine,
1332 4361 1492 4416 quam
1524 4361 1591 4400 ex
1622 4343 1793 4416 pesti—
1892 4348 2150 4420 cultuque
2179 4346 2334 4416 regio
2359 4344 2706 4400 fulciebatur.
2762 4341 2889 4397 Inde
2930 4342 2984 4397 in
3013 4340 3255 4398 Iudaeam
3285 4354 3502 4412 regres-

205 4427 359 4489 leutia
385 4446 601 4507 quoque
624 4438 768 4492 aeris
795 4447 1130 4493 contractam
1160 4424 1394 4494 aiebant.
1427 4437 1558 4492 Nam
1590 4446 1791 4492 tractus
1892 4454 2008 4505 sus,
2041 4433 2196 4493 aucta
2224 4453 2353 4508 erga
2366 4452 2427 4492 se
2450 4434 2685 4495 Cmsaris
2712 4433 3180 4505 plurimorumque
3205 4428 3499 4493 illustrium

205 4523 320 4577 coeli
345 4526 654 4597 corruptior
683 4528 928 4599 plurimis
956 4540 1161 4598 pestem
1192 4530 1416 4585 creavit.
1464 4529 1620 4584 Unde
1658 4542 1791 4583 con-

1894 4535 2136 4589 virorum
2160 4532 2358 4603 gratia,
2380 4529 2562 4601 exigui
2594 4543 2763 4607 prope
2793 4527 3055 4598 temporis
3075 4524 3364 4580 intervallo
3383 4534 3500 4578 tan-

208 4615 355 4671 sultis
381 4619 665 4675 medicina:
692 4622 897 4690 peritis,
919 4620 1175 4676 silvarum
1196 4622 1421 4677 secretis
1451 4637 1572 4675 sese
1619 4619 1791 4685 abdit,
1819 4624 1873 4685 1)
1902 4635 2014 4680 tum
2066 4622 2385 4694 praevaluit,
2432 4630 2489 4675 ut
2518 4620 2682 4676 etiam
2730 4628 2960 4681 matrem
3012 4616 3265 4687 conjugio
3322 4614 3499 4685 patris
3544 4612 3555 4617 ”

209 4716 262 4761 et
286 4709 464 4767 refuso
498 4713 756 4781 paulatim
784 4714 974 4784 vigore
999 4755 1013 4778 ,
1068 4713 1352 4767 venatibus
1413 4711 1791 4775 salubritatem

211 4807 444 4873 corporis
476 4807 680 4879 pariter
715 4822 779 4862 ac
804 4810 1003 4862 mentis
1035 4816 1061 4844 ι
1094 4806 1466 4862 salubritatem
1495 4804 1719 4876 recepit.

712 4899 943 4957 CAPUT
981 4898 1274 4955 XXXVIII.

1899 4713 1925 4752 ά
1949 4714 2171 4770 adderet
2196 4731 2208 4766 :
2230 4713 2566 4785 geminisque
2587 4711 2778 4779 armis,
2808 4707 3061 4763 adulandi
3086 4717 3205 4764 arte
3246 4716 3301 4763 et
3328 4707 3497 4763 simu-

1898 4808 2044 4863 landi
2090 4807 2351 4869 versutia,
2393 4805 2468 4859 ita
2508 4818 2801 4876 germanos
2852 4816 3043 4873 urgere
3096 4799 3236 4875 apud
3284 4808 3496 4895 patrem
3587 4878 3601 4895 Χ

1902 4901 2108 4971 εωρίι,
2159 4908 2219 4954 ut
2277 4898 2411 4967 patri
2445 4896 2587 4950 filius
2623 4910 2813 4950 necem
2852 4901 3092 4963 pararet.
3134 4892 3380 4964 Denique
3416 4889 3499 4946 fu—

284 4988 393 5046 Hoc
431 4992 939 5063 quoque.addebat
979 4992 1255 5048 miraculis
1303 4990 1416 5045 suis
1468 4989 1664 5061 quibus
1708 4987 1804 5043 (ἰθ-
1905 5011 2033 5050 rens
2071 4993 2237 5049 animi
2286 4993 2514 5047 Romam
2567 4991 2699 5063 petit
2741 4999 2974 5044 attracto
3031 5002 3218 5044 secum
3267 4988 3508 5047 Alexan-

218 5080 406 5141 functa:
434 5088 762 5160 suspiciebat
792 5090 1019 5159 gratiam
1046 5128 1061 5155 ,
1091 5086 1263 5141 luisse
1290 5101 1351 5141 se
1381 5084 1570 5157 injuSti
1616 5097 1805 5154 pmnas

220 5173 429 5246 ﬂagitii;
451 5190 508 5237 et
533 5183 925 5237 elementorum
951 5182 1269 5252 aegritudine
1295 5181 1568 5250 expiatum
1616 5178 1806 5233 interi-

224 5277 331 5325 tum
373 5277 501 5331 tanti
542 5277 786 5344 decoris;
839 5276 1054 5332 excidio
1098 5270 1323 5339 mundi,
1364 5274 1688 5351 populorum
1721 5272 1809 5329 lue

1907 5088 2039 5156 dro,
2071 5103 2232 5158 quem
2276 5104 2426 5141 reum
2460 5086 2652 5158 magici
2684 5086 2973 5141 adversum
3012 5100 3072 5139 se
3111 5083 3359 5139 criminis
3387 5089 3516 5149 ante

1914 5182 2185 5237 Caesarem
2226 5183 2435 5237 statuit.
2461 5181 2559 5239 Ille
2591 5181 2713 5239 data
2742 5181 2841 5237 sibi
2872 5181 3022 5252 copia
3052 5175 3401 5250 deplorandae
3427 5190 3521 5233 ca-

1916 5276 2211 5347 lamitatis,
2240 5292 2713 5347 mrumnarumque
2740 5276 3017 5343 omnium,
3050 5290 3173 5349 cum
3217 5273 3426 5327 videret
3451 5272 3527 5328 si-

226 5366 379 5422 unius
410 5382 660 5442 mortem,
691 5382 839 5429 sorte
865 5381 1045 5428 tamen
1080 5370 1277 5443 impari
1303 5370 1654 5435 vindicatam,
1686 5382 1809 5424 cum
1917 5371 1969 5426 bi
2009 5383 2297 5444 suppetere
2328 5372 2461 5426 tanti
2496 5369 2699 5443 iudicis
2725 5368 3107 5435 auctoritatem
3130 5352 3161 5433 ,“
3194 5363 3287 5437 qui
3312 5378 3415 5423 nec
3453 5362 3521 5429 ab

305 5541 332 5570 ι
370 5534 465 5590 Ms.
499 5536 841 5603 sobrietatem.
878 5533 1047 5588 Bann.
1098 5538 1107 5547 ‘

300 5603 329 5644 δ
367 5605 460 5660 bis.
492 5598 754 5675 comperta
800 5622 922 5659 nece
950 5602 1177 5681 matris,
1222 5599 1493 5671 plerosque
1533 5598 1597 5681 .in
1639 5598 1816 5651 odium

244 5681 396 5744 patris
421 5697 478 5735 se
517 5674 834 5758 impulsura:
882 5674 1263 5758 arbitrabantur
1282 5688 1301 5725 :
1327 5674 1571 5758 regressi}
1598 5685 1817 5758 ﬂuitque

243 5739 302 5805 ne
331 5739 620 5826 conspectu}
643 5750 851 5824 quidem
892 5746 1095 5820 paterni
1116 5739 1443 5800 reverentiam
1465 5739 1814 5796 sedulitatem-

1923 5544 2022 5605 que
2046 5527 2362 5605 infuderunt.
2393 5528 2469 5593 In.

2001 5612 2021 5638 υ
2063 5598 2282 5664 A/I'ecm.
2312 5597 2389 5653 In.

1999 5666 2024 5705 δ
2069 5669 2285 5727 Iieddm
2300 5680 2339 5727 t.
2373 5669 2449 5729 In.
