3964 6356
458 295 599 352 2007

1785 283 2030 343 SANCTI
2071 283 2391 342 AMBROSII

3633 277 3793 334 2008

452 408 673 468 Herode
715 407 922 464 traduci
964 421 1061 478 per
1099 405 1329 476 gratiam
1361 409 1580 474 posset,
1607 414 1707 456 nec
1736 399 1804 455 ab
1831 397 2062 469 Antipa-
2089 403 2146 462 Α
2169 395 2270 452 ﬁlii
2300 396 2405 452 mei
2449 410 2572 452 esse
2631 396 2884 452 meliores
2928 392 3119 460 liberi,
3177 392 3417 450 Cmsaris
3479 390 3788 449 beneﬁcio.

357 552 365 559 .
454 512 545 559 tro
570 500 991 564 circumveniri,
1035 498 1167 554 nihil
1215 494 1653 567 praetereundum
1678 502 1828 548 ratus
1855 535 1869 557 ,
1903 490 2057 562 ﬂagi-

451 597 532 653 tia
571 596 738 667 patris
779 593 1011 665 quadam
1052 590 1374 662 perstrinxit
1404 587 1706 652 modestia,
1747 597 1935 642 utnec
1964 601 2060 640 ur-

455 703 587 761 gere
608 697 881 758 tamquam
911 693 1198 740 accusator
1230 682 1530 748 videretur,
1565 694 1665 736 nec
1704 679 1916 735 occulta
1939 690 2062 732 esse

457 783 698 843 sineret,
753 793 877 833 cum
919 769 1212 848 plurimum
1257 789 1476 829 causam
1523 773 1770 843 juvaret,
1811 775 1854 826 si
1901 784 1961 825 se
1991 770 2062 826 ob

455 872 610 927 necis
657 880 917 925 materna:
967 867 1216 923 dolorem
1264 866 1505 937 paternis
1531 865 1639 935 peti
1671 863 1812 918 odiis
1837 862 2063 917 demon-

456 963 763 1019 stravisset.
811 961 869 1016 In
901 960 1099 1014 talibus
1125 960 1268 1014 enim
1313 957 1531 1028 judiciis
1563 955 1697 1010 nihil
1726 951 1896 1024 magis
1926 953 2064 1008 libe-

454 1073 546 1112 ros
575 1066 787 1128 gravat,
806 1070 966 1125 quam
986 1062 1192 1108 naturae
1217 1054 1388 1122 pietas
1419 1061 1470 1106 et
1492 1050 1710 1122 pietatis
1734 1048 2059 1104 auctoritas:

456 1165 580 1222 quae
628 1150 674 1204 si
718 1149 995 1219 aliquanto
1023 1146 1382 1202 traducuntur
1407 1144 1647 1216 ﬂagitio,
1689 1141 2061 1212 prmjudicium

456 1245 763 1313 minuitur,
837 1242 1197 1314 praerogativa
1260 1239 1585 1295 excluditur.
1648 1236 1749 1293 Ubi
1799 1251 1929 1291 vero
1996 1235 2065 1289 ad

456 1339 674 1408 objecta
696 1337 864 1408 patris
891 1345 1137 1397 ventum,
1153 1331 1348 1387 validis
1371 1330 1629 1386 refellens
1645 1327 2064 1392 assertionibus,

461 1429 702 1486 alienum
752 1428 977 1482 sceleris
1018 1427 1198 1497 primo
1248 1425 1470 1479 fratrem
1513 1421 1944 1488 demonstravit,
1976 1418 2068 1490 qui

455 1536 681 1578 suorum
708 1528 856 1576 esset
883 1533 1112 1574 consors
1137 1517 1508 1588 periculorum
1535 1558 1550 1580 ,
1593 1531 1754 1586 quem
1786 1511 2065 1568 innoxium

456 1615 513 1668 in
537 1613 743 1668 crimen
771 1611 954 1666 vocari
986 1608 1397 1681 ingemiscebat.
1441 1605 1890 1676 Adstipulabatur
1916 1619 2070 1676 pura:

460 1705 813 1762 conscientia:
837 1703 1031 1774 agendi
1058 1703 1148 1770 jus
1196 1709 1252 1756 et
1283 1698 1498 1755 dicendi
1532 1697 1723 1770 peritia
1751 1738 1765 1764 ,
1799 1696 1935 1752 nihil
1964 1694 2067 1750 sibi

2163 489 2366 546 Statuit
2390 489 2534 545 enim
2557 530 2573 556 ,
2613 497 2670 544 ut
2712 504 2778 545 ex
2811 503 2934 544 meo
2973 487 3198 544 arbitrio
3234 487 3505 556 penderet
3533 485 3791 540 ﬁliorum

2161 585 2436 640 successio
2463 625 2478 649 ,
2525 599 2593 638 ne
2639 584 3000 654 praerogativa
3055 583 3422 639 successionis
3457 580 3790 652 superbiam

2161 677 2426 748 gigneret.
2474 675 2596 746 Ipse
2639 676 2771 731 mihi
2817 690 3189 732 successorem
3217 674 3430 742 darem,
3465 689 3633 745 quem
3672 674 3794 730 ele-

2162 772 2404 843 gissem:
2447 785 2570 826 eum
2603 771 2814 826 scilicet
2859 770 2950 839 qui
3001 769 3330 825 meruiSset:
3363 783 3512 834 eum,
3547 767 3645 837 qui
3689 783 3792 839 pa.

2166 871 2302 919 trem
2331 861 2564 932 amplius
2597 861 2997 917 honoravisset.
3029 859 3292 916 lmitabor
3314 858 3631 925 Cmsarem;
3667 857 3793 928 ipse

2164 957 2308 1012 enim
2338 955 2670 1011 absolvenda
2716 954 2960 1024 juniores
3011 954 3154 1009 ﬁlios
3181 969 3331 1010 meos
3355 999 3369 1020 ,
3428 954 3639 1009 seniori
3673 952 3792 1008 ﬁlio

2166 1063 2326 1119 pares
2369 1047 2514 1102 fecit.
2565 1046 2750 1118 Itaque
2807 1047 2966 1102 simul
3012 1055 3124 1101 tres
3171 1047 3374 1102 liberos
3405 1045 3572 1101 hodie
3618 1060 3793 1116 reges

2165 1141 2473 1197 constituo:
2509 1140 2585 1196 illi
2617 1148 2770 1207 mtas,
2801 1139 2923 1195 istis
2953 1140 3204 1196 nobilitas
3251 1139 3580 1211 astipulatur
3605 1159 3623 1194 :
3681 1154 3790 1195 nec

2169 1248 2430 1288 numerus
2460 1241 2675 1287 moveat
2701 1250 2714 1286 :
2746 1232 3058 1302 magnitudo
3084 1232 3237 1302 regni
3256 1240 3310 1287 et
3332 1231 3584 1303 pluribus
3605 1233 3792 1287 abun-

2167 1328 2282 1383 dat.
2325 1327 2547 1384 Arbiter
2595 1327 2776 1396 primo
2821 1327 3106 1382 sententiae
3156 1341 3295 1382 mea:
3343 1327 3526 1383 Deus:
3579 1325 3790 1382 deinde

2169 1423 2333 1479 etiam
2361 1436 2458 1477 vos
2475 1421 2717 1479 accedite
2742 1437 2756 1478 :
2790 1437 2927 1492 quos
2956 1419 3140 1477 Cazsar
3156 1421 3466 1492 conjunxit,
3491 1422 3791 1478 constituit

2171 1524 2346 1586 pater,
2399 1530 2493 1570 vos
2525 1515 2732 1571 honore
2762 1529 3003 1582 congruo
3036 1515 3451 1586 prosequimini,
3501 1524 3560 1570 ut
3602 1531 3790 1585 neque

2171 1606 2561 1664 immoderatus
2601 1621 2775 1678 neque
2808 1606 3024 1661 inﬁmus
3057 1605 3233 1663 honor
3256 1611 3327 1662 sit
3363 1625 3375 1660 :
3411 1607 3564 1662 aliud
3599 1607 3786 1674 inflat,

2171 1699 2318 1754 aliud
2341 1707 2646 1769 exasperat.
2692 1697 2848 1767 Quod
2875 1698 3069 1768 cuique
3117 1698 3381 1768 portionis
3425 1714 3541 1753 suae
3573 1699 3789 1755 meritis
3831 1703 3840 1714 ’

460 1814 525 1854 ac
553 1797 705 1854 fratri
733 1797 986 1852 relictum
1020 1794 1278 1859 honoris,
1309 1793 1523 1849 sublata
1558 1792 1738 1848 omnia
1767 1807 1865 1861 per
1891 1789 2070 1845 scelus
2101 1808 2148 1869 Β
2176 1791 2434 1862 suppetit,
2469 1792 2827 1862 impartiatnr.
2849 1790 2965 1846 Non
2997 1792 3140 1846 enim
3168 1799 3374 1846 tantum
3404 1793 3524 1860 quis
3542 1791 3789 1847 delectat

461 1885 738 1962 germani,
765 1889 1046 1960 patrisque
1075 1886 1412 1942 facilitatem.
1435 1883 1795 1940 Amarissime
1816 1881 2068 1953 deplora-

458 1982 558 2038 bat
579 1997 767 2036 necem
796 1980 900 2035 sibi
927 1979 1181 2050 irrogari,
1205 1992 1364 2048 quam
1391 1986 1544 2046 pater
1561 1991 1812 2046 eousque
1835 1974 2065 2044 expetit,

463 2085 524 2131 ut
551 2077 761 2130 crimen
785 2074 1002 2143 adjiciat
1027 2115 1042 2141 ,
1070 2073 1332 2142 ﬂagitium
1361 2071 1640 2141 adjnngat.
1670 2069 1880 2138 Quibus
1906 2068 2069 2124 dictis

464 2169 648 2237 coegit
674 2167 727 2220 in
762 2165 1035 2236 lacrymas
1059 2164 1351 2219 universos
1378 2205 1392 2229 ,
1437 2172 1599 2234 atque
1643 2176 1712 2218 eo
1741 2169 1946 2217 sortem
1973 2159 2070 2216 de-

465 2265 620 2320 duxit
642 2263 832 2334 judicii
862 2304 875 2329 ,
911 2270 968 2317 ut
1005 2260 1207 2316 Caesari
1249 2259 1526 2314 accusatio
1563 2272 1672 2312 non
1715 2257 2066 2326 probaretur,

469 2367 624 2428 pater
674 2354 1181 2411 reconciliationem
1235 2351 1678 2421 amplecteretur.
1745 2349 1801 2404 Id
1855 2357 2068 2418 gratum

466 2451 756 2507 admodum
789 2459 846 2506 et
889 2447 1457 2520 pratcellentissimutn
1507 2445 1755 2501 Romano
1795 2443 2068 2514 principi,

465 2557 578 2598 non
625 2541 800 2598 solum
833 2541 947 2612 regi
980 2539 1180 2611 inclyto
1203 2553 1434 2608 regnum
1469 2535 1737 2603 donasse,
1783 2535 1879 2592 sed
1905 2535 2070 2591 etiam

468 2635 674 2691 liberos
702 2633 1028 2689 reddidisse.
1058 2631 1245 2701 Itaque
1279 2629 1430 2700 justo
1470 2627 1756 2684 deﬁnitum
1780 2626 2034 2682 examine
2054 2665 2069 2690 ,

466 2736 527 2782 ut
556 2727 634 2783 sic
665 2725 873 2795 paterni
899 2727 1038 2794 juris
1066 2722 1375 2780 reverentia
1409 2721 1666 2776 inviolata
1707 2728 1989 2784 maneret,
2018 2726 2074 2774 et

469 2829 584 2876 tuta
615 2819 851 2874 ﬁliorum
879 2817 1224 2882 innocentia;
1279 2816 1452 2886 patri,
1486 2825 1544 2869 ut
1571 2814 1832 2880 decebat,
1863 2813 2074 2867 obtem-

470 2919 734 2983 perarent
780 2910 957 2964 liberi.
1014 2909 1136 2980 Ipse
1187 2907 1511 2962 inoffensum
1557 2916 1766 2962 natum
1821 2905 2071 2960 allectum

475 3015 502 3043 ιι
528 3004 808 3060 cohiberet
836 3003 990 3067 ﬁliis;
1023 3003 1109 3057 cui
1133 3002 1296 3058 vellet
1319 3011 1522 3065 tamen,
1545 3016 1772 3072 regnum
1792 3000 2070 3069 relinque-

471 3107 576 3154 ret.
612 3095 773 3152 Redit
798 3111 864 3151 ex
891 3096 1024 3152 urbe
1055 3094 1226 3148 Roma
1271 3109 1394 3149 cum
1429 3101 1580 3163 patre
1612 3091 1922 3148 Alexander
1946 3131 1961 3157 ,
1989 3091 2076 3160 ju-

2173 1900 2296 1941 enm
2325 1900 2486 1954 quem
2513 1900 2679 1954 supra
2711 1901 3024 1941 mensuram
3050 1885 3303 1951 honorat,
3335 1895 3604 1956 quantum
3635 1885 3790 1940 lmdit

2173 1994 2296 2034 enni
2330 1980 2415 2034 cui
2444 1979 2687 2036 debitum
2715 1990 2898 2051 negat.
2918 1981 3319 2053 Etplerumqne
3333 1991 3565 2050 uterque
3588 1996 3788 2037 eorum

2173 2069 2486 2140 offenditur,
2522 2072 2610 2128 ubi
2642 2068 2988 2144 praelationis
3038 2073 3277 2130 adulatio
3325 2085 3432 2131 est.
3464 2075 3605 2131 Sum
3635 2084 3790 2130 certe

2174 2165 2428 2219 omnibus
2469 2172 2645 2235 pater.
2699 2165 2882 2221 Honor
2915 2165 3151 2222 ﬁliorum
3197 2166 3342 2222 haud
3371 2168 3538 2223 dubie
3598 2167 3777 2237 patris

2179 2266 2201 2294 ο
2225 2255 2395 2327 gloria
2410 2264 2512 2313 est.
2533 2256 2589 2312 Si
2614 2266 2791 2312 tamen
2820 2271 2980 2328 supra
3005 2257 3224 2313 modum
3253 2259 3377 2330 quis
3404 2259 3611 2315 liberos
3634 2273 3788 2315 meos

2173 2348 2405 2416 excolat,
2438 2363 2567 2404 reus
2588 2359 2671 2404 est
2701 2350 2832 2404 mihi
2864 2351 3026 2406 etiam
3046 2366 3144 2422 pro
3176 2351 3362 2407 liberis
3393 2353 3556 2421 meis,
3584 2353 3783 2423 quibus

2173 2449 2364 2496 auctor
2391 2440 2757 2512 prolapsionis
2784 2452 2903 2498 est:
2933 2443 3139 2499 Nimius
3167 2444 3312 2499 enim
3335 2444 3520 2503 cultus
3541 2444 3782 2499 audacia:

2174 2540 2424 2602 sumptus
2446 2542 2548 2588 est.
2575 2533 2847 2606 Numquid
2882 2536 3100 2592 invideo
3130 2537 3319 2593 liberis
3361 2536 3545 2593 meis?
3573 2537 3736 2593 Absit
3763 2554 3777 2589 :

2175 2626 2273 2682 sed
2305 2628 2450 2682 malo
2478 2642 2574 2683 eos
2599 2629 2781 2684 minus
2809 2643 2931 2684 cum
2959 2631 3132 2701 gratia
3181 2645 3341 2700 posse
3362 2671 3376 2696 ,
3407 2643 3574 2699 quam
3602 2629 3780 2700 pluri-

2174 2733 2324 2774 mum
2348 2734 2469 2775 cum
2501 2721 2967 2792 seditione.Quod
2995 2723 3141 2777 enim
3188 2722 3462 2792 superbire
3513 2722 3602 2778 vel
3639 2721 3781 2791 rapi-

2176 2826 2260 2866 nte
2287 2820 2391 2878 est,
2422 2813 2533 2868 cito
2549 2813 2786 2869 labitur:
2815 2813 2960 2884 quod
2985 2816 3175 2884 gratim
3194 2855 3208 2879 ,
3233 2813 3323 2868 diu
3351 2821 3590 2870 tenetur.
3625 2811 3784 2870 Unde

2176 2917 2323 2958 cura:
2363 2905 2467 2959 erit
2511 2905 2678 2972 mihi,
2725 2915 2782 2960 ut
2811 2920 3110 2976 sponsores
3139 2904 3454 2961 concordiae
3484 2905 3781 2977 adjungam

2175 2998 2365 3054 liberis
2392 3000 2528 3056 meis
2580 3008 2830 3070 parentes
2871 3000 3221 3070 amicosque,
3275 3016 3508 3072 quorum
3561 2999 3782 3055 hortatu

2177 3101 2380 3148 mutua:
2405 3093 2713 3148 dilectionis
2739 3092 2989 3149 achctum
3021 3094 3264 3149 induant.
3297 3093 3433 3149 Nam
3459 3109 3585 3150 cum
3602 3092 3781 3150 omnis

473 3189 618 3246 dicio
633 3189 825 3260 magis,
855 3203 1014 3258 quam
1039 3185 1348 3256 suspicione
1368 3185 1671 3240 absolutus.
1703 3184 1908 3238 Vacare
1926 3183 2069 3237 enim
2099 3201 2146 3265 ρ
2178 3199 2359 3241 sermo
2389 3186 2566 3241 malus
2614 3186 2772 3242 facile
2812 3198 3047 3243 mentem
3081 3187 3350 3243 audientis
3377 3187 3585 3243 inﬁciat
3607 3230 3623 3256 ,
3672 3195 3781 3242 tum

475 3291 714 3338 mentem
755 3279 986 3335 Herodis
1012 3281 1080 3334 ab
1106 3278 1232 3334 odio
1261 3276 1490 3332 ﬁliorum
1529 3275 1817 3345 Antipater
1844 3290 1951 3329 non
1983 3289 2076 3344 pa-

476 3376 712 3430 tiebatur
745 3391 758 3428 :
789 3374 906 3444 ipse
932 3373 1076 3428 enim
1129 3381 1245 3426 erat
1290 3371 1537 3426 odiorum
1568 3371 1794 3425 materia
1821 3387 1834 3424 :
1867 3384 2076 3439 preme-

477 3468 570 3522 bat
597 3475 776 3520 tamen
809 3465 1046 3520 studium
1093 3480 1249 3520 suum
1299 3464 1542 3519 contuitu
1575 3462 2032 3518 reconciliationis
2056 3503 2072 3527 ,

478 3573 549 3615 ne
579 3559 832 3628 appetita:
862 3556 1238 3628 germanitatis
1264 3570 1480 3610 scenam
1516 3553 1808 3623 proderet,
1857 3553 2080 3609 insidias

478 3650 872 3705 manifestarct.
899 3647 1003 3705 Ubi
1028 3655 1246 3702 ventum
1270 3657 1351 3702 est
1377 3648 1429 3700 in
1451 3644 1713 3710 Ciliciam,
1741 3654 1795 3701 ct
1823 3646 2080 3716 navigan-

478 3755 563 3802 tes
609 3745 663 3800 in
693 3742 724 3781 δ
752 3743 1026 3798 Eleusiam
1075 3741 1528 3812 applicaverunt,
1569 3740 1808 3810 suscepit
1854 3754 1949 3794 eos
1976 3741 2080 3793 Ar-

479 3838 704 3894 chelaus
749 3839 932 3908 Opinio
976 3835 1260 3899 convivio,
1301 3835 1520 3904 'gratias
1570 3848 1735 3905 agens
1781 3830 2078 3888 Alexandri

481 3931 670 4002 generi
698 3931 778 3986 sui
820 3945 1009 3996 causa,
1037 3928 1180 3999 quod
1211 3935 1529 3998 exemptum
1562 3925 1806 3996 periculo
1837 3924 2082 3980 reconci-

478 4026 707 4082 liatione
737 4025 899 4080 etiam
925 4024 1145 4095 dignum
1179 4023 1522 4077 :cstimasset.
1548 4020 1667 4087 Ipse
1693 4020 1854 4075 etiam
1883 4017 2082 4073 litteris

480 4130 722 4187 persuos
747 4113 1212 4178 directis,amicos
1241 4121 1553 4183 rogaverat,
1587 4121 1866 4181 utgenero
1893 4109 2084 4166 defen-

479 4207 654 4262 sionis
688 4205 1002 4274 adjumento
1029 4206 1238 4268 forent,
1289 4213 1344 4258 ct
1383 4202 1689 4258 discedenti
1735 4203 1934 4258 obtulit
1973 4220 2078 4258 xxx

479 4298 683 4353 talenta
714 4297 1098 4368 hospitalitatis
1127 4312 1451 4364 munere,ac
1479 4296 1810 4372 Zephyrium
1842 4298 2084 4369 adusque

478 4404 666 4461 regem
697 4389 966 4460 perduxit.
1003 4391 1304 4461 Regressus
1329 4391 1552 4446 domum
1579 4406 1676 4447 rex
1701 4391 1957 4447 continuo
1986 4406 2083 4463 po-

475 4483 664 4556 pulum
693 4484 942 4554 advocat,
978 4485 1118 4556 apud
1151 4501 1311 4556 quem
1345 4485 1450 4542 hoc
1469 4485 1632 4543 modo
1663 4487 1938 4543 disseruit.

473 4643 479 4648 ,
1017 4574 1248 4634 CAPUT
1299 4575 1547 4634 xxxux.

550 4668 710 4726 Modo
741 4685 903 4726 causa
933 4669 1091 4736 mihi,
1133 4668 1346 4725 Hebraei
1377 4671 1546 4737 cives,
1597 4681 1651 4727 et
1679 4671 1828 4726 utilis
1871 4682 1927 4728 et
1957 4671 2071 4728 fru-

479 4768 672 4818 ctuosa
698 4761 798 4816 fuit
829 4760 1055 4816 Romam
1081 4761 1318 4830 petendi,
1339 4763 1588 4832 profecto
1616 4772 1674 4816 ut
1693 4763 1761 4818 de
1787 4763 1910 4818 ﬁliis
1940 4769 2076 4820 meis

475 4852 663 4910 Caesar
687 4853 957 4924 judicaret
983 4871 994 4906 :
1021 4869 1089 4910 ne
1121 4854 1271 4910 solus
1301 4869 1406 4926 ego
1431 4857 1523 4926 qui
1549 4856 1841 4921 irascebar,
1873 4871 2077 4928 cogno-

475 4959 712 5013 scerem,
737 4946 955 5016 perrexi
983 4945 1050 5000 ad
1077 4942 1382 5000 Caesarem:
1428 4955 1489 5001 ut
1523 4947 1614 5017 qui
1643 4962 1867 5018 regnum
1897 4948 2077 5004 reddi-

476 5039 655 5106 derat,
673 5039 743 5095 de
764 5054 1083 5096 successore
1108 5054 1232 5096 meo
1255 5040 1654 5110 pronuntiaret.
1685 5042 2076 5112 Adjecitbene-

473 5134 614 5188 ﬁciis
639 5133 754 5188 suis
774 5175 789 5200 ,
816 5141 876 5189 ut
901 5133 1044 5206 quod
1072 5133 1293 5190 difficile
1321 5143 1460 5201 erat,
1492 5149 1660 5207 prope
1685 5138 1916 5194 amissos
1933 5138 2076 5194 ﬁlios

473 5225 616 5296 patri
639 5233 1084 5296 reprresentarct;
1110 5225 1367 5281 fratribus
1379 5226 1522 5297 quod
1541 5243 1703 5298 supra
1729 5243 1957 5300 regnum
1970 5239 2074 5298 est,

473 5319 822 5376 concordiam
850 5319 1123 5375 redderet.
1157 5319 1341 5375 Redeo
1367 5319 1527 5391 igitur
1557 5320 1721 5377 ditior
1755 5336 1915 5392 quam
1944 5339 2072 5393 pro-

472 5409 648 5468 fectus
674 5425 824 5468 sum:
851 5410 1016 5467 didici
1042 5425 1166 5467 esse
1191 5410 1385 5467 melior
1409 5419 1587 5482 pater,
1616 5413 1741 5485 quia
1764 5413 2074 5471 didicerunt

554 5558 580 5626 ξι
621 5547 674 5626 ld
702 5556 825 5626 est,
833 5547 1014 5615 simul,
1038 5549 1400 5606 communiter
1415 5550 1725 5621 exhiberet,
1745 5561 1804 5609 ut
1828 5552 2081 5626 equidem

477 5618 755 5674 existimo.
785 5618 1061 5676 GALLAND.

546 5690 572 5727 ιν
607 5690 1086 5762 RuﬁnusJosephi
1117 5691 1414 5762 interpres,
1448 5693 1718 5758 Eleorum.
1747 5693 1917 5752 ΒΑΜ.

544 5763 566 5788 ο
607 5759 729 5816 Vet.
757 5761 880 5819 cod.
910 5759 1081 5832 gratia
1113 5777 1130 5816 :
1178 5759 1282 5818 hoc
1301 5759 1424 5836 est,
1452 5769 1624 5836 patris
1651 5768 2014 5839 permissione
2040 5769 2056 5838 ,

2179 3278 2414 3333 maxime
2442 3277 2654 3334 assidua
2685 3279 2979 3350 colloquia,
3007 3291 3062 3337 et
3089 3281 3380 3337 diuturnus
3408 3294 3540 3336 usus
3571 3291 3781 3351 pestem

2179 3370 2375 3426 animis
2404 3371 2692 3428 infundere
2716 3373 2928 3442 solent,
2970 3391 3078 3446 quo
3101 3377 3354 3446 contagio
3376 3374 3783 3447 quodammodo

2180 3462 2232 3517 in
2263 3477 2443 3519 mores
2471 3459 2902 3521 cohabitantium
2916 3467 3025 3522 cito
3050 3469 3326 3524 transeat:
3351 3469 3457 3524 etsi
3480 3465 3783 3539 tranquilli-

2183 3565 2266 3611 tas
2296 3572 2509 3612 morum
2537 3557 2627 3623 sit,
2663 3569 2842 3615 tamen
2874 3568 2932 3615 ut
2957 3569 3206 3631 stagnum
3247 3560 3380 3617 mite
3408 3561 3569 3628 licet,
3607 3560 3782 3617 ventis

2182 3649 2580 3719 exagitantihus
2605 3663 2892 3721 assnrgere
2922 3652 2974 3706 in
3002 3661 3169 3707 a-stus
3201 3653 3342 3708 valet
3368 3670 3380 3706 :
3413 3655 3488 3708 ita
3519 3653 3668 3709 bona
3687 3667 3780 3707 na—

2183 3751 2300 3797 tura
2329 3741 2592 3814 improbis
2639 3745 2998 3802 monitoribus
3023 3745 3266 3802 ﬂuctuat.
3317 3746 3572 3803 Arbitror
3605 3748 3781 3818 itaque

2180 3835 2326 3905 quod
2355 3836 2405 3890 in
2436 3851 2524 3892 me
2561 3838 2933 3909 unusquisque
2964 3853 3114 3909 spem
3147 3839 3230 3895 sui
3250 3837 3594 3909 potissimam
3622 3839 3780 3894 debet

2182 3926 2516 3994 recondere;
2549 3944 2658 3984 non
2682 3930 2826 3985 enim
2852 3931 2995 4001 quod
3016 3929 3229 3986 accedit
3257 3930 3445 3985 liberis
3465 3931 3628 3996 meis,
3653 3928 3776 3985 mihi

2183 4019 2417 4090 deperit.
2459 4021 2588 4077 Plus
2627 4023 2998 4094 unusquisque
3033 4023 3371 4078 tribunorum
3415 4023 3504 4078 vel
3547 4024 3773 4080 militum

2186 4116 2424 4171 revereri
2453 4114 2614 4172 debet
2643 4127 2850 4186 patrem
2885 4118 3292 4188 imperatorum.
3320 4117 3470 4189 Ego,
3502 4134 3607 4190 ego
3633 4133 3774 4181 sum,

2183 4207 2278 4276 qui
2310 4207 2620 4262 mercedem
2670 4207 2940 4264 universis
2971 4210 3265 4280 rependam
3291 4252 3307 4276 ,
3346 4224 3445 4281 pro
3487 4211 3573 4266 bis
3623 4212 3772 4267 etiam

2185 4313 2306 4369 quae
2337 4299 2467 4354 ﬁliis
2498 4301 2632 4356 meis
2653 4300 2978 4358 detuleritis.
3013 4302 3072 4358 Si
3104 4313 3252 4359 recta
3285 4302 3576 4360 advertero
3605 4304 3772 4360 studia

2185 4387 2343 4446 factis
2395 4393 2821 4461 remunerabor;
2862 4395 3244 4452 malevolentia
3295 4397 3528 4468 pretium
3582 4397 3775 4454 referet

2185 4500 2366 4552 suum,
2400 4493 2458 4540 ut
2485 4485 2628 4556 apud
2657 4501 2783 4542 eum
2811 4501 3030 4558 quoque
3067 4503 3228 4558 quem
3259 4490 3534 4560 putaverit
3563 4489 3773 4546 adulano

2107 4586 2159 4646 1)
2186 4576 2334 4644 dum,
2363 4576 2542 4633 fructu
2564 4578 2800 4634 excidat.
2818 4579 2924 4636 Vos
2937 4579 3276 4647 autemboni
3305 4581 3774 4648 tilii,considerate

2188 4671 2422 4740 primum
2455 4681 2664 4728 natura:
2693 4673 3011 4745 religionem
3031 4715 3048 4743 ,
3078 4675 3235 4745 cujus
3262 4680 3433 4746 gratia
3481 4687 3540 4733 et
3583 4677 3771 4734 bestias

2186 4763 2336 4833 ligat,
2352 4779 2472 4835 qum
2490 4765 2655 4820 etiam
2672 4764 2813 4822 feras
2833 4767 2980 4838 cogit
2993 4763 3053 4822 in
3072 4782 3314 4824 amorem
3329 4769 3767 4826 necessitudinis:

2185 4870 2371 4914 manet
2416 4841 2569 4915 inter.
2602 4859 2893 4915 indomitas
2940 4861 3178 4932 pecudes
3218 4872 3440 4919 tnutuus
3487 4879 3676 4931 amor,
3723 4871 3770 4917 et

2183 4951 2443 5022 periculis
2470 4952 2707 5023 propriis
2735 4953 3013 5009 redimunt
3033 4969 3161 5010 suos
3188 4954 3405 5011 bellum.
3437 4953 3769 5014 Reveremini

2183 5044 2348 5099 etiam
2375 5042 2672 5113 Cmsarem,
2704 5045 2794 5116 qui
2825 5059 2925 5101 vos
2961 5061 3027 5101 ex
3065 5046 3300 5103 inimicis
3328 5049 3542 5105 amicos
3572 5047 3765 5106 fecerit.

2183 5133 2372 5191 Tertio
2399 5150 2489 5192 me
2518 5137 2718 5208 ipsum,
2749 5138 2842 5204 qui
2870 5152 3066 5209 rogare
3095 5138 3270 5204 malo,
3307 5154 3428 5195 cum
3459 5143 3664 5211 possim
3695 5140 3769 5211 ju-

2183 5225 2354 5285 bere:
2400 5239 2618 5285 manete
2648 5229 2877 5297 fratres,
2911 5230 3078 5289 nolite
3107 5230 3134 5269 ά
3165 5247 3403 5291 exurere
3443 5234 3588 5306 quod
3619 5247 3767 5306 gene-

2181 5323 2286 5379 rati
2331 5324 2485 5380 estis.
2529 5323 2608 5381 Do
2652 5323 2806 5380 vobis
2835 5333 3046 5382 vestem
3069 5334 3124 5382 et
3152 5327 3363 5383 cultum
3403 5327 3762 5399 imperialetn:

2181 5415 2276 5473 sed
2296 5417 2591 5488 pretiosius
2607 5426 2712 5487 est,
2737 5418 2881 5490 quod
2902 5419 3127 5488 suadeo,
3147 5421 3314 5477 vestri
3331 5422 3537 5477 amoris
3555 5421 3764 5477 inteme-

2191 5544 2612 5614 utFiliiiantum
2638 5523 2998 5629 honorentur,
3013 5569 3274 5632 quantum
3305 5568 3462 5633 pater
3484 5560 3759 5631 permittat.

2245 5696 2271 5738 α
2311 5699 2474 5761 Forte
2511 5717 2731 5762 exuere:
2761 5701 2815 5762 id
2842 5710 2965 5777 est,
2993 5701 3260 5765 oblivisci.
3289 5633 3630 5764 Guuﬁ'gfb.
