3964 6352
107 298 280 358 2009

1006 299 1276 361 HISTOR.
1319 300 1410 358 DE
1449 299 1729 358 EXCIDIO
1765 299 2038 358 ilIEROS.
2085 299 2310 359 URBIS.
2354 299 2486 356 LIB.
2527 301 2571 356 l.
2607 381 2610 385 Δ

3293 299 3436 357 2010

107 421 253 470 tum
314 413 676 486 signaculum.
722 413 780 472 Si
812 415 986 488 pietas
1022 424 1277 483 maneat,
1314 430 1542 486 regnum
1585 414 1734 470 dele-
1763 417 1980 496 Auxdr
2032 414 2328 472 Alexandri
2385 413 2696 487 Glaphyra,
2745 427 2869 484 quae
2919 411 3262 470 muliebriter
3307 414 3440 472 satis

107 518 248 565 ctat
272 526 287 564 :
313 510 363 566 si
387 510 533 566 desit
553 511 746 582 gratia,
775 510 886 567 vile
910 511 1197 581 imperium
1225 519 1312 566 est
1335 517 1390 565 et
1420 509 1740 579 plerumque

106 606 385 661 noxium.
419 605 563 676 Ergo
600 604 727 660 dum
773 619 869 660 vos
907 603 1180 675 experiar,
1224 603 1493 660 habebitis
1519 602 1738 659 interim

106 712 239 755 non
275 713 528 770 regnum,
555 697 649 754 sed
681 699 832 769 regni
861 697 1145 753 honorem.
1193 696 1250 754 Si
1294 705 1504 767 patrem
1535 696 1740 752 dilexeo

105 788 298 855 ritis,
331 791 422 861 jus
451 800 751 861 sequetur:
799 789 908 845 mei
954 799 1133 846 tamen
1175 803 1417 844 amorem
1469 789 1519 843 in
1582 788 1738 844 vobis

103 882 396 954 probate:
422 883 674 939 omnibus
705 883 902 954 quibus
931 882 1206 938 delectare
1233 896 1458 953 regnum
1489 881 1650 948 solet,
1681 890 1739 938 ut

103 977 414 1048 principes
469 977 774 1048 potiemini.
814 976 989 1034 Onera
1022 976 1236 1047 imperii
1281 985 1334 1031 et
1364 976 1538 1032 moles
1566 991 1737 1047 nego-

103 1070 339 1124 tiorum
360 1085 446 1125 me
461 1071 724 1137 solum,et
743 1070 788 1126 si
806 1069 994 1135 nolim,
1016 1069 1330 1124 manebunt.
1348 1067 1415 1124 Et
1433 1068 1557 1124 ideo
1580 1069 1736 1126 vobis

102 1163 366 1234 prodest
395 1179 514 1221 mea
541 1164 714 1222 velle:
748 1164 874 1236 quia
899 1179 1000 1236 ego
1013 1172 1332 1236 quaayestra
1361 1173 1510 1230 sunt,
1533 1173 1590 1220 et
1612 1164 1736 1220 volo

102 1263 172 1311 et
204 1271 336 1311 mea
370 1256 629 1314 arbitror.
682 1258 778 1314 llis
829 1258 994 1314 dictis
1024 1257 1302 1314 osculatus
1326 1265 1409 1313 est
1436 1256 1582 1314 ﬁlios
1608 1300 1623 1319 .
1677 1267 1738 1314 ut

100 1362 221 1405 eos
252 1363 368 1404 uno
395 1349 583 1406 osculo
613 1349 895 1406 cbaritatis
921 1351 1153 1407 invicem
1183 1350 1288 1407 sibi
1318 1357 1586 1415 necteret.
1614 1350 1734 1420 Quo

102 1442 275 1500 facto
306 1453 644 1501 conventum
669 1445 897 1501 dimisit.

736 1537 968 1596 CAPUT
1014 1538 1128 1595 XL.

189 1631 527 1688 Discessere
568 1631 815 1704 plerique
859 1632 1004 1698 lzeti,
1052 1634 1249 1704 quibus
1292 1632 1540 1704 placebat
1600 1647 1733 1688 con-

99 1721 318 1779 cordia
372 1723 784 1793 germanitatis:
839 1724 936 1780 sed
1000 1740 1122 1780 cum
1173 1724 1434 1781 fratribus
1504 1725 1730 1780 revertit

1845 512 2196 584 prtesentium
2225 511 2469 567 insolens
2497 511 2762 567 extollere
2786 524 2908 566 sese
2933 522 2956 550 ο
2983 514 3273 582 occeperat
3299 509 3437 567 fastu

1842 606 2119 676 superbo:
2164 620 2230 661 eo
2260 604 2404 676 quod
2445 604 2698 661 omnibus
2742 603 3126 675 praaemineret
3175 606 3440 676 prosapia:

1841 697 2183 755 claritudine.
2210 697 2398 770 Itaque
2424 699 2578 770 quasi
2601 698 2876 754 dominam
2905 713 2965 754 se
2991 698 3241 754 omnibus
3265 700 3355 771 qui
3383 699 3438 756 in

1841 791 1962 847 aula
1991 801 2149 847 erant
2177 793 2346 864 regia,
2376 790 2733 864 prazferebat,
2766 800 2972 862 patrem
2999 807 3269 865 avumque
3296 789 3322 829 ιι
3351 807 3440 848 re-

1839 899 1964 956 gem
2005 885 2142 952 sibi,
2175 895 2231 940 et
2280 886 2552 956 praecipue
2605 885 2822 940 Darium
2869 885 3156 958 HydaSpen
3205 887 3439 943 materni

1839 981 2058 1050 generis
2084 981 2294 1050 apicem
2319 981 2483 1036 solita
2505 980 2718 1052 jactare
2742 981 3196 1051 contumeliisque
3227 980 3439 1052 ignobi-

1840 1069 2011 1126 litatis
2035 1071 2255 1128 afﬁcere
2285 1072 2539 1129 Salomen
2582 1072 2726 1143 regis
2750 1087 2996 1128 sororem
3021 1114 3036 1139 ,
3059 1072 3149 1128 vel
3180 1073 3439 1130 Dosidem

1839 1163 2127 1234 conjugem
2151 1180 2164 1216 :
2190 1164 2335 1234 quod
2362 1164 2470 1218 illis
2503 1163 2711 1230 dolori,
2738 1164 2840 1220 sibi
2860 1164 2985 1218 odio
3011 1163 3170 1220 foret.
3199 1164 3440 1222 Carteras

1838 1268 2058 1324 quoque
2089 1253 2321 1311 feminas
2348 1256 2600 1311 similiter
2621 1270 2983 1326 exasperare,
3027 1272 3148 1326 quae
3173 1258 3286 1328 regi
3313 1272 3441 1328 pro-

1836 1353 1962 1418 pter
1983 1346 2237 1403 decorem
2258 1348 2428 1419 magis
2447 1364 2608 1419 qnam
2626 1359 2846 1421 propter
2867 1349 3205 1406 nobilitatem
3224 1351 3440 1422 generis

1835 1441 2255 1512 copulabantur.
2278 1441 2535 1498 Plurimis
2565 1443 2707 1498 enim
2737 1443 2978 1500 Herodes
3004 1453 3205 1514 prmter
3226 1444 3436 1514 regium

1837 1548 2042 1590 morem
2065 1575 2081 1600 ,
2114 1534 2277 1590 etiam
2307 1533 2617 1591 Judaaorum
2652 1550 2750 1590 usu
2789 1537 2945 1607 quasi
2976 1536 3207 1606 quadam
3235 1537 3438 1592 erroris

1835 1627 2053 1683 licentia
2080 1626 2476 1695 delectabatur,
2500 1629 2591 1700 qui
2617 1628 2821 1700 ﬁguras
2851 1629 3118 1700 majorum
3147 1628 3294 1684 vitiis
3323 1629 3438 1684 suis

1833 1722 2078 1778 obtentui
2117 1721 2341 1777 ducunt.
2374 1721 2717 1778 Gravabatur
2750 1735 2881 1792 ergo
2907 1721 3219 1778 Alexander
3245 1722 3435 1778 uxoris

98 1817 409 1873 dissensio
433 1832 606 1888 eoque
649 1818 868 1889 gravior
894 1860 908 1883 ,
943 1818 1088 1890 quod
1119 1819 1352 1891 dignitas
1401 1817 1601 1888 potior,
1642 1817 1728 1872 cui
1761 1839 1811 1900 Β
1837 1819 2170 1875 insolentia:
2219 1818 2567 1874 Aristobulus
2597 1833 2812 1890 quoque
2841 1817 3033 1874 iisdem
3075 1816 3272 1888 quibus
3309 1814 3436 1872 Gla-

99 1910 372 1982 amplius
422 1909 776 1979 invideretur,
821 1920 876 1967 et
925 1912 1154 1968 nocendi
1201 1919 1515 1984 suppeteret
1559 1911 1735 1982 major

100 2012 402 2076 potestas.
432 2003 691 2059 Dolebam
724 2004 816 2060 lilii
848 2005 1176 2061 Mariamnes
1199 2015 1469 2076 aequatum
1492 2005 1594 2060 sibi
1624 2004 1734 2074 pri-

99 2109 270 2156 vatae
315 2099 491 2154 lilium
540 2099 786 2157 mulieris
814 2101 904 2171 qui
932 2101 1084 2172 regni
1134 2100 1370 2157 nesciret
1401 2099 1728 2170 prosapiam.

100 2193 334 2251 Contra
385 2193 669 2264 Antipater
699 2193 1012 2250 diatinctam
1044 2195 1147 2251 sibi
1178 2203 1205 2233 α
1230 2209 1259 2249 a
1290 2193 1551 2248 fratribus
1581 2192 1735 2262 regni

99 2299 285 2357 spem
329 2283 760 2355 dedignabatur;
789 2294 844 2341 et
882 2285 1162 2340 invidebat
1188 2286 1508 2358 germanis,
1541 2284 1735 2354 quibus

103 2377 444 2451 posteriora
497 2393 595 2448 pro
638 2378 828 2448 primis
878 2378 963 2433 vix
1015 2387 1444 2435 reservarentur.
1497 2377 1603 2434 Sed
1650 2377 1736 2432 hic

104 2486 251 2528 sese
301 2471 521 2541 tegebat
562 2479 618 2526 ct
643 2471 891 2539 velabat,
933 2471 1061 2528 odio
1092 2473 1440 2544 praetendens
1469 2472 1733 2544 gratiam,

102 2566 237 2622 illis
262 2564 560 2646 cpusilium
589 2581 749 2622 omne
779 2565 833 2620 in
861 2580 1117 2623 sermone
1142 2567 1399 2635 obvium,
1432 2567 1595 2623 etiam
1627 2580 1736 2621 non

104 2659 532 2732 quterentibns.
568 2659 877 2731 Promptior
917 2660 1094 2732 lingua
1133 2670 1186 2716 et
1231 2670 1566 2716 secretorum
1611 2674 1739 2730 pro-

106 2755 250 2825 diga
274 2794 291 2820 ,
315 2750 583 2824 quidquid
609 2751 774 2807 locuti
806 2751 988 2808 forent
1015 2753 1156 2824 apud
1186 2752 1579 2820 Alexandrum,
1607 2767 1738 2808 con-

107 2849 286 2904 tinuo
329 2845 476 2916 apud
518 2846 862 2916 Antipatrum
891 2855 1042 2901 erat:
1077 2846 1248 2902 multa
1279 2845 1441 2900 etiam
1470 2861 1590 2916 quae
1628 2859 1736 2900 non

107 2940 424 3006 dixerant,
453 2939 868 2995 simulabantur.
905 2939 1174 3010 Pleraque
1220 2938 1588 2994 internuntius
1615 2953 1736 2994 cum

108 3035 485 3092 incremento
524 3032 837 3104 adjiciebat.
885 3032 1236 3089 Architectus
1261 3033 1504 3087 omnium
1543 3032 1738 3104 quibus

107 3137 531 3200 appeterentur
589 3127 818 3194 fratres,
876 3126 1162 3196 Antipater
1213 3135 1364 3193 erat,
1421 3125 1578 3194 cujus
1627 3125 1737 3180 vita

1835 1913 2006 1985 phyr'a
2037 1900 2379 1968 sermonibus
2412 1927 2636 1967 uxorem
2669 1910 2977 1968 incessebat
3003 1927 3018 1965 :
3050 1911 3252 1982 dejecti
3283 1911 3432 1967 illam

1834 2015 2026 2071 status,
2060 2021 2160 2063 nec
2185 2002 2571 2062 conferendam
2612 2006 2772 2076 regia:
2802 2005 2975 2077 proli:
3005 2006 3270 2076 imparem
3299 2005 3432 2062 Gla-

1837 2097 2025 2172 phyrae
2053 2099 2263 2169 sibique
2299 2113 2423 2154 esse
2467 2098 2794 2169 opprobrio,
2825 2098 2969 2170 quod
3011 2097 3182 2156 frater
3236 2087 3457 2171 regalis.

1837 2192 2054 2262 generis
2090 2191 2343 2262 conjugio
2371 2190 2656 2261 potiretur,
2691 2191 2806 2261 ipse
2836 2191 3064 2262 privatae
3095 2191 3281 2246 uxoris
3307 2206 3440 2247 con-

1839 2287 2090 2343 tubernio
2139 2287 2560 2358 degenerasset,
2619 2284 2886 2353 demens,
2944 2287 3032 2354 qui
3083 2285 3439 2342 conturbaret

1838 2381 2085 2436 convicio
2129 2380 2378 2451 proprias
2417 2389 2439 2416 ο
2472 2379 2849 2434 necessitates.
2896 2377 3105 2447 Quibus
3147 2378 3431 2449 perstricta

1839 2474 2182 2532 contumeliis
2221 2487 2359 2529 uxor
2381 2471 2706 2538 Aristobuli,
2738 2472 2804 2528 ad
2849 2482 3079 2528 matrem
3109 2486 3229 2527 cum
3260 2471 3436 2542 lacry-

1839 2570 1944 2624 mis
1982 2567 2166 2623 omnia
2197 2565 2525 2636 perferebat.
2561 2565 2781 2621 Salome
2818 2575 3002 2621 autem
3031 2574 3307 2634 comperta
3339 2581 3439 2636 per

1841 2660 2006 2716 ﬁliam
2039 2660 2156 2730 regi
2190 2659 2386 2714 llerodi
2416 2659 2802 2714 annuntiabat:
2835 2667 2889 2713 at
2916 2658 3009 2714 ille
3037 2673 3266 2714 monere
3296 2657 3434 2714 ﬁlios

1840 2769 2004 2826 quam
2061 2752 2290 2823 perdere
2340 2752 2684 2808 commodius
2727 2762 2907 2817 ratus,
2963 2759 3190 2807 vocatos
3238 2751 3435 2821 partim

1841 2845 2195 2916 imperatorie
2225 2844 2450 2912 terruit,
2479 2844 2677 2915 partim
2706 2842 2906 2898 affectu
2933 2852 3161 2912 paterno
3191 2842 3440 2899 hortatus

1841 2947 1958 3005 est,
1992 2946 2050 2994 ut
2084 2937 2303 2992 fratrem
2327 2945 2594 3001 amarent,
2629 2950 2765 2990 neve
2791 2944 2844 2988 ut
2876 2933 3060 2989 hostes
3087 2933 3435 3002 dissiderent,

1841 3032 2058 3088 veniam
2087 3029 2332 3087 tribuens
2352 3028 2754 3100 superioribus,
2783 3027 3117 3083 denuntians
3144 3028 3440 3083 correctio-

1842 3141 1967 3183 nem
2000 3123 2221 3180 futuris.
2254 3123 2323 3178 At
2350 3122 2424 3178 illi
2447 3120 2766 3192 compositis
2788 3134 2909 3175 sese
2942 3119 3441 3177 insimulationibus

109 3220 265 3278 nihil
299 3219 454 3276 aliud
501 3228 650 3285 erat,
689 3219 790 3274 nisi
821 3218 1098 3289 quoddam
1132 3218 1498 3274 versutiarum
1547 3217 1732 3273 conci-
1763 3231 1808 3294 ρ
1841 3219 1951 3291 peti
1984 3218 2232 3289 pluribus
2277 3216 2626 3286 deplorantes
2648 3255 2663 3281 ,
2698 3229 2858 3269 orare
2903 3212 3067 3269 simul
3097 3223 3151 3270 et
3193 3213 3440 3284 polliceri

108 3313 439 3380 liabulum,
467 3328 630 3368 scena
680 3312 1084 3384 improbitatis,
1125 3320 1506 3382 argumentum
1553 3310 1732 3366 scele-

111 3425 276 3477 rum,
311 3407 644 3478 ﬂagitiorum
669 3406 695 3446 ι)
726 3406 1108 3463 ministerium.
1141 3405 1480 3475 Subjiciebat
1500 3404 1732 3475 judices,

109 3501 475 3560 Subornabat
504 3508 671 3556 testes
694 3542 709 3566 ,
737 3499 1032 3555 simulabat
1063 3497 1471 3564 defensionem,
1503 3497 1656 3568 quasi
1681 3496 1735 3550 in

111 3596 354 3652 theatro
405 3607 694 3664 personam
749 3593 935 3647 fratris
965 3591 1392 3657 circumferens,
1439 3597 1500 3644 ut
1530 3589 1735 3645 leviora

111 3695 429 3745 excuteret
472 3685 683 3755 objecta
704 3726 717 3752 ,
748 3681 1091 3754 gravioribus
1127 3682 1378 3746 cederet,
1424 3695 1534 3752 quo
1564 3679 1736 3751 magis

111 3790 346 3854 patrem
383 3778 616 3844 falleret,
650 3788 704 3834 et
743 3778 1117 3834 vehementius
1149 3777 1200 3831 in
1235 3775 1435 3830 fratres
1460 3781 1733 3841 moveret;

113 3874 491 3942 maximeque
533 3869 824 3926 acerbabat
851 3877 972 3924 arte
1021 3868 1278 3922 invidiam
1311 3876 1554 3936 paternae
1584 3863 1736 3919 necis

110 3974 377 4040 paratae,
411 3971 472 4018 ut
517 3976 740 4034 regnum
786 3961 1113 4031 eriperetur.
1149 3959 1271 4028 quia
1300 3955 1521 4026 regibus
1558 3965 1737 4010 metus

112 4055 371 4130 periculi
407 4055 752 4125 suspectior:
784 4052 881 4109 sed
936 4066 1005 4107 ne
1052 4050 1172 4109 sine
1220 4048 1505 4119 repulsore
1553 4047 1737 4102 minus

114 4148 464 4209 verisimilia
505 4148 618 4219 regi
648 4147 982 4215 viderentur,
1011 4147 1131 4218 ipse
1161 4143 1338 4215 primo
1371 4143 1614 4198 tentabat
1650 4157 1739 4197 re-

109 4248 360 4310 fellere,
392 4242 588 4300 deinde
617 4243 913 4314 constringi
947 4256 1007 4297 se
1046 4238 1350 4296 manifestis
1381 4253 1564 4294 rerum
1595 4237 1738 4292 indi-

109 4342 222 4398 ciis
280 4337 509 4394 volebat
555 4335 756 4403 videri,
807 4343 868 4390 ut
924 4343 1175 4405 perorata
1228 4331 1482 4401 utrinque
1539 4345 1735 4394 causa,

109 4432 288 4506 quasi
313 4428 454 4485 nihil
472 4427 678 4499 judicio
703 4427 968 4484 defuisset
995 4426 1252 4496 amplius,
1277 4433 1434 4495 pater
1463 4433 1735 4493 tamquam

109 4529 169 4584 in
206 4522 512 4582 convictos
545 4521 687 4576 ﬁlios
722 4522 1086 4576 excitaretur:
1134 4517 1277 4573 nulla
1322 4516 1471 4572 enim
1504 4529 1591 4571 res
1621 4528 1739 4569 ma-

103 4621 308 4692 jorem
354 4613 516 4671 ﬁdem
560 4614 784 4670 assertis
827 4613 1023 4680 dabat,
1056 4626 1218 4682 quam
1259 4610 1738 4680 quod.Antipatcr

107 4713 367 4768 fratrum
393 4705 648 4762 defensor
676 4704 1067 4761 aestimabatur.
1105 4703 1216 4758 Huc
1250 4702 1436 4757 fraude
1476 4701 1738 4772 plurimo-

106 4822 244 4865 rum
297 4801 558 4872 captabat
597 4801 864 4873 gratiam,
907 4800 1074 4869 ipsius
1109 4813 1325 4870 quoque
1365 4798 1534 4868 patris
1581 4798 1634 4852 in
1677 4811 1737 4853 se

108 4905 381 4957 mentem
413 4894 728 4950 inclinabat.
757 4892 1026 4964 Quidquid
1055 4889 1298 4963 quotidie
1334 4888 1596 4944 fratribus
1634 4889 1736 4942 mi-

109 4993 430 5056 nuebatur,
460 4989 528 5045 de
561 4988 762 5045 affectu
801 4997 1030 5058 paterno
1068 4984 1124 5040 in
1163 4985 1342 5055 ipsum
1391 4981 1738 5037 transfunde-

112 5090 316 5146 hatur.
371 5083 692 5139 Abducebat
740 5082 945 5138 amicos
998 5079 1214 5150 regios,
1265 5086 1629 5149 parentesque
1681 5083 1737 5132 et

109 5180 417 5254 praecipue
461 5177 684 5234 fratrem
737 5176 881 5248 regis
924 5189 1242 5247 germanum
1290 5171 1631 5236 Pheroram,
1679 5177 1735 5223 et

111 5278 397 5336 Salomcn
433 5273 553 5344 ejus
595 5286 842 5328 sororem
871 5270 1081 5326 alienos
1108 5283 1140 5323 a
1175 5266 1466 5338 nepotibus
1495 5263 1729 5332 fecerat,

112 5383 175 5430 ut
206 5385 331 5429 non
359 5367 525 5424 modo
551 5382 647 5423 eos
663 5380 772 5422 non
799 5363 1180 5429 defenderent,
1203 5361 1299 5418 sed
1322 5361 1485 5417 etiam
1510 5365 1737 5429 appete-

109 5474 251 5524 rent
310 5471 475 5532 atque
528 5459 793 5518 odissent.
839 5455 1151 5516 Accedebat
1201 5453 1450 5512 odiorum
1507 5451 1734 5510 materia

187 5627 226 5658 ι
271 5603 353 5672 At:
383 5599 658 5672 fratribus.
690 5599 862 5658 Bentt.

187 5687 225 5728 ιδ
277 5670 615 5744 Mysteriunt.
637 5670 716 5726 In.

193 5751 222 5816 ῗ
272 5741 532 5816 ςὼἲεῖίὲίθ
565 5742 644 5799 ιθ·
824 5810 855 5816 _.
970 5743 978 5771 ἶ

185 5811 221 5855 δ
268 5811 412 5873 Cod.
445 5813 589 5887 νει,
623 5829 788 5889 reges.
823 5811 897 5870 la.

1839 3314 2095 3384 operibus
2144 3311 2310 3383 ipsis,
2343 3311 2396 3365 in
2440 3311 2711 3380 reliquum
2761 3308 2994 3380 propriae
3043 3305 3202 3364 ﬁdem
3252 3307 3438 3364 defen-

1838 3405 1980 3462 sioni
2027 3406 2251 3460 daturos
2291 3421 2305 3459 :
2354 3400 2734 3458 tantummodo
2787 3402 2984 3456 factum
3037 3409 3192 3472 pater
3246 3414 3443 3470 exspe-

1838 3508 2044 3568 ctaret,
2075 3513 2143 3555 ne
2169 3509 2375 3555 temere
2416 3496 2615 3551 auditis
2643 3494 2928 3552 crederet:
2962 3509 3070 3550 non
3113 3495 3257 3551 enim
3288 3493 3442 3548 defuo

1839 3605 1990 3653 turos
2015 3597 2287 3652 delatores
2316 3594 2591 3665 improbos
2609 3635 2625 3658 ,
2649 3594 2910 3664 quamdiu
2937 3595 3157 3649 auditor
3186 3593 3442 3649 credulus

1839 3690 2239 3761 suppeditaret.
2263 3688 2359 3744 His
2400 3696 2455 3742 et
2484 3686 2686 3742 talibus
2711 3687 2954 3743 emollito
2982 3697 3136 3756 patre
3154 3728 3170 3753 ,
3193 3687 3440 3757 quamvis

1839 3797 1909 3839 eo
1939 3794 2183 3853 tempore
2209 3781 2581 3837 imminentem
2611 3778 2924 3848 depulerint
2963 3787 3195 3845 metum,
3226 3781 3438 3836 maesti-

1841 3877 1969 3931 tiam
2016 3885 2193 3929 tamen
2238 3882 2663 3938 coacervarunt,
2696 3873 2839 3943 quod
2881 3871 3063 3941 urgeri
3095 3885 3217 3927 sese
3241 3887 3271 3924 a
3302 3870 3440 3926 Phe-

1840 3980 1965 4022 rora
2013 3973 2069 4020 et
2112 3964 2330 4020 Salome
2378 3963 2669 4018 videbant:
2711 3977 2943 4034 quorum
2989 3961 3127 4018 alter
3171 3970 3434 4042 patruus,

1840 4058 2010 4113 altera
2056 4071 2216 4113 soror
2247 4057 2450 4127 patris,
2493 4054 2693 4126 quibus
2720 4055 3025 4111 defensioni
3069 4070 3192 4112 esse
3238 4055 3441 4112 debue-

1842 4162 1985 4220 rant,
2021 4150 2450 4207 insidiabantur:
2476 4150 2774 4206 acccdebat
2802 4149 2944 4204 enim
2976 4148 3208 4204 formido
3227 4149 3438 4219 gravis,

1842 4244 1983 4316 quod
2010 4244 2299 4315 plurimum
2330 4252 2585 4314 poterant
2615 4242 2759 4313 apud
2790 4251 3019 4313 patrem.
3055 4241 3186 4297 Nam
3217 4252 3443 4314 accepto

1842 4336 2155 4392 diademate
2181 4378 2196 4403 ,
2226 4351 2395 4406 prope
2436 4336 2747 4390 universam
2791 4335 2943 4404 regni
2984 4334 3286 4405 potentiam
3317 4349 3440 4390 cum

1841 4429 2008 4486 fratre
2052 4445 2154 4486 suo
2200 4429 2444 4486 Herodes
2489 4430 2943 4500 participaverat,
2987 4443 3088 4484 nec
3133 4427 3440 4484 mediocres

1843 4525 2058 4595 utrique
2086 4524 2395 4580 contulerat
2425 4538 2592 4595 opes,
2624 4533 2678 4578 et
2705 4523 2942 4579 maxime
2966 4521 3244 4580 Pherorae.
3278 4521 3443 4578 Deni-

1763 4632 1818 4693 1)
1843 4631 1948 4688 que
1987 4615 2070 4670 his
2109 4631 2290 4672 annua
2335 4617 2534 4672 talenta
2565 4626 2780 4671 centum
2836 4616 3206 4682 recondebat,
3239 4625 3441 4687 prteter

1841 4725 1958 4765 eam
1993 4708 2304 4781 regionem,
2333 4725 2454 4780 quae
2484 4711 2621 4764 ultra
2654 4708 2987 4779 Euphratem
3017 4707 3141 4777 sita,
3169 4708 3438 4764 redituum

1841 4803 2026 4873 copias
2067 4802 2481 4873 multiplicabat.
2511 4801 2843 4858 Tetrarches
2873 4817 3090 4874 quoque
3133 4802 3303 4872 petitu
3333 4801 3442 4857 lle-

1841 4895 1993 4953 rodis
2033 4911 2064 4950 a
2106 4895 2323 4952 Cazsare
2370 4894 2550 4952 fuerat
2587 4895 2951 4962 constitutus,
2989 4894 3225 4950 donatus
3275 4894 3440 4950 etiam

1840 4989 2041 5061 regalis
2079 4990 2326 5060 conjugis
2354 4989 2792 5056 necessitudine,
2831 4989 2953 5058 quia
2985 5002 3228 5043 sororem
3273 4989 3442 5058 regiae

1841 5080 2089 5152 conjugis
2112 5080 2167 5135 lu
2188 5080 2444 5136 connubii
2466 5079 2550 5135 sui
2573 5091 2781 5137 sortem
2803 5079 3265 5135 adsciveratJ’ost
3289 5079 3444 5149 cujus

1842 5174 2050 5230 obitum
2092 5174 2419 5244 desponsata
2447 5173 2550 5228 sibi
2578 5173 2796 5228 seniore
2822 5173 2966 5243 regis
2989 5173 3095 5226 ﬁlia
3137 5173 3188 5226 in
3214 5172 3442 5243 gratiam

1839 5279 2183 5326 successerat
2210 5269 2434 5340 generi,
2467 5269 2572 5324 nisi
2599 5283 2786 5323 amore
2814 5275 3006 5338 captus
3035 5265 3338 5336 ancillulai;
3361 5282 3446 5322 re-

1839 5361 1978 5433 galis
2005 5360 2205 5434 puellae
2222 5361 2479 5432 copulam
2509 5359 2915 5418 declinavisset.
2947 5358 3062 5428 Qua
3087 5366 3445 5429 exasperatus

1842 5453 2089 5512 Herodes
2125 5454 2488 5522 contumelia,
2516 5454 2570 5510 ci
2599 5453 2619 5493 τ
2652 5453 2824 5509 ﬁlium
2859 5451 3110 5520 tradidit,
3137 5451 3230 5525 qui
3259 5463 3446 5522 postea

1922 5603 1946 5631 θ
1988 5591 2043 5646 Ν
2047 5590 2430 5647 eceuitudines.
2465 5591 2543 5647 In.

1920 5663 1942 5702 τ
1986 5662 2203 5718 Filiam.
2234 5662 2456 5733 Joseph.
2501 5662 2565 5716 de
2609 5660 2750 5719 Bell.
2802 5661 2896 5720 lib.
2939 5677 2977 5733 ι,
3025 5675 3146 5732 cap.
3193 5659 3300 5730 17,;
3339 5657 3447 5714 An-

1839 5733 1930 5806 tiq.
1964 5733 2058 5794 lib.
2086 5749 2198 5808 xvr,
2227 5748 2346 5806 cap.
2381 5732 2469 5791 ll.
2508 5733 2679 5793 ΒΑΜ.
