3964 6334
513 274 650 343 2011

1835 272 2083 331 8ΛΝοΤ1
2118 271 2451 332 Αυθηυειι

3678 274 3824 330 20H

517 383 769 441 Parthico
796 384 940 441 bello
968 386 1194 446 occidit.
1227 383 1603 447 [insimulatum
1646 393 1826 441 tamen
1869 384 2014 456 apud
2040 399 2103 442 se
2129 389 2183 460 Α
2207 382 2711 449 irreconciliabilis,
2743 382 2934 439 amicis
2962 381 3307 452 incredulus,
3334 382 3705 441 familiaribus
3737 399 3822 439 su-

514 474 834 543 Pheroram,
862 476 1004 549 quod
1032 477 1260 537 venenis
1284 477 1639 549 appetivisset
1650 476 1834 537 fratris
1851 478 2106 535 salutem.

517 569 633 639 Qua
660 571 969 640 suspicione
1008 585 1078 627 ne
1114 571 1332 626 vivente
1360 570 1579 641 quidem
1621 580 1874 631 caruerat
1901 586 2107 629 uxore:

516 664 872 736 plurimorum
897 662 1097 734 primo,
1127 671 1184 720 et
1199 663 1266 720 ad
1300 673 1632 735 postremum
1663 665 1962 721 amicorum
1991 663 2111 733 ejus

517 756 822 824 quaestione
842 757 1102 821 exercita,
1125 771 1354 813 vacuum
1377 757 1498 827 ejus
1511 756 1666 826 cujus
1686 756 2014 827 arguebatur
2037 756 2115 812 fa-

520 846 724 903 cineris
746 847 1027 905 inventum
1064 848 1254 904 volens
1280 849 1519 905 absolvit
1540 846 1918 913 :dansetiam
1942 902 1949 908 .
1975 847 2116 918 fuga

522 942 735 997 veniam
754 983 769 1007 ,
801 942 943 1013 quod
968 953 1121 1014 rapta
1150 958 1311 1015 quam
1344 943 1603 1014 diligebat
1620 943 1867 1009 ancilla,
1901 951 1929 983 ⁸
1948 942 2118 1011 depo-

522 1034 739 1091 siti-mis
761 1035 931 1102 init-.e,
957 1045 1016 1093 ut
1038 1037 1107 1092 ad
1137 1036 1370 1094 Parthos
1395 1036 1748 1108 confugeret,
1769 1037 2117 1093 similiarium

522 1142 746 1205 suorum
769 1129 1204 1186 confessionibus
1226 1130 1446 1186 modum
1467 1131 1777 1199 detegebat.
1793 1128 2122 1199 Respirave-

524 1221 1017 1293 rataliquantulum
1040 1223 1370 1289 Alexander,
1396 1222 1524 1279 dum
1544 1221 1814 1279 Pheroras
1834 1232 2121 1278 accusatus

526 1311 818 1367 incessitur
834 1354 851 1380 ,
873 1320 927 1368 et
949 1313 1064 1385 ipse
1094 1312 1319 1369 incessit
1346 1314 1606 1370 Salomen
1624 1356 1640 1382 ,
1670 1319 1700 1361 ιι
1723 1312 1866 1384 quod
1888 1327 2124 1383 spopon-

529 1402 701 1461 disset
750 1409 966 1475 nuptias
1006 1420 1133 1461 suas
1178 1406 1381 1463 Obodte
1412 1407 1633 1479 Sylteo,
1679 1407 1770 1478 qui
1814 1416 1936 1463 erat
1977 1406 2125 1479 regis

528 1495 1125 1569 Arabiae-procurator,
1165 1498 1363 1559 Herodi
1412 1499 1841 1559 inimicissimus.
1884 1498 1994 1562 Sed
2039 1513 2127 1554 re-

532 1581 701 1644 misso
747 1589 1019 1662 utrimque
1060 1592 1289 1647 crimine
1319 1599 1617 1665 tempestas
1655 1591 1852 1648 domus
1881 1591 1935 1649 in
1966 1590 2127 1647 Alex-

532 1681 761 1743 andrum
810 1683 1087 1758 incubuit,
1139 1694 1301 1757 atque
1361 1685 1541 1757 ipsum
1582 1685 1737 1757 gravi
1783 1683 2130 1755 periculuin-

532 1774 700 1845 volvit
744 1774 1002 1833 :furebat
1027 1778 1172 1832 enim
1202 1793 1344 1834 saeva
1376 1764 1577 1849 pestis,
1606 1786 1662 1834 et
1689 1777 1928 1848 procella
1960 1776 2129 1843 totius

533 1867 670 1929 aulze
712 1866 1020 1938 Antipater.
1059 1867 1432 1941 Omnibusque
1476 1870 1651 1926 modis
1697 1880 1753 1926 et
1794 1879 1817 1908 α
1854 1877 2128 1927 conventu

536 1958 697 2011 etiam
726 1955 1157 2043 propinquorum
1189 1962 1478 2033 ingravans
1513 1962 1771 2027 fratrem,
1813 1961 1886 2016 ita
1920 1969 1979 2016 ut
2014 1969 2130 2016 tur-

538 2049 663 2105 bato
699 2053 897 2108 mentis
944 2054 1146 2111 sobria:
1185 2064 1356 2123 statu,
1390 2056 1600 2115 instare
1628 2057 1733 2115 sibi
1763 2055 2133 2113 Alexandrum

536 2156 656 2197 cum
689 2144 870 2215 gladio
900 2155 1054 2215 pater
1074 2150 1285 2219 magnis
1314 2150 1541 2206 vocibus
1580 2158 1995 2222 protestaretur.
2033 2148 2138 2205 ναν

539 2247 695 2293 nerat
733 2238 787 2294 in
826 2239 1063 2295 medium
1106 2257 1269 2298 scena
1296 2242 1641 2313 hujusmodi,
1672 2243 1817 2316 quod
1854 2242 2139 2301 eunuchos

536 2341 679 2398 tres,
728 2347 959 2403 quorum
1002 2351 1138 2390 unus
1186 2337 1378 2408 pocula
1420 2338 1536 2407 regi
1582 2339 1899 2396 ministrare
1943 2336 2140 2394 solitus

540 2422 717 2492 foret,
768 2427 910 2483 alius
958 2425 1164 2485 fercula
1216 2444 1386 2487 ccente
1430 2429 1662 2495 inferre,
1720 2432 1911 2487 tertius
1961 2442 2138 2488 torum

539 2517 835 2583 observare
865 2522 1095 2592 regium,
1127 2537 1227 2578 nec
1266 2539 1521 2594 umquam
1567 2523 1855 2580 discedere
1875 2563 1891 2591 ,
1920 2538 2048 2580 cum
2081 2538 2142 2583 se

540 2600 783 2695 llerndes
814 2613 1033 2697 lectulo
1088 2618 1526 2689 composuisset,
1578 2618 1737 2674 donis
1798 2618 2143 2675 uberioribus

541 2694 811 2765 inexisset
854 2694 1163 2767 Alexander
1194 2710 1260 2775 ad
1296 2711 1379 2767 sui
1409 2711 1641 2783 gratiam
1671 2720 1727 2767 et
1758 2712 1932 2782 turpis
1957 2709 2141 2782 ﬂagitii

544 2803 885 2859 societatem.
912 2804 1031 2870 Quo
1061 2804 1300 2875 prodito,
1328 2805 1612 2875 suppliciis
1642 2803 1819 2861 adacti
1847 2803 2144 2875 spadones.

545 2892 797 2949 obscenae
844 2895 1078 2952 ludibria
1117 2897 1357 2953 libidinis
1398 2896 2145 2967 inanil‘estarunt.promissa

545 2987 709 3042 etiam
738 2989 996 3044 amatoria
1024 2996 1210 3061 tegere
1241 3001 1610 3061 nequeuntes,
1641 2992 1840 3063 quibus
1870 2990 2143 3051 sermoni.

546 3080 647 3139 bus
675 3082 949 3138 sollicitati
981 3082 1144 3154 hujus
1166 3084 1310 3141 modi
1343 3084 1544 3150 forent,
1576 3094 1633 3140 et
1661 3099 1769 3155 qua
1796 3084 1974 3154 stupri
2005 3099 2148 3139 mer,

546 3173 680 3230 cede
719 3182 1111 3239 retexueruut,
1150 3183 1210 3231 ut
1258 3174 1562 3231 involutum
1611 3175 1883 3233 dedecore
1923 3174 2149 3245 parrici-

546 3266 695 3322 dium
719 3266 1056 3333 crederetur,
1087 3269 1269 3324 inesse
1293 3267 1395 3323 sibi
1419 3270 1662 3339 juventa:
1684 3269 1937 3339 gratiam,
1958 3266 2147 3325 formae

548 3360 824 3427 decorem,
856 3360 1022 3416 robur
1052 3362 1229 3417 (etatis
1256 3402 1270 3427 ,
1298 3372 1490 3418 contra
1520 3362 1817 3419 invalidum
1845 3361 2145 3427 Herodem,

551 3461 605 3505 et
645 3451 757 3522 jam
798 3463 1015 3508 senecta
1063 3469 1315 3524 gravent,
1361 3455 1452 3523 qui
1488 3454 1744 3523 capillum
1790 3454 2030 3510 inliceret
2082 3467 2151 3513 ne

553 3552 767 3598 aetatem
795 3544 1088 3615 proderet,
1120 3561 1150 3601 a
1176 3562 1283 3617 quo
1313 3562 1435 3602 cum
1465 3547 1627 3603 vellet
1671 3548 1935 3617 regnandi
1971 3547 2061 3618 jus
2095 3548 2149 3605 in

553 3651 613 3692 se
656 3636 1094 3707 transfunderet,
1127 3639 1454 3711 praemiaque
1498 3638 1745 3711 polliceri
1785 3640 2028 3710 ingentia
2056 3658 2070 3696 :
2098 3650 2155 3699 et

552 3727 680 3784 ideo
708 3742 803 3785 eos
830 3730 882 3784 in
902 3730 1107 3802 juvene
1129 3747 1281 3803 spem
1310 3747 1463 3789 suam
1493 3735 1829 3789 constituere
1864 3743 2153 3803 oportere,

556 3839 663 3881 non
690 3823 745 3881 in
777 3824 1056 3897 decrepito
1084 3843 1218 3884 sene
1247 3828 1333 3884 cui
1375 3828 1487 3900 ipsa
1519 3836 1709 3887 natura
1738 3826 1904 3885 linem
1944 3829 2157 3886 accele-

558 3931 723 3979 raret.
749 3922 878 3990 Quae
904 3923 1143 3994 graviter
1162 3923 1379 3996 quidem
1404 3922 1680 3979 Herodem
1712 3921 2033 3979 movebant:
2060 3922 2156 3981 sed

559 4013 692 4071 illud
749 4029 861 4086 pra:
908 4018 1165 4083 caeteris,
1215 4016 1359 4088 quod
1403 4016 1723 4091 conspirare
1764 4016 1813 4072 ei
1864 4016 2155 4073 militarem

562 4122 779 4162 manum
819 4106 1096 4177 ducesque
1135 4109 1436 4173 exercitus,
1482 4089 1549 4164 et
1575 4110 1930 4166 centuriones
1961 4089 2196 4180 spado?

561 4212 688 4251 num
722 4197 922 4252 indicio
951 4206 1290 4269 compcrtmn
1323 4199 1546 4256 haberet
1571 4218 1583 4255 :
1612 4200 1848 4271 denique
1870 4200 1943 4256 ita
1973 4201 2161 4270 exagi—

564 4298 706 4346 tatus
731 4298 816 4349 est
833 4332 847 4359 ,
871 4299 924 4346 ut
948 4291 1152 4347 nullum
1179 4293 1409 4348 saevitia:
1426 4306 1601 4364 genus
1627 4294 2157 4364 praetermittendum

563 4395 811 4458 putaret,
855 4388 984 4443 nulli
1028 4389 1307 4456 crederet,
1348 4402 1540 4443 omnes
1583 4396 1867 4458 suspectos
1905 4388 2156 4447 haberet.

566 4478 879 4538 Velociores
918 4492 1076 4539 erant
1114 4497 1292 4556 pinna:
1320 4498 1481 4553 quam
1523 4481 1976 4555 interrogationes
2010 4481 2164 4554 ﬂagi.

2211 479 2448 549 perbus,
2470 470 2705 535 immitis
2736 478 2879 545 reis,
2922 477 3156 547 pavidus
3174 477 3249 533 ad
3288 478 3474 533 ornnia
3498 518 3512 542 ,
3545 486 3606 534 ut
3626 478 3825 533 crebro

2212 571 2372 628 sedes
2416 579 2691 636 mutaret,
2743 580 2934 628 noctes
2997 571 3120 626 sine
3168 586 3362 626 somno
3414 570 3675 626 duceret.
3728 570 3824 640 Qui

2213 665 2468 720 omnibus
2493 674 2848 736 exasperatus
2877 672 3106 734 repente
3135 662 3513 718 Alexandrum
3543 662 3826 734 alligatum

2216 757 2454 812 vinculis
2482 759 2656 828 sepsit
2680 755 2976 822 custodiis,
3009 762 3066 810 et
3091 755 3297 810 amicos
3323 754 3441 826 ejus
3474 756 3527 809 in
3562 756 3828 823 quaestio-

2219 864 2317 907 nes
2364 851 2596 906 vocavit.
2633 850 2735 919 Qui
2769 849 3077 921 negabant,
3112 849 3257 903 inter
3296 848 3566 919 supplicia
3619 850 3830 904 morie.

2219 946 2436 1013 bantur.
2463 945 2671 999 Rursus
2711 954 2987 1010 tacentes,
3018 944 3145 1015 quia
3188 943 3323 998 nihil
3354 942 3501 1013 quod
3542 953 3703 999 esset
3748 958 3831 998 su-

2220 1038 2554 1108 spicionibus
2602 1047 3033 1094 consentaneum
3077 1035 3505 1100 confitebantur,
3539 1050 3728 1106 usque
3770 1038 3831 1090 ad

2223 1141 2453 1187 mortem
2501 1145 2813 1200 supremam
2860 1129 3188 1189 esulcerati.
3234 1129 3260 1159 ⁸
3304 1127 3511 1184 Tamen
3560 1128 3740 1198 aliqui
3786 1128 3830 1183 vi

2225 1234 2620 1282 tormentorum
2659 1234 2717 1281 et
2756 1239 3039 1294 partarum
3082 1223 3210 1278 victi
3251 1222 3595 1290 acerbitate,
3630 1235 3830 1292 propo-

2226 1320 2387 1375 situm
2414 1318 2857 1373 adolescentibus
2884 1317 3243 1382 asserebant,
3271 1323 3330 1371 ut
3347 1316 3626 1371 venationi
3658 1318 3830 1369 inten-

2226 1422 2339 1470 tum
2382 1414 2697 1469 occiderent
2727 1423 2934 1483 patrem
2959 1453 2977 1478 ,
3007 1419 3063 1467 et
3107 1410 3176 1465 ad
3214 1410 3404 1465 urbem
3451 1409 3688 1465 Romam
3718 1408 3832 1462 sine
3922 1408 3923 1483 ξ

2226 1522 2379 1563 mora
2424 1513 2714 1577 pergerent
2764 1514 2825 1561 ut
2862 1503 3048 1576 effugii
3095 1517 3256 1571 pana
3305 1502 3647 1558 eluderetur.
3681 1499 3829 1568 Quod

2229 1603 2330 1656 etsi
2362 1600 2513 1656 nullo
2541 1606 2865 1670 argumento
2896 1598 3246 1665 fulciebatur,
3268 1605 3451 1651 tamen
3475 1595 3545 1651 ad
3573 1597 3829 1653 solatium
3922 1595 3923 1665 1

2230 1695 2396 1750 studii
2439 1693 2637 1750 ferocis
2685 1693 2972 1749 derivabat
3013 1700 3190 1762 pater,
3241 1690 3435 1745 volens
3482 1689 3830 1744 vinculorum

2234 1788 2331 1844 lilii
2355 1801 2548 1843 causas
2565 1786 2743 1856 justas
2776 1784 3003 1842 habere.
3037 1782 3406 1839 Considerans
3442 1783 3633 1853 itaque
3663 1783 3827 1838 Alex-

2231 1879 2404 1936 ander
2452 1879 2738 1933 obseratas
2780 1891 2942 1932 aures
2966 1877 3142 1946 patris
3177 1874 3244 1931 ad
3275 1890 3497 1930 omnem
3529 1876 3615 1929 sui
3642 1873 3831 1930 defen-
3922 1868 3923 1946 θ

2234 1972 2448 2028 sionem
2467 2010 2483 2035 ,
2516 1983 2616 2025 nec
2646 1968 2761 2023 ullo
2783 1967 2947 2024 modo
2974 1983 3090 2023 rem
3124 1982 3286 2037 posse
3312 1966 3549 2033 deduci,
3574 1976 3636 2020 ut
3664 1967 3738 2021 de
3762 1967 3835 2021 inc

2237 2062 2488 2119 nocentia
2524 2074 2621 2119 sua
2670 2066 3063 2128 praesumeret,
3104 2058 3198 2128 qui
3244 2058 3413 2113 tantis
3440 2056 3837 2112 calumniarum

2238 2155 2477 2213 molibus
2498 2162 2885 2225 appeteretur;
2909 2152 3078 2208 simili
3105 2161 3227 2208 arte
3256 2151 3615 2222 aequissimis
3635 2151 3836 2205 delato-
3922 2144 3923 2175 ³

2239 2250 2391 2305 ribus
2417 2248 2818 2304 occurrendum
2858 2246 3106 2317 putavit,
3138 2254 3199 2300 ut
3239 2244 3624 2300 fraudulentos
3664 2253 3723 2297 et
3759 2256 3837 2297 ea-

2239 2343 2460 2399 lumniae
2490 2340 2898 2396 machinatores
2941 2336 3539 2394 dolis‘circumveniret
3559 2377 3577 2402 ,
3601 2346 3764 2407 atque
3789 2334 3833 2388 ia

2240 2434 2569 2491 calumniam
2596 2446 2721 2487 reos
2762 2441 3019 2498 vocaret,
3051 2445 3284 2501 quuruut
3324 2444 3387 2483 se
3413 2429 3715 2484 calumniis
3754 2442 3836 2480 ur-

2226 2527 2357 2599 lgeri
2392 2526 2642 2583 credidit.
2670 2525 2906 2597 Scripsit
2932 2525 3099 2596 igitur
3126 2533 3360 2595 quatuor
3388 2523 3633 2592 libellos,
3656 2522 3834 2594 quibus

2243 2627 2609 2677 commentum
2652 2618 2885 2675 sceleris
2926 2632 3037 2689 quo
3081 2626 3364 2688 paternam
3400 2616 3643 2671 salutem
3689 2629 3835 2684 appe-

2245 2714 2412 2782 tierit,
2432 2714 2812 2778 confiteretur,
2844 2719 3011 2784 atque
3034 2709 3355 2766 insidiarum
3385 2709 3709 2778 hujustnodi
3725 2723 3835 2765 con-

2246 2809 2390 2866 scios
2437 2810 2725 2881 plerosque
2775 2821 2965 2862 eorum
3006 2820 3036 2859 a
3071 2805 3272 2875 quibus
3318 2803 3439 2875 ipse
3481 2809 3836 2875 appeteretur,

2245 2903 2533 2972 exposuit:
2576 2910 2740 2969 atque
2783 2897 2976 2953 iisdem
3019 2895 3301 2965 inscripsit
3341 2893 3531 2961 libris,
3583 2894 3839 2964 praecipue

2249 2996 2545 3055 Pberoram
2588 3004 2644 3050 et
2664 2993 2954 3050 Salomeu:
2993 2990 3137 3061 quod
3177 3003 3245 3045 ea
3266 3003 3485 3059 quoque
3526 2989 3839 3057 intempata

2250 3100 2410 3146 nocte
2448 3086 2468 3127 ί
2503 3096 2664 3157 rupto
2706 3082 3077 3141 adolescentis
3116 3081 3169 3136 in
3199 3094 3311 3151 quo
3355 3078 3675 3143 habitaret,
3701 3076 3839 3133 ωδε.

2249 3182 2373 3237 culo
2395 3222 2411 3246 ,
2447 3156 2682 3235 illexerit
2710 3177 2941 3232 invitum
2964 3216 2983 3240 ,
3018 3182 3073 3230 et
3103 3171 3431 3229 reluctancti
3462 3171 3757 3226 extorserit
3796 3177 3844 3222 ut
3922 3156 3923 3165 “

2254 3276 2520 3330 incestum
2572 3279 2833 3343 patraret.
2873 3268 3205 3324 Transmisit
3249 3266 3318 3321 ad
3367 3280 3557 3335 regem
3608 3264 3841 3325 libellos,

2252 3369 2399 3425 velut
2432 3366 2638 3423 indices
2678 3364 3011 3435 ﬂagitiorum
3053 3375 3275 3416 suorum
3302 3400 3317 3424 ,
3348 3359 3548 3431 quibus
3596 3358 3845 3429 potentis-

2251 3462 2421 3517 simos
2447 3473 2695 3530 quosque
2742 3456 3047 3512 involverat
3073 3455 3216 3523 regis
3253 3450 3488 3508 comites
3522 3459 3694 3522 atque
3730 3448 3844 3505 ami—

2252 3567 2370 3609 cos.
2396 3552 2453 3607 ln
2486 3561 2735 3622 tempore
2757 3549 2850 3603 illo
2876 3533 3178 3603 Archelaus
3210 3544 3261 3598 in
3296 3541 3543 3599 Jttdmam
3574 3550 3846 3615 properato

2252 3643 2473 3701 advenit
2499 3660 2513 3697 :
2544 3650 2602 3696 ut
2628 3641 2674 3697 si
2700 3640 2830 3713 quid
2876 3646 3094 3709 posset,
3122 3651 3330 3708 genero
3359 3650 3426 3691 ac
3464 3635 3594 3691 lilia:
3623 3638 3744 3705 opis
3765 3650 3846 3690 an-
3922 3692 3923 3709 η

2257 3738 2479 3807 xiliique
2526 3734 2714 3791 ferret.
2752 3732 2859 3789 Sed
2907 3728 3215 3802 praevidens
3263 3727 3407 3797 apud
3448 3727 3844 3784 infestissimum

2257 3841 2464 3902 patrem
2493 3830 2810 3884 obstructos
2841 3826 2944 3882 sibi
2986 3824 3198 3888 aditus,
3227 3822 3488 3893 legitime
3528 3822 3848 3879 defensionis

2256 3936 2374 3980 arte
2420 3922 2846 3978 commotionem
2896 3918 3018 3988 ejus
3066 3916 3355 3986 repressit.
3403 3914 3542 3971 Nam
3593 3915 3755 3971 simul
3797 3919 3845 3967 ut
3922 3976 3923 3987 χ

2257 4016 2437 4071 aulam
2481 4016 2762 4086 ingressus
2797 4010 3002 4081 regiam
3031 4017 3151 4072 est,
3184 4020 3380 4078 magna
3427 4022 3563 4063 voce
3591 4023 3717 4064 cum
3752 4008 3843 4077 jam

2258 4115 2540 4171 audiretur
2562 4124 2619 4171 et
2648 4112 2919 4169 videretur
2940 4110 3011 4167 ab
3040 4108 3278 4173 llerode,
3304 4108 3458 4163 velut
3487 4106 3680 4161 furens
3698 4099 3842 4159 animi

2262 4207 2544 4264 vociferari
2585 4207 2786 4277 cmpit:
2818 4204 3056 4259 Vivitne
3094 4200 3272 4255 adhuc
3316 4201 3415 4255 ille
3444 4196 3724 4253 veneﬁcus
3756 4206 3840 4261 ge-

2262 4318 2360 4359 ner
2387 4317 2569 4365 meus,
2592 4309 2650 4358 et
2677 4300 2851 4369 carpit
2872 4297 3013 4353 hanc
3043 4294 3255 4351 lucem?
3278 4292 3379 4350 Ubi
3408 4306 3600 4364 quaeso
3630 4287 3741 4345 est?
3759 4283 3840 4341 libi

2264 4392 2586 4464 parricidale
2609 4391 2737 4448 illud
2765 4390 3034 4457 reperiam
3056 4396 3250 4458 caput,
3276 4395 3335 4439 ut
3359 4383 3617 4440 manibus
3634 4389 3663 4429 Β
3682 4390 3842 4436 excer-

2264 4501 2389 4556 pam
2421 4485 2593 4540 meis?
2619 4470 2920 4547 Parricidio
2952 4482 3135 4551 perire
3162 4478 3363 4544 debet,
3390 4476 3485 4547 qui
3518 4470 3839 4546 parricidium

564 4577 797 4640 tiorum,
830 4586 887 4631 et
909 4576 1171 4647 judicium
1203 4578 1570 4647 praeveniebat
1604 4592 1792 4636 eorum
1823 4576 2021 4635 exitus.
2055 4575 2162 4633 Ra~
2187 4608 2240 4670 Β
2268 4577 2436 4633 voluit
2480 4577 2722 4649 implere.
2763 4574 2904 4642 Quid
2952 4575 3190 4629 facturus
3231 4579 3319 4627 est
3362 4584 3601 4635 socero,
3643 4567 3730 4638 qui
3755 4575 3841 4617 μοι

566 4671 852 4743 piebantur
879 4676 1079 4743 passim
1111 4673 1176 4728 ad
1204 4672 1529 4744 supplicium
1550 4712 1566 4739 ,
1598 4686 1738 4743 quos
1763 4671 1943 4742 aliqua
1986 4671 2161 4727 inces-

564 4767 719 4821 sebat
747 4767 1007 4837 suspicio.
1037 4765 1345 4823 Fervebant
1372 4768 1693 4831 calumniae;
1726 4766 1884 4823 mulli
1917 4766 2163 4823 volentes

566 4858 679 4930 regi
728 4858 962 4928 placere,
992 4858 1309 4916 deferebant
1347 4872 1510 4914 reos:
1545 4858 1641 4913 sed
1670 4858 1817 4913 illico
1846 4860 2015 4913 etiam
2060 4856 2163 4929 ipsi

565 4951 656 5021 qui
683 4951 821 5019 alios
852 4951 1180 5015 detulerant.
1212 4951 1611 5017 deferebantur,
1637 4961 1693 5007 et
1741 4965 1866 5006 cum
1898 4940 2165 5006 reis‘suis

566 5044 906 5102 ducebantur
931 5045 999 5102 ad
1042 5046 1219 5102 locum
1247 5061 1438 5116 ιιωιιω.
1473 5046 1548 5103 Ita
1569 5036 1892 5103 efferaverat
1920 5045 2164 5103 Herodes

567 5138 618 5192 in
661 5138 978 5206 universos,
1034 5136 1178 5195 dubi
1226 5141 1270 5196 si
1319 5139 1517 5210 aliquis
1572 5154 1764 5195 eorum
1813 5147 2162 5208 superesset,

567 5243 852 5305 suspectus
886 5232 1044 5289 foret.
1076 5232 1248 5291 Aliter
1268 5249 1363 5291 rex
1393 5249 1501 5289 non
1526 5243 1721 5303 putans
1760 5246 1822 5288 se
1849 5247 1967 5289 esse
1990 5246 2165 5289 secu-

572 5344 731 5397 rum,
785 5331 890 5387 nisi
937 5328 1194 5386 deﬁceret
1235 5342 1409 5398 genus
1456 5330 1773 5389 humanum.
1830 5325 2164 5385 lnsimulstis

603 5458 621 5469 λ
648 5509 675 5538 ι
714 5489 1107 5557 Dispositionis.
1140 5489 1307 5545 ΒΑΜ.

676 5572 707 5614 h
747 5566 993 5622 Restituo
1023 5582 1085 5620 ex
1115 5567 1382 5635 Josepho:
1411 5565 1552 5633 quod
1584 5557 1942 5635 spopondisset
1969 5557 2174 5628 nuptias

677 5582 707 5614 ιι
747 5582 993 5622 uesutuo
1023 5582 1085 5620 ex
1115 5582 1239 5623 Jose
1284 5582 1382 5619 no:
1411 5582 1550 5633 quoa
1584 5582 1942 5635 φοροπαιικι
1969 5582 2169 5628 lupum

592 5650 715 5693 uas
745 5636 955 5711 Sylwo,
977 5639 1066 5709 qui
1096 5648 1205 5695 erat
1234 5582 1427 5693 Bbodc
1456 5637 1593 5709 regis
1619 5633 1824 5691 Arabiae
1849 5638 2169 5711 procurator.

1854 5702 2023 5767 ΒΑΜ.

664 5789 688 5821 ο
727 5779 827 5838 lis.
856 5788 1123 5851 concentu.
1153 5779 1231 5850 la.

2268 4674 2511 4744 pepercit
2536 4673 2713 4743 patri?
2737 4672 2869 4741 Quis
2906 4666 3308 4724 demonstrabit
3336 4664 3507 4720 eum?
3540 4658 3841 4719 Eviscerabo

2268 4769 2444 4840 primo
2472 4767 2763 4823 scelestum
2788 4808 2802 4831 ,
2832 4760 3085 4835 adjiciam
3119 4761 3284 4817 ﬁliam
3323 4762 3468 4815 bono
3496 4772 3731 4828 sponso:
3756 4747 3843 4806 etsi

2267 4861 2494 4918 sceleris
2520 4873 2626 4914 non
2657 4858 2760 4914 fuit
2788 4857 3009 4913 conscia
3027 4897 3044 4924 ,
3075 4869 3186 4911 non
3210 4859 3299 4910 est
3328 4862 3512 4907 tamen
3536 4850 3717 4906 aliena
3736 4858 3844 4899 con—

2270 4955 2395 5024 tagii
2413 4969 2535 5024 quae
2561 4952 2845 5024 parricidae
2867 4950 3124 5022 conjugio
3141 4945 3475 5021 potiebatur.
3496 4944 3615 4999 Non
3637 4950 3845 5014 agnosco

2272 5045 2440 5102 ﬁliam
2484 5061 2659 5101 meam
2683 5086 2699 5110 ,
2739 5060 2862 5115 qua:
2904 5052 3055 5098 artes
3091 5056 3199 5096 non
3239 5035 3608 5109 deprehendit
3654 5028 3840 5091 mariti.

2271 5156 2393 5212 qua:
2415 5155 2474 5196 se
2504 5154 2612 5195 non
2637 5138 2797 5193 talem
2833 5135 3084 5191 exhibuit
3119 5146 3313 5189 socero
3341 5144 3568 5191 nurum,
3602 5136 3663 5182 ut
3685 5120 3840 5190 snbjc~

2271 5245 2419 5288 ctum
2450 5232 2619 5287 ﬁlium
2650 5232 2787 5302 patri
2814 5227 3091 5285 redderet.
3118 5225 3230 5294 Ego
3252 5222 3403 5277 illam
3431 5236 3540 5276 non
3567 5221 3635 5276 ad
3655 5212 3842 5274 sceleris

2272 5306 2632 5383 ministerium
2654 5322 2817 5395 junxi
2838 5363 2856 5390 ,
2881 5320 2981 5377 sed
3016 5317 3087 5375 ad
3123 5315 3467 5374 consortium
3509 5304 3840 5370 matrimonii;

2352 5460 2379 5500 α
2697 5462 2711 5477 .

2357 5546 2380 5576 ο
2422 5460 3091 5590 ξΐιξιξιὲπιῗὲέἕέίὺεηάυω
3111 5525 3501 5591 existimarint.
3525 5523 3784 5587 Gaum-

2357 5605 2377 5645 ί
2421 5607 2660 5679 lrrupto.
2690 5606 2856 5679 Bauli.

2362 5690 2387 5727 ε
2428 5676 2750 5751 Discerptum.
2782 5676 2856 5737 lo.
