3964 6316
176 340 336 396 2015

1068 340 1339 396 lllSTOR.
1385 339 1471 394 DE
1513 336 1794 396 EXCIDIO
1833 338 2108 395 IIIEBOS.
2153 337 2378 395 URBIS.
2422 337 2554 394 LIB.
2597 339 2637 393 Ι.

3355 340 3495 395 2014

182 458 250 504 ut
282 448 628 505 cohaeredcm
659 451 846 519 gratia:
884 459 1199 520 prastarcm
1219 492 1232 513 ,
1265 465 1372 503 non
1405 449 1650 505 criminis
1690 448 1789 504 ad-
1819 451 1873 511 Α
1897 461 1951 504 et
1985 450 2152 505 totius
2177 465 2356 505 scenm
2383 447 2717 504 architector
2745 449 3143 520 exponebatur.
3170 448 3272 518 Qui
3304 450 3496 505 videns

179 545 469 616 jutricem.
515 545 595 601 Te
639 545 829 612 miror,
872 544 1145 608 Herodes,
1177 544 1220 598 si
1247 542 1421 598 adhuc
1450 543 1583 597 vivit
1629 543 1793 599 Alex-

187 639 367 694 andcr
423 639 515 693 ille
565 637 850 693 insidiator
887 637 1074 706 patris.
1111 635 1374 691 Putabam
1417 635 1592 706 justas
1637 635 1790 690 illum

183 732 303 801 jant
363 747 550 802 poenas
580 730 828 794 dedisse,
868 745 1029 800 quem
1080 727 1282 784 deferri
1313 728 1431 784 'non
1479 727 1789 799 oportebat.

187 823 335 891 Quid
377 825 524 878 enim
557 822 760 878 diutius
803 830 1114 877 servaretur
1145 821 1451 889 Confessor,
1485 832 1576 877 aut
1621 823 1794 892 parri-

189 916 318 971 cida
370 915 527 970 talis?
565 915 672 972 Sed
706 916 935 970 fortasse
983 917 1084 970 hoc
1128 930 1345 986 quoque
1384 914 1583 970 divinae
1632 912 1793 970 fuerit

188 1011 584 1082 providenticc,
636 1021 692 1064 ut
742 1009 1025 1064 amborum
1077 1019 1359 1078 parentum
1403 1008 1611 1079 judicio
1653 1023 1789 1064 con-

188 1103 566 1169 demnaretur,
594 1102 686 1173 qui
717 1103 767 1156 in
798 1112 850 1158 te
886 1103 1023 1158 laesit
1051 1103 1330 1170 utriusque
1362 1103 1639 1172 pietatem.
1673 1101 1788 1157 Non

191 1213 285 1252 me
320 1197 528 1266 negabo
556 1195 809 1260 ultorem,
833 1195 923 1266 qui
953 1210 1037 1249 me
1060 1194 1282 1249 ultionis
1303 1203 1510 1249 exactae
1534 1193 1791 1263 praedica-

191 1299 370 1345 torem
396 1289 672 1359 parabam;
693 1287 786 1342 sed
817 1303 884 1343 ne
904 1287 1067 1342 filiam
1096 1287 1332 1356 excipio,
1356 1301 1516 1357 quam
1542 1285 1792 1342 infaustis

192 1382 399 1452 nuptiis
426 1380 544 1451 ipse
595 1379 893 1448 despondi,
939 1389 990 1434 te
1030 1394 1350 1450 sponsorem
1393 1387 1610 1434 secutus
1637 1397 1650 1434 :
1682 1395 1790 1433 non

189 1475 341 1528 enim
364 1489 463 1543 ego
487 1473 632 1528 illam
668 1471 843 1527 mariti
871 1472 1135 1538 moribus,
1156 1471 1251 1527 sed
1284 1471 1407 1527 fidei
1437 1481 1542 1526 tuae
1568 1470 1787 1527 tradidi.

194 1565 408 1620 Reddat
459 1579 690 1629 causas,
746 1564 889 1633 quod
937 1563 1128 1619 vadem
1182 1577 1338 1618 suum
1388 1562 1788 1631 dissimulavit,

191 1658 447 1712 maritum
495 1671 653 1712 suum
699 1655 910 1712 dilexit.
945 1657 1020 1710 De
1060 1665 1292 1726 utroque
1333 1670 1473 1709 nunc
1508 1655 1663 1709 vobis
1705 1654 1794 1724 ju-

190 1753 395 1808 diciunt
443 1761 565 1808 est:
606 1751 654 1805 si
702 1751 888 1806 firmus
933 1759 1220 1806 exsecutor
1261 1749 1393 1804 tanti
1440 1747 1646 1804 doloris
1690 1764 1789 1815 es,

189 1848 480 1918 accingere
527 1856 703 1916 pater,
753 1855 1032 1916 sequestra
1086 1849 1384 1912 pietatem:
1435 1858 1543 1896 non
1597 1850 1790 1912 optan-

190 1942 319 1996 dum
379 1941 596 2011 quidem
660 1921 896 1994 officium
961 1939 1243 2008 patribus,
1303 1937 1396 1992 sed
1453 1949 1560 1991 non
1627 1935 1790 1991 dissi-

191 2035 533 2089 mulandum.
583 2033 639 2090 Si
683 2043 735 2088 te
783 2033 958 2103 pietas
1002 2031 1214 2098 mollit,
1266 2029 1497 2085 inflectit
1561 2037 1787 2094 natura,

191 2138 467 2182 mutemus
518 2127 703 2189 vices,
745 2134 805 2180 ut
843 2139 944 2196 ego
995 2123 1050 2178 in
1111 2133 1203 2177 tuo
1256 2122 1408 2186 filio,
1450 2131 1505 2176 tu
1561 2123 1616 2176 in
1667 2135 1790 2176 meo

191 2222 418 2294 pignore
452 2220 735 2275 ministerii
777 2219 947 2273 mutui
977 2219 1149 2272 simus
1182 2228 1555 2272 exsecutores.
1588 2215 1789 2285 Hujus-

193 2317 336 2371 modi
381 2315 683 2370 orationem
723 2312 1172 2370 circumfremens
1212 2311 1448 2366 traduxit
1478 2310 1746 2366 ilerodem
1770 2351 1786 2376 ,

191 2419 350 2481 atque
397 2424 428 2463 a
499 2407 684 2463 furore
729 2406 896 2462 animi
946 2405 1202 2475 paulatim
1262 2405 1618 2460 intentionem
1671 2403 1790 2472 ejus

191 2502 479 2570 emollivit,
504 2512 562 2558 ut
588 2502 740 2572 quasi
764 2499 1120 2571 compatienti
1165 2509 1326 2570 atque
1355 2498 1614 2552 unanimo
1663 2511 1789 2553 sese

190 2596 468 2664 crederet,
488 2605 541 2650 et
568 2596 724 2650 daret
748 2593 797 2649 ei
824 2593 1043 2649 libellos
1071 2591 1349 2661 legendos,
1381 2605 1518 2661 quos
1544 2591 1787 2644 Alexan-

189 2689 288 2744 der
308 2697 711 2758 composuerat.
737 2686 806 2740 At
846 2685 942 2741 ille
984 2685 1194 2754 singula
1223 2698 1450 2754 quaeque
1477 2682 1788 2749 advertens,

191 2783 278 2836 ubi
311 2781 585 2836 intellexit
615 2780 784 2850 magis
813 2778 1003 2834 dolore
1032 2785 1312 2847 congesta,
1346 2790 1506 2846 quam
1540 2774 1646 2829 fide
1675 2774 1789 2830 suf-

191 2875 350 2940 fulta,
379 2871 648 2942 p'rolundo
669 2871 898 2927 consilio
946 2871 1195 2924 minuere
1239 2867 1496 2939 paulatim
1528 2866 1785 2922 invidiam

195 2966 521 3022 tentamcnti
549 2963 910 3035 parricidalis,
941 2974 1104 3033 atque
1133 2961 1472 3031 objectorum
1518 2975 1708 3015 causas
1733 2961 1785 3015 in

189 3074 283 3114 eos
313 3057 406 3128 qui
434 3057 689 3126 descripti
745 3055 979 3120 fuerant,
1025 3063 1079 3109 ct
1112 3054 1354 3108 maxime
1402 3053 1456 3106 in
1488 3051 1784 3106 Pheroram

187 3151 356 3220 cmpit
377 3148 779 3203 transfundere.
806 3147 991 3218 Itaque
1023 3147 1112 3201 ubi
1144 3146 1379 3201 advertit
1423 3160 1604 3216 regem
1630 3160 1656 3196 a
1688 3157 1784 3198 sua

1897 558 2080 615 regem
2114 543 2385 599 Archelao
2409 553 2645 598 mentem
2670 544 3016 598 inclinavisse
3043 557 3219 611 suam,
3254 553 3416 614 atque
3439 541 3497 599 in

1895 651 2017 690 eum
2055 651 2163 707 prie
2194 635 2411 692 caeteris
2467 635 2886 706 pra'pondcrare
2933 636 3162 706 gratiam
3219 635 3497 694 interioris

1895 731 2170 797 amicitiae,
2195 730 2262 785 ad
2321 732 2498 801 ipsum
2532 745 2591 786 se
2629 731 2883 798 contulit,
2915 730 3214 785 obsecrans
3263 739 3319 784 ut
3369 730 3490 784 ani-

1895 840 2041 880 mum
2066 825 2167 880 sibi
2196 825 2341 895 regis
2371 825 2717 880 conciliatum
2745 823 3016 879 redderet.
3052 823 3253 879 Verum
3286 825 3375 878 ille
3411 825 3492 878 iu-

1895 933 2089 973 nexum
2127 918 2378 987 plurimis
2409 917 2679 971 scelerum
2707 917 2965 982 vinculis,
2993 916 3189 988 quibus
3213 917 3494 973 evidenter

1893 1009 2008 1080 regi
2040 1024 2264 1077 parasse
2294 1009 2521 1063 insidias
2548 1010 2983 1073 convinceretur,
3028 1021 3189 1080 atque
3219 1012 3495 1079 appetisse

1893 1102 2322 1167 adolescentem,
2375 1103 2575 1156 nullam
2626 1102 2824 1157 habere
2871 1102 3042 1156 veniae
3090 1117 3241 1173 spem
3289 1103 3490 1168 aiebat,

1895 1194 2002 1248 nisi
2053 1193 2298 1263 deposita
2351 1193 2627 1247 inliciandi
2669 1191 2932 1256 versutia,
2991 1209 3112 1262 qum
3151 1193 3359 1260 objecta
3391 1193 3493 1248 sibi

1895 1287 2130 1354 fuerant,
2164 1287 2413 1342 confiteri
2447 1301 2711 1357 germano
2740 1287 2820 1341 sui
2861 1286 3084 1352 amanti,
3119 1294 3280 1356 atque
3305 1287 3372 1340 ab
3398 1303 3493 1341 eo-

1893 1383 2017 1439 dem
2065 1397 2289 1452 poscere
2341 1381 2442 1435 sibi
2491 1380 2879 1451 indulgentiam
2934 1396 3039 1434 non
3095 1379 3488 1435 dubitavisset:

1896 1475 2206 1545 hujusmodi
2238 1488 2361 1530 sese
2399 1473 2622 1538 actioni,
2651 1474 2847 1543 quibus
2897 1484 3086 1543 posset
3133 1473 3352 1538 studiis,
3385 1487 3492 1527 non

1893 1566 2232 1622 defuturum.
2270 1566 2472 1620 Mutata
2521 1565 2701 1636 itaque
2745 1571 2916 1631 veste,
2949 1563 3168 1619 suffusis
3217 1562 3492 1635 lacrymis,

1893 1660 2076 1731 specie
2124 1657 2429 1714 miserabili
2479 1657 2666 1712 fratris
2715 1657 2990 1712 inhaerens
3021 1639 3284 1726 veStigiis,
3333 1670 3496 1711 orare

1895 1753 2136 1816 veniam,
2171 1751 2576 1820 improbitatem
2628 1749 2807 1815 fateri,
2836 1749 3018 1803 omnia
3060 1748 3128 1802 de
3174 1749 3373 1818 quibus
3403 1764 3495 1803 ar-

1819 1844 2172 1916 Bgueretur,
2229 1859 2334 1896 non
2384 1842 2648 1908 abnuere,
2697 1842 2791 1896 sed
2825 1856 3217 1908 recognoscere
3266 1841 3494 1896 demen-

1891 1939 2021 1993 tiam
2048 1937 2151 1992 sibi
2197 1950 2416 1992 causam
2449 1935 2617 1990 fuisse
2641 1943 2806 1988 tantae
2840 1934 3226 2004 prolapsionis,
3270 1948 3375 2003 quo
3406 1931 3494 1987 tti-

1890 2031 2033 2086 mius
2074 2029 2128 2084 itt
2158 2044 2224 2084 eo
2256 2027 2407 2083 furor
2437 2042 2628 2082 amore
2651 2027 2754 2080 sibi
2802 2025 3016 2081 dilecta:
3066 2026 3316 2080 mulieris
3343 2029 3493 2080 exte-

1889 2134 2147 2181 sutasset.
2183 2123 2375 2180 Statuo
2408 2123 2587 2192 itaque
2615 2119 2857 2175 Pbcrora
2889 2134 3110 2173 suorum
3144 2118 3487 2189 ﬂagitiorum

1888 2217 2220 2274 accersitore
2244 2216 2445 2286 pariter
2475 2230 2538 2268 ac
2589 2223 2748 2274 teste.
2783 2223 3056 2282 tamquam
3089 2227 3187 2282 pro
3237 2211 3494 2268 mercede

1887 2310 2198 2379 compositi,
2239 2308 2384 2377 quod
2418 2308 2469 2361 in
2505 2320 2634 2362 usus
2681 2321 2811 2361 suos
2854 2305 3078 2360 caderet
3135 2305 3443 2373 argumenti
3477 2323 3490 2359 :

1892 2405 2160 2460 Ilerodem
2209 2402 2511 2460 Archelaus
2564 2401 2984 2472 deprecabatur,
3036 2408 3092 2454 nt
3123 2410 3330 2455 natura:
3360 2416 3495 2455 con-

1891 2499 2244 2568 templatione
2269 2497 2507 2552 molliret
2548 2497 2705 2561 iram,
2737 2495 3003 2564 fratrique
3036 2495 3366 2564 ignosceret,
3395 2510 3490 2548 su-

1891 2609 1984 2662 pra
2013 2594 2308 2648 vindictam
2335 2592 2674 2647 constituens
2702 2591 2792 2660 jus
2833 2599 3068 2644 naturae.
3090 2589 3200 2644 Nec
3256 2591 3483 2657 mirum,

1889 2691 1934 2746 si
1966 2691 2020 2746 in
2067 2689 2316 2744 maximis
2359 2687 2565 2759 regnis,
2619 2695 2889 2755 tamquam
2923 2686 2974 2739 in
3009 2685 3217 2756 magnis
3245 2684 3490 2755 Corpori-

1890 2784 1990 2838 bus
2017 2784 2042 2814 ⁸
2074 2798 2221 2852 saepe
2252 2782 2430 2851 aliqua
2465 2779 2707 2834 membra
2733 2779 3005 2845 ferveant,
3035 2794 3155 2849 qua:
3197 2794 3306 2832 non
3348 2778 3488 2833 inci-

1888 2876 2087 2942 denda,
2119 2872 2598 2935 sed'mollioribus
2627 2874 2734 2927 sint
2770 2871 3010 2926 curanda
3043 2871 3480 2926 medicamentis.

1888 2971 2001 3028 Sibi
2030 2986 2250 3044 quoque
2292 2971 2462 3025 multo
2491 2968 2772 3040 graviores
2799 2968 3130 3037 compositas
3170 2982 3198 3020 a
3225 2982 3488 3036 germano

1891 3067 2139 3132 insidias,
2163 3065 2260 3120 sed
2292 3063 2573 3120 remisisse
2603 3078 2663 3119 se
2691 3061 3077 3117 necessitudini
3129 3061 3271 3130 quod
3316 3061 3486 3116 debe-

1890 3160 2049 3214 batur
2070 3159 2244 3214 dolori
2272 3175 2284 3223 ;
2313 3167 2372 3212 ut
2397 3173 2504 3227 quo
2533 3157 2705 3227 magis
2756 3171 2969 3226 poenam
3029 3155 3233 3210 levaret
3264 3155 3484 3226 ingrati,

186 3244 457 3298 sententia
519 3257 626 3297 non
660 3241 1000 3297 abhorrere:
1044 3240 1537 3306 Considerandum,
1582 3240 1778 3309 inquit,

1887 3268 1952 3307 eo
1979 3252 2216 3323 amplius
2236 3265 2456 3304 causam
2484 3259 2758 3320 gravaret.
2787 3248 2919 3302 Cum
2951 3247 3070 3301 haec
3099 3256 3262 3316 atque
3292 3247 3483 3316 hujus-

189 3353 254 3390 ne
277 3335 421 3391 forte
447 3335 768 3390 adolescens
797 3337 969 3407 magis
990 3344 1264 3390 tantorum
1303 3334 1677 3404 improborum
1702 3333 1784 3387 in-

187 3435 342 3489 sidiis
368 3433 638 3502 appetitus
659 3432 799 3502 apud
832 3441 884 3487 te
912 3432 1002 3497 sit,
1035 3448 1196 3502 quam
1229 3440 1283 3486 tu
1312 3413 1380 3484 ab
1410 3429 1780 3484 adolescente.

184 3526 323 3596 Quid
347 3525 492 3581 enim
525 3540 702 3589 causge
730 3533 866 3587 erat,
894 3534 952 3579 ut
980 3533 1125 3579 tuatn
1175 3531 1458 3593 appeteret
1483 3524 1668 3586 vitam,
1691 3521 1778 3577 cui

184 3620 335 3690 regni
368 3618 631 3674 honorem
683 3633 1057 3683 concesseras,
1108 3618 1371 3687 regnandi
1408 3617 1497 3688 jus
1530 3632 1779 3672 reserva-

185 3715 279 3768 bas
334 3723 389 3768 et
419 3728 568 3782 spem
617 3712 1039 3768 successionis?
1082 3713 1223 3779 Quid
1276 3713 1423 3766 enim
1474 3720 1816 3782 appeteret,.

182 3807 326 3879 quod
352 3806 586 3862 habebat
611 3805 634 3859 ?
661 3817 753 3861 aut
783 3805 1244 3876 quemadmodum
1276 3806 1440 3860 tantis
1462 3805 1780 3861 muneribus

181 3900 427 3969 ingratus
457 3897 632 3952 foret?
662 3897 874 3966 Quidve
905 3898 1048 3953 aliud
1078 3905 1265 3969 ageret
1290 3897 1342 3951 in
1369 3905 1458 3952 tua
1487 3911 1640 3958 nece,
1674 3896 1778 3951 nisi

179 4003 237 4047 ut
263 3986 418 4045 suum
468 3989 743 4046 aﬂ‘ectaret
773 3990 1072 4060 perieulum
1096 3991 1119 4044 ?
1145 3989 1286 4060 quod
1308 3998 1358 4044 te
1384 3989 1507 4045 vivo
1537 3998 1780 4045 metuere

180 4101 289 4138 non
324 4092 528 4154 posset,
549 4083 804 4137 defuncto
833 4085 1071 4148 timeret,
1101 4083 1169 4138 ab
1199 4082 1284 4136 his
1306 4083 1491 4151 utique
1523 4098 1550 4136 a
1583 4081 1779 4153 quibus

179 4178 343 4231 etiam
376 4175 482 4230 sub
515 4187 667 4245 patre
705 4173 934 4245 positus,
970 4176 1205 4246 prepriae
1259 4175 1449 4231 salutis
1497 4176 1774 4232 excidium

178 4271 646 4342 perhorrescerct.
675 4271 827 4326 Patet
855 4272 955 4325 ista
999 4281 1134 4325 tetas
1167 4269 1416 4338 fallacie,
1444 4271 1602 4326 facile
1623 4271 1774 4327 deci-

179 4366 342 4436 pitur,
373 4374 426 4418 et
455 4363 918 4420 fraudulentorum
946 4363 1154 4418 insidiis
1183 4363 1633 4430 circumvenitur,
1683 4365 1775 4419 vix

176 4458 380 4514 resistit
413 4457 555 4512 dolis
608 4469 738 4514 retas
781 4458 971 4513 senilis
1005 4475 1018 4511 :
1053 4457 1373 4529 plerumque
1403 4466 1584 4514 tamen
1615 4467 1670 4512 et
1695 4473 1777 4514 se-

176 4567 304 4604 nmn
325 4549 610 4618 prudentia
626 4549 1190 4605 circumscribentium
1217 4551 1449 4604 versutis
1469 4549 1683 4604 insidiis
1701 4551 1774 4604 ir-

1887 3344 2031 3399 modi
2056 3344 2158 3397 alia
2189 3343 2523 3408 subtexeret,
2557 3339 2822 3410 mitigavit
2852 3340 3070 3408 quidem
3099 3339 3389 3405 Ilerodem,
3427 3345 3486 3392 ut

1883 3453 2140 3508 germano
2185 3439 2510 3503 remitteret,
2552 3436 2646 3491 sed
2683 3436 2802 3505 ipse
2857 3444 3128 3504 tamquam
3179 3425 3486 3489 inexorabi-

1885 3531 1953 3586 lis
1981 3545 2186 3601 genero
2235 3531 2510 3585 manebat.
2534 3530 2777 3599 Denique
2819 3529 3191 3592 minitabatur,
3225 3528 3368 3598 quod
3397 3528 3482 3581 di-

1883 3624 2113 3679 velleret
2138 3624 2206 3677 ab
2231 3638 2298 3678 eo
2337 3623 2528 3689 filiam,
2566 3623 2840 3692 tantisque
2869 3620 3134 3674 fremebat
3157 3620 3483 3691 indignatio-

1883 3715 1968 3770 nis
1999 3729 2111 3769 sua:
2134 3715 2392 3778 motibus,
2426 3723 2483 3767 ut
2511 3715 2626 3782 ipse
2655 3711 2899 3767 Herodes
2923 3712 3054 3764 satis
3083 3711 3358 3781 expiatum
3388 3710 3482 3764 filii

1881 3808 2170 3864 adversum
2207 3823 2266 3863 se
2321 3807 2532 3860 facinus
2575 3807 2954 3870 arbitraretur,
2987 3806 3325 3875 ultoremque
3354 3820 3476 3858 suo-

1880 3916 2001 3955 rttm
2049 3901 2366 3969 injuriarum
2421 3889 2880 3967 rogaretfatque
2931 3897 3048 3964 ipse
3105 3911 3204 3966 pro
3239 3910 3332 3949 reo
3376 3911 3477 3949 suo

1880 3993 2022 4064 apud
2070 4009 2317 4048 socerum
2367 3992 2744 4055 interveniret,
2777 4006 2884 4059 quo
2916 3989 2984 4044 de
3015 3990 3227 4060 integro
3254 4005 3484 4044 renova-

1880 4098 1964 4142 ret
1991 4087 2227 4157 nuptias.
2281 4085 2673 4140 Perseverabat
2701 4084 3027 4150 Archelaus,
3055 4083 3142 4137 cui
3175 4084 3337 4138 vellet
3366 4084 3475 4137 lle-

1880 4179 2043 4235 rodes
2094 4179 2184 4233 alii
2242 4194 2438 4234 nurum
2490 4192 2641 4231 suam
2685 4176 2957 4248 jungeret,
3009 4186 3209 4246 praeter
3240 4175 3478 4230 Alexan-

1879 4273 2038 4328 drum
2071 4289 2085 4326 :
2120 4271 2275 4337 cuius
2313 4271 2479 4326 etiam
2509 4285 2672 4325 causa
2703 4283 2839 4323 uxor
2891 4265 3289 4333 traduceretur,
3316 4276 3478 4337 atque

1879 4379 1940 4418 ea
1969 4375 2088 4418 arte
2143 4363 2315 4417 multo
2353 4361 2585 4432 amplius
2633 4361 2944 4432 impellebat
2979 4359 3272 4423 Herodem,
3307 4370 3361 4411 ut
3389 4359 3479 4414 ille

1879 4459 1980 4513 sibi
2010 4458 2182 4514 filium
2217 4456 2489 4524 redditum
2521 4465 2756 4526 putaret,
2787 4454 2832 4507 si
2861 4453 3170 4521 coniugium
3223 4451 3342 4520 ejus
3368 4467 3476 4507 non

1877 4552 2181 4608 solveretur
2214 4569 2227 4605 :
2259 4551 2414 4619 Quod
2446 4551 2538 4606 ille
2581 4564 2808 4604 uxorem
2841 4548 3087 4614 impense
3109 4545 3378 4615 diligeret,
3407 4561 3476 4600 ex

175 4644 384 4698 retitur.
426 4643 565 4712 Ergo
591 4644 638 4697 si
661 4643 926 4696 maturior
947 4656 1075 4696 usus
1093 4657 1240 4710 saepe
1267 4641 1619 4698 labefactatus
1646 4653 1728 4697 est
1756 4660 1770 4708 ;
1800 4617 1854 4678 D
1879 4660 1982 4716 qua
2011 4645 2174 4699 etiam
2207 4617 2351 4698 filios
2408 4641 2764 4711 suscepisset,
2810 4639 2996 4693 dulces
3023 4653 3148 4704 avo,
3174 4645 3356 4707 gratos
3385 4651 3478 4706 pa-

177 4737 311 4806 qnid
365 4735 586 4801 mirum,
619 4735 663 4791 si
695 4745 825 4791 artas
857 4734 1202 4790 immaturinr
1228 4735 1420 4790 adesse
1448 4752 1553 4790 non
1604 4735 1776 4805 potuit

173 4831 303 4894 sibi,
339 4845 460 4883 cum
513 4828 885 4883 insidiantium
917 4828 1150 4883 catervis
1181 4836 1568 4899 perurgeretur
1593 4829 1617 4882 ?
1646 4829 1777 4887 Illos

173 4923 340 4994 igitur
384 4921 792 4991 perturbatores
822 4925 984 4993 regiae
1031 4923 1226 4978 domus
1267 4937 1410 4985 esse.
1441 4923 1562 4978 illos
1585 4923 1780 4978 incita-

171 5025 320 5070 tores
348 5016 798 5085 adolescentium,
826 5016 1186 5071 seminatores
1230 5014 1650 5082 discordiarum,
1677 5016 1771 5086 qui

172 5110 220 5162 in
254 5109 692 5176 deSperationem
745 5109 934 5163 salutis
961 5108 1293 5163 deduxerint
1338 5108 1766 5174 adolescentem,

170 5213 225 5256 ut
252 5202 540 5258 stomacho
562 5203 732 5273 magis
763 5202 1068 5266 indulserit,
1097 5212 1152 5258 et
1183 5203 1376 5257 ultioni
1405 5205 1584 5274 potius
1606 5219 1764 5273 quam

168 5293 498 5347 absolutioni
525 5293 1060 5362 intenderit,aliquid
1086 5295 1248 5348 etiam
1265 5295 1590 5362 impartierit
1614 5308 1768 5350 com-

169 5387 420 5440 motioni.
455 5385 664 5454 Quibus
703 5387 961 5455 paulatim
995 5385 1193 5440 inflecti
1227 5385 1470 5441 Herodes
1498 5396 1764 5455 coeperat,

166 5488 222 5534 et
253 5478 471 5534 mollire
495 5479 918 5550 indignationem
949 5481 1091 5534 circa
1120 5479 1516 5536 Alexandrum.
1544 5484 1612 5536 At
1633 5497 1766 5537 vero

164 5572 218 5627 in
270 5571 568 5628 Pheroram
613 5577 950 5630 commoveri
997 5571 1416 5638 vehementius,
1465 5573 1610 5644 quod
1657 5575 1766 5634 illis

165 5675 398 5736 quatuor
447 5664 648 5720 libellis
701 5667 818 5738 ipse
861 5664 1104 5724 omnium
1135 5663 1460 5746 ﬂagitiorum
1490 5667 1765 5735 minister,

260 5841 288 5876 ³
314 5835 374 5896 lu
415 5843 525 5895 vet.
553 5836 704 5910 cod.,
735 5852 870 5910 saepe
893 5836 1073 5910 aliqua
1101 5854 1223 5910 pars
1252 5843 1467 5911 ferveat.
1495 5838 1661 5897 Bm.

1879 4736 2162 4800 rentibus;
2213 4734 2318 4789 hoc
2369 4749 2567 4788 munus
2607 4730 2844 4787 restituti
2895 4729 2996 4784 sibi
3025 4727 3123 4782 filii
3179 4727 3315 4794 fore,
3349 4727 3477 4797 quia

1879 4845 1986 4884 non
2012 4827 2274 4884 mediocri
2303 4843 2370 4881 ex
2404 4835 2556 4896 parte
2587 4825 2726 4878 bona
2775 4836 2910 4876 uxor
2945 4821 3048 4875 viri
3100 4823 3182 4874 sui
3215 4821 3481 4890 reprime-

1878 4934 1964 4979 ret
1989 4938 2230 4986 errores,
2255 4929 2348 4975 aut
2391 4925 2774 4988 compensaret
2806 4915 3006 4970 officiis
3035 4914 3295 4972 invidiam
3329 4912 3481 4984 ﬂagi-

1872 5017 2093 5072 tiorum.
2117 5015 2248 5082 Qure
2275 5015 2321 5070 si
2347 5015 2417 5070 ab
2437 5029 2502 5068 eo
2519 5012 2896 5074 divelleretur,
2931 5009 3138 5063 nullum
3171 5007 3475 5062 remedium

1873 5110 1988 5162 viro
2038 5108 2300 5172 futurum,
2351 5107 2478 5176 quin
2533 5119 2779 5175 praeceps
2809 5105 2862 5157 in
2895 5117 3060 5157 omne
3094 5111 3271 5156 rueret
3303 5101 3476 5155 nefas.

1870 5203 2142 5257 Molliores
2170 5203 2315 5255 cnim
2344 5201 2456 5254 fieri
2485 5200 2666 5254 solere
2693 5200 2960 5253 scelerum
2995 5197 3472 5266 prmsumptioncs,

1870 5309 1990 5361 quae
2014 5293 2330 5347 domesticis
2361 5291 2644 5346 affectibus
2677 5299 3092 5345 revocarentur.
3128 5289 3224 5342 Vix
3257 5288 3475 5342 tandem

1871 5389 2173 5444 Archelaus
2201 5387 2460 5453 inﬂexus,
2495 5388 2878 5442 reconciliatur
2907 5386 3005 5456 ipsi
3051 5400 3278 5454 genere,
3307 5391 3470 5454 atque

1872 5481 2046 5537 eidem
2081 5480 2406 5536 reconciliat
2456 5487 2684 5550 patrem.
2746 5479 2860 5534 Hoc
2890 5479 3121 5533 consilio
3151 5477 3351 5547 eripuit

1841 5649 1845 5653 ζ
1874 5592 2061 5631 uerum
2089 5575 2228 5642 neci,
2263 5581 2324 5630 ut
2352 5590 2449 5646 pro
2483 5573 2734 5630 mercede
2786 5574 3062 5643 acciperet
3092 5572 3208 5640 ejus
3253 5569 3470 5625 absolu-

1874 5673 2101 5737 tionem,
2152 5669 2281 5728 dum
2309 5666 2681 5726 condemnare
2707 5681 2767 5724 se
2795 5669 2974 5742 potius
3018 5663 3260 5730 simulat,
3306 5676 3470 5732 quam
