3964 6326
561 279 711 339 2013

1869 290 2113 349 sanun
2151 292 2479 353 AMBROSII
2545 365 2551 370 ,

3725 310 3845 368 ifilli

554 395 1030 456 intervenire.Pro
1046 413 1152 471 quo
1178 399 1224 455 si
1244 399 1693 458 intercedendum
1715 411 1979 474 putasset,
2015 405 2156 461 haud
2184 408 2238 470 Α
2263 409 2401 479 patri
2436 417 2492 465 et
2521 409 2784 481 proditori
2816 426 2915 468 suo
2947 455 2963 482 ,
3007 415 3329 489 aperuitquc
3377 428 3627 475 mentem
3662 420 3845 479 lubrico

557 486 725 546 dubie
777 490 914 545 nihil
961 490 1332 561 impetrasset.
1365 491 1589 549 Addidit
1620 503 1875 565 oportere
1907 512 2030 552 cum
2055 497 2164 553 Ro-

561 596 707 636 mam
764 597 992 653 pergere
1050 594 1338 654 purgatum
1387 587 1456 643 al)
1495 587 1600 656 his,
1643 604 1765 660 qua:
1815 600 1970 660 pater
2017 591 2160 647 ineo

558 683 988 745 suspectaverat,
1041 677 1302 747 quoniam
1333 679 1514 734 omnia
1544 681 1659 751 ipse
1706 683 2016 753 scripsisset
2043 681 2161 739 Ca:-

556 765 688 822 sari.
713 764 870 834 Quod
919 781 1074 838 aeque
1099 769 1460 840 compositum
1513 788 1657 839 reor,
1692 782 1748 828 ut
1803 773 1907 830 hoc
1959 791 2159 846 genere

558 861 870 919 Alexander
890 879 1014 920 cum
1046 869 1105 922 se
1157 878 1463 939 purgasset,
1491 870 1696 926 Caesari
1743 873 2159 940 commendare-

552 959 664 1019 tur,
720 962 885 1027 atque
937 958 1210 1031 Antipatri
1267 973 1472 1032 parata:
1523 963 1788 1022 fratribus
1838 965 2050 1022 insidiae
2073 983 2159 1039 pa-

558 1050 857 1105 tescerent.

1125 1146 1356 1205 CAPUT
1394 1148 1532 1204 XLI.

630 1233 747 1291 Hoc
769 1240 1001 1298 consilio
1042 1243 1221 1300 soluta
1244 1244 1412 1302 factio
1433 1256 1485 1302 et
1514 1248 1803 1305 conversio
1825 1248 1965 1305 facta
1983 1249 2040 1304 in
2063 1250 2185 1306 lae--

553 1324 753 1394 titiam,
783 1329 1121 1390 instauratur
1145 1336 1454 1394 convivium
1500 1340 1554 1394 in
1601 1341 1860 1396 indicium
1893 1342 2038 1397 inita:
2069 1357 2155 1398 re-

555 1425 1000 1502 conciliationis,
1029 1431 1186 1500 cujus
1215 1432 1240 1459 “
1281 1443 1532 1490 auctores
1581 1436 1886 1492 Archelaus
1938 1449 2154 1510 septua-

552 1513 702 1584 ginta
735 1517 957 1586 talenta,
988 1530 1045 1577 et
1074 1522 1249 1580 sedile
1274 1540 1499 1582 aureum
1532 1529 1762 1598 gemmis
1791 1528 2103 1601 insignitum
2135 1549 2150 1588 :

557 1607 717 1666 electi
734 1625 951 1684 quoque
977 1615 1218 1672 eunuchi
1246 1619 2154 1695 regaliconferunturmagnificen—

552 1701 647 1768 tia,
677 1711 736 1758 et
763 1706 1066 1763 concubina
1091 1708 1204 1782 (cui
1229 1709 1256 1749 δ
1289 1702 1544 1768 Panichis
1595 1729 1793 1770 nomen
1841 1717 1982 1787 erat)
2009 1717 2153 1773 dono

2262 503 2482 573 ingenio
2531 506 2836 578 afl'ectuque
2888 507 3130 578 incauto,
3178 522 3390 582 patrem
3437 513 3542 570 sibi
3590 525 3844 572 auctorem

2261 595 2527 651 malorum
2577 612 2944 670 conquerens,
3001 601 3091 670 qui
3137 616 3363 659 matrem
3421 606 3526 661 sibi
3581 608 3843 678 eripuerit,

2259 699 2485 757 regnum
2511 687 2930 759 decoloraverit,
2971 693 3115 763 quod
3140 696 3239 751 sibi
3266 696 3334 750 ah
3363 713 3465 753 avo
3491 738 3507 763 ,
3542 701 3838 770 veterisque

2261 782 2526 852 prosapia}
2579 782 2758 839 infulis
2803 785 3044 841 debitum
3075 789 3256 860 cupiat
3301 799 3553 847 avertere
3582 810 3598 859 ;
3625 791 3845 849 fraudari

2259 871 2531 944 legitimos
2557 876 2679 946 jure
2707 881 3092 948 successionis,
3129 884 3373 953 praeferri
3414 886 3664 956 spurium
3693 893 3846 959 stupri

2258 969 2512 1025 mercede
2539 987 2552 1036 ;
2584 971 2678 1026 sed
2710 988 2816 1028 non
2847 973 2937 1029 diu
2983 976 3232 1046 quietura
3270 977 3473 1048 judicia
3527 980 3653 1048 Dei,
3687 992 3742 1036 ut
3773 983 3846 1052 qui

2261 1077 2486 1119 uxorem
2519 1065 2863 1123 innocentem
2908 1082 3232 1136 necaverat,
3266 1073 3564 1128 nonetiam
3599 1074 3718 1144 ipse
3745 1090 3849 1145 pro-

2260 1170 2387 1224 pere
2433 1165 2622 1226 parato
2670 1174 2764 1228 per
2790 1160 3080 1231 conjugem
3132 1163 3362 1234 imperio
3417 1164 3845 1222 defraudaretur.

2257 1247 2389 1314 Quae
2416 1249 2534 1304 sine
2560 1265 2713 1306 mora
2730 1250 2910 1307 Lacon
2952 1253 3018 1308 ad
3045 1255 3391 1325 Antipatrum
3421 1255 3732 1322 deferebat,
3761 1262 3848 1314 cir-

2257 1348 2548 1395 cumvento
2609 1343 2770 1397 ctiam
2820 1345 3156 1416 Aristobulo,
3203 1358 3262 1402 ut
3307 1347 3560 1418 ejusdem
3590 1350 3846 1420 querimo-

2253 1431 2359 1486 niae
2407 1432 2614 1502 laqueis
2651 1435 3042 1503 innecteretur,
3091 1448 3146 1494 et
3206 1441 3379 1509 pretio
3401 1452 3726 1496 coacervata
3751 1443 3847 1512 regi

2256 1523 2587 1592 insinuabat,
2635 1527 2829 1584 dicens
2855 1547 2869 1595 ;
2897 1531 3116 1586 silentio
3167 1547 3228 1588 se
3268 1549 3524 1602 premere
3555 1537 3847 1606 nequivisse

2258 1625 2366 1672 tam
2396 1619 2630 1676 inunane
2662 1622 2892 1690 facinus,
2920 1632 2976 1680 et
3009 1641 3104 1695 pro
3128 1627 3351 1697 hospitii
3379 1643 3618 1684 munere
3641 1629 3846 1701 gratiam

2254 1726 2315 1766 se
2347 1712 2483 1768 lucis
2513 1726 2930 1784 repraesentare,
2967 1734 3126 1788 quam
3176 1729 3421 1790 ereptum
3483 1723 3568 1777 ire
3627 1722 3719 1777 lilii
3751 1737 3845 1793 per-

549 1794 732 1867 datur,
757 1808 919 1871 atque
941 1803 1226 1874 accipitur.
1253 1806 1516 1864 Similiter
1542 1817 1596 1864 et
1623 1810 1910 1882 propinqui
1939 1813 2139 1869 monitu

2253 1815 2467 1876 gerent,
2493 1823 2629 1878 quos
2656 1809 2761 1865 nisi
2800 1812 2917 1881 ipse
2961 1813 3310 1870 simulatione
3354 1816 3585 1871 consilii
3610 1817 3846 1873 fidelioris

549 1892 716 1962 regis,
757 1893 1082 1953 clarissimis
1129 1898 1285 1954 donis
1332 1901 1666 1958 Archelaum
1699 1905 2144 1974 munerabantur,

545 1998 651 2040 nec
670 1987 956 2058 quisquam
981 1989 1327 2047 familiarium
1373 1995 1492 2065 ejus
1522 2011 1712 2053 exsors
1739 2000 1982 2055 muneris
2014 1998 2146 2056 fuit:

542 2077 742 2149 quibus
767 2081 1024 2138 omnibus
1075 2083 1320 2142 Herodes
1347 2101 1446 2158 pro
1471 2089 1902 2161 uniuscujusque
1932 2091 2150 2148 meritis

547 2168 782 2240 plurima
812 2173 1184 2244 impartiebat.
1218 2179 1546 2237 Prosecutus
1573 2194 1658 2239 est
1707 2186 1874 2240 etiam
1907 2201 2030 2241 cum
2054 2201 2146 2256 po-

547 2261 788 2320 tentibus
833 2267 949 2322 suis
990 2283 1160 2340 usque
1200 2271 1267 2325 ad
1302 2272 1490 2329 urbem
1547 2276 1719 2347 Syriae
1774 2277 2150 2348 splendidissi-

545 2370 715 2425 mam,
739 2357 1092 2418 Antiochiam
1123 2366 1363 2431 nomine,
1412 2368 1466 2423 in
1524 2385 1747 2441 regnum
1781 2386 1938 2427 suum
1963 2388 2151 2444 regre-

542 2447 810 2508 dientem.
837 2452 1100 2511 Evaserat
1128 2457 1458 2528 Alexander,
1484 2462 1588 2518 nisi
1624 2477 1685 2518 se
1706 2464 2066 2522 immersisset
2093 2467 2146 2523 in

543 2540 787 2601 Judaeam
854 2547 938 2636 vir
992 2550 1248 2608 Archelai
1303 2555 1511 2611 artibus
1565 2557 1724 2629 longe
1773 2561 2144 2630 exercitatior,

541 2634 727 2694 Lacon
780 2634 982 2709 genere
1017 2684 1031 2709 ,
1085 2644 1352 2718 Eurycles
1403 2649 1643 2717 nomine,
1705 2653 1871 2709 nimie
1918 2656 2148 2725 cupidus

536 2743 728 2799 opum,
763 2748 1058 2808 earumque
1104 2754 1202 2809 pro
1247 2743 1470 2812 negotio
1515 2755 1883 2818 contemptor,
1919 2749 2007 2806 tibi
2034 2767 2146 2804 nia-

536 2823 658 2895 jora
691 2828 935 2894 potiundi
963 2845 1090 2901 Spes
1144 2833 1471 2906 refulgebat.
1510 2838 1755 2910 Denique
1785 2859 1892 2898 non
1920 2853 2145 2900 conten-

541 2923 628 2970 tus
651 2916 936 2976 Laconicis
981 2922 1351 2992 facultatibus,
1394 2929 1445 2983 in
1475 2931 1772 3000 effusiones
1826 2936 2001 3007 regias
2028 2939 2143 2992 ani-

540 3025 688 3066 mum
717 3013 1048 3082 intenderat,
1088 3022 1428 3092 venandiquc
1454 3025 1648 3081 artifex
1690 3027 1960 3086 llerodem
1996 3043 2017 3069 ε
2045 3049 2144 3088 an-

539 3104 704 3182 tiquis
759 3108 958 3178 opimis
1005 3111 1238 3169 adorsns
1291 3119 1608 3176 muneribus
1642 3163 1658 3190 ,
1708 3128 2138 3183 rcmunerationi

2255 1903 2647 1968 revocavisset,
2688 1905 2796 1976 jam
2838 1906 3041 1962 dudum
3083 1908 3378 1964 Alexandri
3412 1911 3604 1982 gladio
3649 1911 3830 1967 iutcrfe

2252 1999 2400 2046 ctum
2428 2002 2658 2063 patrem,
2693 2011 3031 2068 regnumque
3059 2000 3292 2072 indignis
3321 2002 3645 2058 hatredibus
3675 2019 3847 2058 vacue-

2253 2084 2476 2142 factum.
2506 2088 2693 2160 Neque
2743 2091 3056 2148 Alexandro
3112 2092 3361 2165 religioni
3416 2109 3546 2152 esse
3579 2097 3848 2167 parricida-

2252 2174 2360 2234 le'm
2391 2181 2759 2250 atrocitatem,
2793 2184 2884 2255 qui
2911 2186 3132 2241 maximi
3181 2187 3403 2243 sceleris
3459 2188 3588 2244 loco
3617 2190 3842 2256 duceret,

2252 2273 2397 2343 quod
2426 2275 2603 2331 adhuc
2629 2277 2714 2331 avi
2772 2279 3068 2349 matrisque
3117 2295 3308 2336 necem
3348 2281 3587 2337 inultam
3618 2281 3842 2338 habcret.

2251 2366 2548 2424 Conveniri
2587 2384 2646 2426 se
2675 2386 2737 2426 ac
2802 2375 3082 2444 pemrgeri
3144 2386 3559 2447 peremptorum
3604 2378 3838 2449 querelis,

2251 2469 2308 2517 ut
2337 2471 2446 2517 tam
2473 2472 2631 2519 atrox
2655 2465 2920 2536 flagitium
2969 2467 3347 2525 ulcisceretur.
3404 2470 3613 2528 Deberi
3644 2473 3741 2528 sibi
3769 2473 3840 2526 in-

2251 2552 2415 2610 ferias
2461 2554 2873 2612 interfectorum
2906 2561 3072 2630 exigi,
3101 2548 3633 2634 successio'nemque
3674 2578 3838 2619 eorum

2248 2663 2356 2704 non
2389 2661 2644 2720 oportere
2690 2655 3074 2720 contaminari,
3105 2667 3164 2709 ut
3185 2655 3251 2710 ab
3283 2670 3352 2711 eo
3372 2657 3466 2727 qui
3492 2657 3737 2727 majores
3759 2670 3837 2710 eo-

2249 2757 2368 2797 rum
2402 2741 2676 2798 occiderat
2717 2760 2945 2816 regnum
2989 2747 3424 2817 adipisceretur;
3457 2759 3838 2804 renovaturum

2247 2850 2307 2890 se
2333 2835 2535 2904 judicia
2567 2837 2824 2903 Caesaris,
2871 2854 2977 2895 non
3008 2839 3175 2894 simili
3218 2848 3276 2895 ut
3327 2850 3475 2907 ante,
3518 2842 3835 2905 reverentia,

2244 2927 2339 2983 sed
2371 2938 2428 2984 ut
2452 2929 2634 2984 Caesar
2663 2931 2778 3000 ipse
2818 2941 3176 3002 cognosceret
3201 2933 3388 2988 omnia
3433 2945 3659 2992 secreta
3690 2934 3835 3005 regis,

2243 3024 2501 3092 quaesitas
2531 3024 2794 3095 sanguine
2815 3041 2973 3097 opes,
2997 3028 3337 3096 provinciam
3397 3029 3780 3087 labefactatam
3822 3046 3833 3092 ;

2244 3112 2270 3152 ἀ
2293 3127 2633 3186 reperturum
2659 3134 2717 3175 se
2745 3119 2814 3177 ab
2833 3118 3021 3176 inferis
3061 3137 3246 3189 avum,
3279 3124 3589 3195 matrisque
3618 3126 3840 3181 acerbis-

537 3199 893 3270 amplissimae
919 3204 1099 3261 locum
1130 3209 1338 3278 paravi;
1362 3227 1377 3276 ;
1403 3211 1669 3284 longeque
1696 3217 1949 3273 uberiora
1972 3236 2134 3290 quam
2165 3211 2210 3274 C
2241 3209 2436 3264 simam
2460 3225 2648 3267 necem
2688 3209 3212 3281 demonstraturum,
3237 3228 3294 3271 ut
3315 3233 3612 3275 successor
3636 3221 3833 3275 alienus

536 3291 1100 3367 obtulerat,adeptus,
1127 3309 1305 3356 tamen
1338 3318 1447 3359 non
1476 3305 1795 3375 satiabatur,
1830 3310 1932 3366 nisi
1951 3325 2141 3368 cruen-

533 3380 604 3437 tis
631 3392 796 3451 atque
827 3387 1009 3458 impiis
1034 3390 1359 3449 factionibus
1386 3398 1616 3466 gratiam
1645 3400 1746 3456 sibi
1787 3403 1932 3472 regis
1959 3419 2139 3461 emer-

528 3477 979 3550 caretur.ltaque
1004 3496 1158 3540 more
1199 3485 1438 3555 quodam
1467 3503 1681 3560 usuque
1735 3491 1943 3550 Graecis
1988 3494 2139 3550 fami-

533 3563 655 3621 liari
687 3581 868 3640 regem
898 3571 1190 3640 adulando,
1217 3577 1686 3652 prmdicandisque
1717 3585 1970 3642 omnibus
1996 3587 2133 3658 ejus,

534 3675 644 3716 non
673 3662 849 3720 solum
882 3681 1003 3734 quae
1040 3667 1212 3725 laudis
1237 3669 1434 3740 aliena,
1467 3674 1562 3729 sed
1591 3678 1754 3732 etiam
1778 3678 2020 3734 involuta
2054 3685 2134 3737 vi-

533 3752 622 3808 tiis
677 3753 878 3825 forent,
911 3758 964 3813 in
1027 3759 1274 3817 intimam
1312 3763 1428 3834 ejus
1459 3767 1758 3825 amicitiam
1807 3770 1956 3828 brevi
2014 3789 2136 3844 per-

531 3847 702 3916 venit,
730 3859 789 3906 ut
818 3851 961 3907 inter
1015 3854 1220 3926 primos
1264 3869 1603 3916 secretorum
1635 3865 1873 3922 arbitros
1903 3868 2136 3940 eligere-

531 3948 619 3996 tur
650 3959 664 3996 :
694 3943 1065 4016 adstipulante
1105 3951 1270 4006 etiam
1302 3956 1494 4023 patriae
1532 3959 1890 4028 praerogativa
1919 4003 1933 4025 ,
1987 3964 2130 4032 quod

527 4034 832 4106 Spartiatas
855 4039 1029 4094 Judmi
1061 4055 1292 4114 cognato
1338 4046 1440 4102 sibi
1472 4065 1672 4120 genere
1699 4054 2006 4125 copulatos,
2032 4072 2131 4127 pro

526 4126 786 4184 fratribus
814 4129 1035 4188 habent.
1067 4135 1131 4202 ,ls
1162 4138 1252 4194 tibi
1279 4141 1445 4210 regiae
1470 4142 1668 4200 domus
1690 4147 1824 4202 vitia
1854 4126 2125 4220 cognovit,

519 4227 838 4288 suspectum
858 4223 1097 4281 animum
1130 4230 1324 4299 patris,
1348 4231 1688 4306 fratrumque
1717 4238 1864 4294 inter
1891 4256 1953 4297 se
1979 4241 2122 4308 odia,

524 4311 683 4367 novis
732 4314 939 4372 artibus
989 4333 1178 4375 carum
1219 4336 1279 4378 se
1327 4325 1584 4383 omnibus
1633 4330 1921 4398 simulans,
1969 4337 2128 4405 quasi

525 4400 666 4460 ﬁdus
707 4405 936 4478 singulis
968 4409 1309 4481 habebatur;
1343 4418 1440 4472 sed
1483 4433 1582 4489 pro
1610 4421 1828 4493 ingenio
1859 4400 2003 4496 regis
2029 4438 2126 4483 aut

524 4510 811 4554 munerum
844 4503 1047 4559 merito
1090 4519 1190 4561 sua
1215 4507 1392 4564 studia
1414 4509 1700 4582 formabat,
1731 4523 1787 4569 ut
1814 4515 2124 4587 adjunctior

2245 3301 2298 3355 in
2330 3317 2556 3372 regnum
2582 3306 2794 3374 regium
2827 3307 3233 3378 subrogaretur.
3269 3308 3630 3367 Excitaverat
3674 3327 3837 3383 regem

2243 3393 2504 3466 Eurycles
2535 3414 2548 3460 ;
2576 3396 2864 3468 Antipater
2905 3408 3082 3455 tamen
3119 3390 3296 3471 parvi
3349 3402 3640 3460 aestimans
3697 3405 3838 3458 unius

2239 3489 2645 3559 suggestionem
2679 3532 2694 3556 ,
2751 3491 2891 3547 alios
2916 3508 3135 3564 quoque
3186 3504 3534 3551 accusatores
3594 3499 3837 3553 fratribus

2239 3581 2605 3651 sobornabat,
2661 3585 2753 3656 qui
2805 3584 3055 3642 dicerent
3107 3602 3228 3643 cum
3283 3587 3518 3645 ducibus
3576 3593 3835 3662 quondam

2241 3677 2508 3746 equestris
2534 3679 2809 3735 exercitus
2861 3678 3110 3736 Jocundo
3135 3693 3191 3737 et
3221 3683 3480 3754 Tyranno
3531 3701 3834 3741 sermonem

2241 3769 2460 3837 initum,
2493 3772 2830 3840 compositas
2871 3773 2987 3844 regi
3021 3774 3246 3830 insidias
3275 3775 3470 3833 dolore
3514 3781 3537 3808 °
3570 3778 3837 3834 decessio-

2239 3862 2446 3928 nis;in
2479 3865 2788 3921 cervicibus
2810 3867 3141 3938 periculum,
3190 3870 3293 3924 nisi
3343 3880 3560 3927 mature
3610 3880 3832 3929 caveret.

2239 3953 2483 4026 Denique
2507 3972 2612 4011 non
2645 3957 2860 4014 distulit
2909 3959 3174 4026 llerodcs,
3219 3961 3478 4033 illicoque
3531 3974 3723 4036 raptos
3761 3979 3834 4020 sc-

2235 4065 2364 4106 vere
2385 4053 2731 4123 interrogat;
2765 4053 2860 4108 sed
2905 4055 3038 4110 nihil
3063 4055 3161 4123 illi,
3189 4055 3257 4111 de
3287 4058 3484 4126 quibus
3531 4061 3831 4131 arguebam

2236 4152 2344 4210 tur,
2377 4143 2612 4200 confessi
2641 4148 3013 4218 reperiuntur.
3067 4149 3134 4205 Et
3163 4152 3294 4221 quia
3321 4152 3544 4223 impune
3579 4165 3689 4211 tam
3719 4173 3831 4227 gra-

2232 4235 2320 4292 via
2351 4237 2753 4294 simulabantur
2773 4239 2916 4312 apud
2945 4256 3094 4308 eum,
3121 4243 3214 4313 qui
3259 4245 3554 4300 criminum
3617 4263 3678 4304 se
3723 4249 3828 4302 vin-

2231 4330 2409 4387 dicem
2460 4334 2810 4402 profiteretur
2856 4344 2910 4390 et
2953 4335 3320 4407 negligentem
3389 4339 3822 4404 calumniarum;

2231 4440 2339 4481 non
2362 4411 2607 4492 deerant,
2639 4428 2729 4498 qui
2759 4427 3069 4499 hujusmodi
3101 4431 3329 4486 insidias
3359 4433 3823 4496 machinarentur.

2230 4533 2364 4588 quas
2392 4519 2732 4589 acceptiores
2763 4520 2877 4575 fore
2909 4518 3050 4591 patri
3093 4520 3402 4577 crederent.
3449 4521 3586 4578 Nam
3635 4535 3692 4580 et
3719 4525 3824 4596 epi-

519 4602 668 4650 esset
717 4596 1045 4670 Antipatro;
1077 4601 1449 4660 Alexandrum
1506 4607 1649 4665 dolis
1703 4616 1867 4682 atque
1904 4613 2119 4669 insidiis
2147 4608 2201 4668 D
2225 4611 2362 4666 stola
2411 4612 2622 4682 prolata
2660 4619 2775 4679 est,
2806 4613 2963 4682 quasi
2994 4612 3064 4668 ad
3105 4614 3316 4669 castelli
3361 4617 3720 4686 praepositum
3765 4615 3824 4670 ab

516 4689 954 4761 circumveniret,
975 4691 1223 4751 familiari
1247 4698 1429 4767 specie
1453 4709 1742 4772 utrumque
1762 4719 2122 4775 exasperans:

519 4776 672 4834 illum
702 4785 1066 4854 praerogativa
1094 4789 1273 4843 aetatis
1298 4805 1468 4859 regno
1493 4792 1760 4865 debitum,
1808 4799 1968 4853 istum
2003 4815 2118 4854 ma-

524 4871 660 4926 terni
690 4876 908 4945 generis
931 4879 1220 4948 prmditum
1255 4883 1564 4955 nobilitate,
1584 4888 1709 4958 jure
1736 4892 2074 4959 superiorem
2103 4912 2116 4947 :

521 4977 698 5034 neque
727 4981 849 5022 cum
874 4968 1156 5028 vilissima:
1206 4977 1530 5047 corruptelae
1561 4981 1787 5051 pignore
1812 4983 2021 5052 mquale
2042 4985 2118 5039 illi

515 5059 875 5116 consortium.
902 5062 1109 5132 Quibus
1149 5077 1345 5138 captus
1377 5070 1705 5141 Alexander,
1751 5083 1937 5146 utpote
1991 5076 2124 5133 ado-

519 5148 836 5220 lescentior,
857 5157 949 5224 qui
981 5157 1349 5216 delectaretur
1395 5161 1480 5219 his
1503 5179 1624 5235 qua:
1659 5167 1970 5224 dicerentur
1990 5170 2116 5237 sibi,

515 5255 624 5296 non
651 5247 1012 5315 perpenderet
1039 5250 1151 5318 illa,
1179 5268 1302 5324 qua:
1327 5269 1518 5312 rursus
1545 5256 1614 5313 de
1641 5271 1701 5315 se
1725 5260 1864 5331 apud
1889 5261 2117 5332 Antipa-

513 5343 660 5393 trum
682 5351 1163 5415 componerentur,
1195 5341 1387 5405 effudit
1423 5365 1548 5408 sese
1593 5354 1933 5411 mercenaria
1957 5353 2116 5413 Anti-

587 5574 613 5635 ξι
645 5563 766 5622 Vet.
796 5566 945 5635 cod.,
970 5570 1174 5625 auctori
1203 5571 1480 5630 Archelao.
1511 5577 1680 5635 ΒΑΜ.

585 5634 776 5728 ἱερειο
792 5634 942 5728 re:
961 5638 1246 5728 Ριξηιιοιιίεο
1275 5643 1548 5728 ιρερριιειρ
1573 5634 1901 5728 ramea.-
1930 5665 1989 5713 ει
2013 5671 2114 5728 per

510 5723 544 5776 ν
574 5708 966 5800 scrib-indcbet,
1025 5727 1174 5800 cum”
1202 5717 1386 5800 veniat
1409 5708 1442 5775 Et
1471 5719 1717 5781 dictione
1767 5708 2111 5800 01³⁷σῖεεῖᾳῖιῶ

511 5783 974 5843 pernoctationem
999 5783 1283 5852 significat.
1311 5786 1387 5841 to.

2231 4704 2545 4760 Alexandro
2567 4714 2622 4760 et
2651 4705 2968 4761 Aristobulo
2999 4706 3152 4772 data,
3196 4718 3255 4762 ut
3291 4710 3477 4763 occiso
3525 4727 3678 4781 rege,
3701 4726 3822 4766 con-

2231 4797 2470 4868 fugiendi
2517 4798 2622 4853 sibi
2649 4808 2977 4869 potestatem
3040 4799 3268 4867 faceret,
3316 4801 3492 4857 donec
3549 4806 3715 4859 armis
3736 4804 3822 4858 ad-

2230 4907 2448 4948 versum
2479 4907 2539 4949 se
2562 4894 2893 4949 insectantes
2933 4893 3233 4960 munirent,
3275 4897 3607 4968 casterisque
3653 4898 3820 4954 subsi-

2203 4984 2332 5040 'diis
2403 4984 2775 5042 defensionem
2848 4994 3126 5055 pararent.
3185 4986 3550 5043 Excruciatur
3615 4988 3818 5045 castelli

2224 5079 2573 5149 praepositus,
2597 5088 2652 5135 et
2670 5077 2803 5133 nihil
2832 5073 3051 5135 fatetur.
3077 5078 3443 5135 Nihilominus
3471 5090 3652 5137 tamen
3682 5081 3816 5136 haud

2223 5172 2347 5228 ullis
2371 5171 2611 5228 affectati
2637 5171 2864 5228 sceleris
2895 5171 3110 5228 indiciis
3155 5173 3522 5243 exstantibus,
3554 5175 3713 5245 quasi
3740 5175 3811 5230 rei

2219 5263 2533 5322 Alexander
2562 5274 2618 5321 et
2645 5264 2991 5321 Aristobolus
3031 5265 3228 5322 dantur
3249 5267 3531 5323 custodiae.
3559 5268 3813 5340 Eurycles

2219 5359 2608 5432 quinquaginta
2639 5358 2873 5416 donatus
2902 5360 3124 5418 talentis
3170 5369 3361 5418 auctor
3398 5361 3587 5419 salutis
3610 5375 3676 5417 ac
3695 5360 3810 5415 vitrc

2291 5599 2323 5674 ξ
2345 5589 2508 5674 Deest
2540 5589 2674 5674 ‘htec
2719 5589 2886 5646 dictio
2908 5589 3104 5674 ms.
3137 5591 3564 5674 lu_auibusdam
3608 5595 3803 5668 passim

2220 5658 2416 5731 legitur
2431 5660 2714 5717 Archelaus
2736 5677 2839 5732 pro
2885 5661 3178 5735 Antipater.
3203 5663 3280 5721 In.

2291 5732 2318 5771 ιι
2341 5730 2724 5789 Renetiturum.
2761 5734 2930 5789 ΒΑΜ.

2291 5749 2318 5771 ιι
2341 5749 2724 5802 uepemurum.
2761 5749 2930 5789 mna.

2289 5813 2312 5840 ο
2359 5803 2494 5862 Cod.
2525 5813 2634 5862 vct.
2673 5803 3002 5878 adscriptum
3024 5807 3214 5869 habuit
3252 5810 3606 5875 successionis.
3641 5811 3717 5868 lo.
