3964 6350
541 238 685 295 2019

1909 233 2156 294 SANCTI
2193 230 2520 296 AMBROSII

3707 237 3834 296 2020

539 350 684 421 quod
706 350 772 406 ab
799 349 884 405 his
905 364 1036 405 suus
1068 348 1207 415 (ilius
1229 346 1564 417 diligeretur.
1591 345 1694 415 Qui
1720 360 1881 416 supra
1912 347 2132 402 modum
2163 350 2215 409 Α
2242 350 2374 414 filia,
2407 349 2656 408 Herodes
2679 358 2734 407 et
2760 350 2998 422 Agrippa
3025 359 3188 423 atque
3215 352 3565 410 Aristobulus
3589 357 3825 425 super-sei.

537 451 798 511 concepta
823 440 1218 512 indignatione,
1248 439 1497 493 turbatus
1525 438 1692 492 animi
1717 437 2004 493 vociferari
2031 453 2142 495 ca:-

538 536 618 605 pit
648 553 660 588 :
686 534 915 605 opprimi
937 533 1223 602 justitiam,
1248 533 1530 587 veritatem
1560 531 1797 595 excludi,
1823 530 2025 586 aboleri
2055 546 2141 587 re-

535 625 813 696 ligionem,
840 625 1096 680 cnnfuudi
1117 624 1239 694 jura
1266 623 1758 688 necessitudinum,
1787 633 1993 678 natura:
2017 637 2143 693 gra-

539 720 703 784 tiam,
748 717 1085 790 superlluere
1130 717 1463 788 iniquitates.
1510 715 1592 771 Ad
1629 725 1963 786 postremum
1995 715 2046 769 in
2079 728 2142 767 os

532 812 704 882 ipsius
731 813 875 882 regis
907 811 1284 882 progrediens,
1316 811 1598 882 ingerebat
1631 809 1891 865 miserum
1925 822 2045 863 esse
2076 807 2139 861 il-

531 888 666 971 lum,
709 906 800 976 qui
826 905 1118 960 adversum
1149 903 1293 958 ﬁlios
1323 917 1455 958 suos
1480 901 1812 957 credendum
1852 899 2139 970 improbis-

526 999 681 1054 simis
703 999 1096 1054 arbitraretur:
1121 997 1418 1053 Pheroram
1443 1005 1497 1052 et
1519 996 1775 1052 Salomen
1803 993 2017 1051 consilii
2051 1007 2140 1047 ar-

530 1091 702 1146 bitros
730 1092 892 1161 regis.
924 1093 1096 1158 Quam
1130 1090 1290 1146 Iidem
1323 1091 1392 1155 ab
1424 1090 1509 1143 his
1535 1088 1724 1144 referri
1751 1103 1932 1159 posse,
1957 1088 2049 1158 qui
2077 1102 2139 1142 se

533 1183 921 1238 condemnatos
947 1184 1140 1254 capitis
1177 1200 1207 1237 a
1253 1197 1380 1253 rege
1407 1181 1850 1252 frequentissime
1874 1193 2137 1250 recogno-

531 1276 780 1341 scebant,
799 1286 893 1331 aut
912 1277 1042 1347 quid
1065 1290 1161 1332 cos
1185 1275 1335 1330 aliud
1361 1290 1548 1346 agere,
1577 1274 1679 1330 nisi
1705 1273 1993 1329 consulere
2019 1273 2138 1326 vitt-

531 1366 691 1422 dictze
732 1377 790 1423 ut
829 1369 1116 1423 destitutus
1155 1367 1366 1423 idoneis
1397 1368 1809 1422 successoribus
1853 1367 1917 1420 ad
1966 1379 2160 1420 unum

532 1458 819 1516 inclinaret
835 1460 1045 1515 carteris
1075 1459 1428 1516 infirmiorem
1452 1460 1473 1513 ?
1497 1460 1596 1526 Qui
1622 1459 1780 1514 facile
1802 1458 2137 1514 subducere.

533 1559 641 1616 tur,
693 1551 834 1622 quod
860 1551 978 1622 ipse
1022 1552 1204 1622 regius
1245 1556 1519 1608 exercitus
1565 1552 1692 1608 odio
1745 1561 2135 1622 persecuturus

532 1654 678 1697 esset
719 1657 862 1710 eum,
905 1642 991 1698 cui
1035 1658 1179 1699 mors
1216 1644 1392 1698 soluta
1431 1653 1577 1700 esset
1604 1644 1831 1699 fratrum
1871 1643 2130 1698 duorum.

2246 451 2328 497 tes
2359 452 2643 499 manerent
2668 461 2682 498 :
2715 445 2976 500 Herodias
3006 460 3222 516 quoque
3249 455 3304 501 et
3331 447 3660 512 Mariamne,
3695 447 3832 514 ﬁliae,

2243 551 2378 606 quas
2401 550 2566 592 sexus
2589 553 2694 591 non
2718 537 3026 606 impediret.
3053 547 3104 592 et
3127 540 3274 609 regni
3299 538 3499 608 cupido
3523 540 3832 610 exagitaret.

2242 630 2410 698 Queis
2441 629 2604 686 rebus
2631 631 2952 700 perterritus
2985 632 3284 703 Antipater,
3325 633 3377 688 in
3407 632 3607 689 fraude
3633 649 3695 688 ac
3725 649 3835 690 ver-

2241 724 2384 778 sutia
2415 739 2565 792 spem
2593 725 2951 791 constituere,
2983 734 3037 780 et
3064 725 3222 780 donis
3243 734 3296 781 et
3329 725 3654 781 muneribus
3671 727 3837 798 singu-

2241 816 2325 870 los
2359 815 2465 870 sibi
2486 816 2666 886 magis
2699 818 2976 888 magisque
3006 819 3367 888 oppignerare
3390 858 3405 882 ,
3437 819 3607 872 etiam
3645 819 3838 874 amicos

2241 919 2296 963 et
2342 907 2673 964 domesticos
2694 906 2927 964 Caesaris
2955 909 3160 965 illicere
3199 909 3267 964 ad
3297 911 3380 965 sui
3411 909 3645 982 gratiam
3677 911 3839 982 pretio

2241 1001 2502 1056 tentabal.
2544 1001 2650 1058 Sed
2679 1010 2870 1056 contra
2912 1001 2990 1056 illi
3022 1003 3206 1065 etiam,
3241 1018 3362 1074 quas
3390 1004 3538 1058 domi
3571 1013 3760 1069 erant,
3791 1007 3837 1060 in

2237 1093 2524 1148 adversum
2551 1093 2834 1149 sedebant.
2857 1085 2992 1149 Nam
3019 1110 3112 1150 rex
3141 1096 3400 1165 paulatim
3426 1111 3693 1166 processu
3722 1106 3838 1152 tem-

2239 1186 2389 1256 poris
2419 1202 2544 1256 erga
2577 1198 2804 1257 nepotes
2824 1203 2950 1244 suos
2975 1187 3294 1244 Alexandro
3321 1199 3373 1244 et
3408 1190 3734 1244 Aristobulo
3753 1206 3838 1260 ge-

2238 1281 2386 1336 nitos
2415 1281 2780 1347 molliebatur,
2805 1290 2860 1338 et
2880 1281 3002 1338 facti
3032 1283 3409 1352 pmuiteutiam
3444 1285 3831 1354 praetendebat,

2238 1387 2361 1429 cum
2386 1388 2572 1430 eorum
2597 1389 2828 1444 quorum
2859 1383 3110 1444 parentes
3136 1375 3430 1440 occiderat,
3464 1376 3832 1432 misereretur.

2239 1465 2481 1536 Denique
2507 1468 2846 1537 congregatis
2873 1469 3062 1524 amicis
3080 1477 3136 1522 ct-
3157 1469 3420 1534 proximis
3447 1469 3583 1532 suis,
3610 1469 3832 1540 quadam

2237 1556 2325 1612 die
2357 1558 2614 1628 Iacrymis
2653 1558 2888 1615 suffusus
2916 1574 3033 1626 ora,
3063 1560 3199 1616 dixit
3226 1561 3293 1614 ad
3325 1576 3458 1618 eos:
3500 1561 3678 1619 Video
3712 1564 3831 1619 mihi

2235 1656 2452 1705 aetatem
2475 1650 2788 1720 procedere,
2819 1660 2874 1707 et
2898 1654 3016 1708 sine
3037 1653 3290 1726 lacrymis
3311 1656 3563 1726 aspicere
3589 1671 3696 1710 non
3717 1671 3828 1726 pns-

529 1734 813 1791 Neminem
863 1752 984 1792 esst:
1027 1753 1188 1808 quem
1240 1753 1346 1792 non
1395 1739 1630 1792 innoxiae
1674 1737 1853 1792 aetatis
1888 1745 2134 1806 tangeret
2164 1743 2211 1803 B
2237 1757 2354 1798 sum
2397 1744 2652 1812 parvulos
2679 1742 2782 1800 hos
2817 1745 3111 1802 infelicium
3154 1749 3396 1818 germina
3431 1759 3684 1829 patrum,
3726 1750 3831 1821 qui-

529 1830 921 1886 misericordia.
954 1830 1247 1902 Plerosque
1269 1840 1449 1885 autem
1474 1830 1670 1886 ducum
1695 1829 2128 1900 indignationem

527 1942 680 1980 suam
715 1941 820 1979 non
846 1925 959 1994 jam
1000 1940 1270 1995 premere,
1302 1925 1401 1980 sed
1430 1923 1736 1994 divulgare.
1763 1923 2004 1992 Quorum
2037 1938 2130 1976 vn-

527 2017 721 2088 cahula
775 2017 1006 2080 locutus,
1056 2016 1218 2073 ﬁnem
1267 2016 1481 2072 dicendi
1533 2016 1679 2070 fecit.
1729 2015 1934 2083 Quibus
1983 2015 2131 2070 illico

527 2123 651 2163 cum
699 2107 914 2179 Tyrone
957 2109 1245 2178 correptis,
1285 2107 1542 2179 Tryphon
1580 2123 1648 2163 ex
1693 2107 1954 2163 ministris
1988 2107 2129 2162 aulae

533 2200 736 2272 regiae,
800 2201 886 2255 cui
942 2201 1200 2256 tondendi
1259 2215 1350 2255 ars
1413 2208 1575 2270 atque
1635 2215 1764 2279 usus
1815 2199 2130 2271 suppedita-

538 2302 656 2358 ret,
704 2293 883 2348 subito
931 2292 1164 2364 quadam
1216 2291 1383 2347 animi
1437 2292 1674 2348 vanitate
1730 2291 1989 2346 indicium
2043 2291 2128 2346 sui

527 2388 659 2444 facit
684 2375 1326 2460 composituma'l‘yrone
1350 2402 1626 2454 asserens,
1655 2387 1866 2457 sibique
1908 2399 2128 2456 persua-

535 2496 678 2548 sum,
710 2491 768 2535 ut
797 2497 919 2537 cum
943 2497 1009 2536 ex
1040 2496 1192 2536 more
1221 2481 1442 2535 barbam
1473 2479 1674 2534 Herodi
1700 2479 1936 2547 raderet,
1965 2493 2133 2532 nova-

527 2577 702 2631 culam
724 2575 925 2646 gutturi
954 2575 1069 2646 ejus
1096 2574 1452 2644 imprimeret,
1473 2589 1580 2644 quo
1601 2581 1880 2644 perageret
1899 2586 2088 2627 necem
2110 2589 2122 2624 :

528 2669 693 2740 idque
733 2670 785 2726 ei
816 2669 1049 2724 maximo
1083 2670 1454 2725 emolumento
1506 2667 1622 2723 fore
1648 2708 1663 2734 ,
1704 2666 1847 2737 quod
1894 2666 1963 2721 de
2011 2681 2130 2720 mu-

533 2763 755 2816 neribus
777 2761 1071 2816 Alexandri
1114 2761 1483 2832 polliceretur.
1516 2761 1776 2816 Statuitur
1805 2759 1951 2831 Tyro
2001 2773 2126 2814 cum

537 2852 676 2917 filio;
741 2865 1030 2908 exercetur
1078 2853 1277 2909 deinde
1336 2855 1496 2908 simul
1559 2853 1811 2924 quaestio.
1867 2851 2122 2922 Neganti-

529 2944 632 2998 hus
664 2944 804 3009 illis,
845 2945 950 3000 isto
982 2945 1112 3000 nihil
1142 2947 1374 3016 amplius
1412 2945 1715 3013 deferente,
1761 2961 1884 3001 cum
1911 2945 2130 3000 deesset

528 3037 814 3093 manifesta
839 3053 1020 3094 rerum
1051 3038 1207 3104 ﬁdes,
1249 3038 1456 3093 nullum
1488 3047 1804 3108 suppeteret
1833 3052 2125 3108 argumen-

2232 1834 2338 1918 bus.
2365 1851 2467 1906 ego
2499 1851 2617 1891 sum
2663 1845 2853 1893 auctor
2880 1837 3109 1906 doloris,
3144 1855 3212 1895 ne
3243 1841 3430 1912 peiore
3464 1857 3563 1897 eos
3596 1842 3830 1899 derelin-

2229 1943 2390 1998 quam
2422 1929 2734 1985 conditione
2759 1971 2774 1997 ,
2807 1943 2970 2001 quam
3002 1940 3259 2001 parentes
3286 1933 3485 1988 abstuli
3514 1954 3528 1990 :
3579 1935 3680 1990 sed
3720 1936 3830 1990 illos

2229 2018 2362 2074 mihi
2394 2019 2640 2090 quaedam
2688 2021 2889 2093 eripuit
2913 2038 3190 2089 aerumna;
3221 2025 3320 2080 hos
3359 2024 3490 2080 mihi
3524 2027 3702 2099 magis
3730 2043 3832 2082 ma-

2230 2113 2423 2183 gisque
2454 2114 2803 2169 commendat
2838 2123 3035 2182 natura
3068 2126 3124 2173 et
3164 2117 3540 2174 misericordia
3568 2135 3582 2172 :
3634 2120 3827 2186 altera,

2230 2204 2354 2273 quia
2388 2214 2615 2275 nepotes
2641 2223 2657 2272 ;
2683 2207 2876 2275 altera,
2909 2209 3035 2278 quia
3061 2209 3305 2265 destituti
3333 2213 3661 2282 parentibus
3693 2225 3824 2269 sunt.

2231 2295 2570 2352 Erraverunt
2600 2303 2652 2352 in
2690 2306 2899 2368 patrem
2931 2300 3047 2365 filii,
3087 2301 3214 2372 quid
3241 2301 3487 2360 fecerunt
3515 2319 3621 2360 avo
3667 2319 3823 2374 nepo-

2235 2399 2321 2444 tes
2348 2389 2533 2444 ?Satis
2565 2391 2750 2447 infelix
2778 2401 2930 2462 pater
2960 2393 3034 2449 fui
3061 2411 3074 2459 ;
3108 2409 3241 2450 avus
3269 2411 3391 2452 esse
3417 2397 3598 2453 debeo
3629 2400 3821 2456 sollici-

2231 2482 2356 2537 tior.
2391 2482 2636 2538 Tentabo
2673 2495 2796 2553 post
2823 2502 2909 2542 me
2937 2488 3228 2544 consulere
3264 2491 3583 2560 nepotibus,
3627 2495 3821 2549 utinam

2230 2583 2286 2630 et
2331 2575 2383 2630 in
2413 2575 2536 2630 filiis
2565 2577 2699 2632 mihi
2736 2580 3176 2636 consuluissem:
3210 2597 3397 2638 verum
3445 2584 3500 2639 in
3543 2585 3670 2642 illos
3690 2603 3820 2642 cem-

2231 2667 2410 2723 munis
2441 2668 2612 2726 hostis
2652 2680 2814 2741 atque
2854 2672 3060 2728 inimici
3087 2673 3392 2744 obrepserit
3435 2676 3816 2736 fraudulentia.

2229 2757 2540 2816 Cavendum
2568 2770 2652 2817 est
2673 2777 2887 2834 quoque
2906 2805 2921 2830 ,
2954 2781 3023 2821 ne
3050 2765 3149 2822 hos
3174 2765 3392 2823 illorum
3422 2768 3710 2826 involvam
3738 2787 3819 2843 pe-

2230 2852 2422 2917 ricula,
2453 2863 2614 2924 atque
2651 2871 2757 2910 uno
2788 2857 3013 2913 vulnere
3039 2859 3198 2913 simul
3230 2859 3374 2916 ﬁlios
3415 2864 3734 2928 amiserim,
3773 2872 3820 2920 et

2230 2955 2458 3013 nepotes
2485 2955 2510 2983 α
2541 2945 2894 3016 perdiderim.
2937 2949 3331 3007 Provideamus
3359 2953 3446 3009 his
3489 2955 3816 3021 defensores,

2229 3036 2425 3105 quibus
2448 3036 2750 3094 ademimus
2775 3057 2788 3094 :
2811 3039 3158 3110 desponsabo
3187 3043 3370 3114 itaque
3391 3047 3599 3102 seniori
3616 3063 3685 3104 ex
3712 3048 3821 3103 ﬁliis

487 3155 492 3158 -
529 3140 662 3197 tum,
687 3132 896 3188 nullum
927 3131 1183 3187 indicium
1218 3132 1693 3199 documentorum,
1725 3131 1873 3201 Tyro
1903 3131 2127 3200 jubelur
2152 3122 2198 3186 C
2231 3129 2525 3186 Alexandri
2553 3141 2720 3197 tuam,
2755 3134 2827 3188 mi
2858 3133 3124 3202 Pberora,
3155 3137 3316 3192 ﬁliam
3337 3147 3437 3201 ,‘et
3465 3148 3525 3196 te
3550 3142 3602 3197 ei
3634 3143 3820 3198 consti-

526 3224 1027 3280 vehementioribus
1056 3225 1342 3280 tormentis
1369 3225 1695 3280 excruciari.
1722 3223 1876 3278 Tune
1904 3223 2130 3278 misera-

524 3324 611 3372 tus
641 3318 778 3372 iilius
802 3319 1065 3389 supplicia
1100 3318 1288 3388 patris,
1320 3317 1888 3388 Spondetaperturum
1915 3332 1975 3372 se
2007 3332 2125 3372 om-

527 3409 636 3473 nia,
679 3409 724 3463 si
767 3411 935 3478 patris
965 3412 1111 3464 salus
1141 3410 1244 3464 sibi
1273 3409 1701 3477 condonaretur,
1727 3419 1890 3481 atque
1931 3424 1962 3464 a
2001 3425 2128 3481 rege

526 3503 788 3573 promissa
808 3505 958 3557 venia
978 3505 1236 3574 suggerit,
1251 3505 1394 3574 quod
1420 3505 1684 3574 impulsus
1705 3505 1772 3560 ab
1792 3504 2123 3570 Alexandro,

525 3605 677 3664 pater
703 3609 886 3651 necem
917 3596 1029 3666 regi
1056 3591 1320 3666 parasset.
1353 3596 1519 3667 quue
1547 3597 1794 3668 plerique
1821 3595 1889 3651 ad
1915 3606 2127 3664 tempus

527 3689 888 3760 compositum
917 3691 1041 3756 rati,
1071 3699 1126 3746 ut
1159 3691 1248 3746 tali
1277 3692 1516 3762 pignoris
1541 3692 1742 3747 indicio
1764 3691 1965 3763 Tyroni
1998 3706 2127 3746 con-

521 3784 826 3839 suleretur:
870 3783 957 3838 alii
1011 3797 1108 3853 pro
1153 3797 1281 3839 vero
1322 3783 1558 3838 edictum
1599 3783 1978 3854 loquebantur.
2017 3781 2124 3837 Sed

522 3871 770 3930 Herodes
800 3873 963 3930 dubia
997 3891 1093 3946 pro
1128 3876 1295 3930 certis
1324 3873 1674 3946 adjudicavit,
1709 3884 1981 3946 tamquam
2013 3891 2127 3929 me-

522 3974 718 4034 tuens,
752 3986 818 4023 ne
851 3969 1126 4038 parricidii
1157 3969 1257 4025 sibi
1295 3967 1524 4024 facultas
1559 3969 1783 4040 periret.
1814 3967 2127 4026 Convocato

522 4062 705 4132 itaque
734 4064 954 4132 populo,
985 4073 1040 4118 et
1063 4065 1405 4135 congregatis
1429 4063 1679 4131 ducibus,
1706 4064 1776 4119 de
1800 4063 2008 4118 insidiis
2030 4062 2124 4118 de-

530 4155 822 4224 prehensis,
838 4164 984 4209 motu
1001 4156 1320 4226 gravissimo
1342 4156 1538 4224 promit
1561 4156 1834 4226 querelam
1855 4198 1866 4222 ,
1889 4165 2049 4225 atque
2069 4156 2120 4210 in

523 4259 756 4306 mortem
783 4265 972 4304 eorum
998 4249 1209 4319 plebem
1232 4249 1461 4304 excitat:
1486 4250 1666 4319 ibique
1698 4249 1840 4320 Tyro
1863 4265 1988 4304 cum
2011 4248 2124 4303 lilio

521 4346 721 4417 pariter
740 4354 901 4416 atque
919 4353 1170 4408 tonsore,
1187 4344 1332 4399 saxis
1358 4359 1421 4399 ac
1451 4342 1681 4398 fustibus
1701 4342 2117 4399 interﬁciuntur.

1103 4436 1332 4494 CAPUT
1362 4436 1524 4492 XLII.

2232 3229 2378 3275 tuam
2410 3233 2613 3290 patrem
2642 3241 2656 3277 :
2690 3233 2782 3278 tuo
2807 3233 2988 3282 autem
3007 3267 3021 3292 ,
3049 3227 3354 3295 Antipater,
3387 3229 3504 3287 ﬁlio
3534 3232 3818 3288 Aristobuli

2231 3311 2425 3378 ﬁliam,
2462 3323 2520 3368 ut
2549 3313 2652 3370 hoc
2688 3316 2851 3371 modo
2883 3317 2980 3374 ﬁas
3026 3320 3243 3389 pupilla:
3291 3332 3465 3392 pater.
3498 3323 3816 3381 Germanam

2230 3419 2447 3475 quoque
2487 3407 2607 3477 ejus
2651 3408 2884 3478 accipiet
2928 3410 3172 3468 Herodes
3212 3429 3399 3481 meus,
3429 3431 3498 3471 ex
3533 3417 3819 3474 Mariamne

2230 3495 2464 3568 Hyrcani
2505 3510 2843 3570 susceptus,
2893 3503 3097 3559 ﬁliam:
3152 3505 3300 3572 hate,
3343 3507 3675 3578 inquit,est
3713 3527 3816 3566 mea

2228 3593 2501 3646 sententia
2520 3633 2535 3658 ,
2566 3602 2628 3648 ut
2655 3594 2888 3650 invicem
2918 3597 3022 3654 sibi
3065 3610 3299 3656 coeunte
3320 3603 3517 3671 copula
3535 3607 3818 3676 jnngantur

2228 3686 2570 3754 posteritatis
2607 3703 2743 3743 mea:
2770 3691 3180 3759 successiones;
3212 3709 3320 3764 quo
3350 3710 3516 3752 nemo
3542 3710 3817 3770 suspectus

2227 3775 2386 3830 alteri
2415 3776 2516 3840 sit,
2548 3787 2604 3833 et
2629 3778 2748 3849 ipse
2777 3782 3248 3853 tranquillioribus
3274 3787 3450 3842 oculis
3475 3789 3692 3846 videam
3736 3807 3817 3846 ne-

2229 3876 2385 3936 potes
2413 3884 2594 3935 meos,
2624 3886 2786 3942 quam
2823 3874 2933 3930 vidi
2983 3889 3174 3930 eorum
3203 3889 3477 3947 parentes.
3511 3882 3720 3949 Quibus
3746 3884 3818 3939 di-

2227 3962 2352 4028 ctis,
2372 3963 2552 4032 junxit
2573 3977 3000 4024 memoratornm
3027 3968 3305 4037 dexteras,
3332 3984 3390 4029 et
3409 3978 3690 4034 osculatus
3715 3980 3815 4034 sin-

2225 4056 2404 4124 gulos,
2425 4056 2808 4131 illacrymavit.
2837 4060 2992 4129 Quod
3017 4063 3325 4134 Antipater,
3347 4067 3665 4126 lactantibus
3680 4073 3809 4136 aliis,

2227 4149 2300 4202 ita
2331 4151 2573 4219 graviter
2601 4152 2845 4222 accepit,
2880 4163 2940 4208 ut
2967 4154 3150 4209 statim
3190 4156 3436 4213 dolorem
3473 4176 3633 4216 suum
3663 4165 3807 4218 etiam

2227 4243 2376 4296 vultu
2416 4243 2709 4313 proderet,
2743 4244 2881 4300 haud
2912 4246 3170 4303 mediocri
3195 4251 3528 4308 constrictus
3561 4256 3808 4310 sollicitu-

2224 4333 2351 4390 dine
2368 4377 2383 4401 ,
2404 4336 2546 4406 quod
2577 4336 2872 4393 Alexandri
2901 4337 3025 4394 ﬁliis
3046 4340 3300 4397 Archelai
3320 4344 3463 4413 regis
3486 4354 3544 4400 et
3571 4346 3809 4402 Pherora:

2220 4425 2316 4496 qui
2347 4427 2694 4484 tetrarchiam
2742 4430 3002 4495 tenebat,
3033 4431 3286 4502 suffragia
3318 4445 3618 4507 suppetere
3641 4452 3808 4495 cerne.

583 4533 894 4591 Alexander
923 4548 1139 4604 quoque
1168 4542 1224 4588 et
1255 4530 1601 4588 Aristobulus
1629 4530 1780 4586 missi
1803 4530 1870 4586 ad
1925 4529 2114 4586 urbem

2229 4528 2342 4585 ret,
2375 4521 2594 4576 caeteris
2617 4519 2910 4576 validiora.
2946 4521 3283 4578 Advertebat
3311 4505 3440 4580 odia
3478 4529 3562 4582 sui
3611 4542 3807 4584 cresce-

519 4628 784 4685 Sebasten
823 4641 944 4697 quae
990 4641 1095 4681 non
1127 4625 1289 4697 longe
1332 4625 1522 4680 aberat
1557 4625 1627 4680 ab
1671 4623 1804 4680 urbe
1843 4621 2114 4689 Ctesarea,

516 4720 922 4792 strangulantur
954 4720 1184 4790 imperio
1225 4718 1418 4789 patris.
1459 4717 1615 4773 Hunc
1667 4717 1830 4773 ﬁnem
1880 4715 2119 4771 habuere

516 4816 608 4870 lilii
633 4815 978 4882 Mariamnes,
1001 4828 1229 4884 quorum
1253 4812 1472 4867 interitu
1504 4827 1610 4866 non
1642 4811 1861 4880 longum
1879 4810 2115 4877 Iatatus,

514 4910 917 4963 successionem
956 4906 1060 4962 sibi
1104 4905 1329 4961 remotis
1369 4904 1475 4959 illis
1518 4903 1804 4978 Antipater
1832 4901 1976 4956 haud
2017 4900 2117 4956 du-

513 5003 603 5058 bie
647 5001 1064 5057 blandiebatur:
1108 4998 1206 5056 sed
1235 5000 1288 5054 in
1315 5014 1439 5054 eum
1465 4997 1629 5054 tetius
1649 4997 1824 5069 gentis
1850 5012 1977 5054 mox
2004 5012 2110 5052 non

515 5095 634 5152 leve
675 5096 859 5152 odium
905 5094 1130 5159 exarsit,
1175 5095 1299 5166 quia
1337 5092 1478 5164 apud
1512 5108 1704 5149 omnes
1743 5093 1962 5163 patebat
1993 5091 2112 5162 ejus

513 5189 749 5246 factione
781 5189 972 5245 fratres
1003 5188 1339 5244 occubuisse.
1370 5187 1645 5242 Successit
1670 5186 1834 5240 etiam
1862 5200 1967 5240 non
1997 5200 2111 5239 me-

513 5283 711 5342 diocris
753 5285 915 5340 timor
944 5283 1349 5350 consideranti,
1379 5297 1544 5353 quam
1579 5281 1862 5351 multiplex
1906 5279 1962 5335 in
1995 5278 2112 5335 dies

513 5380 849 5436 adolesceret
896 5375 1303 5433 interfectorum
1337 5375 1610 5444 prosapia,
1643 5389 1768 5430 eum
1804 5370 2112 5429 Alexander

512 5485 578 5527 ex
616 5471 889 5542 Glaphyra
928 5470 1142 5542 genitos
1171 5468 1274 5524 sibi
1319 5467 1610 5538 Tigranem
1640 5475 1697 5522 et
1737 5465 2105 5522 Alexandrum

512 5563 650 5621 filios
692 5563 1091 5633 dereliquisset,
1118 5559 1436 5620 Aristobulo
1464 5573 1533 5618 ex
1561 5557 1826 5618 Beronice
1855 5557 2106 5618 Salomes

586 5749 612 5778 ⁸
657 5750 992 5805 Perculcrt’m.
1019 5749 1186 5807 Bsn.

2221 4627 2281 4667 re
2302 4652 2317 4678 ,
2355 4615 2642 4684 nepotibus
2661 4624 2839 4669 autem
2863 4614 3188 4686 adstipulari
3225 4616 3680 4676 misericordiam.
3705 4620 3803 4675 Nec

2220 4714 2436 4777 poterat
2455 4706 2754 4763 Aristobuli
2783 4706 2950 4763 ﬁliam
2976 4709 3224 4779 recipere
3265 4710 3428 4765 domo
3445 4751 3462 4778 ,
3485 4728 3558 4768 ne
3576 4693 3804 4770 sceleris

2217 4798 2476 4855 indicium
2533 4798 2804 4856 diuturnis
2869 4801 2990 4871 ejus
3049 4802 3361 4872 aspectibus
3425 4803 3800 4862 oﬂ'enderetur.

2219 4893 2384 4949 Adire
2417 4909 2523 4951 non
2569 4879 2809 4950 audebat
2839 4907 3046 4965 patrem
3068 4937 3084 4960 ,
3117 4911 3189 4953 ne
3218 4897 3284 4952 ad
3331 4911 3526 4955 omnes
3548 4900 3800 4955 ‘mobilern

2222 4986 2562 5055 suspiciones
2619 4987 2956 5058 exagitaret,
3011 4989 3056 5044 si
3107 4989 3563 5060 complacitarnm
3613 4991 3799 5048 findere

2221 5076 2535 5148 nuptiarum
2585 5077 2843 5134 solvenda
2897 5079 3260 5136 existimaret.
3307 5081 3592 5139 Subtiliter
3635 5092 3798 5137 tamen

2220 5172 2568 5240 praesupmsit
2596 5186 2755 5228 orare
2775 5213 2790 5237 ,
2822 5183 2879 5227 ut
2901 5173 3215 5228 consuleret
3243 5174 3292 5229 ei
3315 5183 3496 5245 pater,
3526 5192 3593 5233 ne
3623 5175 3797 5230 adver-

2213 5276 2308 5318 sus
2343 5263 2574 5334 duorum
2598 5265 2900 5335 potentium
2931 5281 3065 5336 opes
3095 5266 3239 5338 regis
3269 5277 3324 5322 et
3351 5269 3641 5325 tetrarchae
3668 5267 3794 5322 nudo

2214 5356 2367 5424 regni
2406 5357 2627 5412 nomine
2669 5357 2941 5414 invalidus
2969 5367 3356 5429 exponeretur.
3384 5359 3621 5418 Foveret
3658 5370 3793 5416 certe

2211 5448 2514 5514 honorem,
2547 5465 2708 5523 quem
2752 5451 3239 5509 confmderandum
3270 5452 3384 5510 filio
3408 5454 3701 5525 Judicaret,
3732 5466 3792 5508 ne

2211 5544 2424 5615 species
2462 5545 2615 5618 regni
2645 5545 2716 5603 ad
2744 5560 2901 5616 eum,
2935 5553 3176 5620 potestas
3217 5546 3286 5633 ad
3315 5545 3440 5606 illos
3477 5547 3785 5621 perveniret.
