3964 6336
89 280 204 340 902
219 285 238 341 l

97 498 401 558 suspectos
443 490 708 557 habebat,
739 490 834 545 sed
877 505 1066 545 omnes
1098 491 1318 544 obstare
1359 488 1462 544 sibi
1489 489 1722 544 arbitra-

101 582 305 637 batur:
354 583 687 654 quicumque
730 599 799 638 ex
845 582 1080 638 diversis
1125 582 1354 638 Herodis
1397 583 1720 652 coniugibus

100 683 429 746 competere
456 675 542 730 vel
568 675 720 731 taciti
750 676 1073 731 videbantur
1101 677 1255 746 regni
1283 678 1684 733 successionem
1702 717 1718 742 ,

104 785 348 838 quorum
382 769 641 840 frequens
684 786 938 826 numerus
969 781 1106 826 erat.
1139 770 1345 827 Novem
1374 771 1573 827 etenim
1604 787 1721 826 mu-

105 863 282 918 lieres
315 863 486 935 regali
524 863 784 934 conjugio
812 863 1195 934 potiebantur:
1231 881 1295 918 ex
1331 862 1416 918 bis
1455 864 1576 918 dine
1606 873 1723 918 tan-

110 962 229 1010 tum
265 957 390 1012 sine
418 957 606 1012 liberis
631 966 818 1022 erant;
846 957 1064 1012 caeteris
1091 956 1308 1011 soboles
1338 957 1718 1028 suppetebant.

109 1049 412 1116 Antipater
464 1049 720 1105 Dosidem
772 1049 1065 1104 attollebat
1119 1063 1434 1120 parentem,
1483 1051 1726 1107 Herodes

109 1141 477 1197 Mariamnem
498 1184 511 1204 ,
544 1141 775 1212 Antipas
811 1151 866 1198 et
911 1141 1216 1197 Archelaus
1255 1142 1542 1198 Mateliatis
1570 1151 1727 1198 erant

112 1234 213 1288 filii
263 1233 656 1298 Samaritante,
710 1243 765 1290 et
806 1233 916 1288 lilia
966 1234 1284 1306 Olympias,
1331 1251 1450 1306 quae
1500 1235 1725 1306 Josippo

109 1327 236 1398 jure
263 1326 525 1382 connubii
545 1325 874 1397 sociabatur.
906 1326 1192 1396 Cleopatra
1229 1342 1446 1398 quoque
1473 1330 1726 1384 Hieroso-

116 1422 388 1494 lyrnitana
421 1420 690 1476 Herodem
736 1429 790 1475 et
836 1403 1147 1490 Fltilippum
1183 1431 1449 1491 genuerat
1486 1421 1724 1478 Herodi:

115 1515 306 1570 Pallas
335 1515 645 1570 Pliaselum.
670 1514 842 1569 Erant
863 1529 1081 1585 quoque
1110 1515 1272 1570 etiam
1301 1515 1424 1571 aliae
1443 1515 1554 1587 regi
1580 1515 1726 1584 filias,

116 1607 353 1664 Roxane
384 1621 439 1664 et
464 1609 709 1674 Salome;
741 1624 971 1680 quarum
1003 1609 1094 1664 uni
1125 1608 1354 1664 Phaedra
1385 1619 1503 1666 erat
1530 1622 1726 1676 mater,

119 1699 358 1771 Ilelpltis
398 1701 576 1756 alteri.
613 1701 952 1770 Supererant
992 1701 1155 1755 etiam
1188 1700 1484 1757 Alexandri
1511 1711 1566 1756 et
1611 1702 1732 1757 Ari-

976 281 1252 342 HISTOR.
1297 283 1384 339 DE
1426 280 1705 340 EXCIDIO
1746 280 2015 340 HIEROS.
2059 279 2284 341 URBIS.
2327 271 2544 340 LIBﬂI.

93 397 298 466 Neque
330 410 470 453 vero
512 396 662 453 solos
704 395 1001 452 Alexandri
1033 408 1197 468 atque
1240 395 1540 450 Aristobnli
1579 395 1722 450 filios
1749 401 1800 462 Α

3275 285 3419 345 201‘“).

2399 393 2628 452 CAPUT
2680 395 2864 452 XLIII.

1898 488 2050 543 lluuc
2077 489 2261 560 itaque
2295 505 2436 545 unus
2463 491 2531 546 de
2563 491 3004 548 interfectoribus
3036 493 3330 559 Alexandri
3368 505 3427 552 et

1825 580 2128 636 Aristobuli
2174 582 2542 652 improbitatis
2586 598 2697 637 sua:
2750 587 2910 640 linem
2964 586 3192 653 invenit,
3243 604 3270 640 a
3319 602 3427 659 quo
3475 636 3478 637 ν

1822 672 2104 729 exordium
2151 690 2405 741 sumens,
2462 677 2515 731 in
2565 676 2914 747 Antipatrum
2965 693 3125 748 paena
3181 681 3430 736 transivit

1824 766 2048 822 sceleris
2084 776 2386 823 auctorem.
2415 768 2662 839 Namque
2692 771 3016 827 libertorum
3055 774 3294 843 querelis
3333 774 3425 844 qui

1824 869 2108 927 patronum
2141 875 2297 914 suum
2329 876 2542 930 veneno
2576 864 2927 918 interfectum
2961 873 3301 932 assererent,
3328 865 3425 920 sti-

1827 955 2065 1010 mulatus
2108 955 2390 1022 llerodes,
2440 955 2570 1012 dum
2615 959 2900 1014 sollicitius
2937 962 3165 1031 quierit,
3209 963 3426 1034 cognito

1826 1046 1950 1114 quia
1976 1047 2043 1100 ab
2071 1062 2242 1102 uxore
2269 1047 2338 1103 de
2369 1048 2546 1103 succis
2572 1049 2790 1105 Arabia:
2827 1051 3131 1123 accepisset
3160 1053 3429 1109 Pberoras

1828 1131 2080 1200 poculum
2130 1132 2275 1202 quod
2322 1137 2648 1189 amatorium
2695 1146 3008 1206 putaretur,
3059 1138 3218 1209 idque
3264 1154 3429 1194 vene-

1829 1241 1957 1280 num
1999 1225 2199 1294 fuisse,
2239 1228 2384 1298 quod
2427 1228 2591 1300 Sylaai
2639 1229 2824 1286 studio
2866 1231 3158 1298 traditum,
3191 1240 3248 1287 et
3286 1233 3431 1288 illico

1828 1318 1882 1374 in
1915 1329 2122 1389 pestem
2164 1335 2495 1376 conversum
2521 1362 2535 1386 ,
2577 1322 2629 1377 in
2677 1323 3034 1392 plurimorum
3074 1326 3430 1395 quaastionent

1831 1413 2078 1468 tetendit.
2113 1411 2268 1469 Unde
2297 1414 2544 1484 quaedam
2585 1417 2728 1472 inter
2759 1399 3027 1472 tormenta
3058 1419 3126 1474 de
3157 1419 3434 1475 ancillulis

1830 1507 2192 1574 exclamavit,
2229 1515 2289 1562 ut
2337 1508 2480 1564 Deus
2518 1511 2864 1581 omnipotens
2910 1512 2962 1567 in
3006 1523 3233 1568 tnatrem
3277 1515 3434 1570 Anti-

1833 1599 1970 1670 patri
2004 1601 2186 1654 omnia
2211 1602 2480 1671 snpplicia
2532 1605 2882 1671 transferret,
2919 1607 3294 1664 universorum
3340 1623 3430 1662 ar-

1833 1693 2028 1748 bitram
2074 1694 2438 1766 ﬂagitiorum;
2474 1713 2577 1767 per
2618 1701 2789 1769 ipsam
2838 1703 3080 1757 occultos
3130 1715 3432 1760 conventus

117 1795 331 1850 stobuli
362 1810 635 1866 germanze
661 1809 909 1860 sorores,
938 1808 1075 1864 quas
1106 1794 1407 1850 Mariamne
1428 1811 1495 1850 ex
1518 1794 1733 1851 Herode
1762 1790 1809 1849 B
1837 1785 2106 1855 Αιιιίιιθιτὶ
2149 1801 2212 1842 ac
2242 1787 2498 1844 Pllemrm
2537 1789 2630 1844 diu
2675 1802 2948 1863 metuque
2979 1796 3249 1849 exercitas
3279 1805 3431 1866 pota-

121 1901 480 1959 susceperat;
515 1889 654 1944 sicut
687 1904 853 1959 supra
901 1894 1348 1944 memoravimus.
1381 1889 1734 1959 Muitiplicem

120 1983 312 2054 itaque
363 1983 777 2053 generationem
838 1982 1072 2039 Herodis
1127 1994 1376 2040 metuens
1427 1985 1736 2054 Antipater,

121 2092 272 2147 aegre
306 2075 438 2130 licet
463 2075 701 2146 atquein
737 2075 933 2144 primis
956 2077 1310 2131 tentamentis
1347 2075 1576 2131 multum
1608 2091 1741 2147 rege

122 2179 410 2225 commoto
431 2209 448 2234 ,
488 2167 633 2238 quod
657 2167 935 2223 destitutis
963 2177 1191 2237 paterno
1222 2167 1426 2223 auxilio
1452 2168 1740 2238 nepotibus

121 2263 410 2318 invideret
459 2261 759 2332 dispositas
808 2261 1128 2332 copularum
1171 2261 1497 2316 societates:
1526 2260 1593 2315 ad
1639 2277 1737 2331 po-
1775 2305 1780 2312 .

125 2367 402 2412 Stremum
448 2363 473 2390 α
505 2353 722 2408 tantum‘
761 2352 980 2419 effecit,
1012 2364 1069 2408 ut
1115 2352 1222 2408 sibi
1272 2353 1566 2408 Aristobuli
1602 2353 1741 2421 lilia,

125 2466 299 2522 atque
351 2465 418 2504 ex
464 2450 582 2520 ipso
626 2448 844 2518 genitus
889 2447 1143 2502 Pberoras
1187 2449 1433 2519 parentis
1483 2449 1567 2504 sui
1619 2449 1744 2503 lilite

125 2542 596 2613 conjungeretur:
625 2550 832 2595 tantum
864 2538 1179 2594 adulatione
1214 2540 1528 2610 praevaluit,
1552 2549 1610 2594 ut
1652 2555 1748 2609 pa-

125 2645 250 2691 ctas
299 2632 518 2702 nuptias
560 2632 822 2688 solveret.
856 2631 1056 2686 Contra
1089 2639 1270 2686 autem
1321 2623 1565 2698 Sal'ome,
1621 2647 1746 2686 cum

129 2728 306 2784 vellet
337 2727 516 2798 Sylaeo
555 2725 797 2788 nubere,
846 2739 914 2779 ne
945 2723 1202 2793 suffragio
1239 2723 1457 2794 quidem
1495 2727 1526 2768 h
1561 2723 1748 2795 Lybiae

128 2837 258 2894 quae
293 2833 437 2872 uxnr
475 2826 594 2872 erat
619 2815 888 2884 Caesaris,
922 2817 1096 2886 potuit
1122 2815 1190 2870 de
1220 2815 1390 2871 fratre
1421 2815 1746 2886 impetrare:

130 2915 236 2973 sed
265 2912 436 2970 invita
467 2911 778 2968 Alexandro
801 2911 1014 2966 cuidam
1045 2926 1113 2966 ex
1141 2910 1334 2966 amicis
1358 2908 1503 2982 regis
1530 2910 1584 2964 in
1613 2925 1751 2980 nup-

133 3010 242 3066 tias
292 3006 574 3063 convenit.
608 3005 904 3062 Subversis
948 3007 1132 3074 itaque
1172 3004 1626 3073 dispositionibus
1666 3019 1752 3060 re-

134 3103 222 3174 gis
245 3142 261 3164 ,
291 3099 581 3169 Antipater
620 3099 773 3168 quasi
808 3098 854 3152 is
898 3097 991 3168 qui
1031 3107 1089 3152 ut
1122 3097 1368 3152 voluerat
1400 3097 1499 3151 sibi
1554 3111 1753 3151 consu-

1841 1880 2016 1935 tiunes
2054 1896 2227 1952 usque
2275 1883 2352 1938 ad
2383 1886 2782 1952 temulentiam,
2818 1901 2874 1941 ut
2921 1903 2951 1942 a
2996 1890 3248 1944 convivio
3293 1890 3434 1962 regis

1839 1975 2226 2045 recipientibus
2255 1993 2410 2045 sese,
2459 1977 2588 2034 totis
2635 1982 2884 2036 noctibus
2930 1982 3232 2040 biberetur.
3279 1984 3435 2052 Quod

1840 2082 1947 2120 non
1993 2069 2227 2124 otiosum
2273 2086 2376 2126 nec
2422 2073 2818 2143 conjurationis
2861 2090 3088 2129 vacuum
3139 2084 3440 2130 leutamen-

1842 2168 2050 2227 torum,
2084 2165 2309 2219 remotis
2339 2168 2642 2235 praesertim
2689 2168 2920 2222 servulis
2946 2176 3000 2222 et
3030 2168 3294 2224 ministris
3316 2169 3441 2240 jure

1842 2252 2286 2321 suSpeetabatur,
2337 2271 2703 2327 magnumque
2754 2259 3028 2313 vinculum
3087 2261 3442 2318 connexionis

1843 2353 1900 2399 et
1923 2346 2342 2414 conspirationis
2371 2347 2629 2404 indicium
2662 2359 2770 2405 tam
2799 2351 3066 2407 diuturnae
3095 2368 3290 2418 morte,
3321 2369 3442 2424 quis
3513 2361 3523 2378 '

1845 2435 2065 2504 regibus
2109 2439 2416 2508 suspectior
2465 2439 2520 2495 in
2563 2442 2871 2497 solitudinis
2915 2453 3129 2500 secreto
3173 2456 3227 2500 et
3267 2447 3444 2502 noctis

1845 2527 2086 2582 silentio.
2125 2527 2203 2584 Ibi
2231 2533 2630 2601 compositum,
2663 2541 2722 2590 ut
2765 2536 3048 2606 Antipater
3077 2537 3306 2592 Romam
3351 2553 3445 2608 pe-

1849 2629 2016 2684 teret,
2059 2619 2329 2678 Pberoras
2374 2634 2396 2662 ο
2443 2625 2498 2679 itt
2545 2624 2762 2680 Petram
2815 2637 3102 2698 pergeret:
3149 2630 3293 2700 qttod
3341 2626 3452 2687 fre-9

1847 2721 2078 2782 quenter
2123 2715 2264 2769 inter
2306 2728 2366 2770 se
2433 2717 2692 2772 conferre
2739 2719 2888 2774 soliti
2942 2720 3332 2788 prodebantur,
3381 2738 3448 2779 eo

1849 2803 1993 2874 quod
2029 2815 2148 2874 post
2189 2806 2551 2864 Alexandrum
2597 2818 2654 2864 et
2683 2810 3050 2867 Aristobulum
3073 2853 3088 2880 ,
3123 2814 3177 2868 in
3207 2815 3447 2884 ipsorum

1850 2914 2039 2956 necem
2069 2914 2192 2956 sese
2230 2901 2474 2958 Herodes
2504 2919 2868 2960 conversurus
2899 2905 3071 2972 foret;
3113 2910 3350 2978 miseros
3389 2924 3451 2965 se

1851 2992 1942 3060 qui
1993 3002 2307 3061 putassent,
2353 2995 2498 3065 quod
2549 2996 2794 3053 Herodes
2838 2998 2895 3052 in
2944 2999 3052 3054 illis
3095 2999 3452 3070 parricidales

1852 3088 2214 3156 cogitationes
2239 3088 2475 3156 odisset,
2507 3090 2598 3160 qui
2628 3095 2781 3162 regni
2816 3092 3065 3148 lueredes
3094 3095 3457 3164 persequeba-

135 3195 340 3249 iuisset
367 3234 383 3259 ,
413 3192 722 3248 exsultabat
762 3191 946 3246 animo
968 3233 983 3258 ,
1013 3200 1067 3246 et
1099 3192 1391 3262 superabat
1423 3207 1611 3247 omnes
1633 3208 1750 3246 ver-

1858 3186 1972 3244 tur;
2006 3179 2250 3234 sublatos
2289 3195 2412 3237 esse
2437 3197 2544 3238 non
2574 3184 2858 3253 potestatis
2899 3185 3155 3252 aemulos,
3202 3187 3296 3243 sed
3323 3201 3458 3240 con-

137 3283 520 3340 sutia.0dium
554 3294 732 3337 tamen
763 3283 910 3337 nullo
938 3282 1099 3336 modo
1121 3282 1486 3352 comprimere
1516 3290 1752 3354 poterat,

140 3379 240 3432 sed
272 3374 642 3438 accendebat,
669 3375 926 3445 quoniam
954 3373 1241 3428 allectabat
1266 3383 1478 3429 terrore
1504 3374 1608 3429 sibi
1640 3390 1758 3430 mu-

143 3470 454 3523 nitltentum
483 3481 693 3536 parare.
727 3463 1105 3535 Coujunxerat
1143 3474 1320 3520 autem
1354 3465 1457 3520 sibi
1487 3481 1754 3536 coopera-

142 3565 289 3619 rium
317 3557 613 3616 factionum
639 3575 858 3616 suarum
887 3560 1179 3616 I’beruram
1212 3561 1379 3630 patris
1401 3577 1755 3632 germanum,

144 3670 312 3727 quem
344 3652 593 3708 Herodes
615 3641 722 3706 non
753 3651 923 3706 multo
947 3661 1068 3722 post
1094 3661 1456 3718 recusantem,
1488 3653 1557 3708 ab
1588 3669 1761 3710 uxore

147 3741 372 3816 propria
405 3741 643 3808 divellit;
689 3743 776 3797 cui
805 3742 875 3797 ob
907 3741 1133 3812 injurias
1163 3758 1298 3813 quas
1325 3759 1386 3799 ea
1428 3745 1624 3800 mulier
1655 3745 1762 3800 Do-

148 3836 260 3893 sidi
308 3833 528 3904 conjugi
561 3833 680 3904 ejus
710 3833 1005 3899 intulerat,
1041 3833 1289 3890 infestior
1311 3834 1634 3902 habebatur,
1666 3835 1762 3892 do-

149 3943 357 3998 moque
403 3925 633 3996 expulit.
679 3924 952 3980 Pberoras
997 3934 1181 3980 autem
1231 3927 1572 3995 amplexatus
1621 3927 1766 3998 inju-

151 4025 298 4080 riam
328 4063 343 4089 ,
377 4022 431 4076 in
459 4029 642 4092 partes
668 4036 792 4076 suas
833 4021 1142 4086 concessit,
1173 4021 1373 4091 quibus
1403 4031 1462 4077 ut
1483 4022 1763 4080 tetrarcba

154 4115 529 4187 praesidebat:
577 4129 640 4169 ea
663 4129 795 4168 sane
827 4116 1027 4169 mentis
1053 4114 1378 4180 intentione,
1406 4122 1466 4171 ut
1492 4116 1557 4170 ad
1590 4116 1764 4172 Hero-

153 4211 286 4267 detn
317 4209 590 4262 viventem
619 4223 913 4278 numquam
946 4215 1336 4264 reverteretur.
1381 4208 1628 4280 Denique
1666 4225 1768 4266 nec

159 4313 298 4357 tunc
338 4298 593 4370 quidem,
624 4314 746 4354 cum
791 4315 913 4354 eum
961 4299 1288 4371 aegritudine
1331 4301 1479 4372 gravi
1513 4301 1765 4357 affectum

157 4381 558 4462 comperisset,
599 4400 656 4447 et
686 4391 1001 4463 frequenter
1027 4402 1308 4461 orantem,
1351 4403 1410 4466 ut
1435 4393 1502 4449 ad
1523 4409 1645 4451 sese
1678 4409 1770 4449 ve-

161 4489 340 4552 niret,
367 4485 511 4555 quod
535 4484 583 4539 ei
611 4485 857 4556 quaedam
882 4485 1036 4556 quasi
1058 4486 1355 4542 moriturus
1379 4485 1767 4542 committenda

1856 3285 2034 3330 sortes
2088 3276 2463 3344 miseriarum,
2520 3278 2573 3332 in
2627 3293 2686 3334 se
2734 3275 3086 3348 periculumti
3115 3280 3358 3335 omnium
3403 3289 3459 3336 et

1859 3366 1981 3421 odia
2018 3369 2307 3432 transisse,
2339 3385 2409 3425 ne
2434 3370 2723 3426 mulierum
2753 3372 2970 3442 quidem
2999 3374 3333 3444 parciturum
3367 3389 3456 3429 se-

1858 3460 1984 3526 xui,
2027 3463 2118 3532 qui
2166 3462 2381 3518 dilectte
2411 3463 2516 3520 sibi
2548 3464 2890 3531 Mariamnze,
2921 3475 3082 3536 atque
3113 3482 3175 3521 ex
3218 3483 3281 3522 ea
3315 3476 3336 3504 ε
3367 3482 3462 3539 εει

1861 3553 1988 3608 uita:
2017 3569 2121 3609 non
2154 3556 2506 3626 pepercisset.
2538 3557 2756 3612 Nullum
2806 3558 2911 3614 sibi
2939 3559 3086 3614 aliud
3118 3559 3419 3616 remedium
3441 3603 3456 3626 ,

1862 3643 1968 3700 nisi
2013 3656 2070 3700 ut
2103 3647 2313 3719 longius
2342 3649 2524 3719 aliquo
2555 3650 2902 3706 accederent:
2937 3667 3047 3722 quo
3076 3661 3239 3707 tanta:
3272 3653 3461 3708 bestiae

1861 3736 2033 3793 furori
2062 3739 2148 3793 vel
2191 3739 2313 3809 fuga
2359 3740 2755 3796 eximerentur.
2798 3742 3210 3812 Adjiciebantur
3251 3743 3462 3798 crebras

1863 3832 2006 3902 apud
2053 3842 2282 3888 matrem
2325 3832 2600 3903 Antipatri
2629 3836 3050 3904 conquestiones
3081 3835 3419 3905 deplorantis
3440 3875 3458 3903 ,

1865 3927 2059 3983 ardere
2085 3942 2145 3982 se
2188 3927 2385 3982 invidia
2431 3927 2631 3998 regalis
2674 3929 3065 3997 successionis,
3099 3944 3220 3984 cum
3251 3930 3464 3985 s-uvitia

1866 4022 2016 4092 regni
2045 4036 2208 4092 super
2230 4023 2404 4092 ipsum
2429 4022 2700 4094 praecipue
2727 4024 3058 4080 incubuerit:
3087 4035 3143 4080 ut
3163 4026 3275 4096 jam
3306 4028 3467 4082 susti-

1868 4131 2002 4172 nere
2029 4133 2134 4172 non
2166 4125 2354 4188 queat,
2388 4116 2594 4171 ultimis
2628 4115 2646 4155 ί
2682 4116 2899 4173 deditus
2931 4118 3240 4189 obsequiis,
3278 4127 3328 4175 et
3370 4135 3465 4190 pn-

1867 4209 2083 4265 strcmis
2113 4209 2292 4281 urgeri
2323 4207 2598 4279 periculis.
2631 4209 2743 4264 Nec
2771 4209 2948 4265 solum
2975 4212 3238 4282 regnandi
3257 4213 3344 4282 jus
3366 4213 3470 4268 sibi

1870 4302 2110 4373 perisse,
2159 4300 2255 4357 sed
2313 4300 2530 4357 vivendi
2576 4316 2796 4372 quoque
2847 4303 3119 4358 curricula
3173 4308 3470 4361 convoluta

1871 4408 2198 4471 temporum.
2256 4398 2492 4455 Aitatem
2544 4398 2646 4454 sibi
2716 4400 3109 4467 maturiorem,
3162 4399 3472 4454 incanuisse

1867 4491 1980 4562 jam
2026 4493 2318 4559 verticem;
2351 4502 2539 4548 contra
2593 4502 2775 4548 autem
2819 4492 3176 4563 juvenescere
3224 4504 3467 4566 patrem,

161 4581 563 4646 arbitraretur,
594 4578 921 4633 visitandum
967 4579 1378 4635 existimaverit.
1411 4581 1527 4647 Qua
1559 4581 1774 4654 percul-
1795 4563 1850 4625 Ῑ)
1876 4583 2073 4640 frustra
2101 4586 2308 4655 sperari
2339 4586 2456 4656 ejus
2486 4585 2864 4642 inereditatem
2884 4627 2898 4650 ,
2927 4587 3019 4656 qui
3049 4585 3280 4643 fortasse
3305 4590 3470 4643 etiam

162 4689 264 4730 sus
295 4672 430 4728 licet
460 4673 678 4742 injuria,
711 4689 805 4728 rex
835 4672 925 4727 ubi
957 4681 1155 4743 praeter
1184 4688 1338 4742 spem
1369 4672 1776 4730 incommodum

167 4766 420 4838 depulit,
455 4775 633 4821 tamen
687 4765 931 4820 fraterno
962 4762 1159 4822 affectu
1191 4766 1340 4821 venit
1377 4766 1444 4820 ad
1474 4782 1598 4822 eum
1622 4809 1636 4834 ,
1687 4766 1781 4823 ubi

168 4877 386 4935 aegrum
429 4861 731 4930 comperit,
771 4867 827 4915 et
865 4859 1057 4916 sedulo
1096 4858 1559 4932 compatiebatur,
1593 4869 1648 4916 et
1686 4860 1783 4915 de-

172 4956 428 5012 functum
473 4953 902 5026 Hierosolymam
951 4955 1262 5022 transtulit,
1308 4962 1364 5010 et
1409 4969 1606 5026 magno
1653 4954 1784 5010 ﬂetu

172 5047 496 5117 celebrique
530 5061 722 5118 pompa
749 5047 908 5101 funus
930 5048 1158 5102 curavit.
1192 5049 1305 5104 Nec
1328 5057 1510 5104 tamen
1535 5048 1618 5104 itis
1645 5048 1789 5104 indi-

173 5142 280 5198 ciis
311 5139 516 5196 sedula:
544 5139 827 5196 charitatis
850 5150 1168 5213 conceptam
1193 5144 1427 5199 exclusit
1450 5144 1788 5214 opinionem,

176 5232 324 5306 quod
372 5249 495 5289 eum
531 5233 696 5289 frater
747 5251 956 5290 veneno
985 5237 1321 5305 appetisset:
1354 5235 1429 5291 Ita
1478 5247 1595 5293 erat
1625 5239 1790 5295 etiam

180 5328 239 5382 in
284 5342 415 5381 suos
460 5326 728 5392 crudelis;
772 5343 872 5383 nec
920 5328 1160 5384 difﬁcilis
1205 5330 1336 5386 fides
1385 5331 1793 5402 rerum,'quod

185 5419 434 5489 potuerit
483 5420 705 5475 fratrem
749 5419 1032 5488 occidere,
1075 5422 1166 5492 qui
1217 5421 1358 5478 filios
1404 5422 1792 5482 interemisset.

265 5568 291 5596 ἰ
333 5557 550 5613 Tamen.
583 5559 749 5616 ΒΑΜ.

263 5629 292 5669 ³³
326 5628 509 5685 Liuia.
540 5629 617 5686 In.

269 5712 292 5740 α
691 5701 748 5755 in
786 5701 1064 5782 Peraeam,
1087 5701 1291 5782 rectius
1313 5703 1796 5782 ,_tta_m__Josepbus

193 5781 348 5828 trans
369 5769 570 5828 flumen
601 5770 840 5828 Parmam
870 5773 1059 5829 scribit
1095 5773 1192 5829 lib.
1223 5786 1282 5830 ιιι
1307 5769 1377 5834 de
1403 5773 1564 5844 Bait,
1585 5769 1705 5849 ab.
1734 5779 1792 5846 2,

1879 4689 2159 4749 superstes
2217 4679 2417 4734 limredi
2467 4679 2669 4734 tamdiu
2723 4688 3116 4734 reservaretur.
3168 4680 3322 4749 Quod
3376 4695 3476 4737 au-

1882 4782 1989 4826 tem
2032 4771 2458 4828 emolumentum
2509 4771 2880 4828 successionis
2917 4773 3019 4830 sibi
3069 4772 3306 4830 futurum
3362 4777 3479 4831 lon-

1882 4880 2035 4937 gaivo
2094 4865 2330 4933 baeredi,
2380 4865 2468 4920 cui
2538 4875 2646 4920 tam
2706 4866 2986 4937 multiplex
3047 4867 3340 4924 Alexandri
3395 4880 3480 4923 at-

1886 4975 1994 5032 que
2039 4959 2336 5016 Aristobuli
2384 4959 2644 5025 soboles,
2683 4961 2828 5015 velut
2879 4960 3126 5031 quaedam
3178 4962 3348 5032 hydra
3399 4977 3487 5017 re-

1889 5054 2031 5110 natis
2073 5069 2196 5124 quae
2233 5061 2511 5123 amputata
2550 5053 2798 5118 fuerant,
2841 5053 3108 5125 capitibus
3151 5056 3490 5126 regertnina«

1890 5147 2013 5202 ret?
2040 5145 2116 5201 Ex
2151 5154 2482 5202 testamento
2527 5149 2695 5217 patris
2737 5147 3038 5218 etiamjam
3067 5147 3158 5218 jus
3198 5161 3489 5206 commune

1895 5245 2173 5307 ereptum,
2226 5247 2282 5294 ut
2319 5238 2444 5294 data
2486 5253 2583 5308 spe
2630 5239 2933 5310 regnandi,
2966 5240 3121 5310 eujns
3159 5241 3226 5296 ad
3277 5253 3492 5312 tempus

1895 5329 2136 5384 vicarius
2165 5331 2304 5386 foret
2334 5372 2348 5396 ,
2382 5345 2491 5385 non
2537 5331 2773 5402 aliquem
2802 5349 2868 5387 ex
2919 5334 3034 5389 suis
3080 5334 3206 5390 ﬁliis
3249 5336 3298 5388 in
3329 5351 3487 5389 suunt

1901 5423 2189 5494 imperium
2246 5424 2567 5481 sustinere:
2622 5425 2716 5482 sed
2756 5425 2960 5484 Herodi
3010 5427 3333 5484 Mariantnes
3378 5427 3490 5483 lilio

1887 5574 1943 5620 et
1971 5561 2621 5673 Lpsginfgtuiltipnetpiiqfrp;
2651 5563 2745 5619 lib.
2776 5580 2836 5633 tt,
2873 5580 2994 5636 cap.
3025 5563 3079 5622 9.
3121 5565 3198 5624 In.

1976 5633 2000 5673 ἀ
2042 5634 2342 5690 Periculum
2368 5649 2536 5688 omne.
2561 5633 2638 5693 In.

1976 5713 2000 5745 ε
2038 5703 2260 5761 Genitis.
2294 5703 2375 5763 In.

1980 5775 1998 5814 ί
2042 5769 2302 5832 Debitum.
2329 5776 2400 5831 Et
2424 5791 2544 5832 mox
2573 5819 2586 5843 ,
2613 5779 2867 5834 curricula
2895 5779 3116 5834 evofuta.
3142 5779 3213 5835 In.
