3964 6338
521 263 668 324 9025
1830 257 2079 317 SANCTI
2118 255 2441 318 AMBROSII
2475 275 2478 278 '
3707 255 3830 314 ml

521 393 748 436 necesse
769 374 996 434 haberet
1030 371 1255 448 regnum
1286 371 1580 431 refundere
1612 380 1659 426 τι.
1683 372 1871 444 itaque
1912 389 2020 428 non
2055 371 2122 428 ad
2150 387 2204 448 Α
2231 371 2429 442 ﬂagitia
2459 369 2741 427 confitenti
2779 371 2902 430 fore
2934 388 2947 426 :
2977 378 3032 428 at
3070 369 3686 429 inllciantiacervanda
3713 387 3822 440 sup-

525 474 762 531 fructum
819 473 920 528 sibi
977 471 1130 542 regni
1178 484 1331 540 spem
1379 467 1560 524 datam
1586 509 1602 536 ,
1649 466 1749 523 scd
1793 466 1859 522 ad
1902 467 2122 537 pericu-
2224 466 2410 537 plicia,
2438 465 2611 537 ipsam
2640 480 2854 539 quoque
2883 467 3222 538 sepulturam
3255 464 3608 538 negandam.
3649 465 3723 520 At
3751 464 3824 519 illa

527 565 638 622 lum
656 608 672 634 ,
703 575 762 622 ut
786 572 930 621 esset
954 563 1232 620 decessori
1251 569 1560 634 suspectus,
1584 561 1887 617 successori
1917 559 2120 632 gravis.

527 657 812 715 Postremo
842 657 1018 726 ipsum
1067 669 1249 726 regem
1281 654 1439 726 longa
1469 661 1754 711 senectute
1797 652 2036 709 vividum
2069 660 2124 709 et

528 749 798 806 intentum
825 746 1067 804 caedibus
1090 761 1339 814 suorum,
1368 746 1454 802 sui
1479 759 1610 807 esse
1631 745 1942 802 testamenti
1970 759 2124 800 exse-

529 854 777 901 cutorem
811 855 824 898 :
855 850 913 898 ut
943 856 1104 898 nemo
1133 847 1449 912 superesset
1472 840 1561 909 qui
1583 847 1776 908 posset
1804 837 2119 904 succedere,

527 936 654 993 ferri
685 935 814 991 odio
843 933 993 1006 gravi
1024 933 1079 990 in
1124 932 1266 988 filios
1291 971 1308 1000 ,
1353 947 1456 988 nec
1495 931 1550 987 in
1595 931 1818 987 fratrem
1868 929 2080 984 minore
2105 969 2121 996 ,

527 1031 622 1102 qui
647 1030 750 1086 sibi
775 1028 803 1068 ι)
833 1027 1058 1084 dederat
1083 1033 1304 1084 centum
1337 1025 1540 1081 talenta
1564 1067 1581 1093 ,
1631 1040 1731 1080 nec
1758 1039 1880 1080 cum
1929 1032 2124 1092 patruo

531 1136 632 1178 suo
661 1135 970 1176 sermonem
1024 1119 1270 1175 haberet.
1305 1117 1373 1172 Et
1420 1116 1789 1186 respondente
1833 1114 2074 1170 Pherora
2105 1129 2122 1169 :

530 1213 590 1269 In
619 1226 728 1285 quo
757 1211 902 1268 enim
933 1225 1058 1267 eum
1091 1206 1378 1266 laesimus?
1406 1207 1543 1263 Num
1567 1208 1730 1264 etiam
1761 1206 1878 1276 ipse
1910 1219 2126 1260 succes-

531 1323 626 1364 sor
652 1307 817 1363 sum?
868 1306 1122 1362 retulisse
1169 1304 1560 1376 Antipatrum,
1605 1301 1893 1358 nonnullas
1924 1299 2125 1355 habere

531 1416 657 1457 eum
688 1415 883 1457 causas
930 1397 1268 1455 offensionis.
1301 1396 1522 1454 Utinam
1563 1394 1782 1451 amissis
1827 1393 2079 1450 omnibus
2103 1433 2118 1460 ,

529 1495 723 1553 liceret
747 1493 1038 1552 oﬂensioni
1062 1509 1122 1550 se
1161 1493 1338 1564 ipsum
1380 1504 1714 1562 componere
1755 1506 1767 1543 :
1802 1487 1972 1544 feram
2001 1501 2126 1543 esse

530 1587 762 1646 bestiam
786 1629 802 1654 ,
831 1601 953 1658 quae
1003 1601 1073 1642 ne
1117 1585 1386 1642 mortibus
1410 1583 1633 1656 quidem
1660 1582 1954 1638 satiaretur
1978 1623 1992 1648 ,
2025 1593 2127 1636 nec

530 1688 718 1753 posset
759 1679 968 1751 perpeti
1016 1677 1181 1734 ullam
1227 1677 1370 1732 inter
1422 1676 1759 1748 propinquos
1803 1672 2124 1729 charitatem

533 1772 793 1831 manere!
826 1770 1007 1842 Atque
1045 1769 1253 1824 utinam
1284 1768 1502 1824 amissis
1528 1766 1783 1823 omnibus
1826 1765 2048 1830 liceret,
2072 1770 2132 1818 ut

2226 559 2317 614 ubi
2338 573 2400 615 se
2418 558 2712 631 resumpsit
2733 559 3014 630 paululum
3043 577 3056 612 :
3081 557 3279 633 Et‘cui,
3304 558 3510 630 inquit,
3535 556 3725 613 adhuc
3743 571 3826 628 ego

2227 660 2566 708 secretorum
2593 651 2822 709 servabo
2843 649 2872 690 ἀ
2897 652 3136 718 silentia,
3164 651 3429 718 Pherora,
3460 649 3740 705 mortuo?
3761 648 3827 704 llli

2228 743 2376 800 enim
2405 743 2570 801 debui
2618 744 2780 800 fidem
2811 743 3065 812 tacendi,
3112 759 3211 816 pro
3254 758 3365 814 quo
3403 741 3689 813 supplicia
3738 755 3827 796 non

2229 853 2569 908 recusarem,
2602 839 2648 896 si
2678 839 2987 896 necessaria
3015 839 3214 895 forent.
3247 837 3358 896 Sed
3389 837 3487 894 ille
3532 850 3692 892 nunc
3712 834 3830 890 liber

2228 947 2258 987 a
2287 932 2637 1000 cruciatibus,
2667 940 2725 988 et
2745 933 2790 989 si
2821 942 2845 970 θ
2875 931 3164 988 veniabilis
3191 930 3396 987 erroris
3419 929 3714 986 correctio
3738 935 3828 994 est,

2230 1025 2368 1082 liber
2395 1041 2425 1081 a
2455 1025 2640 1098 culpa.
2667 1025 2806 1093 Quid
2837 1025 3003 1098 igitur
3032 1025 3312 1081 involvere
3343 1024 3654 1081 veritatem
3692 1037 3830 1078 men-

2228 1119 2398 1176 daciis
2425 1119 2444 1159 τ
2477 1093 2750 1193 cogitem,
2781 1129 2841 1176 ut
2859 1093 3158 1192 Antipatro
3188 1134 3398 1176 morem
3428 1118 3671 1190 geram?
3709 1116 3829 1174 Par-

2227 1228 2346 1269 cam
2379 1229 2511 1285 ergo
2557 1213 2667 1280 illi,
2710 1228 2816 1270 non
2863 1228 3083 1290 parcam
3134 1212 3308 1268 mihi?
3351 1212 3658 1284 Egregiam
3705 1227 3822 1282 ergo

2227 1309 2537 1364 mercedem
2565 1308 2827 1365 debemus
2857 1309 3007 1376 viro,
3051 1308 3140 1377 qui
3175 1323 3273 1363 nos
3302 1321 3503 1364 omnes
3530 1305 3826 1362 sceleribus
3920 1339 3921 1356 η

2229 1401 2344 1455 suis
2373 1401 2424 1456 in
2459 1400 2576 1457 haec
2604 1399 2870 1472 supplicia
2910 1400 3155 1455 deduxit.
3189 1399 3330 1456 Audi
3363 1414 3460 1455 rex
3487 1439 3504 1462 ,
3559 1398 3678 1454 Deo
3706 1412 3830 1468 pra:-

2230 1495 2353 1552 snle
2379 1536 2395 1563 ,
2427 1494 2522 1566 qui
2551 1494 2704 1550 solus
2731 1494 2864 1550 mihi
2898 1493 3146 1550 veritatis
3175 1493 3379 1549 arbiter
3408 1501 3499 1548 est
3531 1509 3545 1545 :
3584 1490 3828 1563 proposui

2231 1587 2376 1643 enim
2411 1587 2544 1642 nihil
2575 1587 2763 1643 fallere
2795 1604 2808 1641 :
2837 1585 2963 1642 audi
3001 1586 3220 1657 inquam
3250 1627 3264 1652 ,
3295 1585 3392 1641 sed
3422 1584 3586 1655 prius
3613 1593 3827 1654 repete,

2233 1679 2689 1751 quemadmodum
2735 1678 3012 1736 assederis
3051 1678 3362 1750 lacrymans
3390 1689 3673 1748 germano
3702 1675 3829 1746 peri-

2233 1773 2466 1838 clitanti,
2494 1782 2551 1828 ut
2573 1773 2884 1844 impleveris
2910 1770 3090 1833 omnia
3113 1772 3257 1827 circa
3294 1770 3607 1827 Pheroram
3651 1769 3821 1826 munia

529 1865 664 1922 nudi
707 1879 832 1921 eum
874 1861 1250 1920 tantummodo
1293 1862 1539 1917 viventes
1587 1858 1984 1922 evaderemus,
2032 1853 2129 1911 sed
2157 1844 2206 1906 Β
2237 1873 2262 1911 κ
2291 1865 2377 1934 pia
2403 1864 2807 1936 germanitatis:
2840 1863 3038 1935 quibus
3084 1863 3176 1919 ille
3222 1862 3481 1929 inﬂexus,
3509 1861 3609 1917 ubi
3639 1859 3828 1916 disces-

529 1957 889 2029 impossibile.
928 1955 1164 2028 Ideoque
1193 1954 1300 2010 sibi
1346 1953 1556 2010 occulta
1588 1952 1656 2009 ad
1705 1960 1922 2023 tempus
1960 1948 2132 2005 collos

529 2051 676 2122 quia.
706 2050 1084 2107 Necessarium
1125 2057 1310 2105 autem
1350 2046 1468 2104 fore
1497 2056 1708 2118 tempus
1729 2088 1744 2114 ,
1773 2060 1882 2117 quo
1912 2054 2132 2101 uteren-

533 2153 622 2200 tur
647 2142 791 2198 virili
835 2143 1033 2200 mentis
1059 2142 1278 2215 vigore,
1311 2151 1367 2198 et
1390 2141 1610 2198 consilii
1638 2140 1932 2196 vivacitate
1953 2178 1968 2205 ,
1999 2137 2134 2206 dex-

533 2246 671 2294 terae
699 2251 915 2308 quoque
956 2234 1187 2292 vindicis
1219 2235 1544 2290 ministerio.
1600 2233 1727 2289 Haec
1771 2246 1803 2286 a
1842 2229 2132 2300 mancipiis

536 2331 592 2387 in
630 2329 896 2402 sopplicio
948 2329 1141 2401 positis
1187 2327 1702 2398 respondebantur,
1756 2333 1812 2381 et
1862 2321 2134 2393 mancipio

537 2423 798 2480 credebat
827 2421 1102 2488 Herodes,
1136 2421 1374 2476 maxime
1402 2419 1528 2491 quia
1557 2418 1626 2474 de
1649 2425 1870 2475 centum
1912 2415 2133 2470 talentis

536 2515 640 2573 soli
671 2515 961 2588 Antipatro
995 2515 1246 2579 dixerat,
1281 2527 1383 2568 nec
1411 2511 1554 2568 ullus
1582 2509 1855 2568 sermonis
1884 2509 2004 2580 ejus
2031 2507 2133 2563 ad-

538 2609 720 2668 fuerat
744 2611 1038 2681 interpres.
1060 2607 1367 2664 Succensus
1399 2607 1581 2676 itaque
1610 2602 1984 2674 indignatione
2002 2642 2018 2669 ,
2047 2615 2134 2656 ra-

538 2704 618 2775 pit
638 2703 706 2760 ad
735 2702 1061 2776 supplicium
1092 2701 1380 2773 plerosque
1406 2708 1463 2755 et
1487 2699 1742 2754 innoxios
1760 2738 1774 2763 ,
1805 2711 1874 2752 ne
1911 2695 2034 2766 quis
2063 2693 2134 2749 de

538 2795 790 2853 obnoxiis
820 2796 1240 2866 relinqueretur.
1274 2794 1590 2850 Accersitur
1618 2791 1687 2847 ad
1715 2789 1982 2860 supplicia
2023 2789 2134 2844 An—

539 2889 737 2961 tipater
769 2889 1146 2946 Samaritanus
1171 2928 1186 2955 ,
1219 2902 1286 2944 eo
1313 2887 1457 2958 quod
1502 2895 1652 2942 esset
1692 2881 1965 2954 Antipatri
2009 2894 2135 2951 pro-

537 2990 781 3050 curator,
811 2991 868 3037 et
896 2980 1129 3036 diversis
1158 2977 1504 3036 excruciatur
1538 2976 1734 3032 modis.
1763 2974 1951 3030 Prodit
1981 2987 2134 3044 qua:-

536 3076 683 3144 stio,
731 3075 955 3131 missum
1002 3088 1075 3130 ex
1119 3071 1356 3144 [Egypto
1404 3084 1681 3126 venenum
1725 3082 1824 3140 per
1867 3064 2133 3136 Antiphili

537 3167 828 3241 quemdam
883 3165 1400 3231 conturbernalcm,
1461 3162 1623 3232 idque
1676 3161 1744 3216 ab
1803 3159 1897 3214 illo
1945 3158 2131 3213 datum

2234 1957 2390 2025 sisti,
2421 1957 2681 2013 continuo
2707 1972 2793 2013 me
2814 1957 2882 2012 ad
2906 1971 3028 2013 sese
3056 1957 3305 2022 vocavit,
3336 1965 3391 2012 et
3424 1956 3507 2012 ait
3538 1973 3554 2010 :
3583 1955 3704 2012 Non
3731 1955 3828 2010 exi-

2232 2066 2399 2123 guum
2420 2066 2523 2122 ego
2546 2051 2743 2107 mulier
2761 2065 2792 2105 a
2815 2051 3003 2106 fratris
3033 2051 3228 2106 affectu
3260 2059 3316 2107 et
3343 2050 3534 2106 studio
3566 2047 3826 2115 deerravi,

2235 2144 2329 2215 qui
2359 2144 2438 2200 sic
2467 2144 2691 2200 oderam
2719 2157 2995 2201 amantem
3042 2147 3182 2213 mei,
3218 2154 3274 2200 et
3303 2144 3566 2200 volebam
3595 2143 3826 2200 occidere

2237 2246 2344 2293 tam
2373 2238 2744 2308 impatientem
2775 2239 2982 2294 doloris
3007 2238 3059 2294 in
3085 2238 3343 2310 periculis
3363 2239 3504 2294 meis
3534 2255 3550 2292 :
3578 2238 3725 2295 ferre
3748 2237 3826 2293 ille

2235 2346 2343 2387 non
2366 2340 2547 2402 potest
2567 2331 2872 2400 fortuitum,
2898 2332 3043 2404 quod
3066 2347 3167 2402 ego
3194 2332 3457 2403 urgebam
3481 2332 3780 2388 indebitum
3805 2348 3818 2387 :

2235 2426 2641 2485 circumventus
2680 2440 2802 2481 sum
2844 2425 3020 2481 fateor
3055 2423 3326 2495 Antipatri
3356 2424 3501 2480 dolis
3525 2468 3544 2495 ,
3579 2421 3724 2481 sedh
3745 2437 3822 2478 co-

2234 2518 2513 2590 gitationis
2541 2519 2661 2590 ejus
2702 2533 2802 2589 ego
2833 2518 3064 2587 pretium
3097 2517 3210 2572 fcro
3245 2534 3259 2570 :
3296 2525 3354 2571 tu
3391 2517 3546 2588 quad
3579 2515 3740 2572 babes
3763 2513 3820 2569 ab

2231 2627 2304 2669 eo
2329 2628 2596 2668 venenum
2623 2612 2870 2667 relictum
2891 2653 2906 2678 ,
2936 2609 3071 2666 mihi
3108 2613 3218 2665 cito
3245 2608 3431 2681 perfer
3451 2651 3467 2677 ,
3489 2617 3554 2665 et
3581 2609 3682 2665 sub
3703 2606 3820 2663 meis

2236 2707 2414 2763 oculis
2438 2705 2677 2770 effunde,
2713 2713 2773 2760 ut
2801 2703 2886 2760 vel
2918 2703 2986 2758 ad
3011 2704 3216 2759 inferos
3248 2718 3357 2758 non
3389 2701 3569 2758 feram
3600 2702 3818 2758 animum

2238 2799 2616 2872 parricidalem
2668 2816 2680 2852 :
2725 2797 3048 2869 paenituisse
3101 2797 3464 2853 correctionis
3522 2797 3641 2865 sit,
3693 2793 3818 2867 quod

2237 2894 2594 2950 criminosum
2640 2899 2723 2946 est
2749 2891 3145 2962 praeparavisse
3177 2908 3191 2945 :
3235 2889 3392 2957 Cito,
3426 2891 3690 2961 inquam,
3719 2903 3819 2944 mu-

2239 2985 2455 3051 lier,ut
2484 2984 2567 3040 vel
2613 2991 2846 3040 mortem
2892 2977 3220 3054 praeveniam
3247 3026 3262 3053 ,
3309 2984 3575 3056 quoniam
3623 2983 3818 3053 culpam

2238 3079 2478 3149 nequivi.
2527 3077 2663 3134 Tum
2691 3092 2794 3149 ego
2822 3077 2991 3136 detuli
3021 3093 3294 3133 venenum
3321 3119 3335 3144 ,
3365 3086 3419 3133 et
3454 3077 3510 3132 in
3543 3082 3818 3147 conspectu

2242 3171 2360 3243 ejus
2387 3171 2657 3226 exinanivi
2681 3212 2694 3234 ,
2719 3186 2912 3242 parum
2945 3180 3126 3238 tamen
3153 3185 3221 3226 ex
3261 3185 3328 3226 eo
3358 3170 3639 3227 reservavi
3664 3166 3815 3234 mihi,

535 3232 845 3320 'i‘lteudioni
870 3260 1046 3316 amico
1069 3258 1367 3330 Antipatri,
1395 3272 1492 3328 per
1519 3257 1697 3327 ipsum
1723 3253 1984 3310 Pherora:
2010 3251 2129 3309 red-

2237 3281 2359 3337 qure
2387 3275 2441 3322 te
2468 3273 2764 3321 metuerem
2790 3308 2805 3332 ,
2844 3274 2900 3320 ut
2929 3273 3076 3321 esset
3107 3264 3408 3322 remedium
3435 3265 3484 3320 si
3513 3263 3818 3333 proderetur

537 3355 734 3422 ditum,
757 3355 847 3412 cui
874 3355 1018 3426 regis
1049 3352 1194 3408 filius
1223 3351 1511 3422 Antipater
1542 3348 1956 3405 exsecutionem
1987 3359 2137 3402 com-

539 3448 781 3515 miserat,
814 3455 874 3502 ut
903 3447 1032 3501 dum
1065 3445 1268 3515 ipsein
1301 3442 1436 3498 urbe
1482 3441 1654 3496 Roma
1685 3439 1950 3511 degeret,
1982 3446 2136 3509 pater

536 3541 660 3612 ejus
683 3539 927 3596 Herodes
955 3539 1414 3606 exstingueretur.
1455 3535 1574 3604 Quo
1603 3542 1847 3604 tempore
1889 3531 2036 3587 nulla
2066 3526 2134 3588 de

538 3635 768 3692 absente
789 3642 812 3672 ο
846 3641 1051 3704 paratae
1076 3629 1227 3686 necis
1257 3627 1495 3699 suspicio
1520 3627 1664 3683 foret
1689 3643 1703 3680 :
1735 3625 1832 3682 sed
1864 3624 2135 3681 Pheroras

535 3742 661 3786 cum
699 3726 758 3784 in
787 3735 1038 3797 tempore
1066 3739 1336 3780 venenum
1376 3730 1661 3793 acceptum
1706 3719 1862 3777 uxori
1904 3719 2133 3790 propriae

536 3819 1068 3888 commendavisset,
1113 3819 1346 3876 recurrit
1393 3819 1568 3874 altera
1621 3817 1676 3872 in
1721 3830 1944 3872 uxorem
1995 3814 2136 3870 Phe-

535 3931 679 3974 τοι-ω
699 3914 896 3972 veneni
917 3913 1118 3970 invidia
1146 3931 1160 3968 :
1186 3913 1344 3984 jubet
1383 3911 1532 3967 illico
1570 3925 1669 3968 rex
1697 3909 1954 3966 Pherorm
1999 3922 2135 3964 uxo-

534 4025 650 4068 rem
681 4023 950 4064 venenum
980 4005 1220 4063 deferre.
1254 4003 1545 4076 Egreditur
1585 4003 1784 4059 mulier
1810 4001 1965 4073 quasi
2013 4015 2135 4071 per-

533 4103 710 4160 latura
736 4101 879 4174 quod
908 4098 1220 4169 petebatur,
1252 4107 1307 4152 et
1341 4110 1463 4151 sese
1489 4095 1558 4151 de
1584 4095 1799 4166 fastigio
1829 4093 2134 4174 praecipitat

532 4171 891 4251 aedificiorum
921 4232 936 4259 ,
967 4204 1076 4261 quo
1102 4187 1305 4260 gemini
1339 4187 1550 4258 pondus
1592 4185 1838 4243 criminis
1863 4171 2130 4252 evitaret’,

531 4300 696 4362 atque
739 4287 896 4344 obitu
943 4284 1272 4359 praeveniret
1297 4283 1558 4340 indicium
1605 4283 1685 4339 rei
1714 4292 1770 4340 et
1815 4283 2133 4354 quaestionis

530 4382 908 4440 acerbitatem.
938 4379 1045 4437 Sed
1070 4379 1196 4450 quia
1226 4376 1604 4433 maturabatur
1630 4376 1922 4446 Antipatro
1945 4375 2132 4431 feralis

529 4479 665 4537 ultio
692 4475 1000 4551 parricidii,
1025 4489 1135 4531 non
1162 4485 1325 4546 supra
1351 4472 1612 4529 verticem
1639 4470 1834 4541 capitis
1860 4471 1992 4540 ruit,
2022 4484 2131 4541 quo

2236 3369 2484 3429 paratum
2519 3357 2587 3413 ad
2620 3357 2719 3412 hos
2749 3373 2878 3414 usus
2904 3372 3198 3414 venenum.
3243 3357 3341 3413 His
3385 3357 3551 3413 dictis
3583 3354 3816 3429 pyxidem

2235 3465 2359 3507 cum
2390 3465 2458 3507 eo
2489 3451 2634 3522 quod
2673 3451 2951 3507 resederat
2977 3450 3174 3508 veneni
3195 3491 3209 3516 ,
3245 3451 3473 3522 protulit
3505 3467 3519 3504 :
3549 3448 3817 3520 subjicitur

2234 3543 2521 3615 quaestioni
2553 3550 2729 3599 mater
2772 3542 3039 3614 Antiphili
3065 3550 3121 3598 et
3153 3540 3166 3580 ί
3201 3541 3399 3602 fratres
3427 3543 3624 3614 ipsius.
3654 3538 3817 3597 Confi-

2235 3648 2420 3696 tentur
2465 3654 2532 3695 ex
2572 3638 2809 3712 Egypto
2864 3639 3203 3711 Antiphilum
3261 3637 3532 3695 detulisse
3581 3635 3812 3709 pyxidem

2234 3733 2448 3804 plenam
2491 3748 2705 3789 veneno
2731 3776 2745 3799 ,
2792 3731 2937 3806 quod
2982 3734 3074 3791 ille
3122 3733 3425 3803 accepisset
3457 3748 3492 3788 a
3531 3732 3699 3788 fratre
3737 3727 3816 3800 qui

2232 3827 2580 3885 Alexandrim
2603 3837 3041 3884 commoraretur
3062 3827 3166 3884 sub
3191 3827 3481 3883 medicina:
3504 3825 3810 3898 professors.

2235 3920 2674 3991 Deprehenditur
2700 3921 2864 3977 etiam
2909 3921 3234 3978 Mariamnes
3264 3919 3374 3975 filia
3403 3919 3676 3990 pontificis
3701 3915 3815 3972 insi-

2234 4013 2446 4069 diarum
2477 4014 2694 4070 conscia
2721 4055 2738 4081 ,
2769 4029 2890 4085 quae
2916 4024 3245 4085 pararentur
3275 4013 3508 4083 marito,
3537 4012 3697 4083 idque
3718 4007 3813 4064 fra—

2237 4107 2413 4162 tribus
2441 4107 2561 4177 ejus
2589 4107 2735 4162 inter
2765 4106 3028 4179 supplicia
3073 4106 3467 4163 confitentibus
3513 4103 3810 4162 manifesta-

2235 4209 2346 4255 tur.
2379 4199 2538 4256 Unde
2565 4199 2810 4258 Herodes
2830 4201 3016 4271 junior
3037 4208 3301 4256 materna:
3329 4199 3573 4256 audaciae
3601 4196 3806 4270 pretium

2234 4291 2371 4359 luit,
2402 4307 2564 4363 quem
2606 4293 2662 4348 in
2708 4292 2861 4363 regni
2908 4293 3317 4349 successionem
3369 4292 3657 4364 Antipatro
3701 4285 3807 4343 sub-

2234 4387 2484 4442 stitutum
2515 4386 2658 4443 idem
2683 4387 2698 4438 i
2737 4401 2898 4458 quem
2927 4387 3325 4459 subrogaverat
3355 4395 3540 4457 pater,
3572 4385 3639 4441 de
3667 4389 3807 4438 testa-

2232 4490 2418 4536 mento
2444 4480 2738 4536 delendum
2786 4482 3016 4552 putavit.
3047 4481 3120 4537 Et
3163 4481 3252 4537 hic
3287 4480 3510 4553 quidem
3558 4495 3666 4536 non
3710 4489 3804 4531 me-

531 4587 661 4630 οδω
691 4571 850 4628 facile
875 4569 1338 4639 eminsuerelur.
1370 4565 1465 4622 sed
1493 4564 1546 4620 in
1579 4563 1740 4620 aliam
1772 4571 1981 4636 partem
2010 4576 2132 4619 cor-
2156 4616 2211 4640 π
2235 4572 2439 4628 diocris
2467 4586 2627 4629 error
2673 4573 2904 4629 l-lerodis
2951 4573 3226 4640 senioris,
3259 4582 3318 4630 ut
3367 4573 3598 4629 ulterius
3624 4567 3804 4640 ﬂagitio

2156 4616 2211 4678 D

531 4667 682 4740 poris
707 4664 944 4732 decidit,
975 4671 1038 4719 ut
1070 4677 1219 4718 mors
1252 4660 1619 4733 protelaretur
1652 4677 1665 4713 :
1700 4659 1984 4730 consopita
2012 4665 2129 4714 erat

2235 4666 2575 4738 deprehenso
2597 4709 2612 4734 ,
2661 4668 2801 4724 alter
2827 4669 3204 4726 mulctaretur.
3239 4668 3346 4726 Sed
3388 4668 3556 4725 etiam
3597 4661 3802 4723 Herodis

533 4769 716 4818 tamen
739 4770 902 4831 atque
928 4757 1158 4814 attonita
1185 4756 1382 4811 mulier
1403 4797 1418 4824 ,
1450 4755 1576 4826 quia
1615 4770 1680 4810 ex
1720 4754 1833 4811 alto
1858 4753 2134 4811 deciderat

529 4854 673 4912 loco.
713 4852 874 4909 Jubet
919 4865 1042 4908 eam
1071 4849 1347 4922 paulisper
1394 4849 1635 4906 recreari
1669 4847 1911 4905 llerodes
1954 4848 2130 4905 donec

529 4947 600 5005 ad
637 4961 699 5004 se
727 4945 958 5013 rediret;
995 4942 1226 5016 spondet
1256 4942 1473 4999 veniam
1496 4983 1512 5010 ,
1543 4941 1588 4996 si
1637 4941 1962 5013 simpliciter
2000 4956 2131 5014 ape-

529 5041 665 5098 riret
688 5049 964 5113 gestorum
991 5037 1240 5094 ordinem
1270 5054 1285 5090 :
1317 5051 1425 5092 non
1469 5035 1537 5092 de
1581 5034 1754 5091 nihilo
1782 5050 1908 5092 esse
1932 5077 1948 5103 ,
1981 5035 2126 5109 quod

529 5150 654 5194 sese
682 5131 1105 5206 praecipitaverit
1123 5173 1137 5198 ,
1169 5130 1267 5188 sed
1298 5129 1481 5202 magni
1531 5130 1781 5186 criminis
1808 5131 2086 5188 consciam
2114 5173 2129 5200 ,

529 5226 911 5300 compendium
931 5224 1182 5298 supplicii
1206 5223 1466 5296 quaesisse
1486 5239 1501 5291 ;
1532 5221 1798 5296 impunita
1819 5223 1924 5280 sibi
1944 5223 2128 5281 omnia

555 5352 564 5368 ’
605 5377 632 5407 ⁸
671 5367 1038 5426 Substitueret.
1069 5363 1241 5420 ΒΑΜ.

601 5436 632 5478 ι’
669 5437 908 5496 Dederit.
933 5435 1011 5492 In.

605 5519 630 5550 α
671 5510 924 5567 Ραιναιω.
954 5509 1033 5564 In.

599 5575 627 5618 ἀ
667 5581 968 5640 Silentium.
998 5579 1075 5636 In.

602 5661 628 5690 ε
665 5653 774 5711 Pro
820 5652 969 5709 uenia
1011 5649 1189 5724 digni,
1222 5656 1280 5706 ut
1324 5649 1544 5706 veniatis
1572 5646 1716 5720 apud
1760 5646 2117 5774 Macrgbium.

1941 5735 1995 5774 υ.

603 5791 625 5835 ί
665 5793 849 5866 Cogit?
876 5810 946 5848 an
972 5801 1031 5872 ut
1056 5791 1327 5865 Antipatro
1356 5808 1549 5849 morem
1577 5793 1791 5864 geram?
1821 5790 1903 5848 lo.

2228 4760 2464 4833 junioris
2495 4777 2604 4817 non
2644 4761 2841 4830 injusta
2873 4763 3155 4820 mulctatio
3182 4781 3195 4818 :
3227 4778 3352 4819 nam
3385 4762 3644 4820 divinitus
3684 4770 3803 4829 prae

2234 4864 2452 4910 cautum
2483 4854 2698 4910 videtur
2721 4895 2735 4920 ,
2772 4866 2834 4910 ut
2883 4855 3011 4913 licet
3038 4855 3278 4911 nondum
3308 4854 3435 4911 facti
3477 4856 3562 4912 sui
3591 4850 3798 4911 merito.

2236 4957 2418 5004 tamen
2448 4947 2519 5004 ob
2553 4948 2783 5017 pretium
2814 4947 3011 5004 futurae
3062 4940 3424 5020 improbitatis
3476 4959 3641 5019 regno
3671 4938 3800 4998 abdi-

2233 5045 2471 5094 caretur.
2503 5037 2639 5095 Nam
2671 5038 2795 5111 quis
2820 5054 2944 5095 eum
2971 5054 3155 5111 regem
3181 5039 3395 5110 perpeti
3421 5037 3700 5108 potuisset,
3720 5025 3797 5101 qni

2237 5131 2508 5189 tetrarcha
2557 5142 2665 5188 tam
2715 5132 2957 5189 insolens
2995 5132 3135 5202 fuit,
3183 5141 3244 5188 ut
3272 5131 3498 5188 tolerari
3535 5120 3798 5200 nequiret?

2232 5225 2502 5298 Adjicitur
2527 5227 2695 5284 etiam
2723 5227 2872 5284 aliud
2895 5226 3140 5285 veneficii
3169 5240 3362 5298 genus,
3387 5223 3539 5297 quod
3563 5216 3795 5279 Bathillus

2305 5375 2331 5438 β
2372 5363 2487 5438 Bias
2514 5365 2888 5438 germanitatis.
2900 5437 2903 5438 ν
2917 5364 2998 5438 In.

2302 5433 2331 5473 ιι
2373 5436 2494 5493 Vet.
2514 5433 2674 5508 cod.,
2702 5437 3042 5509 contagionis.
3062 5435 3185 5491 Mox
3205 5447 3357 5504 vero,
3387 5435 3605 5507 pretium
3619 5433 3788 5509 ferant.

2305 5587 2325 5627 ί
2369 5578 2560 5636 Frater
2589 5581 2795 5637 rectius
2824 5595 2894 5637 ex
2922 5587 3034 5638 vet.
3065 5550 3287 5646 codice,
3322 5584 3382 5637 et
3404 5500 3789 5648 Josephgniib-i

2227 5651 2296 5710 de
2319 5651 2458 5708 Bell.
2485 5667 2612 5724 cap.
2639 5652 2731 5711 19.
2757 5651 2835 5710 In.

2304 5721 2319 5773 ἱ
2368 5722 2493 5790 Qui.
2525 5723 2602 5780 In.
