3964 6322
93 317 262 374 2025

997 317 1268 379 IIISTOR.
1309 322 1399 379 DE
1437 320 1718 380 EXCIDIO
1759 323 2028 380 HIEROS.
2074 323 2278 382 URBIS
2317 323 2450 381 LIB.
2489 325 2529 380 I.

3293 335 3434 393 2026

105 430 395 503 Antipatri
447 431 680 490 libertus
725 431 981 490 Pherorrc
1029 444 1085 492 et
1133 437 1250 507 ejus
1300 440 1456 494 uxori
1497 439 1730 506 detulit,
1764 446 1809 502 Α
1839 439 1978 495 dalis
2025 441 2131 497 sibi
2157 440 2430 496 sublatum
2477 441 2910 512 ingemiscebat,
2961 460 3062 503 nec
3106 448 3282 506 solum
3329 469 3438 510 non

105 525 492 597 compositum
539 543 604 583 ex
635 527 812 583 succis
859 539 1174 602 serpentum
1199 573 1216 598 ,
1248 540 1304 588 et
1347 547 1560 590 veneno
1585 533 1734 604 aspi-

111 617 253 674 dum
284 658 300 685 ,
345 627 406 675 ut
451 619 498 675 si
530 619 768 691 primum
813 636 924 677 non
965 623 1342 681 convaluisset
1383 624 1448 680 ad
1499 633 1730 682 mortem

111 710 386 780 Herodis,
415 711 658 770 secundo
685 723 994 770 uterentur.

711 805 942 866 CAPUT
971 807 1157 866 XLIV.

195 899 572 971 Iteperiuntur
597 901 764 957 etiam
795 901 992 959 litterae
1021 903 1282 961 adversus
1310 905 1640 962 Archelaum
1679 913 1736 961 et

112 991 444 1065 Philippum
485 993 689 1051 fratres
735 995 1053 1067 composita:
1097 1017 1110 1054 :
1144 997 1199 1052 hi
1230 998 1378 1070 regis
1402 1007 1560 1054 erant
1591 997 1690 1053 filii
1715 1039 1731 1066 ,

111 1089 217 1158 qui
261 1086 458 1144 Romae
504 1087 966 1156 instituebantur,
1017 1103 1155 1158 quos
1204 1088 1491 1160 Antipater
1535 1104 1600 1144 ea
1647 1089 1732 1146 vel

115 1182 372 1238 maxime
409 1196 574 1239 causa
622 1181 946 1253 appetebat,
1001 1183 1146 1256 quod
1191 1183 1414 1240 videbat
1463 1198 1572 1240 non
1623 1199 1738 1240 mc-

116 1277 306 1333 diocri
341 1276 598 1347 praeditos
641 1276 904 1347 sapientia
927 1319 942 1346 ,
973 1292 1138 1350 super
1176 1293 1313 1349 quos
1356 1293 1457 1333 rex
1501 1276 1733 1348 patrium

116 1372 375 1428 animum
407 1371 730 1428 reclinabat.
762 1372 1005 1442 Denique
1031 1382 1360 1428 evocaverat
1387 1386 1486 1428 eos
1514 1370 1734 1440 litteris,

118 1476 181 1520 ut
218 1464 488 1520 maturius
534 1465 756 1520 domum
789 1464 1231 1536 regrederentur.
1288 1464 1519 1522 Obstare
1555 1466 1738 1537 itaque

117 1573 227 1614 cos
277 1558 395 1614 suis
439 1558 764 1614 utilitatibus
814 1559 1100 1629 Antipater
1135 1559 1538 1628 arbitrabatur,
1572 1569 1738 1632 atque

120 1650 458 1708 incumbere
479 1651 593 1707 suis
616 1650 825 1706 artibus
845 1691 860 1718 ,
890 1659 952 1707 ut
981 1667 1076 1723 spe
1107 1652 1535 1710 adolescentium
1568 1653 1738 1709 simu-

119 1746 240 1802 lata
274 1788 288 1813 ,
323 1747 509 1802 omnia
565 1745 817 1802 factionis
855 1761 969 1801 sua:
1029 1746 1205 1802 studia
1257 1747 1731 1804 obumbrarentur.

119 1841 431 1910 Componit
475 1842 657 1912 itaque
693 1839 954 1911 epistolas
999 1841 1218 1897 nomine
1250 1841 1493 1898 virorum
1540 1851 1735 1912 poten-

121 1935 266 1990 tium
291 1976 308 2004 ,
341 1950 479 2006 quos
506 1934 696 1991 Romae
719 1945 744 1973 ⁸
776 1947 979 2007 posrtos
1025 1934 1079 1990 in
1111 1949 1264 1991 suam
1294 1935 1589 1991 amicitiam
1620 1935 1736 1992 ille-

121 2039 290 2084 xerat
323 2044 336 2081 :
367 2027 490 2084 aliis
511 2042 727 2100 quoque
758 2028 936 2098 pretio
961 2035 1264 2096 extortum,
1311 2037 1368 2084 ut
1393 2028 1734 2096 scriberent,

122 2123 280 2195 quod
317 2123 701 2180 adolescentes
730 2122 942 2180 infestis
971 2132 1178 2193 patrem
1203 2121 1342 2178 odiis
1370 2130 1656 2193 urgerent,
1686 2131 1742 2178 et

123 2218 310 2274 nimio
335 2226 532 2290 questu
570 2226 804 2275 mortem
854 2216 1151 2273 Alexandri
1180 2225 1235 2272 et
1281 2215 1584 2272 Aristobuli
1637 2215 1736 2272 de-

124 2313 447 2386 plorarent.
482 2311 552 2368 Et
595 2327 720 2369 cum
752 2310 1065 2383 hujusmodi
1096 2309 1360 2382 epistolas
1389 2309 1741 2365 clandestinis

133 2407 359 2462 artibus
397 2420 493 2476 per
521 2404 731 2462 aulicos
760 2404 987 2460 sceleris
1013 2405 1097 2460 sui
1138 2402 1454 2471 ministros,
1487 2402 1628 2474 patri
1659 2402 1742 2457 in-

121 2508 388 2574 gereret,
421 2500 611 2557 eadem
659 2499 899 2557 versutia
921 2540 936 2566 ,
969 2513 1076 2571 qua
1107 2514 1273 2570 supra
1313 2498 1606 2555 simulabat
1633 2496 1743 2554 fra-

124 2606 285 2653 trum
310 2596 760 2662 intercessorem,
793 2603 852 2650 ut
877 2602 1146 2665 praetento
1167 2594 1387 2663 pietatis
1411 2591 1738 2664 patrocinio,

126 2689 436 2761 impietatis
464 2689 780 2746 subtexeret
817 2687 1190 2760 parricidium.
1238 2685 1446 2754 Quibus
1489 2684 1745 2742 omnibus

129 2787 192 2842 in
227 2785 471 2842 medium
503 2784 754 2842 deductis
783 2799 908 2840 cum
941 2783 1368 2856 quaestionibus,
1401 2783 1572 2854 patris
1595 2783 1704 2839 vita
1726 2823 1741 2850 ,

128 2879 391 2952 epistolis
414 2923 430 2948 ,
462 2893 612 2934 mors
641 2878 866 2935 fratrum
909 2877 1149 2948 appetita
1179 2875 1587 2933 evidentissime
1613 2890 1746 2948 pan-

129 2976 372 3033 deretur
407 2993 419 3028 :
453 2971 481 3012 b
511 2973 800 3029 consilium
832 2970 1101 3029 diffinitur
1124 3012 1140 3040 ,
1174 2970 1242 3028 de
1284 2979 1510 3028 auctore
1540 2968 1748 3041 suppli-

131 3069 288 3126 cium
321 3065 652 3124 sumendum
677 3108 693 3134 ,
717 3067 808 3138 qui
842 3065 1150 3138 posteriora
1177 3063 1509 3136 prodidisset
1533 3063 1746 3121 calum-

134 3163 256 3230 nia,
291 3160 438 3233 quod
469 3175 761 3234 germanos
788 3174 920 3218 suos
947 3175 1056 3218 non
1085 3159 1242 3232 quasi
1279 3145 1582 3232 parricidas
1605 3199 1621 3225 ,
1651 3155 1747 3214 sed

1835 533 2169 603 processisse
2197 532 2422 589 sceleris
2457 543 2776 604 apparatum
2807 575 2820 599 ,
2853 551 3043 592 verum
3075 541 3240 596 etiam
3268 558 3435 600 vene.

1835 641 1964 681 num
1996 641 2056 683 se
2081 625 2297 682 dedisse
2340 626 2535 683 terrori
2563 636 2716 695 erat,
2747 643 2819 685 ne
2842 639 2882 697 ιο
2916 633 3192 700 quomodo
3231 635 3300 690 ad
3347 651 3436 692 co-

1835 719 2137 790 gnitionem
2167 719 2333 790 Regis
2361 720 2702 790 perveniret,
2729 729 2783 776 et
2810 722 2901 779 ille
2938 737 3158 780 scenam
3188 727 3437 785 criminis

1837 812 2166 884 publicaret.
2199 811 2418 869 Transit
2442 814 2623 884 itaque
2650 815 2705 870 in
2732 823 2948 885 portum
2974 817 3238 875 Caesareae
3267 820 3439 877 haud-

1836 923 2107 980 quaquam
2159 923 2363 965 vacuus
2392 907 2658 980 gravioris
2708 923 2854 965 curae
2902 924 2968 966 ae
3006 911 3435 980 sollicitudinis,

1837 1015 1961 1056 cum
2001 998 2027 1037 ἀ
2060 1000 2110 1056 ei
2150 1001 2314 1057 etiam
2365 1010 2539 1058 mater
2583 1017 2692 1058 non
2740 1003 3016 1061 mediocre
3065 1006 3436 1077 praeiudicium

1837 1093 2217 1149 condemnataa
2264 1093 2472 1150 sobolis
2497 1093 2671 1150 daret.
2718 1095 2824 1152 Sed
2866 1099 3188 1169 urgentibus
3207 1102 3399 1158 amicis
3421 1144 3438 1170 ,

1842 1186 1936 1256 qui
1967 1186 2158 1256 patriae
2188 1185 2483 1258 cupiditate
2521 1190 2893 1258 postponenda
2925 1193 3106 1248 omnia
3134 1209 3254 1264 qua:
3280 1194 3439 1251 Anti-

1837 1286 1992 1349 patro
2040 1277 2436 1345 conducerent,
2483 1281 2879 1338 arbitrarentur
2923 1300 2937 1336 :
2980 1294 3002 1319 ο
3058 1285 3294 1358 denique
3346 1305 3441 1343 ex—

1837 1378 2088 1441 spectato
2115 1371 2231 1442 ejus
2263 1372 2502 1442 ingenio,
2533 1387 2641 1444 quo
2666 1375 2749 1430 vel
2779 1390 3028 1432 aversum
3063 1388 3271 1448 patrem
3299 1396 3328 1434 a
3357 1382 3439 1436 sui

1838 1465 2010 1534 gratia
2043 1464 2200 1520 facile
2241 1466 2484 1521 consiliis
2517 1465 2628 1522 suis
2659 1466 2881 1525 ﬂectere
2908 1471 3100 1526 solitus
3128 1483 3274 1539 erat,
3311 1471 3441 1528 hor-

1838 1557 2078 1614 tantibus
2099 1566 2155 1613 ut
2175 1573 2295 1615 sese
2321 1559 2458 1628 patri
2483 1569 2538 1614 ct
2560 1561 2945 1630 prmdestinato
2971 1563 3074 1620 sibi
3096 1579 3266 1636 regno
3289 1567 3443 1622 ocius

1839 1659 2277 1722 reprmsentarct,
2303 1651 2446 1722 quod
2478 1667 2638 1707 nemo
2668 1653 2895 1710 auderet
2922 1669 2988 1712 eo
3009 1665 3280 1727 praesente
3303 1673 3442 1714 con-

1839 1755 1922 1801 tra
1952 1746 2050 1814 niti
2080 1764 2094 1801 :
2133 1747 2228 1804 sed
2261 1746 2476 1804 occasio
2507 1747 2771 1804 absentiae
2801 1750 2922 1820 ejus
2948 1751 3060 1806 sola
3091 1753 3333 1823 arserit,
3384 1764 3445 1810 ut

1765 1870 1813 1932 Β
1841 1840 2018 1894 averti
2063 1855 2225 1911 posse
2267 1840 2338 1896 ab
2385 1854 2450 1896 eo
2486 1839 2632 1911 regis
2679 1841 2894 1898 animus
2940 1843 3329 1901 aestimaretur.
3375 1847 3445 1903 Et

1841 1932 1966 1990 ideo
2012 1932 2459 2005 praeveniendum
2502 1942 2716 1990 mature
2743 1975 2758 2003 ,
2794 1951 2862 1992 ne
2907 1938 3245 1995 demorando
3275 1941 3446 2010 magis

1841 2038 1935 2080 aut
1959 2025 2363 2082 desiderantem
2393 2025 2726 2094 oli'cnderet,
2761 2037 3193 2101 autsuspectum
3221 2046 3444 2088 exacer-

1839 2120 2027 2188 baret,
2076 2135 2199 2175 cum
2231 2119 2588 2176 diffidentiam
2630 2121 2713 2176 sui
2746 2122 3026 2193 proderet.
3060 2122 3307 2182 Credidit
3336 2126 3442 2181 ita-

1842 2227 1949 2284 que
1978 2212 2150 2284 magis
2180 2212 2199 2251 τ
2234 2214 2478 2270 volentia
2505 2230 2669 2284 quam
2713 2217 3025 2271 necessaria
3066 2217 3443 2277 suadentibus.

1843 2304 2045 2362 Verum
2071 2306 2163 2362 ubi
2205 2315 2420 2376 portum
2446 2307 2724 2377 ingressus
2751 2317 2836 2364 est
2854 2351 2869 2376 ,
2897 2324 3077 2380 neque
3105 2326 3434 2383 quemquam

1843 2398 1950 2454 sibi
1986 2400 2204 2456 obvium
2236 2401 2746 2472 circumspectavit,
2796 2410 2852 2458 et
2897 2405 3052 2473 quasi
3098 2414 3305 2476 pestem
3350 2407 3448 2462 ali-

1845 2505 2009 2562 quam
2040 2491 2214 2548 sensit
2249 2507 2402 2548 suam
2435 2493 2788 2564 praesentiam
2817 2493 3080 2550 declinari
3106 2537 3120 2560 ,
3151 2497 3203 2551 in
3236 2511 3445 2553 summa

1847 2584 2093 2640 locorum
2126 2585 2438 2658 frequentia
2466 2587 2754 2641 maximam
2779 2587 3170 2655 solitudinem,
3197 2603 3322 2644 cum
3350 2604 3445 2646 oc.

1847 2693 2072 2734 currere
2117 2694 2279 2738 nemo
2309 2678 2540 2735 auderet
2571 2698 2584 2734 :
2615 2680 2982 2736 metuentibus
3014 2681 3168 2749 aliis,
3198 2683 3320 2739 aliis
3350 2684 3449 2739 ad-

1847 2771 2224 2841 versantibus,
2259 2772 2463 2829 etenim
2502 2771 2555 2828 id
2589 2773 2852 2844 temporis
2883 2781 2938 2828 et
2965 2772 3089 2829 odia
3117 2790 3226 2845 quo
3269 2775 3448 2832 minus

1849 2878 1911 2920 se
1944 2872 2226 2934 tegerent,
2261 2866 2641 2921 auctoritatem
2674 2877 3029 2936 acceperant,
3063 2876 3322 2938 reputare
3355 2884 3444 2924 se-

1850 2971 1974 3013 cum
2006 2956 2219 3012 scelera
2245 2973 2344 3013 sua
2370 2957 2568 3028 erepit,
2601 2965 2657 3013 et
2683 2959 3031 3015 conscientia:
3057 2959 3291 3015 stimulis
3318 2976 3449 3018 exa-

1849 3048 2029 3122 gitari,
2058 3048 2265 3105 nullum
2290 3049 2429 3121 fuga:
2452 3050 2632 3105 locum
2657 3066 2834 3121 neque
2855 3051 3125 3108 evadendi
3149 3053 3450 3109 subsidium

1853 3141 1957 3198 sibi
2015 3141 2265 3198 relictum
2298 3161 2311 3195 :
2346 3142 2780 3200 circumventum
2828 3159 2888 3200 se
2933 3145 3082 3200 velut
3127 3145 3452 3215 quibusdam

135 3256 305 3328 quasi
329 3254 592 3326 legitima,
633 3252 1001 3311 successionis
1024 3252 1251 3309 ωηιυιοε
1277 3259 1700 3322 persequeretur
1729 3265 1743 3302 ε
1777 3274 1825 3343 C
1856 3238 2066 3294 retibus
2110 3246 2164 3294 et
2191 3247 2410 3343 captum
2448 3239 2623 3294 teneri
2658 3257 2672 3292 :
2717 3238 2968 3295 ﬁduciam
2997 3255 3216 3297 omnem
3248 3257 3458 3298 assum-

138 3367 259 3408 non
286 3365 396 3422 quo
426 3359 634 3422 patrem
657 3347 1001 3417 defenderet,
1033 3347 1130 3406 sed
1162 3362 1230 3404 ne
1259 3355 1570 3404 consortem
1597 3344 1751 3418 regni

139 3445 400 3502 haberet.
451 3443 667 3502 Interea
717 3459 842 3501 cum
905 3452 1114 3514 septem
1164 3442 1432 3498 mensium
1482 3440 1753 3496 curricula

140 3542 296 3597 inter
345 3539 672 3596 documenta
713 3539 1084 3612 ﬂagitiorum,
1115 3547 1170 3595 et
1199 3537 1433 3594 reditum
1482 3537 1753 3607 Antipatri

141 3631 653 3701 concluderentur,
701 3631 852 3689 nulla
896 3633 1182 3689 innotuere
1225 3629 1516 3702 Antipatro
1555 3627 1754 3685 indicia

143 3743 341 3786 rerum
368 3736 668 3798 gestarum,
703 3735 851 3782 tanta
881 3726 1025 3782 circa
1057 3739 1183 3782 eum
1215 3723 1599 3781 universorum
1631 3720 1757 3778 odia

143 3821 464 3880 fervebant.
493 3819 744 3878 Incertus
769 3819 934 3891 igitur
975 3819 1257 3886 omnium,
1298 3815 1486 3873 scribit
1529 3830 1594 3872 ex
1622 3813 1758 3870 urbe

145 3919 328 3975 Roma
357 3915 618 3973 continuo
639 3930 700 3973 se
727 3914 918 3971 adfore
946 3956 962 3985 ,
987 3927 1312 3984 summoque
1343 3925 1403 3967 se
1434 3909 1644 3964 honore
1670 3906 1756 3962 di-

145 4013 384 4069 missum
412 4026 442 4066 a
469 4009 688 4066 Caesare
732 4025 747 4064 :
777 4009 976 4080 quibus
1019 4007 1216 4063 litteris
1265 4003 1458 4071 lectis,
1507 4000 1763 4058 rescribit

147 4105 406 4167 IIerodes
453 4115 725 4163 maturato
750 4119 876 4162 eum
904 4101 1245 4162 contendere
1283 4106 1542 4170 oportere
1561 4136 1577 4163 ,
1605 4110 1762 4152 secu-

147 4219 278 4260 rum
321 4199 550 4257 aﬂ‘ectus
595 4198 839 4272 paterni,
867 4197 955 4254 cui
995 4209 1101 4252 non
1133 4193 1309 4249 solum
1337 4189 1474 4246 nihil
1505 4188 1762 4256 imminu-

149 4307 274 4354 tum
303 4311 403 4368 per
438 4295 740 4352 absentiam
782 4292 954 4358 foret,
987 4305 1176 4346 verum
1207 4289 1372 4344 etiam
1422 4292 1569 4341 tanta
1607 4297 1765 4340 acce-

150 4391 320 4448 deret
347 4389 542 4462 gratia,
574 4397 634 4444 ut
659 4387 780 4460 ejus
821 4385 1068 4443 contuitu
1099 4382 1292 4440 matris
1319 4380 1524 4437 offensa
1552 4379 1763 4434 minue-

151 4491 333 4540 retur.
365 4479 501 4536 Nam
523 4480 718 4537 iterum
746 4477 909 4535 domo
942 4491 1062 4533 eam
1090 4473 1492 4547 deprehensam
1524 4471 1576 4526 in
1618 4479 1766 4526 artes

155 4577 262 4633 filii
286 4576 598 4632 consentire
620 4618 637 4644 ,
667 4572 947 4631 consortio
973 4579 1198 4627 exutam
1227 4567 1392 4640 regiae
1422 4563 1766 4624 liberalitatis

155 4667 507 4739 compendiis
535 4667 944 4736 eliminaverat,
972 4665 1062 4722 cui
1111 4679 1172 4720 se
1221 4662 1580 4719 remissurum
1621 4657 1766 4714 indi-

157 4763 483 4836 gnationem
509 4760 838 4832 scriptorum
867 4759 1050 4830 specie
1080 4755 1485 4820 manifestaret,
1519 4760 1768 4807 metuens

159 4873 234 4912 ne
285 4863 565 4925 comperta
611 4853 805 4908 matris
851 4849 1209 4922 expulsione,
1257 4844 1594 4917 suspiciones
1642 4856 1769 4900 suas

161 4948 457 5018 Antipater
487 4947 553 5002 ad
585 4945 891 5003 cavendum
915 4943 1298 5000 exsuscitaret.
1331 4937 1642 4996 Adveniens
1670 4937 1768 4993 ita-

161 5057 306 5114 que,
341 5039 562 5096 Tarenti
595 5039 828 5111 primum
867 5037 936 5094 de
965 5035 1226 5094 Pherorte
1274 5034 1428 5091 obitu
1476 5030 1770 5102 cognovit,

161 5136 356 5208 ibique
384 5135 590 5191 luetum
617 5149 873 5205 magnum
895 5131 1179 5200 excreuit,
1211 5127 1356 5200 quod
1385 5143 1416 5182 a
1447 5123 1770 5198 quibusdam

163 5226 390 5297 pietatis
420 5225 638 5283 alfectui
667 5226 855 5282 datum
876 5265 891 5291 ,
923 5239 992 5281 eo
1025 5221 1170 5295 quod
1199 5219 1377 5294 patrui
1401 5226 1637 5274 mortem
1664 5215 1772 5270 im-

166 5321 448 5391 patienter
472 5319 705 5377 doleret.
733 5317 831 5375 Ille
855 5325 1038 5375 autem
1061 5315 1373 5373 ministrum
1396 5311 1513 5370 ausi
1543 5306 1775 5382 parrici-

245 5497 272 5526 α
313 5485 548 5542 Positus.
579 5483 752 5539 ΒΑΜ.
1032 5520 1036 5526 .

242 5557 274 5598 ι’
313 5557 568 5614 Concilio.
601 5555 672 5610 Et
698 5568 823 5608 mox
848 5551 1150 5624 posteriore.
1176 5545 1254 5602 In.

248 5641 274 5670 ο
319 5629 536 5698 Quoque
567 5625 743 5698 modo.
775 5625 850 5681 In.

248 5699 276 5739 ά
318 5695 506 5774 Ejectu
528 5695 697 5754 et.lo.
825 5768 861 5774 _
1029 5765 1041 5774 _
1224 5757 1278 5774 Δ,
1336 5772 1341 5774 _
1377 5757 1392 5774 ο

251 5784 276 5810 ε
317 5763 518 5826 D'einde
556 5778 790 5842 experto.
824 5768 888 5823 Et
919 5765 1081 5837 paulo
1117 5768 1244 5835 post
1264 5763 1522 5834 pri-imit
1549 5767 1650 5828 pro
1683 5768 1772 5808 ar-

179 5845 322 5905 serit.
356 5842 434 5902 In.

620 5939 896 6000 Ρηιιοι.
946 5933 1089 5994 XV.

1857 3335 1967 3404 psit
1993 3348 2062 3390 ex
2085 3331 2418 3404 impudentia
2448 3374 2463 3400 ,
2493 3342 2552 3388 ut
2589 3332 2942 3389 dissimulatis
2966 3334 3221 3391 omnibus
3252 3335 3459 3407 impro-

1859 3428 2034 3482 visum
2064 3442 2124 3483 se
2155 3427 2295 3497 patri
2316 3425 2574 3494 offerret,
2625 3427 2678 3482 in
2723 3429 3040 3500 amplexum
3092 3439 3306 3498 rueret,
3338 3430 3455 3501 pic-

1857 3520 1985 3576 tatis
2008 3519 2184 3575 officia
2215 3519 2602 3589 praetenderet.
2638 3519 2837 3576 Verum
2883 3521 2974 3576 ille
3001 3523 3247 3578 extensis
3287 3523 3460 3576 mani-

1859 3610 1962 3667 bus
1994 3611 2332 3682 ingerentem
2355 3625 2479 3667 sese
2507 3611 2783 3683 repellens
2813 3621 2870 3669 et
2896 3613 3172 3670 reclinans
3199 3625 3360 3684 caput
3394 3629 3462 3671 ne

1860 3701 2148 3773 parricida:
2197 3701 2384 3760 osculo
2431 3703 2842 3774 contingeretur
2867 3745 2881 3769 ,
2913 3705 3240 3760 exclamavit
3278 3715 3330 3760 et
3357 3704 3462 3762 hoc

1861 3809 1984 3851 esse
2015 3795 2268 3850 amentiae
2303 3795 2648 3864 parricidalis
2672 3835 2687 3859 ,
2720 3805 2779 3850 ut
2816 3796 3129 3866 amplexum
3155 3807 3306 3867 petas
3331 3839 3346 3864 ,
3374 3799 3463 3853 cui

1861 3885 2095 3942 invisum
2137 3895 2188 3942 te
2217 3889 2565 3958 recognoscis
2589 3929 2606 3956 ,
2639 3897 2700 3942 ut
2739 3887 2968 3944 horrore
3010 3889 3087 3943 tui
3136 3887 3342 3945 afficias
3373 3905 3465 3959 pa-

1864 3988 2032 4049 trem,
2062 3988 2120 4036 et
2154 3987 2407 4036 contactu
2440 3980 2588 4036 noxii
2618 3982 2865 4050 corporis
2892 3981 3108 4038 vivendi
3141 3983 3464 4040 suavitatem

1865 4082 2218 4146 extorqueas.
2245 4073 2324 4131 Ne
2347 4074 2511 4145 igitur
2541 4076 2838 4148 contigeris
2861 4119 2876 4145 ,
2911 4091 2980 4133 ue
3010 4079 3424 4134 attaminaveris
3450 4121 3466 4145 ,

1863 4183 2026 4240 quem
2073 4165 2283 4223 scelere
2315 4167 2520 4237 petisti.
2569 4167 2744 4239 Purga
2794 4179 2944 4224 certe
2983 4171 3138 4240 prius
3176 4170 3221 4224 si
3267 4178 3422 4240 potes
3447 4211 3463 4236 ,

1866 4265 2204 4337 deprehensa
2235 4266 2384 4322 dilue
2418 4283 2430 4319 :
2459 4263 2726 4336 judicium
2764 4279 2873 4319 non
2903 4263 3168 4335 refugiam
3193 4306 3207 4330 ,
3237 4279 3340 4320 nec
3367 4280 3466 4320 au-

1868 4362 2132 4419 dientiam
2164 4361 2265 4418 tibi
2297 4358 2486 4431 negari
2517 4359 2724 4430 patiar,
2747 4373 2850 4414 nec
2889 4357 3022 4413 mihi
3055 4358 3169 4428 ipse
3196 4372 3470 4414 assumant

1868 4457 2274 4528 cognitionem,
2326 4469 2426 4510 nec
2475 4450 2892 4525 argumentandi
2967 4450 3062 4507 tibi
3123 4451 3470 4507 occasionem

1869 4550 2203 4621 relinquam.
2237 4549 2557 4619 Opportune
2586 4547 2744 4602 adest
2773 4543 2946 4600 Varus
2972 4585 2986 4610 ,
3017 4543 3159 4614 apud
3185 4559 3348 4614 quem
3379 4543 3471 4600 dc-

1791 4673 1846 4735 D
1872 4646 2175 4704 fensionem
2201 4646 2276 4702 tui
2297 4661 2563 4716 prtepara.
2579 4643 2688 4700 Nec
2709 4642 2992 4700 differendi
3017 4642 3170 4698 locus
3196 4661 3207 4696 :
3231 4643 3472 4699 crastina

1872 4739 1962 4796 die
1988 4781 2003 4806 ,
2053 4739 2304 4810 quamvis
2332 4737 2473 4794 dolis
2529 4745 2589 4793 et
2641 4735 2920 4792 fraudibus
2953 4735 3213 4804 przcditus
3238 4775 3253 4801 ,
3303 4733 3473 4790 habes

1873 4834 2136 4907 purgandi
2188 4832 2267 4889 tui
2312 4833 2549 4904 copiam.
2603 4829 2675 4886 At
2717 4830 2808 4886 ille
2847 4829 3258 4900 obstupefactus
3310 4836 3474 4884 tanta!

1874 4924 2262 4983 commotionis
2290 4938 2494 4996 pavore
2518 4963 2534 4990 ,
2562 4922 2639 4978 nil
2667 4932 2752 4979 est
2789 4935 2954 4978 ausus
2984 4923 3212 4988 referre,
3244 4935 3345 4978 nec
3383 4935 3480 4992 po-

1878 5022 1980 5077 tuit
2008 5039 2022 5076 :
2053 5020 2149 5076 sed
2169 5033 2424 5091 egressus
2447 5018 2592 5074 foras
2617 5016 2914 5074 fluctuabat
2935 5017 3140 5084 animo,
3168 5016 3313 5086 quod
3344 5015 3480 5072 nihil

1877 5114 2103 5172 omnino
2142 5129 2206 5169 ex
2236 5113 2322 5168 his
2352 5126 2472 5184 qua:
2514 5118 2664 5182 gesta
2692 5119 2851 5167 erant
2877 5119 2931 5165 et
2957 5107 3168 5180 prodita
3197 5107 3342 5179 apud
3385 5124 3481 5181 pa-

1880 5221 2022 5268 trem
2053 5219 2417 5280 compererat.
2453 5206 2824 5262 Advenientes
2845 5214 3028 5261 autem
3051 5204 3117 5260 ad
3143 5219 3266 5260 eum
3294 5214 3482 5274 postea

1883 5314 2060 5362 mater
2087 5314 2144 5360 et
2170 5319 2312 5360 uxor
2354 5309 2691 5374 aperuerunt
2720 5301 2924 5358 omnia.
2962 5299 3168 5369 Quibus
3205 5299 3437 5369 cognitis
3463 5339 3478 5366 ,

1957 5465 1979 5506 τ
2023 5463 2116 5522 Sic
2151 5457 2460 5519 rectissime
2502 5457 2767 5514 Gronovii
2805 5455 3157 5514 membranae.
3203 5453 3272 5510 At
3313 5454 3479 5512 editio

1881 5538 2058 5611 prima
2078 5549 2204 5593 cum
2227 5528 2584 5611 sequentibus
2609 5529 2858 5611 valendo;
2899 5528 3045 5611 quod
3065 5539 3256 5611 margo
3284 5525 3479 5611 editio:

1882 5596 2011 5666 itum
2056 5614 2229 5662 mutat
2256 5596 2583 5658 in'violentia
2605 5641 2622 5666 ,
2664 5608 2720 5655 ut
2750 5601 2823 5655 sit
2863 5596 3078 5655 a'reeto
3119 5596 3334 5651 violens.
3367 5597 3475 5654 Sed

1882 5681 2070 5738 nullus
2109 5677 2199 5732 hic
2249 5671 2522 5729 violentiae
2570 5671 2743 5726 locus.
2777 5671 3026 5728 Mitzocn.
3085 5666 3208 5722 Vid.
3242 5666 3298 5722 in
3321 5666 3463 5725 hanc

1880 5745 2354 5824 vocemsuperius
2377 5749 2632 5798 annotata
2654 5741 2721 5796 ad
2751 5751 2914 5814 caput
2939 5744 3030 5798 41.
3051 5739 3335 5796 GALLAND.

2851 5905 2931 5965 27
