3964 6320
552 282 694 340 9027

1918 269 2169 329 SANCTI
2204 270 2535 330 AMBROSII

3718 266 3849 323 κᾶε

553 414 676 453 sese
712 394 968 467 colligere
1005 405 1312 465 praeparare
1356 389 1540 445 animo
1578 387 1762 458 coepit,
1810 386 2009 458 quibus
2036 402 2154 443 mo-
2180 388 2235 450 Α
2261 395 2499 444 trecenta
2560 386 2789 442 Romam
2842 384 3207 456 proﬁciscenti
3259 384 3435 440 dedi:
3482 385 3846 440 commendavi

555 491 639 547 dis
657 489 1020 545 criminationi
1037 482 1788 551 occurreret,confessionem
1805 490 2151 536 extenuaret.

557 584 816 654 Sequenti
847 581 935 636 die
957 590 1358 650 congregantur
1384 591 1580 631 omnes
1612 576 1757 644 regis
1780 574 2069 644 propinqui
2099 582 2156 628 et

556 674 719 729 amici
767 670 1038 741 Antipatri
1083 688 1097 725 :
1147 672 1421 725 intersunt
1470 667 1703 722 examini
1754 666 2033 721 universi:
2064 664 2157 735 qui

557 765 773 820 diversa
807 764 874 818 de
905 763 1193 833 Antipatro
1220 760 1573 832 prodiderant
1603 758 1782 814 induci
1829 758 2156 828 praecipitiu-

559 868 667 913 tur.
716 857 994 928 Leguntur
1031 854 1197 911 etiam
1240 855 1484 924 epistolae
1528 854 1717 908 matris
1755 850 2072 924 Antipatri,
2105 850 2157 905 in

558 950 756 1022 quibus
789 950 879 1004 illa
910 949 977 1004 ad
1010 948 1178 1003 filium
1220 949 1536 1018 scripserat,
1566 957 1623 1002 ut
1649 956 2008 1017 cognosceret
2031 960 2161 1016 pro-

554 1043 723 1098 ditam
744 1042 882 1113 patri
915 1058 1138 1097 suorum
1171 1056 1390 1097 scenam
1414 1040 1742 1110 ﬂagitiorum
1772 1059 1786 1095 :
1816 1054 2160 1111 nequaquam

557 1153 680 1193 eum
714 1138 915 1193 debere
937 1136 1163 1203 adesse,
1197 1136 1298 1189 nisi
1321 1149 1352 1188 a
1378 1134 1596 1189 Caesare
1622 1134 1803 1203 aliqua
1838 1147 2030 1187 manus
2070 1148 2162 1187 ac-

557 1240 888 1295 cerseretur,
912 1231 1066 1301 cujus
1097 1243 1157 1283 se
1186 1227 1440 1298 praesidio
1467 1228 1909 1283 circumvallaret
1935 1268 1951 1294 ,
1982 1241 2161 1297 neque

559 1340 618 1380 se
642 1323 847 1396 judicio
871 1323 1262 1387 committeret,
1292 1321 1382 1391 qui
1413 1329 1685 1375 tantorum
1723 1319 2162 1375 confessionibus

558 1416 912 1488 appetebatur
937 1457 951 1480 ,
984 1415 1079 1470 sed
1109 1413 1276 1470 armis
1324 1415 1583 1469 muniret.
1634 1414 1728 1468 llis
1761 1414 1827 1467 ad
1874 1412 2160 1481 superiora

558 1512 779 1577 additis,
811 1512 1089 1581 ingressus
1118 1509 1430 1579 Antipater,
1460 1518 1515 1565 et
1554 1525 1678 1565 sese
1713 1509 1780 1564 ad
1809 1510 2035 1579 vestigia
2065 1508 2160 1563 de-

554 1604 748 1675 jiciens
797 1606 967 1674 patris
996 1604 1291 1670 obsecrat,
1324 1618 1394 1659 ne
1436 1620 1495 1659 se
1540 1603 1967 1673 pradamnatum
1993 1602 2159 1657 habe-

560 1713 674 1767 ret;
706 1702 981 1757 conlidere
1009 1716 1070 1756 se
1092 1741 1108 1767 ,
1154 1701 1201 1756 si
1250 1700 1530 1755 deferatur
1559 1700 1833 1755 audientis
1860 1742 1875 1765 ,
1927 1712 2157 1754 vacuum

2258 484 2457 539 Ctnsari
2513 480 2669 553 quasi
2710 481 2885 535 solum
2929 479 3143 536 tilium:
3185 479 3319 535 nihil
3369 478 3508 534 milii
3559 479 3845 544 reservari,

2257 577 2401 647 quod
2432 576 2689 631 deberent
2720 575 3047 646 parricidam
3081 575 3273 629 timere
3299 591 3313 628 :
3338 573 3439 629 sed
3466 577 3575 628 hoc
3597 587 3723 627 eum
3753 588 3850 627 ma-

2258 669 2341 739 gis
2367 670 2432 723 ad
2466 669 2811 738 parricidium
2843 669 3093 732 armavit,
3121 668 3266 739 quod
3308 682 3369 724 se
3410 667 3557 723 meis
3587 666 3849 723 beneficiis

2262 766 2597 835 superiorem
2628 765 2858 820 videret.
2888 761 3033 833 Quid
3075 772 3285 817 tantum
3316 762 3545 818 sceleris
3574 762 3851 817 commise-

2264 865 2390 912 runt
2419 856 2613 912 fratres
2643 858 2788 927 ejus,
2816 871 2953 927 quos
2982 857 3050 911 ad
3080 866 3313 911 mortem
3345 856 3565 926 coegit?
3591 856 3702 911 Aut
3746 872 3849 924 qua

2264 948 2569 1003 iStiusmodi
2627 949 2914 1004 adversum
2963 949 3085 1003 illos
3130 948 3329 1004 indicia
3387 948 3631 1017 detecta,
3684 950 3850 1019 qualia

2264 1039 2418 1094 iSIius
2478 1039 2999 1107 deprehenduntur?
3054 1038 3164 1095 Sed
3226 1036 3638 1107 interrumpere
3702 1050 3851 1110 atque

2264 1130 2582 1201 obstrepere
2608 1132 2771 1184 audet
2802 1131 3067 1200 parricida
3106 1140 3163 1187 et
3198 1132 3345 1187 dolis
3377 1141 3555 1188 tentat
3580 1134 3849 1187 veritatem

2266 1224 2821 1291 invulvere?Caveas,
2841 1224 3001 1291 Vare,
3032 1226 3322 1292 admoneo,
3351 1240 3549 1282 caveas
3577 1226 3849 1281 simulatas

2264 1317 2382 1387 ejus
2407 1318 2694 1389 lacryiuas,
2726 1329 2779 1373 et
2799 1319 3034 1388 gemitus
3072 1330 3188 1373 arte
3209 1320 3574 1388 compositos,
3610 1334 3715 1374 nec
3752 1319 3848 1373 ulla

2262 1426 2553 1481 expressos
2592 1412 2801 1468 dolore.
2835 1412 2932 1468 Hic
2957 1422 3043 1468 est
3069 1414 3158 1484 qui
3192 1413 3326 1467 mihi
3349 1414 3571 1485 pietatis
3612 1414 3849 1469 affectum

2264 1505 2670 1570 abstulit,cum
2717 1521 2745 1558 a
2796 1506 2924 1561 ficto
2983 1518 3126 1562 metu
3182 1508 3488 1563 cavendum
3544 1506 3850 1563 admoneret

2265 1597 2660 1663 Alexandrum,
2686 1581 2809 1652 cum
2855 1599 2948 1653 illo
2998 1607 3208 1654 mentes
3256 1599 3619 1668 plurimorum
3669 1613 3850 1655 conve.

2266 1690 2405 1756 nire,
2430 1704 2681 1746 asserens
2716 1706 2825 1745 non
2858 1702 3064 1748 temere
3090 1694 3542 1747 committendam
3594 1694 3851 1749 universis
3934 1748 3935 1759 χ

559 1798 805 1854 criminis
838 1796 954 1851 fure
978 1835 995 1864 ,
1026 1795 1071 1850 si
1103 1803 1260 1865 pater
1302 1795 1465 1850 vellet
1508 1813 1522 1850 :
1550 1795 1707 1865 jubet
1755 1802 1908 1862 pater
1952 1792 2116 1848 silere
2138 1832 2155 1859 ,

2274 1784 2607 1851 praesentiam
2638 1800 2834 1838 meam.
2857 1784 3159 1841 Simulabat
3185 1801 3244 1841 se
3263 1788 3727 1855 circumspectare
3744 1804 3851 1842 om-

558 1897 724 1957 atque
746 1905 870 1943 eum
900 1887 1206 1943 istiusmodi
1245 1901 1498 1943 sermone
1518 1886 1782 1957 praevenit
1807 1902 1819 1939 :
1843 1884 1998 1953 Quod
2030 1883 2166 1939 nulli

553 1982 704 2051 justo
726 1980 1012 2036 veniabilis
1043 1980 1284 2049 nequitia
1317 1979 1585 2049 Antipatri
1617 1980 1783 2049 possit
1827 1978 2000 2033 videri
2032 1979 2165 2033 satis

560 2084 769 2129 certum
800 2083 885 2129 est
905 2115 918 2137 ,
952 2073 1047 2128 sed
1073 2088 1138 2127 eo
1165 2074 1337 2144 magis
1367 2073 1579 2144 gravari
1608 2087 1697 2128 me
1718 2072 1859 2141 apud
1890 2081 1963 2140 te,
1999 2072 2162 2140 Vare,

562 2166 818 2220 arbitror.
873 2163 1086 2220 Vereor
1132 2165 1280 2220 enim
1309 2207 1324 2231 ,
1363 2180 1434 2219 ne
1460 2166 1622 2220 etiam
1670 2181 1762 2220 me
1802 2164 1984 2220 oderis
2010 2206 2024 2229 ,
2072 2164 2167 2235 qui

562 2257 864 2329 parricidas
888 2258 1147 2327 generavi
1179 2258 1320 2311 filios
1344 2298 1360 2323 ,
1405 2256 1604 2327 quibus
1645 2272 1752 2311 non
1790 2268 1974 2325 posset
2000 2257 2164 2311 etiam

564 2367 790 2421 parcere
821 2360 973 2419 pater
1008 2369 1021 2405 :
1057 2350 1186 2406 licet
1229 2350 1330 2405 hoc
1368 2364 1584 2421 quoque
1625 2350 1969 2405 miserandus
1994 2351 2168 2420 magis

561 2445 664 2501 sim
706 2444 821 2511 ita,
877 2442 1022 2514 quod
1075 2454 1129 2498 et
1180 2444 1319 2499 tales
1373 2442 1570 2497 amavi.
1612 2442 1721 2498 Sed
1751 2442 1820 2497 de
1849 2442 1957 2497 illis
2012 2452 2167 2498 taceo

563 2551 703 2608 quos
725 2536 839 2607 ipse
864 2536 1193 2606 exasperavi
1219 2576 1234 2599 ,
1268 2544 1325 2591 et
1359 2535 1533 2605 justas
1558 2534 1825 2590 adversus
1854 2535 2002 2591 hunc
2033 2536 2170 2591 alle-

563 2630 811 2701 gationes
854 2645 1045 2686 eorum
1095 2630 1301 2699 respui.
1352 2629 1541 2686 Nullas
1580 2630 1726 2685 enim
1774 2632 1832 2684 ιιί
1879 2629 2168 2685 adversum

568 2738 657 2779 me
693 2723 999 2779 habuerunt
1026 2738 1222 2777 causas
1273 2722 1479 2778 doloris
1503 2764 1517 2788 ,
1563 2723 1666 2777 nisi
1706 2722 1853 2794 quod
1884 2722 1970 2777 his
2016 2724 2174 2777 Auti-

573 2824 724 2885 pater
762 2814 1185 2886 praeferebatur,
1221 2823 1279 2871 et
1321 2817 1583 2872 consortii
1613 2817 1812 2887 regalis
1862 2818 2176 2887 praerogati-

568 2920 691 2960 vam
734 2918 1021 2974 acceperat
1051 2947 1068 2974 ,
1101 2907 1192 2976 qui
1246 2918 1408 2961 natus
1434 2916 1459 2944 ει
1488 2922 1660 2978 regno
1702 2924 1809 2962 non
1840 2916 1961 2963 erat
1986 2927 1999 2962 :
2024 2919 2178 2979 puta-

568 3000 690 3054 bam
720 3006 897 3052 tamen
924 2997 1065 3067 quod
1085 2997 1344 3069 majorem
1378 3009 1503 3053 natu
1538 3000 1840 3055 minoribus
1861 3001 1929 3056 ad
1954 3001 2176 3057 tutelam

571 3090 956 3147 adsciscerem.
974 3090 1081 3146 Sed
1099 3091 1306 3145 hostem
1332 3091 1518 3146 induxi
1542 3094 1631 3162 qui
1652 3092 1922 3148 invideret
1947 3094 2177 3150 nobilio-

2267 1879 2377 1943 nia,
2404 1878 2667 1949 usquead
2698 1880 2901 1934 lectum
2927 1879 3221 1948 deducere,
3252 1881 3529 1938 discutere
3556 1894 3719 1954 atque
3737 1896 3851 1938 esa-

2266 1974 2476 2026 minare
2506 1973 2772 2043 singulos.
2809 1973 2906 2028 llic
2939 1984 3055 2029 erat
3085 1975 3265 2030 somni
3293 1976 3643 2045 dispensator
3668 1986 3720 2032 et
3761 1978 3849 2030 ini-

2270 2066 2440 2121 nister
2466 2067 2797 2134 securitatis,
2822 2069 3007 2138 inquo
3036 2084 3138 2139 ego
3162 2069 3420 2125 solatium
3446 2071 3848 2133 constituebam,

2267 2170 2433 2231 atque
2454 2163 2573 2232 ejus
2601 2163 2797 2218 otflciis
2825 2164 3067 2219 levabam
3114 2165 3184 2220 de
3224 2165 3532 2222 interfectis
3570 2166 3807 2222 dolorem
3835 2184 3846 2221 :

2269 2255 2574 2310 arbitrabar
2626 2256 2769 2324 quod
2809 2267 2865 2311 et
2903 2257 3026 2313 illus
3055 2257 3192 2313 mihi
3237 2259 3532 2324 redderet,
3573 2274 3848 2316 nimi-orem

2269 2345 2529 2411 auferret,
2581 2348 2834 2416 pietatem
2881 2349 3222 2405 obtenderet.
3279 2350 3379 2406 Hic
3429 2361 3553 2406 erat
3594 2364 3848 2422 protector

2272 2453 2461 2504 meus,
2515 2440 2602 2494 cui
2664 2441 2955 2496 credebam
3004 2444 3252 2512 corporis
3303 2444 3495 2501 senilis
3541 2447 3847 2501 custodiam.

2271 2529 2555 2596 Quomodo
2594 2533 2773 2587 vivam
2803 2534 3009 2601 nescio,
3042 2537 3318 2604 quomodo
3348 2548 3558 2594 tantum
3590 2540 3846 2594 insidiata»

2273 2640 2388 2679 rem
2412 2628 2701 2692 eraserim,
2732 2628 2929 2698 quibus
2958 2644 3045 2685 me
3069 2628 3504 2687 circumvenerat
3543 2633 3845 2688 delinimen-

2276 2722 2364 2784 tis,
2396 2719 2590 2789 quibus
2622 2719 2902 2777 fraudibus
2943 2724 3183 2778 Vinctum
3235 2724 3480 2792 tenebat,
3509 2736 3569 2780 ut
3610 2726 3711 2781 soli
3739 2725 3846 2780 huic

2274 2829 2361 2869 me
2388 2815 2690 2880 crederem,
2720 2833 2881 2886 quem
2924 2818 3099 2873 solum
3128 2818 3314 2874 caveri
3340 2822 3601 2890 oportuit.
3632 2820 3848 2876 incredi-

2278 2906 2386 2961 bile
2436 2908 2568 2961 tnini
2596 2918 2685 2963 est
2724 2909 2867 2978 quod
2912 2912 3084 2976 evasi,
3116 2926 3219 2967 nec
3258 2913 3443 2968 viVere
3487 2903 3847 2979 inihi‘videor,

2278 3000 2371 3053 sed
2404 3002 2674 3056 somnium
2707 3012 2857 3072 puto.
2898 3006 3032 3069 Quis
3074 3007 3223 3061 enim
3266 3006 3540 3073 crederet,
3586 3020 3680 3063 aut
3718 3009 3850 3063 illum

2280 3101 2386 3147 tam
2437 3095 2707 3165 ingratum
2748 3096 3009 3166 futurum,
3038 3100 3126 3155 cui
3156 3100 3211 3155 in
3254 3117 3345 3156 sive
3382 3111 3707 3171 potestatem
3750 3120 3851 3158 om-

570 3184 742 3249 ribus,
767 3185 1030 3239 excitaret
1051 3183 1335 3253 puerulos,
1359 3183 2069 3253 infirmoscircumveniret,
2089 3188 2171 3241 in-
2202 3174 2246 3235 C
2281 3200 2405 3239 nem
2437 3188 2844 3253 conuniserani,
2870 3200 2965 3245 aut
2992 3207 3079 3246 tne
3102 3206 3263 3261 posse
3290 3194 3551 3256 evadere.
3582 3195 3627 3250 si
3650 3197 3853 3265 Antipa-

573 3289 760 3333 cautos
773 3277 1046 3349 proderet.
1072 3276 1274 3346 Lapsus
1294 3293 1398 3330 non
1419 3292 1575 3346 nego,
1597 3278 1690 3332 sed
1708 3292 1803 3332 eos
1816 3280 2064 3334 excusari
2079 3295 2175 3350 po-

578 3373 706 3438 tius,
732 3385 892 3439 quam
918 3370 1097 3440 urgeri
1120 3370 1377 3437 oportuit.
1404 3371 1689 3438 Antipater
1712 3370 1799 3425 hic
1822 3369 1950 3425 inibi
1973 3379 2027 3427 et
2053 3372 2175 3427 illos

576 3462 820 3526 abstulit,
858 3460 946 3515 hic
982 3460 1111 3513 mihi
1138 3469 1193 3515 et
1218 3461 1337 3514 illos
1372 3462 1487 3515 fieri
1522 3462 1868 3518 insidiatores
1889 3466 2172 3533 compulit.

577 3554 760 3621 Dolui,
784 3553 980 3619 fateor,
998 3552 1143 3622 quod
1164 3553 1201 3607 ii
1218 3553 1412 3622 quibus
1431 3554 1580 3623 regni
1597 3568 1749 3624 apem
1762 3555 2043 3621 dederam,
2059 3557 2177 3626 qui-

579 3648 681 3703 bus
726 3645 1130 3701 successionem
1171 3659 1578 3699 reservaverant
1607 3687 1623 3713 ,
1647 3645 1934 3701 adversum
1963 3663 2047 3703 me
2077 3652 2176 3704 im-

576 3740 747 3811 proba
777 3737 1218 3793 machinarentur
1247 3754 1259 3789 :
1291 3736 1384 3793 sed
1413 3752 1556 3793 nunc
1584 3754 1690 3793 non
1710 3741 2051 3809 patretn,sed
2074 3744 2177 3796 An-

578 3835 832 3904 tipatrum
852 3830 1401 3887 oderant.Perieruut
1430 3831 1612 3901 itaque
1642 3831 1706 3887 ad
1736 3831 1980 3888 dolorem
2014 3834 2174 3905 patri,

578 3928 866 3998 Antipatro
883 3924 950 3980 ad
973 3923 1225 3978 fructum.
1260 3924 1488 3991 Qumris,
1514 3923 1673 3991 Vare,
1702 3926 1821 3994 quis
1840 3940 1937 3980 eos
1958 3925 2175 3983 occide-

580 4021 689 4077 rit?
708 4020 989 4090 Cognosce
1018 4018 1101 4073 cui
1133 4032 1280 4072 mors
1301 4032 1487 4071 eorum
1508 4018 1819 4087 profecerit.
1837 4016 1865 4056 b
1893 4018 2073 4075 Vacua
2095 4026 2180 4075 est

581 4113 776 4167 domus
821 4124 1067 4165 novercae
1116 4106 1250 4173 filio,
1284 4108 1457 4179 patuit
1488 4110 1608 4163 aula
1645 4110 1738 4164 uni
1782 4110 1849 4166 ad
1884 4112 2179 4168 succeden—

582 4205 734 4267 dum,
767 4219 887 4273 qua:
917 4201 1116 4256 multus
1166 4216 1516 4257 successores
1560 4202 1813 4258 habebat.
1858 4204 1966 4260 Nec
1994 4208 2180 4277 exple-

583 4307 669 4352 tus
691 4305 774 4351 est
799 4305 976 4350 morte
1002 4293 1227 4348 fratrum
1261 4302 1517 4349 cruentus
1546 4295 1761 4351 animus
1791 4304 1846 4352 et
1891 4314 2044 4354 tuens
2075 4301 2179 4354 iiii-

584 4392 693 4464 pia.
751 4390 1041 4460 Postquam
1097 4403 1203 4443 non
1258 4388 1446 4443 habuit
1488 4386 1686 4444 fratres
1733 4405 1871 4460 quos
1929 4393 2175 4463 odisset,

582 4494 797 4556 patrem
840 4480 1287 4553 persequebatur.
1338 4480 1554 4549 Reputo
1609 4498 1860 4549 mecum,
1908 4485 2000 4556 qui
2054 4485 2180 4543 liuic

582 4579 976 4633 munimentum
1002 4574 1334 4629 limreditatis
1363 4578 1547 4644 paravi
1575 4593 1587 4629 :
1623 4577 1768 4631 visus
1797 4593 1915 4634 sum
1938 4591 1989 4635 et
2018 4593 2039 4619 ε
2067 4582 2180 4651 ipse
2209 4572 2258 4634 D

582 4669 677 4726 diu
701 4670 883 4725 vivere
919 4666 1294 4723 decessimiem
1340 4666 1631 4723 fastidienti
1660 4686 1673 4722 :
1701 4668 1859 4725 docui
1910 4672 2040 4742 quid
2068 4674 2183 4729 vel—

585 4764 682 4832 let,
713 4764 799 4819 cui
830 4762 1192 4818 successionis
1241 4761 1631 4830 competitores
1676 4763 1989 4820 ademeram
2027 4786 2039 4820 :
2068 4782 2184 4824 mo-

584 4866 796 4913 rantem
826 4871 931 4909 llOll
983 4868 1178 4923 passus
1220 4861 1303 4907 CSl
1332 4872 1344 4907 ἒ
1378 4868 1479 4907 nec
1529 4858 1870 4925 exspectavit
1927 4874 2180 4930 regnum,

582 4949 689 5006 nisi
729 4959 786 5004 ut
829 4946 1121 5020 parricidio
1173 4945 1584 5015 adipisceretur.
1625 4947 1886 5005 Reddidit
1936 4952 2070 5007 mihi
2103 4954 2182 5009 vi-

581 5060 725 5109 cem,
755 5044 880 5114 quia
909 5041 1207 5112 projectum
1236 5039 1585 5110 colle-geram,
1617 5051 1672 5096 et
1700 5044 2046 5112 pra-tuleram
2082 5064 2179 5103 no—

583 5138 887 5195 bilioribus.
916 5135 1014 5192 Cui
1047 5134 1192 5190 enim
1226 5142 1436 5189 tantum
1471 5150 1535 5189 ex
1569 5135 1715 5202 illis,
1746 5150 2008 5209 quantum
2051 5142 2176 5199 huic

580 5229 821 5285 contuli?
850 5228 947 5283 Cui
998 5226 1111 5297 ipse
1151 5226 1347 5280 vivens
1399 5236 1665 5294 potestate
1718 5244 2024 5297 cesseram,
2070 5243 2178 5289 tes-

584 5330 822 5378 tamento
864 5329 1055 5390 aperto
1080 5316 1352 5371 liacrcdein
1393 5315 1833 5390 designaveram,
1864 5325 2005 5391 quod
2036 5327 2177 5383 solet

579 5431 703 5471 esse
732 5413 1095 5485 periculosum
1127 5410 1369 5481 regibus,
1404 5420 1463 5466 ut
1482 5412 1683 5483 aliquis
1705 5428 1766 5470 se
1794 5431 2177 5476 successurum

575 5512 818 5567 noverit.
849 5506 1250 5579 Quinquaginta
1272 5506 1333 5559 in
1360 5504 1634 5564 fructibus
1666 5511 1871 5568 talenta
1897 5518 2174 5587 concessi,

654 5701 682 5797 ε
712 5692 971 5817 tua:
995 5688 1166 5819 iit“-

2280 3286 2362 3332 ter
2390 3279 2595 3333 nollet?
2627 3281 2904 3338 Tutioreni
2941 3293 3117 3340 tamen
3146 3287 3319 3356 gratia
3349 3303 3436 3343 me
3482 3288 3685 3345 factum
3713 3302 3853 3360 puta-

2276 3373 2424 3429 bam.
2460 3373 2568 3430 Sed
2599 3390 2719 3444 qute
2754 3374 2869 3447 (ma
2882 3377 2989 3431 lum
3011 3377 3061 3448 l)
3086 3378 3397 3447 infelicitas,
3426 3397 3539 3451 me,
3564 3394 3657 3438 aut
3682 3385 3854 3439 adver-

2278 3482 2400 3523 sum
2431 3485 2519 3525 me
2548 3485 2645 3525 eos
2690 3471 2850 3527 faciat
2891 3472 3195 3543 insurgere.
3224 3491 3364 3545 quos
3404 3478 3526 3546 plus
3557 3479 3852 3536 dilexerim?

2282 3560 2513 3631 Depluro
2535 3580 2833 3619 aerumnam
2863 3566 3057 3622 duutus
3086 3583 3244 3635 mete,
3290 3570 3454 3637 Vare,
3487 3572 3663 3628 deﬂeo
3684 3576 3854 3629 solitu-

2278 3657 2483 3724 dinem,
2516 3658 2812 3729 ingemisco
2835 3662 2942 3716 vim
2966 3664 3101 3718 tanti
3128 3664 3350 3721 doloris.
3382 3667 3493 3723 Sed
3523 3681 3697 3726 tamen
3726 3680 3849 3725 tanta

2279 3757 2362 3803 est
2391 3749 2659 3805 acerbitas
2683 3754 2907 3808 sceleris
2947 3757 3307 3827 parricidalis,
3334 3769 3400 3816 ut
3435 3764 3710 3820 neminem
3739 3762 3851 3818 milii

2283 3841 2456 3910 patiar
2482 3844 2738 3910 evadere,
2761 3846 3089 3920 quicumque
3106 3851 3308 3906 sitierit
3328 3857 3652 3926 sanguinem
3673 3871 3848 3921 meum,

2279 3934 2493 3989 etiamsi
2527 3936 2578 3989 in
2608 3952 2799 3993 omnes
2828 3940 2970 3995 filios
3009 3958 3159 3999 meos
3194 3946 3433 4003 affectati
3472 3952 3736 4017 parricidii
3778 3953 3850 4006 in-

2282 4023 2418 4079 dicia
2451 4037 2787 4095 promantur.
2816 4030 2949 4085 Cum
2974 4031 3091 4089 haec
3131 4036 3357 4103 diceret,
3390 4040 3848 4112 indignationem-

2284 4120 2418 4175 riter
2441 4136 2504 4176 ac
2543 4124 2734 4180 dolore
2779 4125 3077 4199 intercepta
3110 4147 3212 4186 vox
3238 4142 3325 4189 est
3355 4133 3648 4206 loquentis.
3686 4137 3849 4193 Conti-

2282 4228 2391 4267 nuo
2440 4215 2722 4286 Antipater
2762 4219 2985 4278 elevans
3021 4234 3206 4293 caput,
3251 4227 3403 4282 velut
3448 4229 3592 4285 ictus
3635 4230 3764 4285 enim
3800 4236 3846 4283 et

2283 4306 2498 4361 saucius
2528 4310 2751 4367 vulnere
2782 4312 2999 4383 jacebat
3044 4325 3172 4372 ante
3221 4319 3388 4387 pedes
3426 4324 3620 4391 patris,
3658 4337 3847 4379 necas-

2282 4414 2508 4472 surgere
2535 4405 2787 4474 audebat,
2813 4411 3151 4478 exclamans,
3174 4414 3249 4469 ait
3274 4432 3287 4470 :
3316 4416 3418 4482 Tu,
3449 4420 3665 4488 quidem
3695 4430 3840 4491 pater,

2285 4506 2343 4551 ut
2375 4497 2543 4554 iratus
2588 4517 2832 4568 accusas,
2876 4505 2971 4560 sed
3020 4507 3149 4562 mihi
3197 4510 3346 4565 nulla
3393 4513 3568 4582 major
3606 4513 3841 4577 defensio,

2283 4604 2443 4659 quam
2498 4594 2869 4650 testimonium
2918 4602 3281 4656 accusationis
3326 4613 3452 4668 tum,
3504 4608 3628 4677 quia
3657 4618 3842 4674 semper

2283 4681 2362 4737 fui
2407 4700 2593 4741 custos
2645 4698 2749 4744 ture
2787 4692 3003 4767 salutis.
3053 4694 3435 4755 Defensionem
3469 4701 3630 4771 igitur
3657 4713 3843 4773 prome

2283 4786 2412 4832 voto
2441 4783 2748 4838 accusantis
2777 4783 3094 4847 adhibuisti.
3118 4788 3404 4856 Quomodo
3435 4797 3578 4849 enim
3608 4792 3842 4866 parricida

2284 4885 2406 4938 ego,
2441 4889 2601 4940 quem
2635 4876 2749 4946 ipse
2780 4886 2927 4934 tuum
2963 4894 3325 4951 protectorem
3352 4888 3573 4944 fateris?
3609 4891 3708 4945 Aut
3730 4902 3845 4960 quo-

2287 4964 2447 5019 modo
2468 4968 2893 5041 circumSpectns
2919 4985 3081 5046 atque
3110 4987 3341 5048 astutus,
3369 4998 3528 5052 quem
3547 4993 3845 5040 commenta-

2285 5066 2458 5113 torein
2508 5064 2688 5134 arguis
2737 5068 3044 5136 parricidii?
3091 5088 3210 5128 eum
3259 5083 3522 5132 extremae
3550 5076 3839 5146 insipientia

2283 5152 2353 5207 sit
2381 5158 2669 5226 cogitasse,
2699 5163 2840 5226 quod
2872 5176 2929 5219 et
2948 5168 3090 5235 apud
3131 5170 3383 5229 homines
3411 5176 3736 5232 exsecrabile
3759 5174 3834 5240 sit,

2284 5256 2337 5302 et
2365 5252 2505 5320 apud
2537 5254 2703 5309 Deum
2727 5254 2958 5315 inultum
2989 5276 3114 5319 esse
3142 5280 3252 5320 non
3274 5272 3474 5335 possit.
3508 5270 3603 5327 Vel
3642 5271 3838 5325 fratrm

2283 5346 2534 5433 exemplo
2561 5346 2740 5403 doceri
2771 5352 2943 5419 putui,
2976 5356 3182 5413 nullum
3207 5363 3344 5416 tanti
3372 5363 3595 5419 sceleris
3614 5362 3834 5433 eﬂ‘iigium

2282 5431 2422 5501 fore,
2455 5440 2597 5508 quod
2630 5444 2808 5501 scelus
2850 5448 3157 5508 istiusmodi
3200 5470 3302 5513 nec
3342 5456 3600 5514 latebram
3629 5431 3833 5513 inveniat

2284 5541 2387 5585 nec
2405 5544 2616 5599 poenam
2644 5540 3306 5619 evadat,quandoquidcm
3330 5561 3385 5608 et
3408 5551 3491 5609 illi
3514 5567 3609 5625 pro
3634 5562 3761 5608 tanta
3782 5549 3830 5604 iit

2360 5722 2383 5750 ε
2417 5712 2624 5787 1ρσί....
2653 5720 2992 5784 decessorem.
3028 5726 3108 5784 In.
