3964 6392
117 304 268 373 9029
792 302 803 326 ¹

994 310 1268 375 HISTOB.
1308 316 1400 373 DE
1440 313 1717 373 EXCIDIO
1756 310 2029 374 HIEROS.
2070 312 2275 373 URBIS
2313 308 2444 371 LIB.
2488 307 2529 369 1.

3287 307 3433 370 2030

123 441 178 491 te
236 432 629 490 malevolentia
674 443 867 504 pmnas
892 428 1190 486 'dederunt
1218 445 1233 482 :
1266 438 1320 482 at
1352 428 1472 482 illos
1524 426 1727 481 invidia
1758 438 1812 498 Α
1835 441 1996 497 quem
2019 425 2196 481 solum
2235 440 2435 483 nocere
2462 422 2783 495 potuissem.
2819 420 3164 489 Testiticare,
3186 425 3432 498 inquam,

120 527 383 599 quaedam
412 527 511 599 (ut
541 525 714 597 dicis)
760 524 1037 593 impulerit
1070 524 1138 578 ad
1177 522 1545 594 parricidium,
1580 520 1727 591 quod

123 638 217 677 me
252 622 355 677 sibi
406 620 651 691 prmferri
694 619 949 675 videbant
970 660 986 686 ,
1016 617 1213 689 quibus
1245 615 1481 671 materni
1511 614 1731 685 generis

124 714 394 770 nobilitas
425 714 639 769 animos
662 713 845 779 dabat,
866 722 925 766 ut
942 726 1167 783 regnum
1201 710 1354 781 quasi
1378 725 1445 764 ex
1477 717 1727 763 materna

120 808 485 864 successione
513 807 619 863 sibi
650 805 893 862 debitum
930 804 1296 863 vindicarent.
1322 812 1377 858 et
1403 801 1601 873 quibus
1622 815 1652 854 a
1681 806 1734 854 te

121 909 381 972 ereptum
439 906 812 970 reposcerent.
861 896 1005 965 Quid
1054 895 1164 952 tale
1214 910 1339 965 ego,
1389 893 1481 965 qui
1527 891 1733 949 nescivi

121 1009 363 1063 regnum
396 994 499 1048 nisi
527 992 597 1049 de
625 1002 678 1048 te
705 1005 953 1058 Sperare,
991 1000 1143 1044 tuum
1162 987 1431 1059 judicium
1460 999 1732 1056 quaerere,

123 1085 227 1141 tibi
262 1085 370 1141 soli
402 1082 821 1153 placere?Quid
862 1092 1047 1137 autem
1074 1088 1212 1146 erat,
1243 1078 1388 1150 quod
1420 1092 1508 1134 me
1539 1078 1733 1133 adver-

121 1196 255 1236 sum
290 1191 441 1234 tuam
486 1179 717 1235 salutem
764 1176 971 1233 audere
1018 1174 1226 1246 aliquid
1278 1171 1625 1243 impelleret?
1653 1173 1733 1226 An

120 1272 292 1343 regni
323 1272 555 1344 cupido?
581 1270 678 1326 sed
720 1269 1016 1341 regnabam
1049 1285 1063 1322 :
1093 1284 1159 1322 an
1192 1265 1302 1321 odii
1336 1263 1611 1334 suspicio?
1639 1261 1737 1318 sed

119 1365 405 1436 diligebar
431 1384 444 1419 :
473 1380 541 1420 an
571 1365 785 1435 injuria:
808 1362 999 1417 dolor?
1027 1361 1121 1417 sed
1155 1359 1507 1431 praeferebar.
1534 1358 1590 1414 Si
1616 1357 1739 1411 illos

120 1460 247 1515 sola
282 1459 523 1514 formido
549 1457 891 1530 prmlationis
917 1472 1053 1512 mere
1079 1455 1377 1509 armaverit
1404 1453 1472 1507 ad
1503 1450 1736 1523 parrici-

118 1554 283 1609 dium
308 1596 324 1620 ,
358 1568 460 1625 ego
497 1552 751 1608 absolvar
780 1567 794 1604 :
819 1550 943 1620 quia
984 1549 1237 1605 nesciunt
1266 1546 1474 1617 praelati
1506 1543 1736 1614 parrici-

119 1646 285 1701 dium
316 1646 586 1716 cogitare,
623 1652 649 1681 ει
671 1642 767 1699 sed
804 1643 1012 1698 odisse.
1047 1640 1161 1697 Nisi
1188 1639 1329 1695 forte
1358 1638 1557 1707 aliquis
1592 1652 1657 1692 ex
1689 1646 1741 1690 te

119 1752 217 1794 me
250 1747 437 1793 metus
462 1735 747 1804 compulit.
792 1733 999 1790 Verum
1048 1748 1171 1803 ego,
1220 1738 1280 1786 ut
1330 1729 1465 1785 mihi
1496 1744 1599 1783 vox
1650 1739 1738 1782 tua

1837 519 1996 587 mihi,
2028 521 2117 590 qui
2160 518 2228 573 de
2264 519 2391 574 aliis
2424 519 2899 589 pronuntiaveras.
2930 519 3043 577 Nec
3083 522 3437 579 dissimulan-

1836 610 1965 667 dum
2009 612 2392 683 parricidium,
2433 612 2532 667 sed
2587 612 2971 684 inquirendum
3028 616 3253 683 putasti.
3302 616 3348 672 Ο
3387 620 3434 673 si

1836 702 1969 759 mihi
2018 705 2286 772 aspiraret
2336 707 2625 776 praesentia
2674 709 2794 764 tua!
2846 708 2943 765 sed
2991 710 3189 765 absens
3237 727 3330 779 es,
3380 722 3438 768 et

1838 796 1998 865 longe
2024 797 2254 867 positus,
2289 806 2346 853 et
2370 813 2473 869 ego
2499 799 2619 855 sine
2654 808 2707 854 te
2736 814 2764 854 a
2792 810 2949 872 patre
2972 800 3266 872 dijudicor.
3290 804 3438 859 Ades

1840 896 2045 956 tamen,
2070 898 2125 944 et
2173 890 2226 944 in
2266 891 2466 947 litteris
2513 893 2619 947 tuis
2673 908 2917 962 praesens
2960 909 3022 951 es
3052 911 3067 950 :
3096 902 3185 950 tua
3232 897 3435 967 scripta

1838 977 2033 1047 offero,
2060 997 2183 1052 qua:
2223 982 2406 1039 solent
2437 983 2722 1053 parricidae
2752 986 2967 1041 timere.
3014 987 3184 1043 Tuam
3225 989 3436 1059 episto-

1839 1072 1945 1127 lam
1982 1083 2159 1143 porto,
2204 1091 2368 1146 quam
2415 1077 2599 1133 solent
2628 1094 2899 1149 proruere,
2927 1082 3019 1151 qui
3048 1083 3275 1152 cupiunt
3305 1099 3435 1155 par-

1840 1167 2090 1223 ricidium
2117 1184 2225 1225 non
2252 1170 2444 1227 latere.
2464 1172 2713 1243 Suscipe,
2736 1184 2911 1243 pater,
2945 1176 3159 1233 litteras
3183 1178 3436 1243 Caesaris,

1843 1260 1961 1330 ipse
1994 1272 2046 1317 te
2068 1265 2325 1331 instruat,
2354 1266 2450 1336 qui
2484 1265 2688 1322 dudum
2718 1267 3037 1324 vindicavit.
3068 1269 3296 1341 Suscipe
3322 1272 3441 1326 Cte-

1841 1354 1978 1408 Saris
2007 1356 2232 1426 scripta,
2265 1360 2607 1429 argumentis
2635 1360 2893 1416 omnibus
2921 1361 3212 1418 validiora.
3231 1363 3441 1430 Quibus

1842 1460 1976 1500 usus
2005 1462 2066 1503 es
2092 1448 2294 1504 dudum
2325 1450 2390 1503 ad
2425 1451 2708 1517 ultionem,
2742 1464 2898 1509 utere
2916 1469 3060 1510 nunc
3092 1455 3159 1511 ad
3180 1454 3439 1513 salutem.

1844 1536 1957 1591 llos
1985 1553 2114 1608 ergo
2142 1541 2326 1610 apices
2362 1540 2553 1598 defero
2583 1544 2915 1601 innocentiae
2941 1562 3076 1603 meae
3107 1557 3279 1605 testes
3303 1567 3319 1604 :
3347 1550 3441 1605 illa

1844 1631 2068 1688 dextera
2114 1650 2409 1705 numquam
2442 1645 2495 1693 te
2524 1638 2749 1706 fefellit;
2796 1640 2889 1696 illa
2942 1641 3171 1699 dextera
3211 1645 3444 1701 Caesaris

1845 1724 2095 1781 diadema
2135 1728 2227 1782 tibi
2262 1730 2540 1798 imposuit,
2561 1747 2670 1787 non
2701 1732 2908 1790 ademit
2940 1753 2954 1789 :
2982 1736 3073 1790 illa
3109 1753 3298 1793 manus
3325 1739 3446 1794 Ca:-

122 1834 295 1886 testis
348 1837 458 1894 est,
492 1828 626 1883 nihil
656 1827 901 1884 sciebam
948 1825 1051 1881 nisi
1091 1839 1191 1897 pro
1229 1832 1283 1878 te
1330 1823 1551 1883 timere.
1596 1819 1736 1887 Quid
1769 1829 1816 1890 Β
1846 1821 1985 1875 saris
2027 1837 2253 1892 regnum
2288 1824 2407 1890 tibi,
2454 1826 2600 1894 quod
2650 1826 2951 1898 abjeceras,
3004 1835 3441 1901 repraesentavit.

118 1923 280 1979 enim
312 1920 451 1977 mihi
481 1921 756 1986 timerem,
787 1921 879 1991 qui
915 1917 1169 1971 minister
1206 1930 1354 1970 erant
1399 1922 1503 1968 tuae
1534 1911 1742 1967 securi-

121 2015 288 2077 tatis,
324 2024 382 2069 et
407 2013 757 2084 dispensator
786 2010 1021 2081 quietis?
1053 2009 1137 2063 An
1175 2023 1308 2062 vero
1343 2006 1526 2074 inopia
1575 2018 1743 2075 pecu-

119 2108 238 2163 niae
268 2118 325 2162 ct
372 2118 588 2179 egestas
629 2106 833 2173 coegit,
865 2120 986 2174 quae
1029 2102 1169 2157 solet
1201 2097 1571 2169 indigentibus
1612 2110 1741 2150 sua-

120 2203 268 2258 dere
299 2200 694 2256 latrocinium?
721 2198 829 2255 Sed
858 2198 1113 2265 dederas,
1146 2194 1289 2265 quod
1332 2210 1443 2249 non
1474 2191 1653 2247 solum
1689 2190 1744 2244 in

123 2309 416 2366 przesens,
448 2292 546 2347 sed
592 2293 755 2347 etiam
786 2291 840 2346 in
870 2305 1034 2346 omne
1081 2298 1294 2358 tempus
1332 2284 1663 2351 abundaret,
1690 2290 1748 2338 et

122 2387 369 2443 divitem
415 2384 645 2440 Romam
695 2386 961 2449 miseras,
995 2392 1052 2436 ut
1082 2396 1272 2452 regum
1305 2394 1464 2450 reges
1507 2393 1749 2449 pronun-

123 2480 351 2536 tiarent
391 2478 606 2549 imperii
630 2477 772 2549 apud
803 2493 862 2532 se
890 2475 1257 2546 principatum
1290 2488 1435 2539 esse,
1463 2488 1569 2527 non
1604 2471 1746 2526 divi-

126 2575 371 2631 tiarum.
408 2572 651 2643 Denique
684 2570 947 2626 Fabatum
986 2569 1135 2623 illum
1166 2567 1426 2622 Romanae
1452 2566 1533 2622 rei
1562 2563 1751 2619 mode-

129 2681 416 2732 ratorem,
446 2674 502 2722 et
532 2666 780 2720 intimum
824 2662 1060 2718 Caesaris
1090 2661 1187 2717 tibi
1231 2661 1381 2731 cepi,
1426 2669 1479 2713 et
1510 2674 1539 2712 a
1570 2656 1751 2729 Sylan

124 2758 419 2833 ingentib
449 2759 712 2829 impulsus
770 2758 1020 2829 pecunia,
1068 2765 1125 2808 ut
1180 2762 1231 2808 te
1282 2754 1646 2821 impugnaret,
1680 2748 1750 2803 ita

129 2853 510 2920 commutavi,
544 2863 601 2907 ut
636 2851 792 2907 fieret
829 2860 952 2905 tuus
978 2848 1261 2913 defensor,
1292 2854 1349 2901 et
1371 2842 1753 2900 sollicitatoris

128 2953 220 3007 sui
254 2946 531 3020 proditor.
558 2945 661 3001 Per
688 2961 851 3014 quem
898 2954 1053 3015 pater
1102 2943 1194 2997 alii
1249 2940 1601 2996 insidiatores
1647 2946 1755 2991 tua:

131 3045 346 3101 salutis
380 3040 584 3098 deteCIi
625 3041 786 3097 sunt?
815 3037 1105 3108 Quomodo
1150 3051 1279 3106 ergo
1322 3032 1587 3106 parricida
1627 3047 1753 3103 ego,

133 3140 229 3210 qni
264 3134 559 3191 custodem
601 3134 674 3189 tui
708 3133 956 3203 corporis
997 3130 1326 3185 Corinthum
1362 3128 1625 3182 latentem
1660 3125 1752 3180 de-

1847 1914 2032 1971 Potuit
2072 1932 2161 1971 me
2204 1918 2350 1986 prius
2377 1919 2564 1975 Caesar
2609 1921 2815 1990 odisse,
2848 1924 2893 1978 si
2924 1923 3446 1986 fratrem‘similem

1845 2007 2303 2075 deprehendisset
2329 2028 2342 2065 :
2378 2011 2475 2067 sed
2508 2015 2767 2085 cognovit
2795 2028 2849 2071 et
2873 2020 3248 2086 pronuntiavit
3277 2021 3450 2077 inter-

1849 2109 2079 2169 pretem,
2109 2102 2200 2172 qui
2254 2102 2359 2158 nisi
2402 2103 2594 2162 Romae
2652 2106 2900 2171 fuissem,
2956 2108 3176 2181 Sylzeus
3218 2113 3451 2170 vicerat.

1834 2193 1929 2249 'llli
1955 2208 2057 2263 ego
2098 2194 2261 2250 hodie
2305 2195 2611 2267 adjudieor,
2666 2200 2748 2253 illi
2800 2215 2990 2270 pteuas
3032 2204 3202 2259 miser
3249 2206 3452 2276 pendo.

1850 2286 2145 2354 Memento,
2171 2299 2345 2357 pater,
2387 2289 2517 2360 quia
2548 2307 2659 2346 non
2687 2292 3030 2349 voluntarius
3061 2296 3330 2368 navigavi.
3356 2298 3455 2355 Vi-

1851 2382 2045 2438 debam
2077 2384 2210 2440 mihi
2245 2384 2359 2454 jam
2384 2386 2563 2457 parari
2609 2386 2796 2445 foveas
2832 2389 3254 2447 insidiatorum:
3287 2394 3455 2451 malui

1856 2485 2035 2534 tamen
2070 2494 2154 2534 me
2179 2479 2394 2551 putius,
2429 2488 2602 2550 pater,
2624 2497 2787 2552 quam
2821 2490 2875 2538 te
2906 2484 3221 2553 periclitari.
3255 2486 3365 2543 Nec
3384 2496 3459 2543 ta-

1855 2586 1979 2626 men
1998 2570 2333 2628 exhorresco
2347 2573 2538 2628 salutis
2559 2574 2882 2644 periculum,
2902 2576 2996 2632 sed
3014 2578 3157 2647 apud
3178 2587 3250 2645 te,
3273 2588 3453 2648 pater,

1854 2663 2048 2730 doleo,
2083 2680 2170 2719 me
2197 2667 2351 2736 quasi
2382 2678 2534 2721 tuum
2566 2665 2782 2722 hostem
2822 2669 3138 2738 periclitari.
3169 2671 3455 2729 Periclitor

1857 2764 2057 2824 tamen,
2079 2758 2124 2813 si
2147 2758 2291 2827 apud
2320 2768 2372 2813 te
2393 2768 2449 2814 et
2467 2757 2703 2817 Czesaris
2717 2761 3031 2817 testimonia
3053 2762 3451 2832 periclitantur.

1858 2847 1952 2905 His
1970 2865 2100 2922 ergo
2120 2861 2245 2906 utor
2271 2851 2486 2908 indiciis
2509 2867 2643 2907 meze
2665 2852 3029 2910 defensionis:
3048 2853 3322 2912 Caesarem
3347 2872 3457 2913 non

1858 2944 2093 3013 appello,
2120 2944 2275 3012 quasi
2314 2945 2643 3015 audiendus,
2672 2947 2769 3003 sed
2800 2947 3051 3017 imploro,
3076 2950 3232 3018 quasi
3273 2950 3458 3006 absol-

1857 3037 2086 3092 vendus.
2127 3037 2286 3106 Quod
2330 3039 2376 3093 si
2420 3038 2682 3107 judicium
2734 3040 3099 3096 exercendum
3153 3042 3455 3110 existimas,

1861 3146 2010 3196 ecce,
2040 3132 2114 3187 mi
2149 3141 2301 3198 pater
2326 3132 2414 3198 ,ad
2438 3142 2487 3187 te
2509 3134 2629 3189 veni
2662 3144 2788 3203 post
2807 3131 3101 3199 Ctesarrm,
3134 3135 3201 3190 ad
3226 3143 3279 3191 te
3307 3136 3462 3192 festi-

134 3228 462 3304 prehendi?
486 3227 833 3284 insidiantem
868 3226 1118 3281 removi?
1152 3223 1217 3279 ad
1249 3220 1628 3279 confessiones
1656 3234 1753 3273 ne—
1783 3223 1828 3286 ο
1864 3228 1985 3282 navi
2015 3242 2045 3282 a
2073 3225 2312 3283 Cmsare,
2344 3228 2562 3284 Utinam
2604 3228 2822 3299 quidem
2866 3244 3130 3299 nusquam
3155 3245 3188 3286 α
3222 3242 3272 3287 ιθ
3297 3230 3465 3287 abiis-

134 3334 348 3399 gantes
397 3321 636 3377 deduxi?
670 3319 825 3375 Potui
873 3315 1225 3388 parricidium
1260 3330 1365 3368 non
1411 3311 1676 3381 cogitare,
1705 3318 1761 3364 et

140 3415 443 3493 parricidii
484 3414 715 3470 fructum
750 3412 979 3476 habere,
1012 3410 1055 3464 si
1101 3408 1417 3463 tacuissem.
1464 3404 1572 3461 Sed
1623 3402 1759 3458 mihi

139 3514 188 3569 si
226 3511 547 3569 bestiarum
578 3506 914 3571 immanitas,
954 3504 999 3557 si
1043 3501 1316 3556 atrocium
1343 3498 1583 3553 ferarum
1616 3496 1762 3550 ines-

138 3617 230 3663 set
263 3606 445 3668 furor,
481 3610 659 3655 tamen
709 3600 875 3653 tantis
918 3594 1198 3651 beneﬁciis
1236 3592 1338 3647 tuis
1373 3603 1761 3645 mansuescere

149 3700 343 3774 potui,
375 3706 437 3752 ut
468 3695 671 3751 nullam
705 3708 862 3763 opem
897 3690 998 3745 uisi
1045 3689 1098 3743 in
1130 3695 1236 3742 tuae
1282 3684 1473 3740 salutis
1518 3680 1764 3739 subsidio

145 3794 587 3854 constituerem,
621 3796 682 3844 ut
708 3802 808 3859 pro
833 3784 1083 3840 omnibus
1112 3781 1207 3837 tibi
1250 3780 1335 3835 vel
1375 3780 1551 3833 solam
1586 3774 1769 3829 chari—

144 3899 330 3944 tatem
366 3881 654 3945 referrem,
688 3890 739 3936 te
769 3894 891 3935 meo
932 3890 1166 3947 corpore
1199 3880 1559 3944 protegerent,
1592 3877 1645 3923 te
1684 3867 1766 3920 in-

144 3984 337 4048 timis,
383 3980 429 4035 si
476 3976 595 4033 fieri
642 3984 847 4047 posset,
881 3970 1185 4028 visceribus
1216 3965 1550 4022 includerem
1587 3977 1769 4032 :prtc—

147 4081 375 4134 tuleras
406 4070 773 4128 nobilioribus
810 4066 935 4122 ﬁliis
969 4074 1212 4119 materna
1250 4059 1421 4129 stirpe
1459 4057 1642 4112 minus
1671 4070 1771 4109 no-

146 4173 359 4234 bilem,
396 4175 626 4222 matrem
677 4177 893 4234 quoque
942 4158 1093 4229 regni
1149 4154 1395 4211 exsulem
1447 4150 1501 4206 in
1542 4162 1768 4219 regnum

149 4276 496 4329 vocaveras,
540 4275 641 4315 nec
676 4259 788 4328 jam
833 4267 1209 4311 successorem
1260 4264 1346 4303 me
1395 4244 1629 4316 imperii,
1674 4240 1769 4296 sed

147 4358 325 4433 quasi
355 4362 671 4411 consortem
717 4349 980 4405 habebas.
1015 4345 1060 4403 Ο
1087 4348 1254 4400 miser
1280 4357 1401 4413 ego,
1430 4338 1518 4395 cui
1560 4345 1768 4391 tantum

150 4432 477 4508 liberalitas
509 4456 598 4500 tua
630 4444 898 4498 bonorum
934 4438 1224 4502 effuderat,
1261 4444 1320 4491 ut
1351 4432 1556 4489 invidia
1584 4444 1773 4485 succe—

148 4544 366 4602 deret!
402 4539 446 4596 Ο
474 4536 832 4595 stultissimus
870 4549 994 4605 ego,
1019 4531 1206 4602 quite,
1257 4536 1436 4598 pater,
1470 4523 1696 4594 reliqui!
1727 4519 1772 4577 si

1865 3335 2001 3375 sem.
2033 3320 2138 3375 Sed
2181 3328 2235 3375 tu
2268 3335 2377 3386 me,
2413 3328 2584 3390 pater,
2617 3321 2868 3376 nesciens
2914 3321 3167 3390 periculis
3208 3323 3462 3393 objecisti

1859 3413 2057 3484 jubens
2077 3428 2321 3484 pergere.
2349 3413 2554 3468 Praesto
2578 3428 2717 3479 sum,
2754 3422 2927 3481 pater,
2958 3429 3060 3469 nec
3091 3414 3461 3484 perfunctorie

1864 3505 1932 3561 de
1976 3505 2273 3562 levioribus
2318 3506 2549 3564 testibus
2594 3507 2977 3577 requirendam
3012 3523 3112 3578 pro
3163 3508 3339 3565 salute
3370 3518 3462 3565 tua

1866 3599 2151 3654 veritatem
2193 3598 2424 3656 restituo.
2458 3599 2572 3654 Non
2602 3599 2978 3671 prrrjudicent,
3007 3603 3099 3672 qui
3132 3611 3358 3671 possunt
3392 3603 3462 3657 ti-

1868 3707 2016 3747 mere
2039 3699 2328 3757 tormenta,
2373 3707 2471 3747 nec
2501 3692 2593 3762 qui
2619 3701 2846 3762 possunt
2873 3702 3248 3749 contemnere.
3285 3693 3467 3749 Omnis

1869 3783 2020 3839 homo
2059 3783 2300 3846 mendax.
2341 3784 2473 3839 dixit
2511 3784 2791 3853 Scriptura
2823 3784 2999 3857 (Paul.
3040 3800 3169 3850 cxv,
3202 3787 3314 3857 ll).
3350 3786 3467 3857 Ego

1870 3874 2056 3931 defero
2086 3876 2516 3946 incorruptibilia
2557 3877 2950 3932 elementorum
2998 3879 3333 3933 testimonia.
3363 3878 3471 3934 Ve-

1871 3968 1960 4022 nio
1987 3968 2055 4024 ad
2089 3978 2138 4023 te
2167 3984 2262 4038 per
2301 3970 2466 4023 maria
2502 3979 2557 4024 et
2590 3984 2684 4040 per
2727 3978 2902 4025 terras
2948 3985 3213 4041 nusquam
3262 3970 3471 4041 aliquid

1871 4075 2081 4130 passus.
2109 4059 2384 4115 Parricida
2415 4060 2575 4117 debui
2606 4077 2713 4116 non
2740 4062 2993 4129 evadere,
3026 4064 3070 4118 si
3103 4078 3231 4119 reus
3263 4078 3468 4119 essem.

1873 4152 2134 4208 Absolvat
2184 4167 2294 4218 me,
2330 4161 2504 4223 pater,
2533 4152 2675 4223 apud
2709 4161 2761 4209 te
2803 4153 3000 4209 caelum
3042 4153 3184 4225 quod
3217 4170 3324 4209 non
3358 4154 3465 4211 ful-

1874 4247 2115 4314 tniuavit,
2153 4262 2302 4302 mare
2352 4247 2493 4314 quod
2537 4263 2644 4302 non
2693 4247 2973 4314 demersit,
3009 4259 3152 4303 terra
3200 4265 3323 4319 quae
3365 4265 3474 4306 non

1874 4339 2157 4396 absorbuit
2194 4356 2205 4394 :
2236 4354 2337 4411 per
2368 4339 2484 4396 hanc
2527 4340 2594 4395 ad
2633 4349 2685 4396 te
2732 4350 2877 4396 tutus
2905 4342 3085 4407 venio,
3124 4350 3279 4411 pater
3312 4360 3324 4395 :
3354 4358 3475 4413 quae

1876 4448 1983 4487 non
2026 4434 2203 4488 solent
2235 4432 2489 4501 evadere,
2523 4434 2685 4488 etiam
2714 4435 2804 4505 qui
2834 4448 2941 4488 non
2974 4442 3101 4488 sunt
3132 4442 3343 4503 patrum
3380 4450 3479 4504 ge-

1877 4526 2121 4582 nitalium
2156 4526 2464 4597 parricidia.
2489 4526 2719 4582 Datham
2761 4538 2814 4581 et
2840 4525 3066 4582 Abirom
3096 4525 3281 4582 hiatus
3311 4541 3475 4582 vora-

148 4640 337 4695 datus
364 4643 449 4690 est
494 4631 714 4687 invidiae
742 4630 919 4692 locus,
968 4636 1024 4683 et
1074 4632 1320 4697 potestas
1368 4618 1773 4677 insidiantibus.
1802 4624 1856 4684 D
1882 4622 1956 4675 vit
1987 4631 2171 4686 terra),
2206 4636 2307 4677 nec
2339 4630 2516 4675 tamen
2538 4620 2828 4692 genitalem
2872 4620 3213 4691 appetierant
3243 4629 3478 4690 patrem.

144 4731 422 4800 Namque
446 4726 572 4781 dum
596 4740 698 4796 ego
730 4739 828 4795 pro
855 4730 949 4778 tua
977 4721 1154 4777 salute
1184 4719 1277 4773 diu
1302 4716 1578 4780 demoror,
1599 4727 1775 4768 meam

144 4820 402 4899 prodidi
433 4839 445 4875 :
479 4829 531 4875 et
554 4828 735 4875 tamen
766 4817 903 4873 nihil
931 4810 1295 4883 habeo,quod
1326 4809 1458 4864 mihi
1481 4807 1774 4862 ascribam.

149 4926 245 4982 Tu
280 4936 399 4987 me,
433 4927 607 4990 pater,
632 4919 782 4974 abire
821 4914 1059 4987 jussisti,
1109 4911 1207 4968 tibi
1245 4923 1346 4982 ego
1373 4901 1779 4977 peregrinahar,

156 5028 361 5089 pater,
393 5028 464 5069 ne
510 5022 655 5067 tuam
703 5016 1048 5066 senectutem
1093 5004 1304 5076 Sylrcus
1335 4995 1782 5060 circumveniret,

155 5128 235 5170 ne
289 5120 347 5165 te
392 5107 671 5163 viventem
714 5121 882 5175 regno
925 5108 1175 5168 exueret,
1204 5111 1307 5153 nec
1342 5093 1483 5163 apud
1511 5091 1782 5151 Caesarem

156 5217 333 5265 tuam
364 5202 601 5258 salutem
646 5205 953 5272 appeteret.
978 5192 1161 5251 Testis
1190 5199 1274 5247 est
1304 5187 1436 5244 mihi
1469 5187 1634 5239 lloma
1667 5181 1783 5251 pie-

158 5304 331 5367 tatis,
360 5296 549 5352 Caesar
572 5309 788 5366 quoque
823 5291 1020 5362 praesul
1059 5288 1212 5345 orbis
1246 5295 1537 5348 terrarum,
1569 5287 1623 5334 et
1658 5292 1786 5331 cen-

158 5410 270 5453 sor
300 5392 684 5447 univerSorum
714 5396 876 5457 atque
911 5384 1118 5439 arbiter
1150 5380 1255 5435 mei
1288 5376 1550 5449 pectoris,
1581 5372 1672 5443 qui
1701 5383 1789 5425 me

158 5494 466 5545 amantem
497 5484 663 5553 patris
708 5479 990 5553 appellare
1036 5476 1231 5533 solitus
1279 5481 1419 5528 erat.
1466 5465 1793 5524 Testilicarc

156 5581 396 5646 Caesar,
427 5575 556 5647 quid
592 5590 702 5647 ego
750 5573 820 5632 de
868 5579 1027 5643 patre
1062 5565 1207 5639 apud
1238 5575 1291 5622 te
1330 5561 1620 5633 loquebar,
1649 5555 1792 5628 apud

253 5773 285 5802 α
318 5760 437 5816 Nec
457 5758 545 5813 od.
569 5758 737 5813 Bm.

252 5834 287 5874 ι’
322 5831 606 5886 Ambitum.
635 5828 715 5883 in.

1883 4715 2120 4770 Ahsalon
2154 4714 2442 4787 fugientem
2470 4716 2686 4772 arboris
2715 4732 2831 4771 sum
2884 4714 3051 4770 ramis
3080 4724 3224 4771 terra
3251 4732 3480 4787 suspen-

1884 4805 1986 4875 dit,
2014 4823 2083 4862 ne
2124 4807 2188 4862 ad
2224 4816 2432 4878 patrem
2469 4807 2797 4877 perveniret,
2832 4805 2897 4861 ad
2930 4822 3091 4877 quem
3123 4808 3167 4863 si
3203 4809 3486 4878 pervenis-

1885 4911 1990 4967 set,
2037 4912 2304 4956 evaserat.
2358 4901 2470 4972 Ego
2501 4900 2565 4955 ad
2600 4910 2654 4956 te
2700 4901 2842 4969 veni,
2877 4909 2931 4956 et
2966 4900 3144 4957 adhuc
3175 4902 3480 4972 periclitor.

1888 4992 2057 5048 David
2101 4993 2423 5063 parricidam
2458 5008 2637 5060 suum,
2681 4993 2806 5063 quia
2855 5006 3078 5048 servare
3120 5008 3230 5049 non
3272 4995 3483 5066 potuit,

1891 5088 2183 5142 vindicavit
2214 5104 2227 5141 :
2267 5102 2368 5157 ego
2400 5086 2469 5142 de
2497 5086 2731 5142 inimicis
2773 5094 2832 5142 et
2860 5087 3345 5144 calumniatoribus
3373 5088 3490 5145 vin-

1891 5181 2063 5238 dicari
2091 5196 2200 5235 non
2241 5189 2440 5250 expeto
2462 5222 2476 5247 ,
2511 5189 2571 5234 ut
2608 5194 2704 5235 eos
2740 5179 2807 5234 ad
2837 5189 3107 5237 tormenta
3137 5197 3325 5238 vocem
3362 5200 3374 5235 :
3405 5183 3491 5238 lu-

1893 5283 2114 5331 crentur
2140 5274 2217 5329 illi
2247 5289 2457 5343 poenam
2484 5273 2791 5329 calumniae.
2820 5273 2999 5332 Unum
3032 5291 3183 5346 rogo,
3219 5288 3394 5347 pater,
3422 5292 3493 5333 ne

1895 5369 2090 5424 alienis
2144 5368 2337 5424 credas
2377 5369 2662 5423 tormentis
2693 5384 2706 5421 :
2741 5368 2810 5424 de
2842 5371 3164 5440 memetipso
3200 5371 3493 5426 adversum

1898 5478 1988 5519 me
2014 5463 2234 5535 require
2270 5461 2557 5534 supplicia.
2590 5459 2874 5531 Suspende
2908 5477 3062 5519 reum
3095 5469 3269 5527 tuum,
3302 5462 3356 5516 in
3383 5462 3496 5516 vis-

1898 5571 2023 5613 cera
2058 5570 2175 5610 mea
2232 5562 2421 5625 pergat
2468 5552 2825 5623 interrogatio
2875 5553 3147 5620 veritatis,
3196 5555 3250 5608 in
3299 5565 3499 5624 corpus

1971 5745 1992 5773 ε
2021 5733 2284 5790 Fratrum.
2319 5735 2395 5790 lu.
