3964 6330
559 276 719 337 ιοδτ

1920 282 2167 344 SANCTI
2208 284 2528 348 AMBROSII

3725 270 3843 356 tuas

560 404 744 448 meum
773 396 936 461 atque
964 389 1020 447 in
1059 392 1320 448 interiora
1348 394 1647 462 penetralia
1670 394 2011 454 descendant
2036 397 2160 455 ﬁdi-
2186 407 2241 469 Α
2263 405 2402 461 saris
2422 415 2542 462 erat
2562 446 2577 471 ,
2606 422 2703 479 per
2726 408 2993 482 Antiphili
3034 414 3313 470 servulum
3348 415 3578 486 perferri
3603 415 3840 487 jusserat,

561 485 700 540 cuia:
729 488 1093 557 quaestionum
1115 529 1131 556 ,
1168 487 1402 557 proﬂuat
1430 490 1653 561 sanguis
1678 531 1694 560 ,
1738 491 1830 562 qui
1857 492 2003 549 solet
2033 509 2159 565 par-

559 581 812 637 ricidium
858 582 1116 649 clamare,
1166 581 1416 638 ferantur
1470 584 1623 655 ignes
1657 586 1709 641 in
1761 596 1914 642 artus
1944 589 2158 644 noxios.

557 672 701 740 Quid
731 673 968 741 dubitas,
989 676 1180 745 pater?
1225 676 1272 731 si
1307 677 1506 748 parcis,
1535 679 1888 738 innocentem
1919 696 2163 752 pronun-

558 769 666 824 tias
691 785 704 822 :
734 770 779 824 si
809 784 841 824 a
872 770 1119 826 cruciatu
1147 779 1442 843 temperas,
1471 774 1714 831 absolvis
1753 777 2013 833 crimine.
2044 776 2163 835 Non

562 871 650 919 est
679 865 972 934 parricida,
1025 866 1118 937 qui
1167 866 1403 938 simplici
1452 879 1626 924 morte
1674 869 1870 941 dignus
1922 879 2161 942 putatur.

562 956 672 1014 Aut
696 959 744 1015 si
774 967 833 1015 ut
861 959 975 1016 ﬁlio
1004 960 1206 1032 parcis,
1239 970 1295 1017 et
1315 978 1384 1018 ex
1417 972 1468 1018 te
1496 962 1700 1034 genitis
1726 964 1990 1021 membris
2016 979 2167 1021 com-

563 1044 804 1121 pateris;
838 1065 946 1109 non
979 1061 1108 1109 sunt
1133 1055 1378 1110 membra
1417 1063 1529 1123 tua,
1554 1070 1676 1127 quae
1706 1064 1835 1112 sunt
1861 1057 2165 1113 ministeria

562 1143 927 1200 crudelitatis.
961 1145 1089 1202 Haec
1128 1146 1221 1202 ubi
1271 1147 1487 1204 locutus
1535 1159 1642 1216 εει,
1696 1166 1894 1222 magno
1940 1150 2072 1207 ﬂetu
2109 1158 2168 1208 et

561 1239 768 1309 gemitu
816 1239 1152 1304 Lamentabili
1202 1241 1364 1298 ﬁnem
1399 1241 1615 1300 dicendi
1647 1243 1778 1301 fecit
1800 1286 1817 1314 ,
1846 1246 2166 1317 ululatuque

560 1332 808 1389 maxime
838 1333 1042 1390 Varum
1064 1342 1121 1391 et
1149 1351 1341 1393 omnes
1371 1337 1439 1393 ad
1465 1338 1879 1395 miserationem
1909 1338 2121 1396 inﬂexit
2147 1356 2162 1395 :

560 1427 714 1483 solus
742 1426 986 1485 Herodes
1013 1429 1182 1485 nullis
1214 1431 1535 1487 movebatur
1556 1431 1834 1504 Iacrymis,
1865 1443 2028 1505 atque
2050 1434 2167 1505 ipse

558 1535 592 1575 a
633 1519 761 1577 ﬂetu
812 1522 1136 1592 temperavit
1185 1522 1546 1580 intractabilis
1595 1524 1663 1580 ad
1715 1526 1954 1596 veniam,
1987 1541 2165 1599 quzes-

564 1613 697 1677 tioni
734 1614 1046 1685 imminens,
1079 1614 1374 1671 vindictam
1407 1625 1694 1689 expetens.

1144 1708 1377 1767 CAPUT
1416 1711 1579 1767 XLV.

2263 512 2399 570 quas
2419 499 2616 557 Acmes
2632 501 2736 559 sibi
2756 504 2996 561 redditas
3023 507 3131 578 regi
3169 509 3572 567 transmitteret
3603 526 3705 567 :ae
3728 529 3844 583 pene

2266 592 2318 645 in
2357 593 2600 650 mulieris
2629 596 2925 666 perniciem
2956 598 3105 655 fraus
3140 603 3520 670 convaluerat,
3551 603 3610 660 ni
3652 618 3844 676 reperta

2264 694 2417 742 esset
2453 686 2684 756 epistola
2726 687 2927 746 Acmes
2978 690 3047 747 ad
3094 693 3468 765 Antipatrum,
3520 712 3646 767 qua:
3682 697 3844 753 dolum

2266 776 2531 848 prodidit,
2570 780 2770 849 scripta
2812 782 2867 837 in
2917 784 3063 840 hunc
3103 785 3321 843 modum
3362 804 3376 843 :
3419 788 3575 845 Sicut
3623 790 3845 859 voluisti,

2265 870 2408 940 patri
2446 879 2540 926 tuo
2581 872 2795 944 scripsi,
2831 882 2888 929 et
2914 875 3176 946 epistolas
3217 877 3340 935 illas
3382 879 3606 937 direxi:
3637 897 3742 939 nec
3768 884 3848 938 du-

2266 959 2381 1017 bito
2413 976 2597 1034 regem
2625 963 2676 1019 in
2711 966 3010 1035 periculum
3056 971 3265 1026 sororis
3302 970 3760 1031 insurrecturntn.
3785 976 3850 1033 'l'u

2267 1052 2441 1109 vicem
2484 1056 2711 1112 restitue
2749 1066 2939 1127 optato
2991 1059 3192 1117 eﬂ'ectu
3246 1061 3470 1134 potitus.
3526 1063 3627 1122 Bis
3674 1065 3851 1125 litteris

2265 1144 2643 1217 deprehensis,
2692 1164 2788 1206 rex
2835 1150 2889 1206 in
2938 1153 3306 1224 suspicionem
3355 1156 3667 1227 deductus,
3724 1160 3850 1232 quod

2265 1238 2429 1294 etiam
2460 1240 2775 1297 Alexander
2801 1244 2919 1315 pari
2962 1254 3079 1302 arte
3117 1248 3441 1319 compositis
3467 1266 3498 1306 a
3529 1250 3704 1309 fratre
3726 1266 3850 1311 esset

2266 1333 2540 1404 appetitus
2585 1335 2852 1406 epistolis,
2883 1349 2941 1395 et
2987 1341 3156 1397 nimia
3180 1346 3553 1403 commotione
3580 1364 3853 1422 exaspera-

2267 1432 2376 1493 tus,
2417 1427 2790 1499 aegritudinem
2822 1446 3040 1503 gravem
3078 1438 3368 1494 contraxit.
3401 1438 3523 1507 Quo
3567 1455 3631 1499 se
3679 1443 3851 1502 videns

2267 1522 2451 1591 urgeri
2488 1523 2735 1592 periculo
2758 1566 2774 1593 ,
2815 1527 3070 1598 Antipam
3109 1546 3275 1587 unum
3315 1546 3386 1589 ex
3432 1533 3559 1591 ﬁliis
3588 1534 3850 1595 heredem

2268 1613 2484 1686 imperii
2515 1615 2544 1654 ά
2585 1619 2846 1690 scripsit,
2877 1622 3161 1692 praelatum
3201 1625 3474 1685 Archelao
3515 1640 3573 1687 et
3618 1630 3851 1704 Philippo

2267 1710 2577 1767 senioribus
2614 1712 2834 1783 liberis,
2863 1718 3119 1786 quoniam
3158 1719 3309 1791 ipsos
3341 1737 3559 1795 quoque
3586 1726 3852 1798 Antipater

637 1803 916 1861 Successit
960 1804 1197 1860 orationi
1247 1803 1519 1876 Antipatri
1547 1805 1802 1865 Nicolaus
1830 1810 1974 1881 regis
2010 1823 2164 1865 man-
2195 1806 2243 1867 Β
2269 1800 2410 1858 dolis
2455 1812 2619 1875 atque
2648 1805 2878 1863 fallaCiiS
2903 1820 3188 1881 suspectos
3215 1815 3352 1884 patri
3400 1816 3629 1875 fecerat.
3669 1821 3849 1877 Caesari

562 1896 712 1963 dato,
736 1896 827 1967 qui
843 1905 1022 1953 astute
1041 1897 1159 1967 ejus
1184 1897 1545 1968 responderet
1572 1899 1830 1955 versutiis
1851 1911 1908 1957 et
1934 1900 2166 1957 inﬂexos

564 2006 596 2046 ι
636 1990 991 2048 miseratione
1033 1991 1352 2060 abduceret,
1380 1990 1673 2049 referendo
1719 1994 1773 2049 in
1816 1995 2163 2066 Antipatrum

564 2086 820 2142 fraternae
844 2085 1101 2143 invidiam
1132 2086 1307 2155 necis,
1333 2087 1624 2158 allegando
1650 2089 1797 2161 quod
1826 2090 1873 2146 si
1891 2105 2030 2161 quos
2047 2104 2167 2146 mo-

564 2192 719 2240 veret
769 2180 1167 2248 misericordia,
1213 2180 1434 2235 illorum
1485 2182 1734 2237 misereri
1787 2182 2028 2250 deceret,
2071 2181 2165 2253 qui

562 2276 682 2347 ejus
726 2275 997 2347 perempti
1043 2273 1348 2340 fraudibus,
1384 2274 1643 2331 ultionem
1696 2274 2062 2346 requirerent.
2106 2274 2165 2331 Si

562 2385 731 2427 unum
760 2369 1129 2438 absolverent,
1157 2369 1336 2424 omnis
1366 2367 1562 2424 domus
1592 2368 1738 2439 regia
1783 2368 1836 2423 in
1864 2368 2163 2440 periculum

560 2463 950 2531 deduceretur,
980 2461 1267 2533 germani,
1301 2460 1493 2518 afﬁnes
1517 2478 1533 2530 ,
1561 2471 1838 2533 parentes,
1882 2462 1999 2531 ipse
2026 2477 2123 2517 rex
2146 2503 2162 2528 ,

561 2558 717 2631 cujus
761 2557 921 2614 saluti
967 2571 1074 2612 non
1126 2556 1483 2627 pepercisset.
1517 2555 1709 2627 Itaque
1750 2570 2050 2611 conversus
2096 2553 2166 2610 ad

563 2662 849 2707 oratorum
881 2649 1170 2717 versutias,
1192 2648 1342 2704 velut
1360 2659 1386 2686 α
1409 2648 1753 2721 (narratione
1774 2646 2164 2720 miserationis)

565 2744 783 2817 epilogo
823 2742 1061 2814 quodam
1103 2741 1378 2798 excitabat
1417 2744 1486 2799 ab
1531 2739 1724 2798 inferis
1752 2749 2163 2814 perempturum

565 2840 798 2905 animas,
834 2836 1260 2908 quimiserabili
1317 2845 1516 2908 questu
1560 2838 1838 2908 replerent
1888 2835 2165 2904 subsellia,

562 2932 813 2988 insontes
838 2945 899 2987 se
926 2930 1227 3002 oppetisse,
1255 2930 1567 2986 subornatis
1586 2929 1615 2969 ι)
1632 2930 1889 3002 gravibus
1913 2929 2165 2999 testibus,

564 3023 885 3095 compositis
928 3022 1200 3094 epistolis,
1250 3023 1613 3079 fraudulenlis
1664 3024 2012 3080 sermonibus
2059 3024 2169 3079 cir-

562 3124 913 3174 cumventum
956 3121 1188 3185 patrem,
1230 3113 1535 3171 credidisse
1566 3116 1703 3181 ﬁlio,
1731 3130 1892 3186 quem
1922 3130 2035 3171 non
2063 3131 2165 3187 pu-

2264 1894 2465 1966 legavit
2493 1895 2642 1953 mille
2671 1898 2869 1955 talenta
2894 1943 2909 1969 ,
2932 1902 3090 1960 donis
3116 1907 3543 1981 muneribusque
3562 1910 3779 1969 additis.
3803 1913 3851 1970 In

2268 2005 2493 2048 uxorem
2522 2001 2576 2048 et
2606 1993 2777 2064 ﬁlios,
2810 1995 3036 2053 libertos
3062 2009 3222 2071 atque
3248 2002 3455 2060 amicos
3480 2005 3851 2081 quinquaginta

2267 2083 2536 2140 contulit:
2578 2101 2679 2143 nec
2727 2086 2982 2146 Salomen
3022 2105 3265 2149 sororem
3312 2110 3604 2155 munerum
3647 2117 3850 2160 suorum

2268 2191 2546 2249 expertem
2586 2180 2823 2256 reliquit.
2858 2186 3195 2246 Procedebat
3224 2191 3279 2246 in
3319 2194 3567 2254 deterius
3604 2200 3851 2272 :rgritudo

2267 2279 2432 2341 atque
2466 2288 2690 2332 accessu
2731 2281 2991 2350 temporis
3023 2291 3047 2320 ο
3073 2287 3541 2358 exasperabatur,
3571 2306 3730 2363 quam
3765 2294 3851 2349 im-

2268 2362 2464 2421 becilla
2518 2381 2773 2427 senectus
2823 2373 2939 2431 suis
2992 2374 3531 2439 incommoditatibus
3581 2362 3849 2442 acerbabat

2268 2459 2532 2528 quotidie.
2586 2462 2868 2536 Siquidem
2917 2483 3024 2525 non
3056 2471 3237 2527 minus
3288 2480 3711 2548 septuagenario
3744 2496 3845 2553 gra-

2268 2559 2449 2608 vatum
2480 2556 2637 2613 annis
2666 2573 2867 2631 corpus
2888 2602 2903 2629 ,
2937 2563 3134 2620 crebro
3173 2581 3389 2640 quoque
3431 2584 3672 2631 maerore
3706 2576 3847 2631 animi

2268 2643 2531 2705 afﬂictum
2576 2652 2842 2723 gerebat,
2888 2665 2966 2712 tot
3006 2659 3315 2729 parricidiis
3347 2661 3368 2701 ἲ
3410 2667 3846 2742 eouvulneratus,

2268 2754 2391 2810 qua:
2438 2751 2532 2799 aut
2575 2744 3001 2813 deprehendisse
3050 2754 3105 2809 in
3155 2753 3284 2810 ﬁliis
3331 2766 3597 2818 extremae
3641 2764 3849 2822 miserim

2270 2843 2390 2888 erat
2416 2876 2429 2902 ,
2460 2845 2555 2892 aut
2581 2838 2847 2899 intulisse.
2881 2843 3302 2907 lmmedicabilis
3328 2860 3514 2910 tamen
3537 2857 3851 2929 aegritudinis

2270 2924 2480 2996 fervor,
2513 2931 2656 3000 quod
2686 2944 2969 3006 superstes
3003 2940 3289 3013 Antipater
3326 2924 3692 3006 metuebatur.
3721 2948 3850 3007 Con-

2271 3027 2508 3090 temptus
2534 3039 2751 3097 quoque
2780 3027 2833 3083 in
2859 3029 2978 3087 dies
3003 3031 3196 3104 vilior,
3240 3037 3384 3107 quod
3439 3039 3707 3114 imagines
3749 3043 3851 3100 Ca:-

2270 3113 2409 3169 saris
2462 3126 2624 3187 atque
2673 3120 2988 3179 animalium
3039 3128 3426 3189 similitudines
3454 3113 3649 3192 contra
3698 3138 3850 3211 legem

564 3220 711 3269 taret
730 3210 800 3267 de
827 3209 1086 3266 fratribus
1110 3223 1273 3279 posse
1302 3210 1545 3266 mentiri.
1582 3221 1604 3249 ο
1636 3209 1806 3265 Oﬂ'ert
1839 3226 1986 3267 nunc
2032 3226 2165 3283 sup-
2194 3208 2240 3272 C
2274 3208 2475 3277 εειηριο
2500 3213 2762 3281 “Plio-Sim
2787 3214 3239 3292 detrahebantur,
3287 3228 3608 3286 auctoribus
3636 3208 3851 3288 maxime

569 3305 730 3378 plicia
758 3320 855 3361 sua
883 3303 977 3375 qui
1022 3302 1256 3359 fratrum
1305 3304 1599 3360 tormentis
1647 3319 1755 3360 non
1804 3304 2165 3373 credidisset,

566 3415 704 3472 quos
746 3410 975 3455 onustos
1017 3398 1252 3454 vinculis
1279 3397 1632 3470 obligaverit,
1665 3413 1736 3456 ne
1760 3400 2057 3471 cognitioni
2083 3399 2171 3456 in-

569 3501 863 3556 teressent,
901 3491 956 3546 in
987 3490 1245 3546 absentes
1272 3491 1437 3545 latam
1477 3491 1825 3557 sententiam,
1853 3506 1973 3547 cum
2007 3491 2168 3565 longe

563 3585 737 3656 positi
763 3594 948 3643 essent
975 3593 1223 3651 necatos,
1257 3600 1327 3641 ne
1372 3601 1563 3642 eurum
1607 3595 1762 3657 pater
1788 3586 2161 3644 misereretur.

567 3681 784 3739 Nullum
825 3680 1012 3752 itaque
1057 3680 1327 3751 reliquum
1372 3679 1611 3736 fulurum
1649 3682 1697 3736 si
1738 3682 1838 3737 iste
1881 3681 2165 3752 evaderet,

565 3770 759 3834 doctus
784 3790 991 3832 venena
1022 3775 1372 3846 parricidalia
1403 3790 1627 3833 suorum
1658 3776 1962 3833 visceribus
1985 3775 2170 3833 infun-

566 3871 718 3939 dere,
750 3879 962 3928 mutare
1011 3878 1225 3926 mentes
1271 3868 1574 3937 hominum,
1608 3870 1700 3942 qui
1750 3870 1913 3927 etiam
1959 3870 2168 3927 Phero-

562 3981 681 4023 ram
705 3982 925 4037 semper
948 3965 1385 4021 amantissimum
1406 3964 1613 4034 fratris,
1639 3966 1872 4023 Herodis
1894 3968 1946 4023 in
1976 3981 2165 4025 necem

563 4060 684 4129 ejus
711 4057 1006 4128 parricidio
1032 4056 1249 4113 funesto
1288 4059 1727 4115 exsuscitaverit.
1760 4058 1841 4115 Ad
1870 4058 2010 4129 hate,
2040 4075 2164 4116 cum

563 4152 796 4221 plurima
827 4152 931 4205 alia
985 4150 1298 4207 excitanda:
1338 4152 1725 4208 commotionis
1772 4154 1948 4223 gratia
2005 4153 2167 4211 Nico-

557 4244 682 4298 taus
710 4242 1032 4310 addidisset,
1076 4242 1167 4299 ubi
1212 4258 1522 4301 sermonem
1564 4245 1821 4314 absolvit,
1853 4246 2159 4320 interroga-

565 4348 652 4392 tus
682 4352 713 4392 a
737 4336 882 4393 Varo
910 4346 995 4393 est
1022 4334 1307 4408 Antipater
1328 4379 1343 4405 ,
1367 4334 1415 4391 si
1442 4337 1779 4408 respondere
1806 4339 1992 4395 vellet.
2018 4339 2163 4397 Nihil

563 4430 710 4489 aliud
752 4430 962 4496 retulit,
994 4428 1095 4487 nisi
1122 4429 1301 4502 (Deus
1344 4428 1477 4485 mihi
1508 4431 1664 4487 testis
1693 4431 1810 4504 cst)
1852 4435 1978 4504 quia
2026 4434 2162 4490 nihil

565 4522 699 4578 lzesi.
727 4522 866 4579 Tum
895 4521 1070 4579 Varus
1112 4537 1380 4578 venenum
1426 4522 1681 4593 proferri,
1733 4531 1897 4596 atque
1944 4524 1997 4580 id
2043 4527 2159 4583 dari

2270 3295 2405 3354 Juda
2430 3310 2595 3375 atque
2632 3304 2853 3364 Matthia
2875 3309 3178 3382 juventutis
3205 3316 3523 3378 doctoribus
3549 3365 3563 3390 ,
3596 3325 3685 3397 qui
3710 3334 3734 3373 ε
3767 3339 3852 3381 co-

2269 3396 2436 3466 gnitis
2460 3409 2512 3453 et
2543 3404 2992 3472 conspirantibus
3021 3410 3123 3468 sibi
3157 3412 3376 3471 venisse
3404 3396 3625 3489 tempus
3633 3419 3849 3485 aiebant,

2270 3508 2379 3563 quo
2407 3495 2622 3552 violatae
2653 3497 2789 3571 legis
2820 3501 3017 3574 injuria
3055 3506 3425 3565 vindicaretur
3455 3528 3470 3567 :
3516 3513 3657 3571 Dare
3685 3528 3852 3585 pinnas

2270 3589 2595 3663 sacrilegum
2623 3634 2638 3660 ,
2669 3594 2759 3666 qui
2791 3605 3011 3667 putaret
3043 3598 3125 3656 fas
3156 3616 3280 3658 esse
3317 3604 3583 3677 quidquid
3616 3604 3849 3680 potestati

2271 3681 2501 3740 liceret:
2539 3701 2642 3743 nec
2679 3687 2943 3761 religione
2989 3691 3307 3750 inclinatum
3334 3736 3349 3762 ,
3388 3695 3488 3753 sed
3529 3696 3727 3754 elatum
3769 3714 3852 3754 su-

2268 3775 2457 3846 perbia
2486 3776 2538 3833 in
2571 3780 2942 3849 penetralibus
2985 3785 3169 3856 templi
3217 3785 3449 3845 faciendi
3496 3790 3641 3862 quod
3669 3790 3846 3856 vellet,

2269 3868 2549 3929 libidinem
2588 3890 2689 3947 pro
2722 3875 2847 3947 jure
2891 3880 3250 3938 exercuisset.
3297 3882 3363 3938 Et
3407 3886 3659 3956 quamvis
3686 3886 3847 3943 divina

2269 3961 2406 4018 ttltio
2436 3973 2674 4023 mortem
2702 3969 2755 4024 ei
2785 3970 3120 4029 acceleraret
3145 3991 3160 4029 :
3191 3983 3372 4032 tamen
3402 3977 3688 4048 pulchrum
3714 3979 3848 4037 vidc-

2271 4057 2351 4125 ri,
2391 4060 2437 4116 si
2483 4061 2645 4117 etiam
2676 4059 2705 4099 ιι
2745 4066 2936 4137 templi
2978 4070 3174 4125 sacrati
3220 4070 3528 4130 libertatem
3574 4091 3754 4144 suam,
3798 4077 3844 4130 in

2268 4148 2625 4210 defendendis
2668 4156 2881 4226 paterni
2920 4159 3057 4217 ritus
3084 4162 3566 4225 observationibus
3598 4168 3845 4242 approba-

2267 4253 2390 4300 rent
2421 4266 2436 4303 :
2477 4262 2578 4305 nec
2617 4250 2845 4320 periculi
2875 4264 3021 4311 metu
3058 4270 3386 4329 quemquam
3418 4264 3662 4321 revocari
3700 4277 3842 4335 opor-

2267 4346 2416 4407 tere,
2446 4354 2571 4397 cum
2602 4342 2767 4400 etiam
2796 4346 2937 4403 mori
2974 4363 3077 4421 pro
3117 4350 3237 4423 lege
3279 4354 3457 4425 patria
3510 4356 3715 4431 insigne
3754 4357 3843 4412 im-

2267 4432 2614 4490 mortalitatis
2656 4434 2772 4492 sit:
2813 4437 3084 4512 primique
3127 4443 3309 4502 adorsi
3353 4463 3580 4508 auream
3629 4451 3837 4524 aquilam

2265 4537 2426 4594 supra
2470 4524 2747 4599 fastigium
2796 4540 2968 4604 portae
3006 4534 3225 4594 afﬁxam
3276 4539 3575 4602 detrahere
3617 4560 3839 4618 compre-

556 4618 723 4686 jussit
748 4618 839 4674 uni
867 4616 937 4673 de
966 4615 1073 4680 his,
1096 4618 1188 4688 qui
1222 4616 1334 4687 jam
1378 4617 1458 4674 rei
1486 4619 1679 4674 mortis
1722 4619 2015 4691 adjudieati
2066 4636 2158 4679 es-
2184 4605 2241 4668 Ῑ)
2266 4619 2421 4678 hensi
2441 4665 2457 4692 ,
2488 4632 2650 4696 atque
2669 4626 2739 4683 ad
2766 4643 2952 4702 regem
2982 4634 3231 4705 perducti
3257 4656 3272 4693 :
3300 4654 3425 4697 eum
3455 4605 3835 4720 interrogaren-

562 4720 707 4767 sent.
761 4710 882 4779 Quo
930 4718 1186 4781 epotato.
1229 4711 1413 4765 statim
1462 4721 1708 4770 mortuus
1760 4723 1868 4771 est.
1921 4716 1999 4772 De
2055 4732 2164 4788 quo

557 4804 794 4859 relatum
823 4802 891 4858 ad
922 4802 1193 4858 Cmsarem
1238 4811 1343 4871 est,
1399 4812 1456 4860 et
1503 4805 1559 4860 in
1610 4806 1826 4863 vincula
1875 4810 2161 4881 Antipater

554 4896 793 4968 imperio
823 4896 994 4967 patris
1020 4895 1298 4952 inducitur
1328 4913 1341 4951 :
1370 4912 1473 4953 nec
1503 4906 1681 4955 tamen
1727 4900 1796 4956 ab
1826 4900 2038 4959 insidiis
2066 4919 2161 4959 va-

551 5005 687 5046 cuus
717 4999 853 5046 erat.
882 4988 1015 5045 Nam
1049 4999 1160 5044 tum
1185 4991 1423 5046 maxime
1446 4989 1699 5049 Salomes
1724 4993 2025 5062 periculum
2058 4996 2156 5053 do-

554 5082 621 5139 lis
652 5084 897 5139 tentabat
922 5082 1144 5138 directis
1175 5083 1444 5152 epistolis,
1480 5100 1614 5156 quas
1642 5085 1891 5144 Salomes
1931 5089 2153 5147 nomine

551 5176 839 5246 Antipater
861 5184 1268 5246 composuerat,
1290 5175 1467 5245 plenis
1496 5176 1551 5232 in
1579 5192 1763 5250 regem
1795 5184 2153 5241 contumelia-

550 5284 671 5325 rum
716 5278 879 5341 atque
907 5268 976 5325 ad
1003 5268 1211 5325 Acmen
1242 5269 1498 5327 ancillam
1526 5271 1687 5329 Julia:
1717 5288 1839 5345 quae
1866 5292 2005 5334 uxor
2032 5277 2152 5336 Cte-

616 5467 645 5496 λ
676 5457 770 5513 liae
833 5452 1143 5527 parenthesi
1234 5454 1459 5514 inclusae
1517 5457 1787 5516 dictiones
1837 5459 2137 5518 abundant.

548 5530 718 5587 ΒΑΜ.

612 5602 642 5641 δ
666 5600 939 5656 Grauatos.
971 5597 1048 5655 In.

616 5685 637 5743 ξ
673 5669 880 5743 Qlferre
903 5684 1046 5743 nunc
1074 5685 1197 5724 eum
1220 5671 1478 5743 supplicia
1503 5689 1618 5729 sua.
1648 5672 1727 5730 in.

613 5740 640 5780 ει
670 5742 793 5815 Yet.
819 5739 943 5815 cod.
963 5782 979 5805 ,
1006 5739 1559 5815 testamentb‘scripsit.
1592 5743 1667 5800 In.

616 5821 636 5846 ο
669 5810 1034 5878 Asperabatttr.
1061 5811 1142 5869 In.

2268 4722 2354 4769 tur
2378 4756 2392 4781 ,
2424 4716 2511 4773 cui
2550 4718 2773 4779 obedire
2816 4725 3130 4797 cupientes,
3166 4740 3375 4791 tantum
3414 4736 3627 4798 facinus
3664 4716 3834 4799 adorsi

2261 4804 2467 4875 forent,
2495 4814 2896 4883 responderunt
2920 4818 3022 4891 legi
3047 4831 3306 4894 paternae.
3334 4826 3535 4891 lterum
3562 4833 3831 4905 quaerenti,

2260 4916 2371 4973 quo
2399 4901 2520 4960 freti
2549 4906 2785 4966 lzetiores
2813 4910 3072 4971 adessent
3093 4958 3106 4980 ,
3133 4931 3255 4973 cum
3281 4920 3350 4977 ad
3378 4901 3835 4983 mortis‘vocaren-

2259 5005 2348 5052 tur
2376 4999 2694 5068 perieulum,
2727 5006 3130 5076 responderunt
3162 5030 3176 5068 :
3207 5012 3441 5072 Pietatis
3467 5027 3524 5075 et
3551 5020 3830 5078 devotionis

2259 5095 2530 5167 praemiis,
2563 5113 2791 5169 quorum
2830 5108 3203 5165 remuneratio
3233 5126 3330 5181 pro
3359 5114 3466 5170 ritu
3497 5117 3666 5187 patrio
3700 5132 3830 5173 moro

2260 5195 2366 5243 tem
2413 5193 2795 5261 expetentibus
2834 5199 3259 5268 persolveretur.
3309 5204 3421 5264 Nec
3465 5209 3662 5268 diutius
3700 5210 3826 5269 ferre

2257 5283 2433 5353 potuit
2453 5288 2823 5359 responsionis
2839 5297 3197 5354 constantiam
3215 5340 3232 5367 ,
3255 5299 3353 5358 sed
3373 5302 3729 5378 indignatione
3743 5320 3823 5362 sn-

2321 5466 2340 5505 τ
2375 5468 2469 5548 Sic
2489 5471 2753 5548 princeps
2774 5476 2964 5535 editio.
3006 5479 3092 5537 Al.
3124 5486 3508 5547 conulceratur.
3550 5492 3633 5548 Al.
3660 5492 3816 5548 relu-

2241 5548 2407 5628 ςαιιέε.
2444 5540 2593 5628 idem
2621 5540 2813 5628 auctor
2845 5549 3168 5628 Ambrosius
3193 5540 3812 5628 episiL'i'S'éa'iibEJtii.

2241 5623 2298 5664 n.
2329 5611 2402 5667 5:
2440 5611 2630 5672 Omnes
2666 5618 2926 5690 spiritales
2972 5611 3344 5699 nequitias‘...

2237 5678 2485 5740 Mazuca.

3367 5672 3382 5687 .
3423 5634 3810 5693 concitatam.

2311 5762 2339 5828 β
2368 5752 2644 5828 ﬂagitatis.
2674 5759 2847 5820 ΒΑΜ.

2308 5819 2338 5862 ³³
2367 5819 2498 5900 ιθᾷ.
2523 5831 2712 5907 templo
2735 5836 2949 5897 sacrati.
2970 5838 3046 5896 In.
