3964 6316
154 290 313 347 2055

1039 291 1308 350 lliS'I'Oli.
1349 292 1441 351 DE
1471 291 1752 352 EXCIDIO
1793 292 2071 355 HIEROS.
2112 295 2312 357 URBlS
2347 299 2476 356 LIB.
2520 298 2562 355 ι.

3335 309 3480 371 2054

156 421 266 478 per
296 405 679 476 mgritudiuem
711 405 848 462 facta
870 449 883 471 ,
919 417 976 463 ut
1007 406 1375 464 infirmitatem
1406 409 1683 478 vinceret,
1719 410 1772 467 in
1799 421 1854 484 Α
1879 411 1946 466 ad
1975 411 2205 470 Herodis
2251 416 2529 486 querelam
2558 435 2570 472 :
2613 419 2958 489 Antipatrum
3004 437 3220 496 quoque
3263 430 3482 484 convic~

157 506 500 552 conventum
531 499 718 569 populi
751 498 1047 568 processit,
1079 498 1261 569 ibique
1293 507 1565 572 tamquam
1605 501 1777 556 sacri-

1882 514 1995 560 tum
2043 508 2319 577 parricidii
2369 512 2532 565 morti
2564 511 2979 582 adjudicatum,
3025 526 3205 573 tamen
3260 521 3484 589 repulso

157 589 294 660 legii
325 605 452 646 reos
483 591 550 646 ad
580 591 796 661 plebem
825 591 1078 648 deferens
1105 606 1362 648 accusare
1393 593 1596 665 cmpit,
1629 593 1776 666 quod
1879 599 2052 669 patria
2077 609 2133 656 et
2161 616 2357 671 regno,
2396 613 2550 672 pater
2574 604 2713 674 fugae
2743 614 3064 676 potestatem
3111 610 3386 680 tribuere,
3433 613 3484 670 si

158 684 378 754 majora
419 683 489 740 de
517 685 670 739 factis
702 685 898 741 talibus
937 694 1406 755 suspectarentur.
1450 688 1581 755 Quae
1609 689 1774 744 etiam

158 779 209 832 si
245 792 360 832 non
392 778 790 847 probarentur,
826 789 1007 834 tamen
1048 780 1225 834 cuncti
1265 780 1370 836 sibi
1399 781 1632 853 quisque
1656 797 1774 837 me-

158 878 384 926 tuentes
408 912 423 935 ,
456 880 738 926 auctorum
768 871 860 940 qui
893 871 1276 941 comprehensi
1322 873 1501 929 forent
1529 915 1543 940 ,
1575 873 1773 930 luenda

156 962 434 1033 supplicia
456 963 910 1034 deprecabantur.
935 964 1046 1020 Nec
1073 966 1404 1036 pergendum
1430 967 1485 1021 in
1509 977 1739 1022 caeteros
1755 1009 1770 1033 ,

157 1073 234 1113 ne
267 1058 502 1129 quaestio
531 1057 714 1129 plures
745 1069 906 1130 atque
935 1059 1140 1115 alienos
1168 1071 1225 1115 et
1273 1061 1522 1117 innoxios
1553 1068 1771 1132 perturk

157 1152 325 1209 baret
353 1171 366 1208 :
396 1163 614 1223 rogatus
644 1154 826 1225 itaque
850 1153 902 1208 in
933 1164 1232 1225 praesentes
1258 1158 1588 1210 sententiam
1613 1154 1769 1222 tulit,

158 1256 220 1301 ut
260 1248 374 1302 vivi
406 1256 765 1304 exurerentur
797 1267 809 1303 :
853 1248 994 1305 unde
1036 1249 1454 1306 incommoditas
1495 1258 1686 1316 aucta,
1718 1259 1772 1305 et

159 1340 434 1411 gravioris
489 1340 826 1412 aegritudinis
881 1342 1001 1410 vis,
1057 1343 1290 1399 diversis
1344 1351 1515 1399 totum
1570 1357 1770 1414 corpus

157 1434 284 1504 ejus
346 1433 690 1506 passionibus
741 1435 1154 1507 depasccbatur.
1197 1435 1389 1493 Febris
1435 1444 1554 1492 erat
1598 1435 1768 1492 vehe-

158 1544 324 1584 mens
349 1569 363 1593 ,
399 1529 622 1600 prurigo
667 1529 1031 1586 intolerabilis
1056 1572 1070 1594 ,
1111 1530 1356 1587 continui
1397 1545 1462 1585 ac
1501 1530 1620 1584 sine
1659 1527 1768 1584 ulla

160 1621 577 1678 intermissione
636 1622 957 1677 interiorum
1013 1622 1231 1678 dolores
1279 1621 1548 1676 viscerum
1580 1661 1593 1685 ,
1621 1621 1769 1676 collo

159 1715 383 1771 medius
420 1716 748 1783 vexabatur,
799 1715 1044 1789 hydrope
1080 1718 1448 1787 gravabantur
1494 1714 1723 1785 vestigia
1748 1755 1764 1782 ,

1876 694 2080 761 vellet,
2127 695 2312 752 Caesar
2347 698 2602 767 juberet,
2646 702 2970 757 sententiam
3017 704 3213 759 sceleri
3253 705 3472 776 ferens,

1877 788 2161 843 consilium
2202 789 2389 860 pietati
2429 791 2765 862 relinquens.
2807 794 3056 850 Solverat
3087 805 3275 852 natura
3306 799 3479 868 parri-

1876 879 2001 934 cidii
2045 881 2464 936 necessitatem:
2501 899 2622 938 nam
2665 897 2939 942 recreatus
2989 889 3298 959 pauliSper,
3347 907 3473 961 pcr-

1876 973 2041 1027 missa
2090 974 2192 1028 sibi
2241 975 2539 1044 puniendi,
2586 985 2643 1032 ut
2688 978 2852 1033 vellet
2884 989 3195 1048 potestate,
3232 982 3361 1038 dum
3409 985 3480 1042 dc

1872 1080 2073 1135 genere
2119 1067 2270 1121 necis
2316 1076 2550 1135 tractat,
2581 1069 2851 1127 distentus
2882 1071 3164 1130 doloribus
3190 1084 3214 1112 θ
3245 1091 3478 1147 propere

1874 1156 2016 1212 diem
2048 1160 2240 1213 mortis
2264 1161 2554 1228 pervenire
2600 1161 3026 1221 desideraverat.
3069 1167 3324 1239 Poposcit
3370 1170 3473 1225 ita-

1872 1262 1976 1310 (lue
1999 1251 2200 1306 malum
2227 1294 2242 1320 ,
2274 1253 2586 1324 pariterque
2615 1255 2853 1325 gladium
2877 1298 2890 1322 ,
2920 1267 2980 1312 ut
3007 1273 3074 1320 eo
3103 1274 3319 1329 pomum
3343 1263 3479 1316 soli-

1873 1351 1958 1400 tus
2001 1345 2240 1401 incidere
2272 1346 2588 1404 refectionis
2612 1349 2818 1419 aliquid
2864 1362 3205 1420 assumeret,
3246 1366 3299 1410 et
3343 1371 3475 1425 pau-

1870 1438 2037 1509 lisper
2062 1455 2184 1496 sese
2209 1441 2466 1518 attollens
2493 1444 2788 1516 cubitoque
2811 1445 3051 1502 adnixus
3071 1489 3086 1514 ,
3117 1449 3317 1505 levavit
3342 1451 3474 1507 dex-

1873 1541 2040 1586 teram
2068 1574 2083 1600 ,
2111 1533 2336 1603 cupiens
2366 1550 2487 1591 sese
2515 1536 2677 1592 ferire
2698 1580 2713 1605 ,
2747 1539 2844 1594 sed
2895 1543 3134 1596 occurrit
3159 1542 3433 1599 Achiabus
3452 1586 3467 1610 ,

1870 1633 1925 1679 et
1950 1625 2229 1695 impedivit
2259 1628 2457 1695 ictum,
2486 1629 2740 1700 luctuque
2766 1638 2878 1685 tota
2905 1635 3223 1704 concrepuit
3243 1634 3466 1703 dernus,

1869 1725 1929 1774 ut
1954 1719 2160 1776 obiisse
2193 1721 2437 1778 Herodes
2465 1723 2596 1778 foris
2622 1725 3004 1781 aestimaretur.
3034 1727 3338 1784 Exsultavit
3360 1732 3470 1786 An-

157 1806 481 1862 abscondita
521 1808 770 1878 corporis
810 1808 1092 1865 scatebant
1133 1808 1410 1864 vermibus
1437 1849 1451 1875 ,
1481 1815 1506 1843 ³
1534 1807 1762 1876 sparsim
1795 1829 1844 1890 B
1871 1815 2070 1884 tipater
2095 1815 2162 1870 ad
2189 1830 2382 1871 sonum
2412 1816 2689 1885 planctus.
2723 1827 2778 1874 et
2807 1835 2835 1872 a
2867 1822 3183 1880 custodibus
3211 1821 3470 1880 adhibitis

159 1899 329 1954 totius
367 1901 650 1971 corporis,
681 1900 957 1956 anhelitus
997 1900 1178 1972 gravis
1217 1909 1275 1956 et
1319 1900 1549 1970 suspiria
1583 1899 1765 1969 perni-

155 1990 308 2046 ciosa
346 2010 359 2046 :
393 2007 482 2048 res
531 1992 732 2049 indicio
777 2002 930 2063 erat,
974 1993 1118 2064 quod
1161 1993 1344 2064 injusti
1388 1993 1662 2064 parricidii
1708 2003 1763 2048 et

153 2087 440 2159 sacrilegm
480 2087 846 2144 damnationis
876 2103 1036 2159 poena
1081 2097 1484 2158 reposceretur.
1515 2086 1632 2142 Non
1667 2101 1760 2143 ce-

153 2178 322 2234 debat
351 2188 532 2235 tamen
562 2180 774 2246 animo,
807 2188 863 2236 et
900 2179 1115 2234 vivendi
1158 2178 1452 2251 cupiditate
1496 2178 1764 2248 passioni-

154 2269 260 2326 bus
289 2270 678 2326 reluctabatur.
709 2271 853 2327 Petit
883 2279 1027 2326 trans
1052 2271 1347 2328 Jordanem
1371 2273 1582 2329 calores
1609 2287 1761 2342 aquze

150 2363 353 2418 calidae
372 2405 387 2432 ,
416 2362 512 2420 sed
542 2362 675 2419 nihil
706 2364 1042 2435 profuerunt.
1070 2365 1402 2437 Asphaltites
1432 2366 1612 2433 lacus,
1647 2367 1762 2438 ple-

152 2458 344 2528 risque
383 2457 753 2527 medicabilis,
784 2460 904 2516 sine
934 2459 1048 2515 ullo
1089 2460 1331 2530 profectu
1365 2476 1567 2531 aegrum
1609 2470 1761 2516 tene-

151 2551 269 2606 bat.
304 2550 408 2608 Ubi
450 2550 576 2606 dum
621 2552 745 2608 oleo
776 2551 1014 2622 plurimo
1043 2552 1352 2621 reveretur,
1385 2553 1564 2608 laxato
1609 2568 1762 2608 reso-

151 2644 303 2699 lutus
330 2657 561 2714 corpore
579 2684 595 2710 ,
623 2643 968 2699 morientium
996 2646 1180 2716 specie
1208 2645 1395 2700 oculos
1423 2645 1678 2713 invertit,
1707 2654 1762 2701 et

153 2752 268 2792 vox
293 2735 603 2806 defecerat,
633 2751 735 2794 nec
771 2752 965 2793 sensus
997 2738 1290 2794 manebat:
1321 2737 1417 2795 sed
1438 2736 1465 2777 ι)
1495 2739 1762 2794 exercita-

152 2842 246 2888 tus
292 2832 526 2902 strepitu
569 2831 1032 2887 conclamantium
1078 2831 1415 2901 resumpsit,
1456 2838 1512 2886 et
1549 2830 1616 2886 ad
1662 2845 1758 2885 sua

150 2924 373 2996 regredi
403 2925 637 2996 cupiens
661 2967 677 2994 ,
704 2925 795 2982 ubi
837 2926 904 2981 ad
943 2925 1221 2996 regionem
1250 2926 1355 2981 loci
1383 2926 1475 2996 qui
1515 2925 1760 2995 appella-

150 3018 320 3074 batur
370 3017 659 3085 Hiericho,
688 3017 949 3085 advenit,
990 3028 1109 3073 atro
1151 3018 1279 3074 felle
1323 3017 1663 3088 exagitatus,
1705 3025 1761 3072 et

151 3116 262 3186 ipsi
293 3115 696 3186 quodammodo
744 3114 910 3170 morti
953 3114 1214 3169 minitans
1264 3112 1502 3168 immane
1549 3111 1759 3166 facinus

1869 1906 2201 1976 postulavit,
2235 1915 2294 1962 ut
2321 1908 2552 1964 vinculis
2577 1910 2984 1967 resolveretur:
3017 1913 3113 1968 sed
3147 1916 3472 1984 praepositus

1866 2001 1913 2055 ei
1946 2002 2156 2057 muneri
2200 2017 2306 2056 non
2354 2002 2528 2058 solum
2579 2003 2771 2058 abnuit
2807 2005 2950 2075 quod
2995 2005 3324 2077 rogabatur,
3371 2007 3469 2063 sed

1865 2094 2029 2147 etiam
2049 2094 2161 2164 regi
2181 2095 2538 2152 annuntiavit.
2558 2095 2885 2152 Exclamans
2907 2098 3000 2154 ille
3021 2098 3269 2155 insultari
3293 2098 3467 2158 adhuc

1863 2185 1967 2239 sibi
2009 2187 2253 2252 viventi,
2303 2201 2658 2257 percussores
2706 2189 2940 2257 direxit,
2985 2190 3075 2259 qui
3119 2191 3464 2260 Antipatrum

1862 2276 2270 2348 interficerent,
2296 2294 2609 2349 caesumque
2641 2281 2872 2351 sepelire
2894 2283 3058 2352 jussit
3087 2283 3138 2338 in
3165 2283 3430 2355 Hyrcania
3451 2326 3467 2354 ,

1861 2380 2024 2443 atque
2070 2373 2266 2429 iterum
2299 2374 2526 2430 mutavit
2568 2384 2951 2432 testamentum
2978 2419 2993 2444 ,
3037 2392 3326 2449 regemque
3361 2381 3468 2434 Ar-

1861 2463 2112 2521 chelaum
2140 2467 2371 2522 instituit
2401 2469 2673 2524 seniorem
2701 2483 2770 2524 ex
2810 2467 3070 2524 fratribus
3099 2485 3114 2522 :
3145 2469 3358 2540 Antipze
3384 2478 3465 2526 te-

1861 2557 2155 2612 trarchiatu
2192 2558 2429 2629 reliquit.
2457 2559 2706 2630 Quinque
2731 2560 2915 2630 itaque
2951 2561 3143 2616 diebus
3175 2561 3464 2632 Antipatro

1861 2661 2140 2724 superstes
2167 2653 2366 2709 defecit
2391 2671 2403 2707 :
2434 2654 2652 2724 triginta
2679 2663 2735 2710 et
2761 2663 2968 2724 septem
3007 2655 3164 2709 annis
3190 2671 3257 2710 ex
3296 2670 3405 2726 quo
3430 2673 3465 2713 ει

1861 2744 2120 2802 Romanis
2140 2746 2457 2816 imperitare
2472 2747 2656 2817 jussus
2679 2758 2792 2816 est,
2820 2763 2988 2818 regno
3013 2749 3244 2817 potitus:
3271 2763 3335 2803 ex
3355 2763 3464 2818 quo

1861 2851 2038 2896 autem
2086 2840 2416 2910 Antigonum
2467 2843 2689 2898 sustulit
2734 2844 2887 2915 regni
2943 2841 3198 2898 aemulum
3227 2885 3242 2906 ,
3289 2859 3463 2901 annos

1861 2935 2082 3004 triginta
2108 2942 2344 3004 quatuor
2372 2935 2603 3004 imperio
2629 2937 2809 3006 exegit
2836 2956 2848 2991 :
2881 2937 3083 2991 utinam
3109 2945 3216 2992 tam
3244 2936 3462 2993 domes—

1861 3028 1968 3082 tico
2001 3042 2100 3082 usu
2121 3067 2135 3093 ,
2168 3042 2329 3096 quam
2363 3029 2592 3099 publicis
2623 3030 2781 3084 lzetus
2820 3029 3188 3086 successibus.
3217 3029 3460 3100 Namque

1860 3119 1934 3174 ita
1965 3119 2096 3174 foris
2127 3119 2380 3175 secundae.
2435 3119 2487 3175 ei
2528 3134 2614 3174 res
2658 3119 3040 3190 aspiraverunt
3064 3162 3080 3188 ,
3112 3129 3172 3174 ut
3217 3121 3459 3190 privatus

149 3209 488 3280 excogitavit
507 3249 523 3276 ,
556 3224 665 3281 quo
689 3208 840 3265 velut
875 3207 1086 3274 inferiae
1115 3206 1221 3263 sibi
1265 3205 1447 3276 populi
1476 3205 1759 3260 mitteren-

1868 3215 1918 3270 in
1955 3228 2179 3284 regnum
2220 3213 2637 3278 adscisceretur,
2683 3228 2858 3284 eoque
2882 3229 2979 3282 per
3001 3215 3166 3269 multa
3200 3228 3329 3270 usus
3370 3230 3463 3270 an-

150 3313 265 3359 tur.
307 3303 554 3374 Namque
575 3317 642 3358 ex
676 3302 826 3358 omni
860 3300 1047 3357 Judaea
1091 3299 1413 3372 congregari
1437 3295 1757 3368 jamdudum

151 3396 482 3468 pracipiens
511 3409 757 3466 quosque
786 3393 1079 3450 nobiliores
1105 3434 1121 3460 ,
1159 3401 1219 3446 ut
1255 3407 1323 3447 ex
1367 3391 1594 3462 singulis
1624 3389 1758 3445 vicis

153 3492 209 3546 in
255 3504 423 3545 unum
463 3488 862 3544 convenirent:
908 3487 999 3542 ubi
1044 3486 1276 3555 imperio
1318 3485 1757 3554 obtemperatum

150 3594 241 3640 est
261 3623 278 3650 ,
309 3581 488 3638 claudi
521 3596 618 3638 eos
642 3581 784 3636 intra
826 3579 1249 3652 hippodromum
1271 3579 1469 3649 jussit,
1497 3586 1756 3633 etaccer-

149 3676 258 3730 sita
286 3675 504 3731 Salome
531 3683 695 3745 atque
737 3674 857 3744 ejus
888 3684 910 3711 ο
943 3663 1110 3728 Alexa
1149 3673 1267 3726 viro
1291 3712 1306 3738 ,
1345 3671 1577 3741 legatum
1627 3683 1756 3724 san-

148 3769 338 3841 guinis
367 3767 682 3835 mandavit,
710 3782 962 3824 asserens
992 3767 1194 3822 laetitiae
1226 3765 1437 3835 populis
1463 3765 1639 3834 gentis
1662 3761 1758 3818 Ju-

149 3864 290 3918 daea:
324 3875 478 3916 suam
521 3867 753 3916 mortem
802 3859 1077 3925 futuram;
1121 3865 1176 3913 et
1218 3858 1338 3912 ideo
1388 3864 1756 3911 commentum

150 3970 216 4012 se
235 3997 252 4023 ,
283 3970 392 4026 quo
437 3953 855 4025 praeclarissime
880 3967 1037 4009 suum
1083 3949 1417 4022 epitaphium
1446 3947 1758 4003 celebrare-

153 4063 278 4118 tur,
309 4051 608 4121 deposcere
645 4064 675 4104 a
705 4048 816 4104 suis
845 4090 859 4116 ,
898 4055 956 4103 ut
996 4061 1116 4102 cum
1166 4045 1414 4099 ultimum
1444 4040 1759 4097 exhalasset

151 4143 409 4215 spiritum
435 4184 450 4210 ,
492 4156 587 4197 eos
613 4141 794 4196 statim
833 4153 1024 4194 omnes
1051 4137 1142 4207 qui
1187 4134 1356 4190 clausi
1401 4132 1754 4196 tenebantur,

153 4242 345 4298 necari
373 4239 670 4311 juberent:
714 4239 787 4292 ita
827 4239 1102 4292 neminem
1141 4235 1381 4289 futurum
1420 4231 1475 4285 in
1507 4230 1758 4284 universa

153 4334 346 4392 Judaea
370 4342 532 4402 atque
561 4333 612 4386 in
642 4331 793 4387 omni
817 4330 982 4385 domo
1002 4370 1019 4397 ,
1055 4328 1142 4383 cui
1173 4339 1320 4382 mors
1365 4325 1485 4396 ejus
1523 4331 1670 4378 esset
1697 4322 1760 4377 il-

152 4427 530 4498 laerymabilis
551 4467 566 4491 ,
594 4440 715 4480 cum
745 4423 1014 4478 universis
1032 4417 1059 4458 ἀ
1087 4418 1404 4476 domesticis
1431 4417 1609 4473 luctus
1648 4415 1760 4470 ha:-

154 4520 448 4577 reditatem
481 4517 902 4588 dereliquisset;
934 4514 1026 4585 qui
1054 4513 1180 4568 dum
1223 4527 1444 4567 suorum
1473 4509 1762 4581 deplorant

1863 3319 2054 3360 norum
2085 3305 2387 3373 curricula,
2414 3305 2556 3375 quod
2595 3303 2814 3361 difficile
2853 3305 3004 3363 salvo
3035 3307 3323 3375 potestatis
3359 3321 3460 3362 usu

1861 3399 2154 3456 decederet
2173 3399 2535 3470 ,-relinquens
2564 3399 2751 3455 liberis
2781 3400 2992 3470 imperii
3020 3401 3425 3456 successionem
3445 3443 3460 3467 ,

1859 3508 2020 3564 quam
2054 3495 2172 3563 ipse
2209 3508 2237 3546 a
2270 3491 2380 3547 suis
2422 3507 2531 3548 non
2571 3500 2880 3562 acceperat.
2922 3491 3029 3549 Sed
3069 3493 3211 3548 intra
3237 3493 3461 3548 domum

1860 3585 2287 3649 infelicissimus,
2319 3599 2480 3656 quam
2504 3584 2703 3640 acerbo
2729 3599 2954 3640 suorum
2983 3586 3245 3655 sanguine
3270 3595 3326 3642 et
3347 3586 3462 3642 luc-

1860 3685 1916 3732 tu
1946 3677 2210 3747 replevit;
2248 3691 2352 3734 nec
2375 3685 2556 3732 tamen
2590 3677 2996 3733 exsecutionem
3025 3678 3231 3734 invenit
3258 3679 3461 3734 ultima:

1859 3767 2218 3833 crudelitatis,
2239 3769 2344 3822 hoc
2382 3783 2488 3822 uno
2528 3767 2749 3824 Salome
2781 3769 3133 3824 oblitterante
3162 3769 3454 3825 criminum

1860 3875 2081 3916 suorum
2101 3860 2336 3915 ludibria
2358 3861 2638 3930 superiora
2655 3903 2670 3925 ,
2691 3860 2836 3929 quod
2853 3877 2948 3917 eos
2977 3876 3114 3932 quos
3134 3864 3343 3932 percuti
3365 3877 3461 3920 rex

1855 3953 2090 4023 jusserat
2108 3966 2301 4008 omnes
2320 3951 2561 4017 dimisit,
2583 3953 2770 4008 dicens
2792 3968 2972 4024 regem
2989 3955 3246 4023 prmcepti
3271 3953 3460 4011 feralis

1862 4053 2047 4116 postea
2089 4045 2451 4115 paenituisse:
2492 4045 2870 4116 revocatisque
2908 4045 3175 4101 mandatis
3213 4047 3463 4116 superio~

1861 4134 2012 4191 ribus
2033 4177 2049 4203 ,
2083 4136 2403 4206 praecepisse
2426 4178 2440 4203 ,
2483 4146 2539 4191 ut
2578 4137 2646 4192 ad
2688 4153 2782 4193 sua
2817 4151 3007 4193 omnes
3036 4137 3458 4195 dimitterentur.

2430 4227 2657 4286 CAPUT
2696 4231 2884 4286 XLVI.

1936 4321 2069 4378 Dein
2100 4331 2290 4394 postea
2317 4322 2455 4378 faeta
2482 4322 2537 4378 in
2568 4323 2970 4392 amphitheatro
3013 4322 3244 4378 militum
3272 4333 3328 4379 et
3372 4339 3462 4380 re-

1862 4415 1993 4487 liqui
2023 4415 2211 4487 populi
2239 4415 2656 4486 congregatione
2679 4456 2692 4481 ,
2722 4414 2790 4469 de
2826 4414 2977 4470 obitu
3014 4415 3161 4484 regis
3200 4414 3465 4485 judicium

1864 4508 2064 4564 factum
2107 4526 2120 4562 :
2165 4508 2433 4577 processit
2471 4506 2797 4562 Ptolemmus
2823 4547 2838 4573 ,
2888 4505 2980 4576 qui
3025 4505 3170 4576 regis
3213 4507 3467 4563 amicitia:

155 4630 354 4672 necem
377 4656 393 4681 ,
423 4614 566 4683 justa
612 4613 725 4682 regi
755 4609 1070 4666 viderentur
1097 4609 1411 4678 persolvere
1431 4647 1445 4673 ,
1480 4614 1642 4674 atque
1688 4603 1759 4658 ita
1787 4627 1842 4688 ῃ
1867 4602 2008 4657 inter
2032 4600 2374 4657 ﬁdelissimos
2405 4614 2648 4670 quosque
2679 4614 2850 4670 usque
2876 4600 2928 4653 in
2954 4608 3256 4654 extremum
3283 4598 3469 4656 adhae-

155 4710 505 4782 publicorum
536 4705 720 4761 Iretitia
752 4713 936 4758 votum
983 4699 1297 4756 domesticis
1343 4696 1621 4754 doloribus
1655 4695 1759 4750 im-

158 4803 462 4873 pediretur.
488 4803 565 4854 Ac
593 4813 662 4853 ne
690 4797 828 4852 forte
852 4795 1083 4852 scelesta
1127 4789 1356 4862 imperia
1389 4789 1644 4845 mandata
1667 4793 1765 4843 'ex-

157 4892 374 4950 secutio
417 4891 779 4954 destitueret,
817 4887 1222 4957 quinquagenas
1269 4880 1561 4936 drachmas
1605 4878 1766 4948 jussit

159 4986 431 5043 militibus
467 4984 624 5050 dari,
654 4990 716 5038 ut
762 4981 855 5037 tali
903 4979 1128 5037 sceleris
1175 4976 1431 5048 imposita
1475 4972 1765 5038 mercede,

159 5080 338 5136 ferale
363 5078 726 5134 ministerium
753 5073 955 5129 milites
987 5085 1094 5126 non
1123 5076 1440 5125 recusarent
1468 5084 1481 5120 :
1510 5079 1770 5135 compen-

159 5173 337 5232 saturi
367 5170 734 5228 exsecutionis
763 5167 1044 5222 horrorem
1074 5159 1531 5218 remunerationis
1560 5155 1769 5212 emolu-

161 5277 376 5326 mento.
397 5265 636 5322 Cedebat
659 5277 829 5334 prope
849 5262 959 5330 jam
983 5267 1147 5314 tanta:
1168 5251 1630 5312 incommoditatis
1650 5266 1772 5322 gra-

161 5365 241 5419 tia
279 5359 566 5434 suppliciis
585 5401 601 5426 ,
631 5357 727 5414 sed
759 5352 1120 5425 exspectabat
1149 5349 1361 5404 funesta
1393 5359 1657 5417 responsa
1697 5343 1774 5399 le-

166 5457 409 5528 gationis
427 5496 444 5523 ,
471 5468 594 5526 qua:
618 5450 807 5508 retulit
829 5449 899 5506 de
922 5446 1091 5502 Acme
1127 5440 1453 5513 supplicium
1495 5447 1773 5508 sumptum

247 5655 276 5686 ο
307 5640 539 5712 Spasmi,
580 5637 749 5712 Baeti.

249 5716 278 5755 δ
309 5708 394 5768 Αἰι
423 5709 714 5766 excitatus?
736 5708 1014 5765 Causae.

253 5799 275 5827 ο
309 5781 625 5840 Alexandro.
657 5780 823 5835 ΒΑΜ.

1866 4703 2043 4761 serat,
2076 4704 2131 4749 et
2153 4693 2413 4748 annulum
2443 4692 2694 4747 deferens
2723 4706 2882 4762 quem
2913 4689 3150 4746 defuncti
3179 4690 3349 4761 digito
3375 4691 3472 4746 de-

1867 4787 2060 4852 traxit,
2091 4783 2368 4841 collaudat
2394 4799 2576 4855 regem
2603 4825 2618 4850 ,
2649 4791 2702 4837 et
2733 4782 2994 4854 populum
3037 4782 3293 4838 admonet
3322 4793 3470 4840 tran-

1868 4880 2152 4951 quillitatis
2172 4921 2188 4947 ,
2222 4879 2504 4950 aperitque
2539 4879 2588 4932 ei
2620 4877 2947 4946 epistolam,
2982 4893 3084 4948 qua
3115 4887 3366 4948 precatus
3398 4879 3464 4933 ft-

1870 4974 2182 5030 delissimos
2213 4973 2315 5029 sibi
2344 4973 2543 5028 milites
2571 4971 2920 5038 hortabatur,
2953 4982 3010 5026 ut
3040 4971 3348 5027 successori
3374 4986 3478 5028 suo

1871 5067 2304 5124 benevolentiam
2322 5065 2642 5122 exhiberent
2659 5073 2714 5120 et
2733 5064 2984 5135 gratiam.
3005 5065 3073 5119 Et
3088 5065 3291 5135 apertis
3309 5065 3474 5121 etiam

1875 5159 2074 5215 tabulis
2104 5168 2492 5216 testamentum
2521 5159 2784 5215 recitatur
2810 5177 2821 5213 :
2857 5157 3137 5229 Philippus
3175 5158 3477 5216 Thracoui-

1874 5254 2004 5309 tidis
2045 5253 2283 5324 regionis
2321 5262 2375 5309 et
2404 5253 2755 5308 ﬁnitimorum
2788 5254 3031 5308 locorum
3062 5251 3238 5309 haeres
3268 5266 3479 5308 nuncu-

1875 5353 2036 5416 patus
2078 5362 2092 5399 :
2134 5343 2475 5411 tetrarches,
2517 5341 2784 5413 Antipas;
2833 5357 2928 5398 rex
2957 5384 2974 5410 ,
3016 5342 3358 5409 Archelaus,
3405 5343 3482 5396 ita

1878 5445 2061 5494 tamen
2085 5444 2148 5493 ut
2176 5435 2245 5491 ad
2272 5434 2544 5494 Cassaran
2573 5433 2776 5492 deferri
2803 5434 3062 5490 annulum
3090 5447 3282 5500 suum,
3314 5441 3477 5502 atque

1949 5627 1978 5663 ά
2016 5625 2319 5682 Domestici.
2347 5624 2426 5680 In.

1959 5707 1982 5734 ο
2014 5698 2102 5752 Al.
2134 5698 2375 5768 propriae.
2405 5695 2474 5750 Et
2503 5708 2628 5750 mox
2653 5697 2956 5764 praecari".
2994 5694 3069 5749 in.
