3964 6326
515 288 662 349 2035

1865 278 2110 340 SANCTI
2150 278 2475 342 AMBROSH

3688 280 3826 343 $.66

516 408 566 461 ei
597 405 881 461 arbitrium
912 412 967 460 et
996 404 1396 458 ﬁrmamentum
1427 399 1670 455 omnium
1701 397 2116 470 dispositionum
2145 402 2199 465 Α
2226 408 2444 471 patores
2494 401 2626 470 regii
2680 400 2971 455 militarem
3020 402 3308 457 servabant
3363 399 3622 457 ordinem
3649 443 3665 465 ,
3720 400 3826 471 pari

512 513 734 555 suarum
756 502 1120 552 reservarem.
1147 496 1360 549 Actum
1382 492 1601 547 demum
1626 497 1800 547 ratum
1831 501 1977 547 esset
2007 498 2117 547 tes-

518 601 819 648 tamentum
863 604 1020 645 suum
1046 626 1063 654 ,
1097 589 1141 642 si
1174 587 1358 642 Caisar
1401 587 1683 656 probasset
1727 605 1739 640 :
1779 587 1986 658 reliqua
2031 601 2117 643 se-

519 687 755 742 cundum
806 684 985 752 priora
1024 695 1120 736 sua
1169 688 1494 736 testamenta
1539 679 1801 734 custodiri
1852 681 2111 751 prsrcipit.

517 777 792 835 Continuo
839 774 1166 831 acclamatio
1195 773 1335 828 facta
1382 774 1616 829 militum
1657 773 1925 829 Archelao
1961 774 2117 845 plau-

519 870 804 926 dentium:
845 866 1362 922 circumvallabatur
1393 866 1540 921 illico
1582 865 1904 936 stipatorum
1946 864 2120 920 ambi-

518 975 617 1031 tu;
676 961 1001 1033 promittunt
1063 959 1542 1027 benevolentiam,
1604 958 1876 1029 Spondent
1933 959 2115 1014 tidem.

517 1056 651 1112 Post
687 1056 804 1110 hlL‘C
837 1062 1218 1124 competenter
1244 1061 1405 1122 atque
1437 1052 1722 1122 magniﬁce
1755 1050 1918 1105 [unus
1958 1063 2117 1105 cura-

516 1162 669 1216 tum,
717 1151 866 1206 omni
916 1149 1121 1203 ambitu
1168 1147 1427 1217 regalium
1473 1145 1786 1201 divitiarum
1834 1145 2122 1216 praemisso

518 1245 587 1300 ad
635 1258 847 1315 pume
879 1241 1122 1297 funebris
1152 1241 1524 1296 celebritatem
1559 1257 1573 1293 :
1607 1239 1779 1295 lectus
1824 1249 1941 1294 erat
1989 1253 2124 1294 auro

519 1348 665 1394 totus
695 1348 749 1393 et
791 1336 1021 1408 gemmis
1064 1335 1383 1405 insignitus,
1417 1342 1647 1389 stratum
1698 1332 1975 1403 refulgens
2004 1347 2125 1387 mu-

519 1432 667 1499 rice,
711 1445 912 1500 corpus
954 1430 1277 1499 adapertum
1318 1441 1588 1499 purpurea
1634 1426 1877 1498 diploide
1903 1468 1918 1492 ,
1964 1439 2123 1496 quam

522 1524 922 1583 internectebat
970 1523 1129 1578 libula
1163 1521 1436 1592 lapidibus
1482 1520 1737 1591 pretiosis
1784 1532 2121 1585 coruscans,

519 1618 770 1675 diadema
809 1615 1127 1672 adhasrebat
1174 1614 1406 1681 vertici,
1456 1628 1729 1685 supraque
1773 1627 1973 1669 corona
2031 1627 2125 1666 au-

524 1727 660 1777 rea,
709 1722 983 1781 sceptrum
1040 1710 1093 1764 in
1140 1708 1398 1772 dextera,
1442 1718 1501 1763 ιιι
1558 1709 1829 1763 viventem
1883 1714 2123 1777 putares.

2220 493 2383 548 modo
2415 492 2677 547 succincti
2720 494 2917 561 armis,
2952 508 3014 549 ac
3056 493 3101 548 si
3140 495 3194 549 i’u
3244 493 3455 550 bellum
3506 492 3825 565 prodirent,

2222 594 2249 624 ι
2266 586 2360 643 sed
2390 602 2483 641 ora
2508 588 2764 642 mmstitia
2790 587 2969 657 plena,
2991 596 3045 641 et
3074 587 3386 643 dolentibus
3411 586 3622 643 similes
3646 602 3831 658 prose-

2220 681 2546 750 quebantur.
2574 679 2804 750 Reliqua
2837 695 3030 736 manus
3059 681 3494 752 prosequebatur
3518 689 3714 736 ornatu
3745 694 3829 736 so-

2222 775 2320 829 lito
2347 817 2360 837 ,
2392 785 2447 830 et
2492 775 2639 831 cultu
2670 787 2890 831 assueto
2929 775 3320 831 comitantibus
3360 776 3570 847 pariter
3605 775 3831 831 ducibus

2223 876 2276 923 et
2308 868 2739 924 centurionibus.
2789 870 3079 939 Quingenti
3128 870 3291 925 etiam
3331 884 3618 925 servorum
3668 877 3727 925 et
3767 868 3829 925 li-

2223 959 2503 1016 bertorum
2556 963 2719 1033 regite
2768 962 2963 1017 domus
3013 962 3376 1032 aspergebant
3432 968 3679 1017 aromata
3709 1002 3725 1028 ,
3777 973 3831 1016 ut

2224 1054 2379 1108 suavi
2411 1053 2577 1109 odore
2606 1065 2715 1109 tota
2747 1054 3012 1126 iragraret
3042 1057 3159 1121 via;
3193 1054 3389 1110 lectum
3449 1054 3544 1110 lilii
3572 1055 3749 1125 regis,
3780 1065 3830 1111 et

2227 1147 2656 1219 prepinquorum
2698 1149 2780 1203 vis
2821 1150 3056 1203 maxima
3097 1148 3594 1207 circumfundebat.
3628 1148 3826 1222 Sepul—

2226 1246 2312 1293 tus
2352 1241 2519 1294 estin
2551 1239 2786 1296 Herodio
2820 1240 2914 1313 (ut
2942 1242 3057 1312 ipse
3102 1240 3410 1315 mandavit)
3448 1243 3595 1314 quod
3638 1243 3827 1299 aberat

2230 1332 2478 1388 ducentis
2504 1333 2695 1388 stadiis
2724 1333 2791 1389 ab
2816 1349 2882 1389 eo
2907 1334 3059 1403 loco,
3102 1335 3154 1389 in
3182 1351 3294 1405 quo
3327 1336 3489 1391 linem
3524 1337 3649 1391 vita:
3680 1337 3830 1392 inre-

2229 1428 2358 1482 nit:
2399 1444 2598 1499 magno
2644 1430 2909 1501 obsequio
2955 1445 3052 1501 per
3099 1438 3307 1485 tantum
3356 1429 3522 1501 spatii
3564 1429 3826 1486 deductus

2229 1522 2608 1577 universorum
2632 1562 2647 1587 ,
2682 1522 2778 1578 sed
2813 1539 2920 1578 non
2961 1523 3203 1578 omnium
3238 1524 3353 1594 pari
3385 1523 3584 1580 affectu
3611 1543 3626 1580 :
3656 1532 3827 1581 metus

2230 1617 2374 1672 enim
2416 1614 2691 1684 ofllcium,
2724 1631 2833 1671 non
2872 1626 3060 1672 votum
3106 1627 3453 1687 extorserat;
3497 1617 3657 1672 dolor
3694 1619 3826 1674 intra

2229 1721 2291 1762 se
2323 1706 2513 1761 saltem
2550 1706 2780 1765 liberam
2821 1706 3053 1764 habebat
3095 1708 3447 1764 sententiam.
3478 1706 3637 1764 Bnnc
3674 1706 3822 1763 linem

527 1804 763 1860 Prmibat
791 1818 987 1874 agmen
1018 1803 1367 1870 Thracicum;
1387 1801 1755 1874 Germanique
1782 1810 1839 1858 et
1866 1800 2006 1857 Galli
2034 1799 2131 1856 sti—
2160 1794 2210 1857 B
2239 1798 2425 1855 habuit
2458 1799 2724 1857 Herodes.

600 1952 624 1980 ι
658 1943 765 2003 Sed
792 1959 882 1998 ora
908 1943 1072 1998 maesti
1101 1960 1162 1997 ac
1192 1942 1486 1999 dolentibus
1511 1943 1724 1999 similes.
1753 1942 1926 1999 ΒΑΜ.

534 2058 3751 2109 w

1678 2171 2022 2254 LIBER
2097 2165 2757 2252 SECUNDUS.

1066 2411 1297 2469 CAPUT
1337 2410 1633 2469 PRIMUM.

598 2509 824 2580 Sepulto
870 2504 1106 2573 Herode,
1154 2504 1367 2573 libera,
1408 2514 1467 2560 ut
1505 2504 1556 2559 in
1598 2501 1883 2560 defunctos
1924 2503 2126 2569 solent,

524 2603 726 2675 judicia
756 2601 941 2673 populi
971 2599 1436 2672 depromebantur
1469 2616 1482 2653 :
1515 2613 1735 2668 gravem
1778 2596 1944 2651 fuisse
1975 2596 2129 2652 illum

528 2705 584 2753 et
611 2694 1012 2752 intolerabilem
1040 2736 1055 2761 ,
1087 2693 1288 2764 iniusta
1321 2692 1547 2763 imperia
1582 2692 1634 2747 in
1667 2691 1813 2747 cives
1843 2691 2126 2748 exercuis-

529 2806 621 2854 se,
656 2800 945 2861 tyrannum
975 2804 1082 2843 non
1123 2802 1305 2859 regem
1353 2803 1575 2843 suorum
1605 2827 1622 2853 ,
1667 2784 1989 2857 parricidam
2035 2783 2130 2839 do-

532 2884 821 2942 mesticum
839 2926 854 2946 .
882 2885 1237 2954 expilatorem
1266 2882 1538 2954 publicum
1565 2925 1580 2949 ,
1610 2879 1816 2937 nemini
1837 2878 2129 2950 quidquam

533 2978 892 3049 dereliquisse
917 3018 931 3040 ,
967 2977 1183 3032 tributis
1222 2975 1483 3032 exhausta
1524 2977 1705 3031 omnia
1728 3016 1743 3039 ,
1774 2975 2133 3043 locupletatus

532 3070 867 3141 alienigenas
885 3110 901 3135 ,
930 3067 1148 3123 Iudaeos
1176 3069 1515 3137 exinanitos,
1540 3069 1662 3137 quia
1694 3067 1894 3137 templo
1922 3066 2132 3122 hostem

532 3163 844 3228 induxerit,
878 3170 903 3199 ⁸
931 3170 1142 3216 sacrata
1171 3162 1349 3215 omnia
1390 3161 1677 3231 sacrilegio
1707 3160 2088 3215 contaminarit
2119 3177 2131 3213 :

536 3258 726 3313 beatos
755 3257 876 3312 illos
920 3259 1012 3328 qui
1043 3254 1374 3312 defecissent
1394 3296 1408 3321 ,
1438 3270 1559 3309 cum
1591 3263 1859 3309 tormenta
1908 3254 2138 3309 viventi-

2236 2411 2327 2482 plo
2356 2409 2658 2480 Apollinis,
2686 2410 2831 2481 quod
2861 2409 3043 2467 Ctesar
3075 2410 3397 2466 condiderat
3425 2411 3714 2484 multisque
3737 2427 3813 2468 or-

2239 2506 2455 2562 natibus
2477 2514 2821 2571 venustarat,
2853 2506 3008 2562 locus
3034 2515 3182 2563 esset
3204 2507 3509 2578 cognitioni
3540 2506 3719 2573 datus,
3738 2508 3812 2563 Sa-

2238 2599 2412 2655 lomes
2449 2597 2592 2653 ﬁlius
2628 2596 2942 2670 Antipater,
2974 2598 3067 2655 illa
3106 2615 3226 2670 quae
3258 2614 3419 2669 supra
3470 2600 3701 2656 diximus
3722 2641 3736 2666 ,
3766 2608 3810 2655 et

2237 2693 2406 2748 multa
2429 2693 2531 2749 alia
2557 2692 2771 2749 dicendi
2807 2692 3013 2749 validus
3040 2694 3508 2763 prosequebatur:
3538 2694 3710 2750 mirari
3732 2710 3806 2759 se,

2238 2790 2382 2860 quod
2420 2789 2716 2846 Archelaus
2743 2789 2899 2859 quasi
2945 2788 3238 2859 petendum
3276 2807 3306 2845 a
3351 2790 3572 2846 Caesare
3615 2802 3808 2859 regnum

2237 2883 2632 2954 praetenderet,
2658 2899 2782 2938 cum
2805 2885 3158 2953 usurpatione
3188 2882 3476 2938 temeraria
3502 2882 3611 2952 jam
3635 2881 3804 2936 dudum

2238 2978 2378 3031 intra
2406 2975 2648 3032 Judaaam
2680 2976 2992 3031 inconsulto
3020 2976 3239 3030 Caesare
3270 2991 3452 3046 regem
3481 2977 3804 3033 exercuisset.

2237 3069 2378 3138 Quid
2421 3070 2565 3125 enim
2612 3069 2743 3125 sella
2790 3084 2987 3135 aurea,
3022 3069 3355 3140 allatumque
3403 3069 3687 3134 diadema,
3717 3067 3804 3122 nisi

2240 3166 2389 3232 regni
2416 3161 2594 3217 forent
2623 3162 2902 3234 insignia?
2929 3161 3048 3230 Quo
3074 3163 3266 3233 spiritu
3297 3164 3693 3233 praesumpserit
3729 3175 3805 3215 κη

2240 3256 2369 3311 dere
2398 3271 2564 3324 super
2588 3257 2842 3311 thronum
2894 3257 3100 3326 regium
3144 3274 3158 3311 :
3187 3256 3257 3313 de
3283 3257 3499 3313 sublimi
3528 3257 3661 3313 solio
3684 3254 3809 3310 salu-

536 3352 638 3405 bus
665 3366 771 3405 non
804 3351 1058 3405 deessent
1084 3368 1096 3402 :
1129 3349 1281 3419 plura
1313 3348 1578 3405 malorum
1608 3347 1851 3403 Judaeam
1893 3356 2015 3415 post
2039 3346 2135 3403 de-
2160 3377 2205 3441 C
2242 3357 2358 3403 tare
2384 3346 2596 3417 plebem
2627 3346 3013 3403 circumfusam
3042 3388 3056 3413 ,
3081 3347 3413 3417 stipantibus
3443 3356 3466 3387 ο
3505 3347 3665 3403 armis
3689 3346 3808 3400 utili—

537 3442 748 3512 pulsam
794 3442 1166 3512 captivitatem
1218 3441 1273 3495 in
1318 3441 1506 3512 paucis
1552 3442 1710 3494 annis
1755 3438 1856 3493 sub
1902 3439 2135 3496 Herodis

537 3534 768 3603 imperio
797 3531 1104 3603 pertulisse,
1127 3546 1285 3603 quam
1318 3532 1369 3586 in
1400 3532 1514 3600 ipsa
1532 3531 1848 3601 captivitate
1875 3530 1978 3585 sub
2008 3530 2135 3585 hos-

538 3640 591 3682 te
639 3627 870 3681 harbaro
916 3624 1277 3681 sustinuerit:
1306 3638 1429 3679 cum
1461 3623 1562 3679 sibi
1595 3621 2014 3692 Babyloniorum
2048 3638 2134 3677 re-

533 3737 629 3794 ges
654 3720 1062 3790 imperitarent;
1085 3720 1188 3775 sub
1210 3718 1315 3773 illis
1339 3716 1702 3773 tolerabiliora
1725 3716 1915 3772 exsilia
1934 3757 1951 3783 ,
1972 3732 2132 3788 quam

533 3816 637 3871 sub
667 3813 879 3871 Herode
904 3811 1265 3869 domesticum
1294 3809 1629 3866 domicilium
1655 3826 1669 3864 :
1703 3809 1772 3864 ab
1802 3808 1906 3863 illis
1937 3809 2005 3864 ad
2035 3824 2131 3864 sua

536 3907 797 3964 remissos
820 3946 837 3974 ,
866 3906 934 3961 ab
969 3905 1075 3961 hoc
1103 3903 1318 3975 fugatos
1346 3921 1361 3958 :
1404 3902 1753 3958 immitiorem
1786 3901 1949 3956 Dario
1974 3942 1991 3968 ,
2028 3908 2132 3956 Ar-

536 4010 765 4056 taxerxe
802 3999 1180 4069 superbiorem
1205 4038 1221 4064 ,
1264 3996 1434 4051 Medis
1478 3996 1840 4067 rapaciorem.
1873 3995 2134 4063 Sperasse

538 4092 706 4149 ﬁnem
736 4092 1035 4157 malorum,
1060 4100 1120 4144 ut
1146 4090 1251 4144 sibi
1274 4090 1425 4144 exire
1455 4087 1647 4144 liceret
1670 4087 1887 4155 exsilio,
1918 4089 1961 4141 si
1986 4086 2132 4142 diem

534 4182 854 4239 clauderet:
880 4181 976 4235 sed
1004 4181 1301 4235 accessisse
1329 4178 1396 4234 ad
1423 4179 1698 4234 servitutis
1729 4179 2004 4233 miseriam
2033 4180 2136 4232 Ar-

532 4273 785 4331 chelaum
825 4283 1185 4343 spontaneum
1222 4284 1633 4335 successorem,
1666 4270 1756 4339 qui
1782 4278 1838 4326 et
1866 4268 2131 4325 Herodem

534 4366 804 4432 referret,
838 4371 894 4420 et
932 4379 1069 4421 nova
1106 4363 1376 4420 adderet:
1407 4363 1667 4419 miserum
1713 4360 1818 4419 hoc
1865 4362 1918 4416 in
1951 4362 2132 4433 regnis

533 4474 693 4528 esse,
726 4459 867 4529 quod
915 4458 1167 4517 dominus
1204 4458 1540 4529 eligeretur:
1572 4457 1823 4512 miserius
1865 4457 2008 4528 quod
2046 4457 2130 4512 in-

534 4551 657 4607 vitis
684 4552 1077 4621 imponeretur.
1104 4549 1369 4607 Solatium
1407 4548 1688 4605 servitutis
1718 4549 1921 4616 videri,
1952 4550 1999 4605 si
2025 4550 2129 4621 ipsi

529 4645 635 4701 sibi
680 4646 963 4703 dominum
1006 4646 1251 4717 eligant,
1291 4658 1358 4700 eo
1396 4642 1541 4715 quod
1586 4643 1678 4699 liat
1722 4644 2042 4715 benignior,
2082 4645 2127 4700 si

532 4737 810 4794 deferatur
850 4737 1177 4807 imperium:
1205 4737 1521 4806 superbior,
1554 4737 1598 4791 si
1638 4746 1951 4807 usurpetur.
1986 4737 2129 4793 Lon-

530 4845 597 4902 ge
628 4831 812 4901 itaque
840 4829 1163 4886 Archelaum
1196 4829 1411 4885 llerode
1450 4828 1932 4884 intolerabiliorem
1979 4828 2124 4884 lutu-

530 4943 652 4984 rum
672 4967 688 4993 ,
717 4942 841 4983 cum
882 4929 986 4982 iste
1013 4926 1376 4996 assumpserit
1411 4940 1639 4996 regnum
1661 4966 1677 4991 ,
1714 4924 1800 4981 ille
1829 4927 2122 4996 acceperit.

528 5020 610 5077 Ea
655 5035 763 5077 non
793 5021 971 5077 solum
999 5022 1196 5079 crebro
1225 5020 1278 5077 in
1324 5017 1512 5075 Judaea
1540 5017 1996 5086 conferebantur,
2038 5033 2127 5074 ve-

528 5128 652 5169 rum
692 5113 855 5171 etiam
896 5113 1084 5171 Roma
1105 5131 1121 5167 :
1146 5111 1175 5151 ι)
1205 5111 1496 5173 assistente
1526 5110 1826 5177 Archelao,
1860 5126 2123 5182 peroran-

528 5208 669 5264 tibus
697 5209 1139 5276 accusatoribus,
1220 5210 1275 5265 in
1318 5223 1383 5264 0s
1430 5207 1644 5278 objecta
1673 5207 1815 5279 apud
1844 5205 2125 5263 Ctesarem

524 5297 935 5369 Senatumque,
974 5298 1067 5353 ubi
1116 5297 1185 5354 de
1235 5314 1405 5369 regno
1446 5297 1700 5355 Archelai
1749 5295 2126 5354 conﬁrmando

518 5388 945 5460 abrogandoque
969 5389 1059 5445 diu
1086 5389 1443 5447 decertatum.
1475 5388 1717 5461 Denique
1747 5403 1872 5447 cum
1900 5388 1956 5444 iu
1986 5398 2124 5445 tem-

594 5620 620 5649 ⁸
653 5610 849 5667 Sancta
866 5651 880 5673 ,
907 5613 1024 5667 sive
1052 5628 1220 5666 sacra.
1246 5612 1416 5669 BARB.

594 5679 619 5716 δ
653 5681 929 5735 Assistenti
959 5682 1115 5737 Areis.
1148 5684 1221 5737 In.

598 5758 619 5783 ι
648 5748 976 5821 Numer-iui.
1025 5794 1037 5807 .
1085 5791 1097 5804 .
1139 5756 1281 5829 poni.
1310 5754 1386 5812 In.

2241 3439 2476 3507 laribus,
2508 3454 2659 3495 more
2704 3439 2940 3510 quodam
2987 3448 3043 3496 et
3085 3455 3186 3494 usu
3232 3440 3621 3510 iruperatorum
3657 3437 3804 3509 promi

2237 3532 2507 3597 diadema,
2534 3531 2680 3602 quod
2706 3532 2939 3588 Caesaris
2959 3531 3163 3602 judicio
3192 3533 3464 3589 reservari
3501 3541 3803 3605 oportuerat,

2239 3638 2351 3677 non
2374 3623 2547 3676 solum
2580 3637 2680 3692 pro
2709 3629 2980 3693 potestate
3005 3623 3233 3681 Romani
3262 3623 3476 3695 imperii
3503 3665 3519 3691 ,
3545 3624 3637 3680 sed
3669 3622 3803 3677 etiam

2238 3729 2337 3783 pro
2359 3712 2482 3782 jure
2511 3714 2856 3770 testamenti?
2899 3714 3165 3770 llerodem
3211 3717 3358 3771 enim
3403 3732 3506 3772 nec
3543 3716 3805 3787 prmriprre

2239 3807 2480 3877 potuisse
2518 3804 2720 3863 Caesari
2745 3808 2828 3863 vel
2858 3808 3104 3876 Senatui,
3134 3808 3278 3880 quod
3309 3810 3426 3880 ipse
3452 3811 3593 3866 vela
3632 3809 3806 3864 Senatu

2239 3901 2558 3970 accepisset,
2586 3908 2643 3957 et
2664 3902 2945 3972 superiore
2988 3911 3314 3958 testamento
3342 3903 3671 3974 expressisse
3695 3900 3806 3955 satis

2238 3993 2473 4065 proprize
2515 3994 2776 4065 judicium
2816 3996 3110 4053 voluntatis
3130 4038 3146 4065 ,
3174 4012 3283 4066 quo
3308 3993 3607 4068 dAntipam
3644 4008 3806 4049 succc-

2238 4086 2368 4142 dere
2396 4087 2496 4142 sibi
2533 4088 2584 4141 in
2613 4102 2837 4157 regnum
2867 4102 3029 4143 sensu
3071 4088 3283 4158 integro
3312 4103 3375 4144 ac
3404 4101 3663 4159 perpenso
3696 4100 3807 4141 eon-

2238 4177 2361 4234 silio
2387 4178 2778 4244 declaraverit,
2811 4189 2865 4234 et
2893 4188 3172 4250 postremo
3198 4180 3381 4235 omnia
3416 4180 3646 4235 Cmsaris
3678 4175 3802 4248 judi-

2237 4270 2323 4325 cio
2348 4284 2658 4326 reservasse
2690 4287 2705 4325 :
2731 4271 2976 4342 quamvis
3004 4272 3183 4327 soluto
3201 4272 3314 4343 jam
3354 4287 3605 4342 corpore,
3640 4269 3806 4326 anxios

2235 4378 2494 4435 supremo
2523 4364 2786 4436 periculo,
2818 4380 2919 4421 nec
2945 4365 3109 4421 ullius
3126 4364 3240 4437 jam
3265 4381 3459 4422 sensus
3498 4377 3590 4422 aut
3617 4360 3803 4420 consilii

2233 4472 2403 4528 capax
2427 4498 2443 4525 ,
2470 4458 2754 4513 dictaverit
2782 4474 2890 4514 non
2935 4459 3079 4530 quod
3120 4459 3522 4527 arbitrabatur,
3558 4459 3649 4517 sed
3684 4453 3806 4527 quod

2234 4550 2598 4623 ingerebatur.
2630 4550 3030 4622 Praaceptorem
3078 4550 3241 4623 igitur
3281 4552 3497 4622 imperii
3538 4552 3604 4607 de
3647 4548 3803 4617 seipse

2233 4643 2638 4713 pronuntiasse,
2665 4641 2809 4714 quod
2839 4657 2947 4699 non
2977 4653 3285 4699 mereretur
3309 4650 3426 4709 tuo,
3459 4642 3656 4705 Caesar,
3684 4637 3804 4711 judi-

2230 4735 2316 4791 cio
2344 4735 2396 4790 in
2430 4750 2653 4806 regnum
2683 4734 2955 4792 substitui.
2988 4734 3126 4790 Nam
3158 4736 3205 4791 si
3254 4735 3572 4790 meritorum
3609 4742 3802 4788 suorum

2231 4830 2483 4885 conscius
2510 4829 2684 4897 foret,
2719 4837 2906 4899 petere
2950 4829 3133 4900 potius
3178 4844 3340 4900 quam
3368 4838 3391 4867 ε
3425 4841 3681 4900 usurpare
3705 4838 3804 4879 ma-

2232 4923 2545 4980 turavisset.
2576 4922 2694 4979 Non
2725 4922 2957 4993 petendo
2987 4933 3195 4992 autem,
3223 4922 3319 4978 sed
3350 4920 3671 4994 usurpando,
3699 4930 3804 4988 qua

2229 5016 2284 5073 in
2317 5018 2580 5088 petitione
2608 5017 2973 5073 consisterent
3002 5017 3165 5073 etiam
3216 5015 3272 5072 in
3317 5013 3636 5085 pecuniariis
3660 5021 3805 5079 nego-

2227 5108 2319 5165 tiis
2344 5110 2569 5180 (nedum
2596 5108 2935 5165 divitiarum.
2964 5108 3209 5179 Denique
3236 5107 3499 5162 Fabatum
3527 5106 3666 5161 illum
3709 5099 3801 5155 Bo-

2229 5216 2404 5258 mana:
2437 5202 2517 5256 rei
2546 5200 2945 5257 moderatorem
2965 5209 3014 5257 et
3040 5200 3292 5255 intimum
3311 5196 3544 5254 Caesaris
3566 5196 3651 5251 tibi
3672 5188 3797 5260 cepi.

2226 5304 2281 5350 et
2301 5309 2328 5347 a
2357 5293 2542 5366 Sylmo
2566 5292 2768 5364 ingenti
2794 5290 3029 5349 ambitus
3052 5291 3275 5362 pecunia
3293 5332 3308 5357 ,
3331 5299 3390 5345 ut
3429 5275 3796 5360 impugnarenl}

2225 5383 2589 5457 praeiudicare
2614 5383 2797 5443 solere
2816 5424 2833 5453 ,
2865 5392 2925 5438 ut
2948 5380 3270 5457 praeposteri
3297 5379 3592 5452 litigatores
3625 5374 3794 5432 cadant

2300 5613 2329 5653 ά
2356 5613 2463 5671 Alii
2491 5612 2653 5669 codd.
2681 5610 3037 5680 Antipatrum.
3063 5609 3141 5666 In.

2305 5693 2329 5723 ο
2357 5682 2599 5754 Eripere.
2650 5683 2783 5751 Quae
2811 5672 2951 5754 'vero
2998 5680 3311 5754 parenthesi
3353 5695 3481 5739 mox
3530 5672 3787 5737 interclusa

2231 5755 2406 5824 vides,
2432 5752 2541 5814 non
2574 5754 2839 5814 habentur
2862 5753 2915 5808 in
2938 5768 3043 5810 ms.
3071 5752 3144 5813 In.
