3964 6316
135 274 302 333 eos":

997 275 1269 335 HISTOB.
1315 276 1402 332 DE
1441 276 1723 335 EXClDlO
1763 275 2032 334 HIEROS.
2074 276 2281 334 URBIS
2323 276 2451 335 LIB.
2494 279 2558 336 ll.

3327 280 3470 339 9058

139 408 329 449 cau~a
358 412 372 448 :
400 394 489 450 hic
517 408 647 451 vero
669 408 773 450 non
806 397 1152 464 pecuniarum
1183 410 1450 469 quzestum
1477 399 1530 454 in
1557 397 1763 453 crimen
1792 396 1843 455 Α
1870 394 2092 457 harent,
2126 402 2285 465 atque
2308 410 2337 449 ιι
2370 393 2744 451 Romanorum
2774 394 3043 453 societate
3075 397 3275 455 animis
3312 408 3476 469 atque

138 487 368 553 vacui,
385 486 481 541 sed
501 487 711 557 imperii
735 488 963 544 Romani
991 491 1250 548 violatum
1269 496 1380 564 jus,
1400 496 1760 549 reverentiam

148 581 504 650 deSpEctam,
534 591 771 650 Spretam
798 591 1140 653 potestatem,
1181 587 1458 657 indignum
1489 586 1767 641 mstimau-

149 685 272 730 teut
306 674 566 729 [imitante
626 675 790 730 curia:
838 686 1122 743 senatum,
1155 680 1245 749 qui
1295 681 1497 736 soleret
1543 693 1766 748 regnum

152 767 296 823 dare
345 776 508 834 atque
533 769 777 837 eripere,
803 777 858 822 et
910 784 1033 823 cum
1077 768 1297 826 Ctesare
1326 781 1595 827 vetustam
1639 784 1771 824 cou-
1826 764 1841 782 ‘

154 858 380 917 ferendi
429 860 642 929 imperii
693 875 918 917 servnre
987 865 1417 934 prterogativam.
1463 862 1602 931 Quid
1660 862 1771 917 fac~

154 960 349 1009 turum
389 968 551 1019 esse,
594 970 718 1008 cum
779 955 1015 1026 legitime
1058 972 1286 1028 regnare
1333 958 1625 1027 cmpisset,
1674 954 1768 1026 qui

155 1059 294 1103 ante
323 1063 547 1118 regnum
578 1047 1040 1103 insolentissimus
1069 1058 1319 1105 necasset
1346 1050 1611 1122 plurimos
1631 1092 1646 1117 ,
1678 1050 1770 1119 qui

158 1154 328 1210 opem
360 1137 517 1194 fessis
544 1139 707 1194 rebus
755 1148 814 1196 et
860 1142 1184 1196 tributorum
1213 1142 1633 1197 allevamentum
1676 1157 1773 1211 po-

158 1242 457 1303 poscerunt
488 1248 500 1283 :
529 1231 828 1287 remedium
878 1233 1273 1302 postulantibus
1323 1234 1526 1289 bellum
1566 1234 1773 1303 irroga-

162 1334 285 1381 tum
306 1366 318 1389 ,
352 1324 635 1382 interfecta
666 1342 858 1382 novem
908 1329 1074 1382 millia
1104 1327 1417 1385 Judmorum
1451 1330 1504 1383 in
1537 1330 1651 1399 ipsa
1682 1344 1773 1383 ve-

104 1464 111 1468 .
161 1416 401 1473 nerabili
428 1417 569 1487 apud
596 1432 725 1473 suos
752 1418 971 1473 Pascha:
992 1419 1330 1487 celebritate,
1362 1434 1460 1491 pro
1477 1420 1774 1490 pecudibus

164 1510 423 1567 homines
465 1511 807 1577 immolatos,
834 1522 1173 1567 sacratorum
1217 1515 1310 1584 qui
1358 1514 1426 1569 ad
1479 1514 1663 1583 templi
1696 1513 1773 1568 fe-

164 1614 251 1659 sta
278 1611 669 1670 convenerant,
696 1602 1011 1674 sanguinem
1045 1606 1245 1672 fusum,
1271 1605 1642 1676 spectaculum
1666 1604 1771 1659 mi-

167 1697 404 1754 serabile
436 1714 449 1750 :
481 1698 523 1751 si
554 1696 675 1766 quis
702 1711 967 1753 caesorum
1005 1709 1238 1769 stragem
1268 1709 1574 1764 recenseat,
1599 1699 1774 1770 Baby-

1867 487 2036 543 armis
2064 488 2410 543 discederent
2444 506 2458 544 :
2490 491 2559 546 de
2590 492 2899 547 testamenti
2930 503 3109 548 autem
3148 495 3472 566 prmlatione

1868 584 1988 651 quis
2020 582 2323 648 dubitaret,
2355 598 2477 637 cum
2509 595 2563 639 et
2590 586 2863 653 posterius
2895 586 3139 656 pra-ferri
3171 587 3346 643 soleat
3377 602 3473 643 su-

1869 676 2175 747 perioribus
2197 719 2211 742 ,
2243 686 2297 730 et
2328 678 2431 731 hoc
2460 678 2630 732 multo
2661 678 2891 732 validius
2933 679 3150 734 caeteris
3180 680 3348 734 videri
3378 680 3478 735 de-

1870 769 2017 835 beat,
2049 770 2101 824 in
2134 786 2239 840 quo
2265 768 2468 825 Caesari
2497 771 2857 826 conﬁrmandi
2898 774 3098 843 regalis
3133 772 3326 845 judicii
3364 789 3481 829 ser—

1870 870 1993 916 vata
2036 863 2107 916 sit
2157 864 2547 932 praerogativa,
2599 878 2705 933 quo
2753 865 3024 918 cumulata
3076 865 3259 936 potius
3314 881 3475 936 quam

1871 956 2158 1011 imminuta
2207 956 2440 1012 Romani
2488 956 2725 1012 nominis
2771 959 3078 1013 reverentia
3126 958 3219 1025 sit,
3251 958 3297 1013 si
3343 970 3399 1014 et
3446 975 3475 1014 a

1870 1051 2049 1113 vobis.
2075 1049 2282 1115 Caesar,
2310 1066 2417 1105 non
2452 1050 2795 1121 prmripiatitr
2842 1052 3084 1122 regibus,
3117 1051 3260 1122 quod
3291 1053 3476 1123 priva-

1873 1146 1942 1199 tis
1990 1145 2143 1209 licet,
2198 1153 2260 1199 ut
2288 1159 2477 1199 eorum
2534 1145 2749 1199 valeant
2795 1153 3156 1212 testamenta,
3202 1155 3259 1201 et
3312 1161 3473 1214 quem

1872 1237 2215 1309 potissimum
2256 1238 2358 1291 sibi
2412 1240 2635 1308 cupiant
2664 1240 2959 1295 succedere
2978 1280 2994 1306 ,
3024 1240 3216 1295 ultimo
3243 1240 3481 1296 scribant

1874 1334 2052 1403 style,
2078 1342 2240 1401 atque
2284 1331 2353 1385 ab
2384 1331 2494 1386 illis
2542 1332 2740 1387 iterum
2771 1348 2832 1387 ea
2865 1332 3022 1387 vobis
3063 1331 3480 1388 honoriﬁcentia

1879 1434 1903 1463 ο
1934 1431 2276 1489 reservetur,
2321 1434 2377 1477 ut
2402 1422 2745 1478 conﬁrmatio
2768 1424 2959 1492 jndicii
2988 1440 3017 1478 a
3048 1423 3206 1479 vobis
3234 1432 3446 1494 petatur
3466 1467 3479 1489 ,

1876 1526 1931 1573 et
1957 1516 2003 1571 is
2031 1516 2288 1571 succedat
2317 1532 2477 1586 quem
2508 1529 2661 1585 pater
2691 1517 2935 1588 elegerit,
2969 1533 3068 1572 vos
3099 1517 3479 1587 probaveritis.

1875 1610 2104 1677 Quando
2132 1610 2293 1679 igitur
2315 1611 2486 1680 magis
2506 1610 2686 1681 sapuit
2716 1610 3112 1677 Herodes,cum
3142 1610 3479 1677 tibi.C:esar,

1876 1706 2176 1760 servaverit
2230 1706 2643 1776 praerogativam
2664 1748 2679 1773 ,
2714 1723 2780 1760 an
2812 1706 3034 1778 quando
3058 1708 3349 1777 praeteriit?
3380 1707 3481 1764 Ubi

168 1791 383 1847 lonicos
422 1791 710 1847 revertisse
751 1790 1146 1847 arbitraretur?
1188 1804 1390 1862 quanto
1432 1793 1706 1848 crudelius
1745 1810 1777 1850 a
1806 1810 1854 1871 Β
1885 1800 2111 1869 Antipas
2139 1798 2515 1864 substituitur,
2548 1801 2728 1854 Caesar
2760 1801 3091 1870 praeteritur.
3128 1799 3228 1856 Ubi
3276 1798 3487 1856 Arche-

171 1886 293 1941 cive
322 1884 639 1948 commissa,
673 1900 792 1954 quae
832 1885 884 1939 in
923 1885 1077 1940 hoste
1122 1885 1352 1941 barbaro
1381 1887 1537 1956 plena
1580 1887 1776 1941 innua-

174 1980 262 2035 nis
306 1980 535 2035 stevitia:
580 1988 745 2047 atque
792 1978 1087 2049 impietatis
1137 1979 1578 2034 aestimarentur?
1627 1980 1777 2034 lianc

176 2072 475 2142 sportulam
539 2070 745 2126 civibus
791 2070 1009 2137 datam,
1054 2073 1156 2126 hoc
1199 2072 1526 2126 sacriﬁcium
1572 2071 1781 2127 Arche-

174 2164 321 2220 laum
366 2165 518 2235 regni
573 2165 656 2218 sui
703 2164 996 2234 primordia
1042 2165 1528 2220 comuiendavisse.
1584 2166 1777 2221 Deberi

179 2259 433 2314 misereri
471 2256 739 2313 Caesarem
766 2267 1127 2329 senatumque
1155 2258 1507 2329 reliquiarqu
1538 2257 1742 2315 Judaxc
1760 2300 1775 2325 ,

178 2368 300 2421 qua:
328 2352 602 2422 quondam
634 2352 819 2406 liberis
857 2350 987 2407 fulta
1020 2353 1234 2422 populis
1274 2353 1591 2408 servitutem
1623 2366 1779 2423 opta-

174 2453 299 2513 ret,
343 2448 388 2499 si
431 2445 592 2501 modo
633 2446 966 2500 tolerabilem
1035 2446 1223 2501 liceret
1267 2447 1472 2515 perpeti
1509 2447 1610 2501 sub
1653 2460 1781 2516 rege

177 2548 204 2579 ⁸
232 2539 422 2609 justo,
464 2540 622 2610 longe
664 2540 817 2595 illum
858 2540 1048 2595 abesse
1074 2556 1104 2595 a
1144 2540 1265 2610 jure
1294 2540 1664 2611 imperitandi.
1692 2539 1780 2596 Si—

176 2633 396 2703 quidem
436 2632 575 2701 apud
614 2632 834 2687 Judteos
875 2633 1007 2687 nulli
1051 2649 1274 2702 regnutn
1314 2643 1646 2702 competere,
1676 2633 1780 2688 nisi

175 2725 229 2778 ei
271 2721 364 2794 qui
405 2731 551 2779 esset
586 2739 655 2779 ex
691 2725 1044 2793 generatione
1074 2722 1262 2788 Jndte,
1305 2726 1446 2779 sicut
1494 2725 1580 2780 lex
1636 2724 1782 2780 dice—

176 2823 285 2871 ret.
327 2820 400 2870 At
445 2829 574 2870 vero
618 2816 777 2870 istum
826 2814 1121 2870 ldummum
1166 2831 1394 2886 genere,
1424 2831 1584 2886 quem
1632 2816 1779 2870 nulla

178 2906 451 2978 prosapiae
499 2907 696 2978 regalis
736 2909 891 2979 origo
949 2908 1326 2979 contingeret,
1384 2909 1669 2978 irrepsisse
1725 2909 1778 2964 iu

179 3003 447 3057 honorem
488 3002 809 3059 indebituin.
847 3003 1127 3073 Siquidem
1167 3019 1293 3059 cum
1345 3001 1630 3072 Antipater
1677 3002 1779 3057 sibi

179 3108 347 3165 atque
373 3093 645 3151 Archelao
683 3096 845 3151 fuerit
883 3112 1050 3165 avus,
1096 3108 1360 3166 praestans
1399 3097 1636 3164 divitiis,
1678 3111 1785 3152 cte-

1880 1891 1998 1945 laus
2045 1891 2411 1959 subrogatur,
2459 1890 2643 1946 Caesar
2688 1891 3011 1947 adsciscitur
3063 1909 3077 1945 :
3125 1893 3243 1947 sine
3300 1892 3486 1947 ﬁrma-

1882 1993 2069 2040 mento
2098 1985 2241 2039 nulla
2272 2001 2362 2040 res
2408 1985 2641 2040 stabilis.
2676 1988 2869 2042 Divino
2917 1988 3099 2057 itaque
3142 1985 3348 2054 judicio
3395 1985 3487 2040 ubi

1874 2076 2087 2147 justitia
2125 2078 2345 2143 deerat,
2376 2079 2459 2134 vel
2490 2079 2854 2145 simulationi,
2884 2079 2967 2133 vel
3000 2078 3267 2133 voluntati
3305 2076 3488 2132 ﬁrma-

1880 2180 2123 2226 mentum
2152 2170 2343 2226 del’uit.
2381 2169 2479 2227 Ubi
2511 2180 2691 2226 autem
2721 2171 2950 2239 aequitas
2995 2169 3234 2225 examini
3284 2184 3488 2240 suppe-

1882 2264 2060 2331 tebat,
2094 2265 2259 2320 robur
2307 2265 2627 2335 quaesitum,
2659 2274 2713 2319 ut
2742 2263 3005 2335 judicium
3045 2261 3483 2319 conﬁrmaretur.

1881 2354 2181 2412 Considera
2232 2356 2425 2426 igitur,
2478 2368 2659 2412 utrum
2708 2355 2898 2412 fecerit
2954 2354 3209 2425 injuriam
3277 2352 3368 2422 qui
3437 2361 3490 2406 te

1883 2450 2080 2520 elegit,
2110 2458 2200 2504 aut
2228 2449 2273 2504 si
2304 2449 2539 2505 rescindi
2583 2448 2812 2513 debeat,
2842 2447 2983 2518 quod
3033 2457 3086 2502 te
3128 2443 3335 2501 arbitro
3362 2458 3489 2498 san-

1883 2544 2135 2600 ciendum
2168 2545 2387 2614 reliquit
2431 2560 2614 2600 rerum
2664 2544 2906 2599 omnium
2937 2542 3162 2597 domino
3192 2559 3206 2595 :
3238 2544 3327 2596 cui
3361 2541 3485 2611 jure

1882 2637 2048 2693 etiam
2110 2652 2266 2708 reges
2323 2637 2523 2693 cedunt
2580 2645 2871 2706 potestate.
2923 2636 3025 2705 Qui
3089 2636 3235 2691 enim
3296 2634 3486 2702 scivit,

1883 2744 2042 2800 quem
2076 2729 2304 2799 eligeret
2330 2729 2398 2785 ad
2429 2728 2888 2795 conﬁrmandum,
2921 2728 3083 2784 scivit
3114 2728 3297 2798 utique
3324 2741 3486 2797 quem

1884 2822 2113 2893 eligeret
2159 2823 2224 2879 ad
2278 2822 2698 2894 imperandum,
2750 2838 2850 2879 nec
2898 2823 2950 2878 in
3000 2837 3324 2879 successore
3372 2820 3489 2876 falli

1886 2916 2060 2985 potuit
2087 2956 2102 2980 ,
2134 2916 2224 2986 qui
2254 2930 2362 2971 non
2391 2926 2476 2971 est
2504 2916 2678 2973 falsus
2707 2915 2760 2970 in
2793 2917 3198 2971 contirmalore.
3230 2912 3366 2970 Nam
3395 2913 3490 2984 qui

1884 3007 2150 3063 arbitrum
2180 3007 2464 3063 constituit
2513 3017 2596 3076 te,
2629 3008 2884 3078 cognovit
2928 3009 3113 3079 itaque
3160 3008 3324 3064 talem
3370 3021 3494 3063 suc-

1884 3114 2158 3157 cessorem
2191 3100 2294 3155 sibi
2326 3100 2788 3163 constituendum.
2820 3099 2913 3171 qui
2958 3099 3051 3155 tibi
3079 3114 3240 3170 quem
3282 3097 3491 3154 consti-

181 3190 428 3259 terisque
488 3190 696 3247 artibus
741 3199 935 3261 potens
957 3232 973 3257 ,
1016 3201 1073 3247 et
1132 3190 1364 3247 maxime
1411 3191 1778 3247 Romanorum
1809 3195 1855 3259 ο
1889 3201 2070 3250 tneres
2098 3210 2204 3248 non
2237 3194 2570 3262 displiceret.
2604 3194 2815 3250 Auditis
2862 3193 3110 3264 partibus
3140 3190 3326 3247 Caesar
3365 3206 3491 3247 sen-

180 3284 457 3350 amicitia,
507 3283 812 3355 Caesarique
873 3290 1075 3340 seniori
1134 3284 1278 3340 bello
1321 3286 1616 3354 probatus,
1659 3299 1782 3339 cum

182 3387 370 3448 posset
412 3378 515 3433 sibi
543 3395 767 3449 regnum
810 3379 1142 3443 adsciscere,
1173 3391 1467 3447 numquam
1496 3389 1681 3433 tamen
1705 3376 1786 3432 af-

181 3473 502 3537 fectaverit;
536 3473 665 3542 quin
692 3472 857 3527 etiam
877 3472 1176 3527 defendere
1196 3471 1318 3525 aliis
1340 3471 1596 3526 maluerit
1623 3486 1783 3542 quam

182 3565 290 3622 sibi
321 3578 543 3633 parare,
577 3565 880 3633 meritoque
906 3563 1058 3616 illum
1104 3562 1345 3615 habitum
1398 3572 1456 3616 ut
1504 3569 1784 3631 parentem

182 3658 489 3728 Optimum,
542 3656 634 3725 qui
680 3654 922 3710 Judaeum
972 3655 1026 3709 in
1076 3654 1382 3709 libertatem
1434 3651 1789 3708 vindicaverit

182 3751 502 3807 vulneribus
532 3750 665 3815 suis,
700 3764 801 3804 uec
830 3747 885 3803 in
911 3750 1224 3805 servitutem
1273 3746 1580 3803 deduxerit.
1611 3746 1786 3802 Hero-

184 3843 311 3899 detu
359 3841 585 3898 Antonii
636 3843 949 3897 testimonio
996 3843 1086 3912 qui
1138 3849 1394 3911 paternus
1443 3839 1548 3895 sibi
1590 3840 1788 3908 hospes

184 3936 415 4004 fuisset,
447 3935 500 3992 in
548 3952 773 4008 regnum
820 3934 1190 4006 aSpiravisse:
1224 3948 1290 3990 ex
1331 3933 1423 3988 illo
1472 3930 1786 3988 Judaeorum

187 4050 282 4091 res
314 4035 654 4095 imminutas,
686 4030 865 4102 egisse
891 4041 948 4083 ut
975 4028 1219 4096 hostem,
1253 4042 1360 4081 non
1406 4036 1463 4081 ut
1495 4034 1785 4081 rectorem.

184 4127 323 4185 Cum
373 4130 534 4198 igitur
580 4127 698 4197 ipse
745 4126 909 4181 etiam
957 4124 1172 4179 adulter
1214 4123 1366 4193 regni
1408 4120 1601 4183 fuerit,
1655 4133 1792 4189 quo-

190 4222 359 4279 modo
390 4223 631 4292 potuisse
675 4220 745 4276 ab
787 4236 854 4275 eo
887 4219 1187 4289 legitimum
1220 4231 1404 4287 regem
1434 4212 1648 4271 creari?
1679 4226 1789 4267 non

188 4317 476 4389 deprecari
533 4327 748 4381 tamen,
804 4313 1093 4385 quominus
1144 4310 1245 4365 sub
1295 4323 1465 4380 regno
1518 4308 1662 4375 sint,
1694 4305 1791 4362 sed

191 4429 421 4484 poscere
461 4412 563 4467 sub
594 4410 839 4465 Romano
866 4423 1030 4481 agere
1055 4450 1069 4475 ,
1100 4407 1255 4477 cujus
1285 4406 1385 4461 sibi
1419 4404 1647 4475 gratiam
1674 4402 1788 4472 jam

190 4506 322 4563 inde
348 4522 380 4560 a
424 4504 748 4561 Machabmis
791 4512 999 4575 partam
1032 4499 1059 4541 ι’
1094 4510 1299 4556 tantum
1341 4514 1439 4570 per
1486 4496 1794 4567 usurpatio-

1894 3285 2116 3341 tentiam
2148 3285 2397 3340 distulit:
2430 3285 2630 3342 deinde
2656 3285 2857 3342 collato
2902 3300 3023 3340 cum
3066 3283 3269 3339 Senatu
3312 3284 3493 3339 consi-

1890 3377 1964 3433 lio
1994 3379 2318 3434 Archelaum
2364 3380 2510 3448 genti
2542 3381 2869 3449 prmposuit,
2902 3385 2960 3432 nt
3006 3376 3323 3445 fungeretur
3368 3390 3491 3433 rec-

1892 3469 2025 3524 toris
2051 3485 2277 3524 munere
2298 3511 2312 3536 ,
2347 3485 2453 3524 non
2504 3468 2657 3539 regni
2697 3470 2926 3525 honore.
2958 3467 3262 3539 Spopondit
3311 3478 3492 3545 tamen

1890 3573 1948 3619 et
1972 3579 2193 3635 regnum
2226 3563 2502 3631 daturum,
2533 3566 2577 3620 si
2610 3579 2670 3621 se
2695 3564 2771 3619 ita
2800 3571 3036 3636 gereret,
3065 3572 3124 3619 ut
3153 3562 3493 3633 probaretur.

1891 3658 2009 3714 Jam
2056 3660 2201 3714 enim
2233 3667 2565 3715 tentamenta
2609 3660 2971 3716 dissensionis
3002 3659 3279 3715 lsraelitici
3313 3657 3495 3728 populi

1890 3755 2296 3809 nuntiabantur.
2353 3753 2682 3809 Tetrarchas
2730 3755 2867 3808 duos
2914 3753 3200 3808 constituit
3263 3749 3497 3806 Herodis

1894 3845 2035 3900 ﬁlios
2058 3887 2071 3911 ,
2103 3845 2414 3916 Philippum
2446 3853 2502 3901 et
2529 3845 2785 3915 Antipatri
2810 3887 2825 3911 ,
2859 3847 2948 3915 qui
2977 3859 3100 3898 cum
3133 3842 3405 3899 Archelao
3427 3841 3497 3897 de

1891 3954 2060 4010 regno
2107 3948 2408 3993 certaverat
2456 3956 2469 3993 :
2527 3938 2756 3993 Herodis
2813 3938 2989 3993 sorori
3037 3939 3123 3991 cui
3162 3950 3361 3990 nomen
3391 3934 3492 3991 Sa-

1894 4033 2037 4088 lomc
2058 4074 2073 4100 ,
2107 4030 2134 4070 ά
2164 4034 2473 4103 delegatum
2505 4033 2776 4098 servavit,
2805 4031 2968 4087 etiam
3018 4032 3119 4085 alia
3150 4031 3269 4097 ipse
3298 4029 3494 4099 adjun-

1894 4127 1992 4180 xit;
2036 4126 2256 4181 Duabus
2301 4142 2517 4197 quoque
2567 4125 2780 4182 ﬁliabus
2824 4124 3055 4180 Herodis
3100 4124 3249 4179 mille
3295 4123 3497 4178 talenta

1896 4234 2018 4291 quae
2081 4220 2185 4275 sibi
2246 4220 2434 4275 relicta
2502 4229 2697 4286 erant,
2748 4202 3122 4290 dispertienda
3164 4217 3495 4273 arbitratus:

1895 4310 2105 4365 addidit
2132 4311 2294 4366 etiam
2354 4312 2459 4366 alia
2514 4321 2769 4368 sexcenta
2806 4310 2997 4378 millia,
3028 4319 3084 4366 et
3113 4324 3176 4365 ea
3226 4308 3493 4365 Plterorm

1897 4403 2088 4460 liberis
2113 4406 2312 4460 sociari
2337 4406 2569 4461 censuit.

2520 4496 2749 4554 CAPUT
2786 4496 2853 4552 ll.

191 4617 318 4657 nem
367 4601 521 4672 regni
573 4609 757 4670 postea
810 4598 1307 4668 degeneraverunt,
1340 4605 1398 4649 ut
1427 4592 1598 4649 multo
1649 4590 1792 4645 inl‘e-
1820 4592 1875 4654 D
1970 4589 2180 4645 Interea
2206 4590 2423 4661 quidam
2451 4606 2517 4646 ex
2541 4591 2837 4661 juvenibus
2870 4589 3131 4646 simulans
3169 4602 3231 4645 se
3259 4586 3504 4644 Alexan~

190 4695 371 4752 riores
397 4696 504 4750 sint
534 4693 616 4748 his
637 4734 651 4756 ,
681 4692 969 4748 adversum
1012 4705 1148 4760 quos
1180 4689 1479 4744 Romanam
1524 4687 1797 4755 petierunt

191 4790 537 4845 societatem.
588 4785 832 4856 Denique
883 4800 1042 4838 orare
1094 4798 1248 4849 sese,
1280 4791 1338 4835 ut
1387 4778 1575 4835 eadem
1608 4775 1797 4833 condi—

192 4884 347 4937 tione
391 4880 577 4937 Iudaea
623 4894 728 4949 qna
761 4878 915 4949 Syria
950 4874 1253 4945 praesidiale
1277 4871 1542 4943 judicium
1572 4886 1599 4923 a
1644 4867 1797 4923 vobis

193 4975 553 5046 adipiscatur,
580 4990 687 5044 quo
715 4972 1016 5028 devmionis
1042 4978 1238 5025 nostra:
1260 4968 1420 5023 detur
1445 4967 1793 5033 experimen-

198 5078 311 5124 tum
338 5109 352 5133 ,
382 5077 560 5123 utrum
594 5066 684 5136 qui
715 5064 961 5121 seditiosi
992 5079 1054 5118 ac
1087 5061 1325 5117 rebelles
1357 5073 1635 5120 vocamur,
1675 5070 1799 5125 pos-

197 5163 371 5217 simus
394 5159 689 5215 moderatis
711 5158 983 5229 judicibns
1008 5161 1407 5225 obtemperare.
1434 5150 1710 5209 Adversus
1736 5164 1797 5203 ea

198 5252 457 5310 Nicolaus
509 5266 607 5321 pro
638 5250 904 5306 Archelao
946 5248 1314 5319 respondens,
1348 5243 1800 5315 inquietissimam

200 5346 476 5401 nationem
528 5344 831 5400 inSoleutiae
880 5358 994 5397 suae
1042 5342 1276 5395 asseruit
1323 5353 1510 5410 ptenas
1537 5334 1801 5390 dedisse:

205 5457 272 5497 ne
305 5442 431 5495 hinc
475 5438 816 5511 potissimum
848 5436 1148 5491 Archelaus
1188 5433 1394 5487 invidia
1424 5426 1806 5486 inexcusabilis

206 5536 455 5592 criminis
483 5541 859 5590 accerseretur
881 5573 895 5598 ,
928 5533 971 5588 si
1004 5546 1098 5602 per
1125 5529 1449 5585 seditionem
1482 5539 1668 5597 pacem
1697 5530 1812 5577 tur-

283 5728 307 5792 ξι
344 5716 569 5792 Injusto.
602 5715 769 5792 BA_RR.

280 5788 311 5829 δ
340 5788 427 5847 Al}
458 5800 646 5843 tamen.
674 5790 745 5846 in.

1899 4681 2056 4737 drum
2076 4725 2091 4749 ,
2120 4691 2174 4738 et
2201 4694 2423 4753 propter
2468 4683 2902 4739 misericordiam
2955 4684 3024 4738 ab
3054 4682 3138 4737 his
3178 4680 3374 4751 quibus
3406 4695 3504 4737 ne.

1899 4775 2058 4830 candi
2109 4792 2307 4831 munus
2356 4779 2423 4832 ab
2491 4777 2705 4833 Herode
2760 4786 2911 4847 patre
2960 4775 3272 4830 mandatum
3325 4772 3507 4838 foret.

1901 4869 2210 4941 subrogatis
2250 4872 2372 4926 aliis
2400 4872 2452 4926 in
2476 4872 2654 4927 locum
2685 4888 2840 4928 suum
2860 4913 2874 4936 ,
2906 4887 3027 4928 cum
3058 4870 3223 4926 fratre
3252 4884 3352 4924 suo
3383 4868 3505 4924 Aric

1901 4962 2121 5018 stobnlo
2150 4963 2432 5019 dimissum
2451 5006 2463 5027 ,
2499 4965 2739 5021 Miletum
2789 4966 2980 5036 petiit,
3006 4973 3064 5020 et
3090 4964 3215 5019 inde
3244 4962 3471 5018 Romam
3493 5002 3508 5026 ,

1902 5070 2011 5124 quo
2060 5055 2334 5113 difﬁcilius
2372 5058 2512 5128 apud
2559 5060 2866 5129 incognitus
2912 5067 3359 5129 cognosceretur.
3408 5054 3508 5113 Ubi

1904 5147 2062 5203 facile
2109 5149 2327 5206 Jndzeos
2374 5153 2449 5208 ad
2490 5169 2670 5207 rerum
2725 5153 3020 5207 novitatem
3076 5150 3512 5222 promptissimos

1906 5241 2285 5299 excitaverat:
2330 5245 2431 5300 nisi
2482 5254 2765 5315 comperto
2793 5261 2896 5311 eo,
2928 5245 3113 5301 Caesar
3161 5244 3228 5299 ad
3276 5259 3336 5298 se
3385 5256 3511 5300 eum

1910 5333 2134 5404 perduci
2178 5338 2333 5391 ocius
2378 5353 2473 5407 per
2498 5338 2763 5392 Celadum
2797 5339 3118 5405 quemdam,
3148 5336 3234 5405 qui
3266 5334 3517 5390 Alexan-

1910 5428 2068 5484 drum
2102 5430 2257 5498 plene
2282 5442 2540 5495 noverat,
2577 5435 2949 5501 praecepisset.
2983 5429 3216 5485 Celadns
3248 5426 3335 5479 tibi
3360 5425 3520 5496 juveu-

1916 5537 2038 5576 nem
2071 5522 2221 5586 vidit,
2256 5523 2613 5579 similitudine
2640 5524 2901 5595 deceptus
2929 5523 3216 5577 hicsitavit.
3255 5517 3361 5574 Sed
3391 5517 3519 5572 reli-

1994 5715 2016 5813 ξ
2046 5703 2308 5830 iri-vatur.
2344 5702 2409 5827 ['th
2442 5702 2601 5771 paulo
2623 5703 2979 5773 postsereavit
2995 5715 3091 5771 pro
3111 5698 3402 5756 servaverit.
3438 5696 3510 5754 in.

1994 5789 1998 5811 '
2094 5784 2318 5830 cautum.
2376 5791 2426 5829 Β.

1989 5784 2012 5813 ιι
2047 5784 2318 5847 Legatum.
2353 5784 2426 5829 In.
