3964 6310
493 251 636 311 9.039

1823 251 2068 310 SANCTI
2107 252 2428 312 AMBROSII

3666 264 3803 323 9040

493 381 597 438 qua
630 366 962 439 perspiciens
987 366 1182 424 indicia
1210 379 1322 423 non
1353 364 1681 433 convenire,
1709 366 1962 436 quaesivit
2005 367 2095 424 ubi
2125 369 2176 430 A
2200 377 2378 426 morte
2416 369 2668 444 implevit
2710 376 2982 431 somnium
3027 388 3205 432 suum.
3233 375 3584 450 Principatus
3626 381 3806 454 gentis

494 473 643 521 esset
692 463 1034 520 Aristobulus
1067 471 1164 517 :at
1201 460 1297 517 ille
1341 463 1394 515 in
1441 458 1621 532 Cypro
1666 457 1841 515 insula
1897 460 2098 533 degere

495 557 760 625 asseruit,
789 564 1072 612 caventem
1103 553 1350 621 insidias,
1383 568 1450 609 eo
1479 552 1624 625 quod
1649 553 1931 624 conjuncti
1956 554 2097 610 inter

491 664 552 706 se
580 648 773 705 fratres
806 648 1016 710 facilius
1047 648 1545 718 exstinguerentur.
1574 645 1781 703 Deinde
1821 646 1888 702 ad
1917 646 2097 703 Caesa-

490 758 609 800 rem
639 742 904 800 deductus
928 786 944 810 ,
972 743 1187 813 aperuit
1234 742 1384 798 illico
1416 741 1741 812 impunitate
1790 742 2053 813 promissa
2078 785 2093 812 ,

492 840 688 896 fretum
717 854 777 895 se
808 841 991 911 specie
1018 839 1412 908 similitudinis,
1443 839 1587 911 quod
1620 848 1767 895 esset
1792 839 2097 897 Alexander

491 935 781 990 simulasse
803 977 817 995 .
852 944 913 989 ut
960 935 1378 991 innumerabilia
1416 950 1639 991 munera
1673 935 1742 990 ibi
1773 936 1925 1007 quasi
1953 937 2097 1008 regis

494 1028 637 1083 filius
681 1046 709 1081 a
761 1027 967 1083 Iudaeis
1016 1039 1464 1099 consequeretur.
1499 1029 1682 1083 Caesar
1726 1027 1906 1083 dolum
1940 1028 2093 1096 risit,

489 1121 587 1175 sed
634 1130 687 1175 et
735 1122 909 1188 ipsum
965 1122 1258 1176 immunem
1303 1120 1502 1176 dimitti
1546 1120 1734 1191 jubet,
1764 1131 1818 1177 et
1865 1136 1958 1175 eos
2003 1122 2093 1192 qui

489 1214 631 1269 ultra
663 1216 931 1284 privatum
965 1216 1183 1270 modum
1232 1215 1385 1286 quasi
1415 1213 1560 1287 regis
1588 1214 1698 1269 filio
1749 1214 2091 1283 detulerant;

488 1306 623 1361 satis
670 1306 959 1363 mulctatos
1003 1321 1125 1363 esse
1175 1308 1582 1378 pronuntiavit,
1610 1308 1754 1379 quod
1807 1307 2094 1379 superﬂuis

488 1400 797 1470 sumptibus
823 1399 1028 1455 infinita
1051 1400 1336 1472 dispendia
1366 1400 1766 1456 toleravissent.
1793 1398 2095 1457 Archelaus

489 1501 672 1548 autem
713 1493 987 1563 profectus
1037 1494 1093 1548 in
1137 1492 1379 1549 Iudaeam
1431 1502 1653 1565 propter
1699 1494 2093 1550 obscenitatem

491 1601 702 1642 morum
736 1594 791 1642 et
818 1587 1162 1643 insolentiam
1195 1598 1479 1644 accusatus
1506 1586 1646 1660 apud
1678 1587 1973 1658 Caesarem,
2002 1604 2095 1646 co-

486 1679 636 1748 gnita
682 1679 822 1735 inter
857 1688 1038 1750 partes
1067 1694 1261 1747 causa,
1287 1679 1556 1736 Viennam
1588 1679 1861 1753 relegatur
1884 1722 1899 1747 ,
1928 1696 2091 1753 opes-

2200 462 2292 534 qui
2336 463 2404 518 ad
2434 464 2761 522 Archelaum
2807 468 3146 540 pertinebat,
3172 483 3473 528 conversus
3501 481 3592 530 est
3617 475 3667 529 in
3712 490 3811 530 no—

2201 571 2324 613 men
2372 559 2701 629 provincize;
2732 577 2841 635 quo
2892 564 3111 621 nomine
3145 563 3418 636 Romani,
3445 583 3574 624 cum
3626 570 3681 626 in
3719 572 3809 640 jus

2198 662 2357 705 suum
2387 648 2653 709 vincendo
2683 654 2992 725 redigerent
3037 656 3226 726 procul
3259 659 3466 729 positas
3512 660 3771 732 regiones
3792 703 3807 729 ,

2200 743 2507 811 provincias
2548 746 2978 818 appellaverunt.
3012 749 3327 808 Manserunt
3375 763 3558 811 tamen
3612 765 3811 814 tetrar-

2154 892 2159 899 ,
2198 833 2354 904 clue,
2387 846 2444 893 ut
2492 848 2649 895 erant
2694 840 2977 913 Philippus
3025 851 3081 900 et
3122 844 3364 903 Herodes
3410 855 3623 904 mutato
3646 864 3811 906 voca-

2199 927 2357 996 bulo,
2390 930 2514 1000 quia
2565 933 2792 1003 Antipas
2840 934 2990 1005 prius
3036 937 3468 1008 nuncupabatur.
3512 939 3647 996 Nam
3703 941 3807 997 Sa-

2199 1020 2342 1078 lome
2370 1023 2629 1093 moriens,
2657 1025 2775 1081 loca
2801 1042 2921 1099 quae
2949 1036 3227 1097 tenuerat,
3256 1039 3311 1086 et
3339 1041 3665 1103 potestatem
3693 1048 3809 1089 sua:

2198 1117 2376 1191 gentis
2405 1129 2429 1158 ε
2460 1118 2647 1192 Libya:
2695 1122 2851 1178 uxori
2901 1118 3133 1179 Cmsaris
3172 1124 3566 1198 dereliquerat.
3598 1127 3649 1183 Is
3695 1140 3809 1185 sta-

2200 1222 2289 1269 tus
2315 1220 2434 1268 erat
2458 1211 2682 1281 Iudaeae,
2713 1214 2929 1285 quando
2958 1216 3143 1272 Caesar
3171 1216 3465 1275 defunctus
3492 1230 3579 1276 est
3608 1220 3809 1277 :relin-

2196 1319 2371 1376 quens
2399 1304 2676 1362 Tiberium
2721 1307 3027 1380 privignum
3077 1324 3233 1366 suum
3276 1310 3462 1385 Libym
3510 1315 3696 1371 uxoris
3744 1315 3806 1370 fi-

2198 1398 2330 1454 lium
2373 1415 2441 1455 ex
2492 1400 2780 1471 superiore
2840 1403 3084 1473 genitum
3145 1402 3376 1476 conjuge
3425 1419 3803 1463 successorem

2199 1491 2427 1547 Romani
2476 1493 2691 1564 imperii
2738 1511 2752 1548 :
2804 1493 2960 1565 cujus
3008 1494 3064 1550 in
3127 1494 3391 1553 honorem
3458 1497 3802 1555 Tiberiadcm

2199 1583 2442 1641 Herodes
2467 1584 2729 1642 condidit.
2764 1585 3043 1659 Philippus
3090 1603 3305 1660 quoque
3335 1589 3565 1663 Libyam
3615 1592 3801 1647 urbem

2196 1680 2388 1734 matris
2418 1679 2537 1748 ejus
2562 1679 2830 1736 vocabulo
2875 1681 3292 1752 nuncupandum
3323 1683 3556 1754 putavit.
3588 1683 3653 1739 Et
3678 1684 3803 1755 quia

487 1788 593 1844 que
642 1772 762 1843 ejus
811 1773 1080 1829 thesauris
1127 1773 1358 1830 Caesaris
1386 1776 1671 1831 associata:
1707 1794 1721 1832 :
1760 1776 1863 1831 hoc
1901 1777 2094 1833 merito
2126 1774 2175 1836 B
2202 1771 2535 1841 propositum
2581 1770 2737 1829 nobis
2780 1780 2864 1829 est
2891 1774 3108 1844 aperire
3144 1788 3371 1844 causas,
3400 1775 3602 1846 quibus
3632 1790 3799 1847 popu-

486 1867 719 1938 pretium
773 1867 895 1936 luit,
926 1869 1020 1940 qui
1051 1883 1153 1925 nec
1187 1884 1217 1923 a
1274 1868 1458 1925 fratris
1487 1868 1570 1924 sui
1597 1868 1840 1939 germani
1866 1870 2097 1941 conjuge

489 1976 615 2018 suas
659 1973 1059 2034 compresserat
1106 1964 1447 2036 cupiditates.
1476 1962 1612 2020 Nam
1654 1964 1743 2020 ubi
1788 1965 2096 2022 Alexander

488 2054 657 2123 obiit,
693 2057 860 2126 patris
901 2055 1131 2127 imperio
1180 2059 1299 2113 neci
1341 2056 1603 2126 traditus,
1638 2056 1910 2131 Glaphyro
1960 2074 2097 2115 uxor

489 2149 607 2220 ejus
662 2150 935 2206 Archelao
978 2166 1106 2223 rege
1152 2149 1534 2223 Cappadocum
1583 2153 1794 2224 genita,
1837 2153 2096 2224 quemad-

488 2245 709 2300 modum
758 2261 924 2317 supra
971 2247 1423 2315 memoravimus,
1464 2247 1663 2319 Libyes
1705 2249 1819 2318 regi
1872 2248 1900 2278 “
1945 2247 2095 2303 Tibae

488 2336 747 2393 secundis
775 2346 861 2394 est
889 2339 1137 2410 copulata
1184 2339 1410 2411 nuptiis.
1442 2340 1561 2407 Quo
1590 2340 1847 2398 defuncto
1867 2384 1883 2411 ,
1913 2357 2094 2399 rever-

488 2431 620 2485 titur
644 2430 711 2486 ad
744 2438 950 2501 patrem
984 2451 997 2486 :
1030 2432 1142 2487 illic
1170 2447 1290 2488 eam
1337 2433 1734 2505 contemplatus
1759 2434 2056 2492 Archelaus
2077 2479 2091 2503 ,

487 2522 633 2593 quod
680 2522 900 2579 fratrem
935 2525 1146 2588 mariti,
1182 2524 1417 2580 ﬁliorum
1468 2534 1718 2596 patruum
1744 2566 1760 2593 ,
1797 2527 1937 2584 haud
1964 2544 2096 2600 qua-

486 2634 650 2690 quam
699 2620 784 2690 pie
835 2618 1210 2691 refugiendum
1257 2622 1647 2690 arbitraretur,
1699 2624 1770 2679 ita
1840 2624 2093 2697 deperire

485 2713 674 2785 erepit,
708 2722 764 2769 ut
795 2729 1018 2771 uxorem
1050 2713 1310 2784 dejiceret
1338 2716 1692 2774 Mariamnem
1716 2759 1732 2783 ,
1764 2726 1821 2774 et
1846 2717 2092 2792 Glaphy-

489 2821 606 2862 ram
651 2806 709 2861 in
760 2807 937 2863 locum
976 2808 1123 2864 illius
1170 2809 1549 2867 subStitueret.
1590 2811 1709 2868 Non
1756 2812 1929 2868 multo
1971 2821 2096 2884 post

487 2898 578 2955 ubi
608 2899 805 2954 mulier
847 2900 899 2954 in
930 2900 1174 2956 Judmam
1206 2901 1408 2971 rediit,
1438 2903 1573 2960 vidit
1600 2904 1653 2960 in
1699 2905 1928 2961 somniis
1969 2905 2094 2960 Ale-

488 2990 791 3060 xandrum,
842 3000 898 3048 et
946 2994 1237 3064 complecti
1283 2994 1634 3053 desideravit.
1688 2998 1759 3054 At
1810 2998 1904 3056 ille
1945 2998 2090 3054 indi-

486 3086 672 3157 gnanti
717 3084 949 3155 similis,
997 3101 1029 3142 a
1070 3087 1358 3157 complexu
1409 3088 1666 3160 refugus,
1693 3089 1842 3147 visus
1886 3099 1970 3148 est
2008 3092 2093 3147 di-

2199 1864 2281 1921 lus
2310 1864 2628 1922 Iudaeorum
2682 1882 2711 1923 a
2761 1866 3007 1922 Romano
3055 1868 3285 1939 imperio
3311 1868 3642 1940 desciverit,
3675 1869 3803 1925 sibi-

2197 1975 2303 2031 que
2332 1959 2560 2017 exitium
2589 1961 3004 2027 acceleraverit,
3036 1960 3269 2018 Pilatum
3320 1963 3620 2034 provincia:
3663 1977 3802 2034 pra:-

2197 2051 2369 2108 sidem
2419 2051 2634 2108 initium
2684 2052 2859 2109 ruinae
2907 2052 3127 2110 dedisse
3170 2067 3261 2111 res
3287 2053 3496 2110 indicat
3527 2054 3801 2125 :quandoc

2196 2145 2415 2217 quidem
2448 2142 2682 2202 Caesaris
2729 2145 2996 2218 imagines
3040 2146 3555 2220 Ilierosolymitanis
3599 2146 3801 2203 mdibus

2199 2238 2387 2296 inferri
2429 2240 2639 2312 primus
2686 2239 2930 2297 omnium
2960 2256 3068 2298 non
3098 2240 3452 2299 dubitaverit.
3482 2242 3601 2311 Quo
3626 2252 3798 2298 motus

2199 2334 2428 2406 populus
2471 2348 2595 2390 cum
2624 2334 2940 2401 resisteret,
2968 2343 3131 2407 atque
3159 2334 3254 2390 ille
3288 2333 3633 2406 recipiendas
3662 2333 3795 2389 ima-

2195 2427 2350 2499 gines
2393 2435 2676 2495 censeret,
2725 2427 2992 2499 plurimos
3037 2428 3094 2484 in
3138 2435 3370 2485 mortem
3422 2428 3623 2499 coegit.
3665 2428 3794 2483 Dum

2196 2521 2316 2578 haec
2360 2522 2414 2578 in
2461 2520 2646 2579 Iudaea
2685 2531 2984 2595 geruntur,
3017 2523 3256 2595 Agrippa
3302 2521 3616 2590 Aristobuli,
3660 2521 3795 2577 filius

2197 2614 2423 2672 Romam
2453 2616 2710 2685 advenit,
2743 2618 2968 2688 cupiens
3013 2615 3276 2672 adversus
3309 2615 3581 2672 llcrodem
3611 2623 3795 2671 tetrar-

2196 2707 2354 2764 cham
2377 2708 2520 2780 apud
2542 2708 2817 2766 Tiberium
2845 2708 3052 2779 judicio
3077 2708 3410 2765 contendere
3437 2725 3452 2764 :
3486 2707 3586 2765 sed
3608 2708 3794 2780 despe-

2195 2808 2315 2855 ctus
2366 2814 2396 2854 a
2424 2799 2646 2857 Tiberio
2689 2815 2810 2856 cum
2856 2799 3049 2856 Romae
3095 2799 3350 2870 degeret,
3395 2799 3658 2871 plurimos
3694 2799 3793 2856 sibi

2196 2894 2427 2952 adscivit
2453 2895 2520 2951 ad
2548 2895 2843 2951 amicitiam
2875 2911 2889 2949 ε
2922 2902 2978 2950 et
3015 2895 3256 2951 maxime
3294 2892 3607 2951 Germanici
3632 2893 3793 2949 tilium

2195 2989 2416 3055 Caium,
2458 3005 2620 3061 quem
2669 2990 2784 3047 sive
2834 2990 3041 3062 paterni
3092 2989 3330 3047 nominis
3377 2989 3555 3061 gratia
3601 2986 3795 3045 amabi-

2196 3083 2302 3139 lem
2328 3084 2561 3155 populo,
2589 3099 2685 3140 seu
2737 3085 2870 3155 regii
2909 3084 3128 3156 generis
3156 3085 3568 3156 propinquitate
3614 3083 3793 3156 proxi-

486 3192 613 3234 cere
642 3195 655 3231 :
688 3177 812 3234 Eme
840 3186 953 3246 est,
985 3178 1259 3252 Glaphyra
1280 3221 1295 3246 ,
1329 3181 1585 3250 promissi
1616 3180 1792 3237 ﬁdes?
1820 3182 1898 3237 Ita
1943 3197 2094 3240 amo-
2118 3162 2165 3227 ε
2199 3193 2346 3234 mum
2374 3178 2607 3248 imperio
2632 3188 2815 3247 ratus,
2846 3194 2912 3235 an
2943 3178 3177 3251 quodam
3210 3181 3479 3251 praesagio
3504 3179 3793 3236 studiosius

488 3284 577 3326 res
605 3286 732 3343 erga
765 3280 819 3328 te
849 3274 1080 3329 servasti
1113 3288 1285 3340 meos,
1310 3289 1540 3345 quorum
1562 3289 1863 3333 memorem
1891 3286 1942 3333 te
1967 3293 2090 3335 esse

487 3364 765 3433 oportuit?
794 3364 902 3420 Sed
948 3374 1064 3421 esto
1085 3409 1101 3433 ,
1129 3364 1535 3423 adulescentula
1576 3369 1844 3425 secundas
1872 3370 2090 3441 nuptias

487 3468 595 3508 non
644 3454 952 3526 refugeras,
985 3459 1149 3513 etiam
1196 3475 1266 3515 ne
1293 3461 1519 3528 tertias,
1547 3460 1708 3517 etiam
1758 3478 1825 3518 ne
1869 3464 2087 3520 fratrem

486 3545 669 3601 mariti
709 3558 968 3618 appetere
992 3549 1294 3607 debueras?
1326 3551 1401 3605 lta
1436 3559 1489 3607 te
1516 3567 1635 3607 utea
1681 3553 1979 3610 delectavit
2010 3556 2091 3610 in-

481 3638 622 3710 juria
656 3649 714 3695 ut
761 3641 813 3695 in
863 3656 1039 3698 meam
1085 3641 1306 3698 domum
1357 3644 1519 3700 tertio
1552 3652 1720 3715 nupta
1743 3647 1959 3717 conjugi
2000 3661 2089 3702 re-

485 3747 673 3788 meare
720 3749 826 3789 non
857 3734 1252 3791 erubesceres?
1281 3734 1391 3792 Sed
1417 3734 1550 3791 mihi
1578 3750 1725 3791 curae
1748 3778 1763 3803 ,
1793 3751 1863 3793 ne
1884 3737 2089 3793 diutius

484 3836 704 3883 maneat
730 3827 1055 3883 contumelia
1088 3843 1240 3896 mea,
1279 3829 1638 3902 contagioqne
1665 3840 1755 3887 tua
1787 3847 1801 3884 :
1833 3846 1939 3888 nec
1968 3831 2089 3888 lon-

483 3934 610 3989 gum
641 3919 909 3976 lmtabitur
938 3919 1166 3978 fraterni
1208 3922 1446 3979 incestus
1494 3922 1851 3980 matrimonii.
1881 3925 2088 3981 Exsur-

484 4012 625 4068 rexit
657 4012 879 4077 mulier,
914 4020 971 4068 et
999 4012 1355 4072 familiaribus
1379 4017 1622 4072 narravit
1665 4017 1937 4072 somnium
1957 4059 1972 4085 ,
1996 4028 2083 4072 at-

484 4117 590 4172 que
639 4102 753 4171 ipsa
802 4103 968 4158 biduo
1014 4113 1138 4174 post
1183 4105 1471 4172 defuncta,
1519 4106 1678 4162 fidem
1731 4107 1894 4176 fecit,
1945 4108 2085 4179 quod

486 4194 800 4266 bujusmodi
848 4196 1097 4269 conjugia
1119 4240 1134 4265 ,
1162 4213 1264 4255 nec
1290 4200 1536 4256 vivorum
1584 4201 1794 4272 legibus
1823 4200 1851 4240 ι)
1898 4204 2083 4273 punita

483 4295 642 4354 sunt,
672 4302 775 4344 nec
796 4297 1133 4345 mortuorum
1162 4290 1549 4348 voluntatibus.

1124 4380 1356 4440 CAPUT
1395 4382 1484 4440 Ill.

552 4476 675 4549 Ipse
723 4490 941 4550 quoque
988 4475 1290 4534 Archelaus
1339 4478 1474 4534 vidit
1521 4479 1574 4534 in
1624 4481 1853 4537 somniis
1900 4482 2080 4553 Spicas

2195 3271 2517 3340 excolebat,
2549 3288 2711 3345 quam
2755 3274 2839 3328 vel
2869 3274 3051 3330 aetatis
3072 3316 3088 3344 ,
3118 3273 3205 3330 vel
3248 3272 3476 3330 honoris
3523 3273 3643 3346 ejus
3666 3272 3792 3329 ratio

2197 3368 2534 3441 patiebatur;
2562 3367 2636 3424 ita
2679 3377 2737 3425 ut
2784 3368 3021 3440 quodam
3069 3369 3157 3425 die
3203 3383 3396 3425 manus
3439 3369 3664 3425 elevans
3705 3366 3790 3423 de-

2195 3471 2540 3535 precaretur,
2595 3471 2655 3518 ut
2712 3465 2981 3520 maturius
3025 3462 3248 3520 Tiberio
3312 3472 3567 3531 mortuo,
3613 3462 3787 3519 Caium

2192 3556 2404 3612 videret
2449 3556 2853 3627 imperatorem.
2904 3556 3024 3627 Quo
3072 3555 3289 3627 prodito
3337 3571 3436 3628 per
3494 3555 3785 3629 Eutychum

2193 3650 2446 3707 libertum
2491 3665 2680 3718 suum,
2733 3652 2972 3724 Agrippa
3014 3652 3171 3724 jussu
3218 3650 3426 3709 Tiberii
3478 3653 3531 3708 in
3587 3650 3786 3708 vincula

2191 3742 2441 3809 ducitur,
2487 3751 2543 3800 et
2586 3743 2844 3815 gravibus
2888 3743 3062 3799 modis
3105 3744 3487 3811 excruciatur,
3518 3758 3627 3802 non
3670 3751 3784 3797 ante

2190 3835 2470 3905 dimissus,
2498 3851 2658 3908 quam
2688 3836 2944 3892 Tiberius
2970 3835 3113 3893 diem
3140 3835 3439 3892 clauderet.
3467 3834 3637 3906 Cujus
3658 3845 3782 3891 tem-

2191 3945 2322 4002 pora
2352 3930 2496 3988 fteda
2531 3931 2776 3987 ludibriis
2799 3927 2826 3968 ά
2852 3946 3246 4003 caprarumque
3273 3944 3559 4000 secessus,
3588 3929 3782 4002 ignavia

2191 4024 2549 4082 intolerabilis
2578 4044 2590 4080 :
2618 4025 2823 4082 nullum
2850 4035 3031 4083 tamen
3060 4024 3299 4082 efficacis
3325 4025 3503 4082 virum
3533 4025 3705 4097 operis
3732 4024 3778 4078 in

2189 4133 2380 4176 necem
2404 4119 2523 4191 ejus
2565 4120 2972 4190 excitaverunt,
3004 4121 3265 4189 recentis,
3288 4130 3350 4177 ut
3394 4121 3652 4185 arbitror,
3682 4118 3779 4174 Ro-

2189 4214 2335 4269 mani
2393 4215 2604 4284 imperii
2652 4215 2990 4284 reverentia,
3039 4215 3155 4271 sive
3202 4224 3415 4272 terrore
3482 4214 3775 4273 srevissimaz

2188 4305 2561 4376 crudelitatis,
2593 4308 2718 4379 quia
2751 4307 3070 4380 plerumque
3094 4307 3362 4378 asperitas
3402 4323 3514 4381 quo
3542 4310 3772 4383 gravior,

2187 4414 2256 4454 eo
2284 4399 2450 4455 tutior
2471 4410 2578 4457 est.

2792 4495 3024 4554 CAPUT
3075 4496 3168 4555 IV.

484 4586 680 4629 novem
700 4615 716 4641 ,
750 4574 940 4645 plenas
964 4580 1021 4630 et
1046 4585 1270 4644 magnas
1296 4586 1327 4627 a
1355 4572 1533 4629 bobus
1561 4574 1767 4630 vorari.
1796 4572 1895 4630 Cui
1930 4591 2082 4647 quze-
2110 4572 2168 4635 D
2262 4585 2341 4642 Eo
2399 4587 2776 4659 imperitante,
2854 4588 3122 4646 famosum
3187 4587 3482 4646 ludibrium
3554 4586 3774 4645 Paulina.

482 4667 664 4735 renti,
714 4665 998 4738 respondit
1045 4666 1315 4739 interpres
1366 4685 1379 4722 :
1428 4666 1634 4725 Novem
1682 4668 1851 4742 spicis
1891 4686 2085 4728 novem

480 4775 655 4816 annos
703 4760 943 4831 signari,
984 4761 1179 4830 quibus
1226 4770 1495 4833 potestate
1541 4778 1670 4819 usus
1722 4765 1794 4821 sit
1847 4766 2083 4822 maxima

481 4861 538 4909 et
583 4852 935 4924 amplissima.
963 4852 1119 4909 Nono
1163 4853 1346 4926 itaque
1397 4871 1542 4911 anno
1588 4856 1798 4926 imperii
1825 4858 1908 4914 sui
1956 4873 2083 4913 mu-

482 4948 740 5004 tationem
770 4948 949 5006 eidem
998 4948 1116 5004 fore
1143 4989 1159 5016 ,
1190 4964 1259 5006 eo
1302 4950 1444 5021 quod
1475 4950 1642 5006 boves
1685 4952 1775 5022 qui
1805 4966 1932 5007 arva
1959 4967 2084 5009 ara-

482 5048 568 5096 tro
612 5041 825 5097 soleant
872 5041 1266 5109 intervertere,
1296 5041 1653 5099 mutationem
1686 5044 1905 5115 signent
1934 5044 2086 5101 labo-

481 5131 716 5201 riosam,
763 5148 884 5204 qua:
931 5134 1159 5190 devoret
1201 5141 1364 5205 atque
1412 5134 1703 5192 absorbeat
1746 5137 1940 5193 merita
1988 5153 2083 5193 sn-

482 5227 718 5298 periora.
768 5226 861 5282 llis
926 5227 1108 5299 itaque
1156 5228 1419 5297 cognitis,
1469 5227 1658 5300 quinto
1709 5229 1800 5287 die
1847 5233 1999 5289 venit
2050 5250 2081 5290 a

479 5319 725 5388 Caesare,
760 5320 851 5391 qui
896 5334 1019 5375 eum
1069 5319 1137 5376 ad
1178 5319 1443 5391 judicium
1490 5320 1716 5379 Romam
1761 5323 2078 5384 deduceret.

478 5411 539 5468 In
589 5428 697 5484 quo
741 5413 1136 5470 condemnatus
1184 5422 1239 5470 et
1281 5424 1435 5471 actus
1484 5415 1538 5472 in
1584 5417 1867 5489 exsilium,
1916 5421 2080 5479 etiam

551 5581 581 5655 τ
608 5571 734 5628 Vet.
756 5570 1383 5655 codLTobwalosephus
1409 5574 1566 5655 lib._n
1593 5576 1658 5631 de
1684 5574 1975 5655 Bell._cap.
2006 5579 2074 5655 _6,

479 5643 642 5727 Iulia;
647 5641 1038 5727 .regiLLibyazi
1059 5651 1112 5699 et
1132 5641 1373 5727 Alibevu
1402 5647 1578 5717 Antiq.
1627 5661 1749 5719 cap.
1785 5649 1876 5720 18,
1920 5641 2077 5709 Ίαὺαὲ

476 5712 965 5836 refluum-ignaue.
998 5714 1165 5770 Bne.

630 5792 885 5852 mpumta.
912 5783 990 5839 II.

2190 4681 2577 4752 spectatissimi
2606 4681 2822 4755 generis
2869 4681 3087 4740 femina:
3128 4683 3320 4740 Romae
3360 4681 3774 4754 percelebratutn

2190 4781 2293 4828 est.
2342 4771 2475 4841 Quae
2538 4788 2660 4831 cum
2711 4776 2989 4848 egregiam
3053 4775 3323 4832 castitatis
3384 4774 3586 4832 famam
3646 4769 3774 4846 apud

2188 4879 2380 4921 omnes
2408 4866 2652 4936 haberet,
2681 4877 2826 4926 esset
2853 4873 3017 4926 etiam
3041 4869 3475 4941 praestantissimi
3502 4867 3711 4926 decoris
3728 4874 3775 4920 et

2189 4959 2481 5017 eminentis
2530 4963 2754 5033 gratiae,
2802 4973 3005 5019 tentata
3032 4963 3216 5021 Mundi
3264 4964 3537 5035 equestris
3584 4961 3773 5020 militia:

2191 5053 2347 5110 ducis
2390 5054 2946 5127 interpellationibus,
2999 5072 3104 5115 nec
3153 5057 3373 5123 inﬂexa,
3430 5058 3567 5114 vitio
3608 5056 3774 5113 nimim

2192 5145 2593 5216 superstitionis
2623 5147 2793 5217 patuit
2821 5147 2995 5204 errori
3026 5164 3040 5202 :
3071 5147 3305 5205 Mundus
3330 5163 3566 5221 namque
3598 5147 3776 5205 subor-

2191 5240 2332 5297 natis
2356 5239 2513 5298 Isidis
2554 5241 2929 5300 sacerdotibus
2951 5285 2966 5309 ,
2996 5244 3089 5315 qui
3135 5242 3283 5300 velut
3326 5244 3538 5302 Anubis
3573 5242 3640 5299 ad
3664 5254 3771 5299 eam

2189 5333 2444 5389 mandato
2491 5334 2825 5404 perferrent,
2853 5335 2997 5407 quod
3026 5351 3145 5392 eam
3191 5335 3259 5391 ad
3305 5335 3567 5407 templum
3595 5335 3771 5391 invitae

2185 5434 2310 5494 ret,
2337 5426 2662 5484 delectatum
2692 5443 2755 5486 se
2799 5428 2918 5501 ejus
2946 5428 3236 5486 sedulitate
3260 5436 3314 5485 et
3347 5428 3645 5501 pudicitia:
3682 5440 3765 5484 no.

2257 5596 2279 5658 (ξ
2311 5586 2566 5658 Intelligit
2588 5599 2819 5646 matrem
2843 5587 3067 5655 Tiberii,
3099 5586 3323 5645 Liuiam.
3351 5589 3426 5646 In.

2252 5655 2279 5694 ἀ
2310 5657 2387 5733 Ita
2416 5655 2570 5716 editi.
2600 5660 2670 5717 At
2698 5660 3048 5733 Capuamque
3086 5675 3294 5718 secessu
3320 5660 3606 5733 legendum
3626 5656 3758 5718 vide-

2182 5736 2287 5784 tur.
2317 5728 2593 5787 Cannae.
