3964 6314
126 327 234 386 204
245 329 263 385 I

1022 316 1293 377 HISTOR.
1338 314 1428 372 DE
1466 311 1745 372 EXCIDIO
1782 307 2058 368 HIEROS.
2102 306 2307 366 URBIS
2346 307 2476 365 LIB.
2518 308 2583 365 ll.

3311 308 3457 367 Ἦ)ιῆ

125 456 272 502 ctem
302 449 577 517 posceret
597 483 613 509 ,
640 439 843 497 habere
872 453 965 507 se,
995 436 1139 509 quod
1185 434 1365 493 eidem
1405 440 1621 490 secreto
1638 429 1752 487 vel-
1783 430 1839 492 Α
1861 427 1971 497 vio,
2006 426 2095 484 lex
2127 425 2452 499 llagitiorum
2488 434 2592 484 est.
2622 425 2706 484 Ab
2733 440 2801 485 eo
2818 426 3018 485 missus
3036 425 3240 483 Pilatus
3271 433 3357 483 est
3398 425 3454 483 in

126 540 203 597 let
246 537 636 595 conmittere.
666 533 824 604 Quod
874 533 965 589 illa
1004 530 1279 603 accipiens
1320 528 1440 585 laeta
1473 526 1540 583 ad
1584 523 1751 581 mari-
1855 518 2103 578 Judream
2152 518 2240 575 vir
2287 518 2600 590 improbus;
2662 528 2826 590 atque
2886 519 2939 575 in
2988 519 3186 591 exiguo
3243 531 3454 589 ponens

126 640 241 687 tum
293 629 538 696 detulit,
567 628 729 684 deum
777 625 891 682 suis
937 626 1132 681 adesse
1156 623 1337 692 votis,
1367 621 1437 679 ab
1483 635 1552 678 eo
1596 633 1749 676 suam

126 721 285 794 posci
318 720 705 792 prtesentiam,
729 732 930 790 negare
950 731 1012 774 se
1038 732 1146 773 non
1169 728 1331 788 posse
1360 712 1749 771 obedientiam.

126 813 318 885 Itaque
363 820 422 867 et
470 827 541 868 ex
591 825 687 866 sua
726 820 783 866 et
830 824 898 866 ex
927 808 1104 865 mariti
1143 807 1413 865 sententia
1459 804 1638 877 pergit
1681 802 1749 860 ad

126 907 398 979 templum
455 905 651 972 Isidis,
677 913 892 962 noctem
941 902 1149 975 exigit,
1181 902 1516 973 remotisque
1558 898 1747 983 procul

125 1002 356 1060 arbitris
378 1045 393 1068 ,
423 1001 586 1075 quasi
632 1002 775 1058 sacri
805 1000 1174 1072 cognitionem
1229 997 1478 1072 mysterii
1524 1011 1749 1069 percep-

125 1105 278 1162 tura,
311 1110 443 1151 sese
505 1093 690 1150 stratis
719 1092 1032 1165 composuit
1072 1092 1222 1162 suis,
1254 1091 1531 1147 aestimans
1551 1131 1567 1160 ,
1596 1088 1746 1161 quod

123 1186 193 1245 ad
221 1202 347 1244 eam
380 1187 530 1244 deus
558 1201 689 1243 suus
718 1186 774 1243 in
805 1186 1038 1243 somniis
1089 1184 1335 1252 veniret,
1369 1194 1425 1241 et
1453 1197 1555 1255 per
1581 1183 1746 1238 visio-

123 1297 251 1340 nem
282 1297 415 1340 sese
443 1283 497 1339 ei
526 1282 949 1339 demonstraret.
985 1281 1187 1336 Verum
1221 1279 1312 1336 ubi
1339 1279 1542 1350 aliquid
1566 1277 1745 1335 noctis

128 1380 440 1451 processit,
476 1394 588 1450 quo
632 1378 847 1435 facilius
878 1377 1075 1434 mulier
1125 1378 1281 1448 plena
1311 1385 1337 1415 α
1368 1376 1566 1433 somnii
1596 1375 1745 1431 deci-

124 1482 377 1543 peretur,
434 1471 672 1528 Mundus
702 1481 982 1541 assumpto
1026 1469 1181 1527 vultu
1210 1468 1421 1527 Anubis
1452 1468 1744 1540 habituque

125 1564 353 1620 advenit
377 1605 393 1630 ,
430 1563 763 1620 vestimenta
793 1563 1028 1631 allevat,
1061 1564 1113 1619 in
1142 1562 1330 1619 oscula
1372 1561 1500 1617 ruit.
1536 1560 1744 1630 Eriper-

122 1655 352 1729 gefacta:
385 1657 611 1713 mulieri
637 1656 886 1713 Anubem
916 1670 976 1712 se
1004 1669 1130 1712 esse
1157 1655 1324 1723 dicit,
1355 1653 1561 1710 vultum
1590 1652 1741 1708 Anu-

1854 614 2222 680 mendacium,
2272 614 2630 672 circumvenit
2670 613 3078 681 Samaritanos,
3122 623 3178 670 ut
3210 622 3451 671 montem

1853 707 1938 764 cui
1970 721 2168 763 nomen
2201 705 2389 777 Gadir,
2422 716 2669 780 peterent
2700 725 2714 764 :
2757 716 2876 766 erat
2920 708 3069 765 enim
3112 706 3224 764 illis
3263 721 3452 764 sacra-

1854 810 1976 869 tus,
2028 815 2095 857 eo
2139 798 2284 873 quod
2336 799 2501 858 vellet
2554 816 2745 859 eorum
2786 802 3050 875 mysteria
3092 815 3448 875 cognoscere.

1851 892 1921 949 Et
1981 893 2319 961 ascendens,
2380 894 2636 966 populum
2686 895 2951 967 praevenit
3001 896 3281 968 equitatu,
3349 909 3444 966 pe.

1849 987 2127 1059 destrique
2153 988 2393 1044 exercitu
2423 989 2652 1055 stravit,
2694 988 2985 1062 amotoque
3012 990 3267 1057 crimine,
3306 987 3452 1061 quod

1849 1095 1881 1137 a
1903 1080 2165 1137 Romanis
2190 1080 2509 1149 discedere,
2549 1089 2607 1137 et
2645 1082 3066 1138 conciliabulum
3106 1082 3210 1138 sibi
3239 1096 3450 1154 qurere-

1848 1188 1911 1229 re
1941 1180 2358 1243 prteparassent.
2381 1171 2519 1241 Quid
2547 1173 2692 1229 enim
2730 1188 2837 1229 non
2869 1174 3124 1243 auderet,
3157 1175 3248 1246 qui
3279 1174 3445 1231 etiam

1846 1263 2125 1321 Christum
2146 1264 2436 1321 Dominum
2465 1264 2533 1320 ad
2569 1264 2805 1321 salutem
2831 1266 3053 1322 humani
3084 1266 3307 1337 generis
3352 1267 3448 1322 ad-

1847 1358 2195 1425 venientem,
2241 1358 2429 1415 multis
2460 1367 2532 1415 'et
2571 1358 2770 1415 divinis
2809 1360 3071 1431 operibus
3120 1358 3453 1432 profunden-

1847 1457 1956 1507 tem
1995 1451 2047 1506 in
2097 1450 2347 1507 homines
2392 1451 2781 1509 misericorditc
2821 1467 2934 1509 sua:
2970 1454 3237 1526 gratiam,
3287 1452 3450 1510 nihil-

1843 1560 1951 1614 que
1980 1543 2127 1600 aliud
2148 1543 2463 1611 docentem,
2514 1545 2618 1601 nisi
2665 1544 2811 1617 quod
2856 1546 3091 1617 primum
3117 1546 3273 1616 Deo,.
3294 1548 3449 1603 dein-

1843 1640 1912 1696 de
1941 1639 2372 1711 imperatoribus
2409 1638 2620 1696 faceret
2648 1641 2879 1713 populos
2903 1640 3220 1698 obedientes
3241 1682 3260 1711 ,
3304 1643 3455 1700 cruci

123 1750 205 1807 his
235 1750 540 1821 ρι-ωιθηάίι
573 1769 587 1806 ε
618 1750 709 1806 illa
747 1748 909 1806 deum
958 1748 1221 1818 credidit,
1254 1750 1468 1805 beatam
1512 1763 1574 1805 se
1618 1762 1740 1805 esse
1843 1735 2151 1795 sullixerit?
2185 1738 2557 1809 Demensque,
2604 1738 2695 1809 qui
2726 1736 2975 1793 minister
3011 1745 3160 1794 esset
3199 1736 3451 1808 sacrilegi

121 1845 355 1913 asserit,
394 1844 548 1916 quod
595 1859 715 1901 eam
761 1844 1014 1915 dignams
1045 1844 1117 1900 sit
1146 1844 1372 1900 vigilare
1414 1844 1550 1900 deus
1588 1857 1740 1898 suus,
1776 1835 1824 1897 B
1850 1829 2075 1901 furoris,
2120 1841 2177 1887 ill
2202 1831 2534 1889 interficeret
2561 1840 2838 1890 auctorem
2869 1831 3083 1888 salutis.
3111 1832 3191 1888 EX
3223 1832 3319 1889 illo
3349 1832 3452 1887 ita-

124 1936 456 2009 Amplexum
489 1937 703 2009 petenti
738 1954 844 1993 non
878 1944 1038 2007 negat
1070 1954 1083 1991 :
1118 1935 1287 1993 refert
1317 1945 1528 2001 tamen,
1560 1945 1740 1991 utrum
1844 1942 1948 1997 que
1987 1926 2297 1983 Judmorum
2338 1942 2426 1983 res
2468 1926 2715 1998 proditar,
2756 1941 2825 1983 ex
2872 1926 2966 1983 illo
3002 1926 3230 1982 exitium
3262 1926 3433 1999 genti,

122 2032 255 2089 deus
304 2031 488 2102 possit
536 2030 746 2088 homini
793 2032 1033 2087 misceri.
1076 2030 1172 2086 llle
1215 2030 1416 2101 promit
1459 2028 1738 2100 exempla,

124 2123 264 2195 quod
293 2130 353 2179 et
378 2122 580 2179 Jovem
609 2137 882 2179 summum
911 2122 1140 2179 deorum
1170 2121 1433 2179 Alcmena
1478 2136 1739 2192 suscepe-

122 2215 212 2284 rit,
241 2224 297 2272 ct
339 2215 493 2273 Leda
549 2214 795 2286 ejusdem
841 2215 1133 2272 concubitu
1185 2215 1377 2286 potita,
1408 2224 1464 2269 ct
1491 2213 1740 2285 plurimae

127 2307 243 2363 alia:
268 2323 392 2380 qua:
422 2307 703 2365 ediderint
734 2308 866 2365 deos
894 2317 1078 2378 partu,
1112 2309 1180 2364 de
1209 2324 1269 2363 se
1298 2322 1515 2378 quoque
1545 2323 1613 2362 ex
1643 2306 1738 2362 illa

127 2402 285 2460 deum
333 2418 463 2460 esse
492 2402 869 2476 generandum
918 2402 1211 2475 persuadet
1247 2421 1260 2457 :
1292 2402 1507 2458 mulieri
1535 2416 1734 2458 concu-

128 2496 242 2552 bitu
268 2498 563 2564 miscetur,
598 2496 742 2553 redit
768 2496 834 2552 ad
863 2499 1118 2553 maritum
1153 2496 1336 2551 lzetior
1361 2495 1573 2564 dicens,
1593 2494 1738 2567 quod

132 2589 290 2644 mixta
319 2589 428 2647 deo
452 2590 532 2646 sit
562 2589 762 2646 mulier
781 2631 796 2656 ,
825 2598 883 2646 et
906 2589 1024 2661 ejus
1068 2589 1341 2661 promisso
1381 2584 1544 2644 deum
1592 2596 1739 2645 esset

70 2694 77 2699 '
131 2688 470 2751 generatura.
507 2681 601 2737 Fit
631 2680 824 2753 ingens
853 2680 908 2737 in
938 2691 1128 2752 stupro
1170 2681 1417 2737 mulieris
1457 2690 1511 2736 et
1555 2680 1736 2736 mariti

131 2775 402 2845 gaudium.
434 2775 639 2832 Postea
683 2776 922 2832 occurrit
966 2775 1229 2841 Mundus,
1275 2784 1333 2831 et
1372 2775 1451 2830 ait
1480 2774 1734 2830 mulieri:

136 2866 288 2922 Beata
316 2868 553 2924 Paulina
583 2867 944 2923 concubinatu
971 2866 1059 2923 dei
1088 2883 1103 2922 :
1138 2881 1365 2937 magnus
1407 2865 1543 2922 deus
1583 2864 1737 2921 Anu-

137 2959 245 3026 bis,
274 2960 429 3031 cujus
461 2971 521 3017 tu
556 2960 814 3030 accepisti
843 2959 1123 3031 mysteria.
1168 2958 1273 3015 Sed
1305 2957 1454 3013 disce
1496 2965 1548 3012 te
1594 2956 1736 3013 sicut

137 3049 270 3118 diis,
298 3050 369 3107 ita
400 3061 458 3109 et
507 3050 824 3107 hominibus
875 3065 983 3106 non
1031 3065 1261 3122 negare,
1290 3051 1486 3120 quibus
1526 3049 1599 3105 dii
1641 3049 1736 3104 tri-

139 3141 326 3211 buunt,
355 3144 502 3216 quod
552 3152 609 3200 tu
658 3159 989 3215 negaveras,
1038 3144 1163 3216 quia
1211 3159 1310 3199 nec
1358 3145 1559 3198 formas
1606 3156 1735 3198 suas

1852 2021 2164 2093 temploque
2208 2031 2538 2078 maturatum
2580 2020 2873 2078 excidium.
2926 2019 3061 2076 Nam
3114 2020 3161 2076 si
3202 2018 3450 2076 llerodes

1840 2116 1931 2187 qui
1969 2116 2237 2173 Joannem
2284 2117 2406 2171 neci
2442 2114 2695 2181 tradidit,
2726 2113 2969 2185 perfidia:
3014 2121 3070 2170 et
3108 2112 3449 2170 crudelitatis

1840 2225 1955 2266 sum
1984 2210 2220 2281 pretium
2256 2210 2377 2278 luit,
2423 2208 2672 2279 dejectus
2708 2223 2879 2280 regno
2923 2216 3091 2278 atque
3113 2205 3311 2263 exsilio
3353 2206 3451 2262 da-

1844 2313 1970 2360 tus:
2018 2310 2224 2374 quanto
2255 2303 2425 2374 magis
2465 2302 2843 2374 praecipitibus
2884 2300 3040 2358 furiis
3066 2309 3246 2357 actum
3286 2300 3452 2358 intel-

1841 2398 1932 2470 ligi
1965 2398 2124 2455 datur
2165 2414 2314 2466 eum,
2345 2398 2436 2467 qui
2463 2397 2739 2455 Christum
2766 2396 3071 2453 occiderit?
3096 2396 3229 2466 Qum
3279 2411 3442 2454 causa

1839 2501 2021 2548 autem
2068 2491 2233 2548 fuerit
2286 2493 2479 2549 mortis
2524 2491 2782 2560 Joannis,
2843 2491 3085 2548 breviter
3131 2491 3439 2563 expediam.

1841 2587 2148 2660 Philippum
2191 2597 2246 2645 et
2275 2587 2549 2644 Herodem
2577 2589 2664 2658 qui
2693 2587 2844 2657 prius
2885 2588 3113 2657 Antipas
3150 2586 3333 2643 dictus
3358 2595 3446 2644 est

1838 2696 2126 2754 germanos
2152 2681 2320 2739 fuisse
2351 2697 2514 2752 supra
2551 2681 2910 2737 ostendimus.
2943 2679 3173 2737 Uxorem
3207 2679 3443 2751 Philippi

1839 2778 2226 2846 llerodiadein,
2258 2792 2421 2849 quam
2449 2776 2693 2833 Herodes
2733 2775 2923 2832 illicito
2958 2790 3023 2831 ac
3063 2774 3299 2832 nefando
3341 2774 3444 2832 sibi

1837 2872 2067 2930 sociavit
2099 2873 2225 2943 jure
2267 2870 2620 2927 matrimonii.
2647 2869 2763 2926 Non
2805 2869 2929 2924 tulit
2955 2866 3061 2925 hoc
3095 2867 3359 2937 Joannes,
3394 2877 3451 2924 et

1836 2967 1915 3023 ait
1955 2967 2074 3022 illi:
2130 2965 2255 3022 Non
2310 2965 2400 3021 tibi
2448 2964 2564 3020 licet
2610 2980 2825 3020 uxorem
2891 2963 3076 3018 habere
3135 2964 3314 3032 fratris
3367 2963 3444 3018 tui

1839 3059 2059 3133 (Matth.
2086 3059 2287 3131 vt,18).
2332 3058 2469 3115 Tum
2500 3058 2590 3115 ille
2618 3065 2953 3125 commotus,
2978 3058 3031 3112 in
3063 3072 3336 3114 carcerem
3356 3057 3453 3113 dc-

1840 3153 2005 3209 trusit
2030 3152 2320 3210 Joannem.
2346 3152 2460 3210 Nec
2500 3152 2672 3209 multo
2714 3160 2837 3223 post
2874 3151 3087 3208 necavit
3117 3152 3289 3207 virum
3324 3150 3444 3220 jus-

137 3233 257 3290 dare
302 3238 459 3293 nobis
484 3278 502 3305 ,
542 3251 643 3293 nec
672 3236 894 3291 nomina
935 3235 1320 3307 dedignantur.
1355 3237 1494 3291 Ecce
1531 3236 1599 3291 ad
1640 3250 1731 3291 sa-

1839 3256 1954 3304 tum
1972 3289 1986 3311 .
2012 3256 2069 3305 et
2101 3258 2446 3305 constantem
2478 3247 2674 3305 divinae
2699 3246 2861 3318 Legis
2891 3255 3290 3303 exsecutorem.
3318 3244 3441 3302 Non

139 3340 221 3381 cra
247 3343 339 3383 sua
366 3329 507 3387 deus
537 3329 746 3386 Anubis
774 3327 986 3384 vocavit
1013 3338 1070 3385 et
1091 3328 1370 3396 Mundum,
1405 3337 1465 3383 ut
1495 3328 1590 3384 tibi
1609 3327 1735 3398 jun-

139 3429 296 3488 geret.
328 3421 467 3491 Quid
496 3419 600 3477 tibi
629 3420 830 3492 profuit
857 3419 1057 3476 duritia
1085 3430 1206 3488 tua,
1234 3420 1337 3475 nisi
1365 3429 1423 3475 ut
1462 3427 1513 3475 te
1536 3418 1735 3490 viginti

141 3511 357 3570 millium
403 3530 533 3587 qua:
582 3514 923 3582 obtuleram,
965 3512 1323 3569 defraudares
1366 3510 1732 3584 compendio?

138 3600 340 3661 imitare
383 3606 522 3663 deos
569 3604 1026 3677 indulgentiores,
1058 3604 1149 3673 qui
1198 3602 1359 3660 nobis
1406 3606 1528 3659 sine
1555 3603 1731 3674 pretio

141 3694 365 3753 tribuunt
384 3740 401 3767 ,
434 3697 585 3771 quod
613 3699 682 3754 ab
713 3705 766 3755 te
794 3712 991 3767 magno
1022 3698 1195 3767 pretio
1226 3698 1510 3767 impetrari
1540 3696 1731 3768 nequi-

142 3795 241 3843 tum
279 3801 381 3846 est.
412 3789 574 3861 Quod
620 3792 667 3847 si
714 3801 766 3847 te
808 3790 1043 3845 humana
1094 3788 1379 3846 offendunt
1424 3789 1726 3856 vocabula,

141 3876 370 3938 Anubetn
401 3899 488 3939 me
513 3884 698 3940 vocari
732 3882 966 3955 placuit,
1000 3892 1054 3938 et
1084 3882 1320 3939 nominis
1359 3881 1524 3952 hujus
1552 3882 1729 3953 gratia

140 3967 374 4029 affectum
398 3975 563 4047 juvit.
597 3975 712 4031 lloc
742 3976 1028 4047 perstricta
1067 3990 1323 4031 sermone
1353 3974 1570 4042 mulier,
1600 3974 1729 4028 illu-

143 4077 246 4121 sam
271 4083 329 4125 se
356 4070 658 4139 intellexit,
688 4080 744 4127 et
771 4070 963 4127 dolens
1008 4070 1261 4140 injuriam
1293 4068 1567 4140 pudicitia:
1597 4083 1729 4124 con-

144 4154 270 4215 fessa
314 4172 399 4219 est
443 4163 688 4221 fraudem
742 4164 957 4220 marito.
1001 4163 1099 4219 Ille
1141 4163 1278 4219 nihil
1319 4163 1536 4220 habens
1581 4161 1728 4234 quod

145 4255 286 4310 uxori
325 4257 729 4330 indignaretur,
756 4258 843 4314 cui
873 4258 990 4329 ipse
1021 4258 1254 4315 cubandi
1303 4259 1356 4314 in
1392 4258 1599 4330 templo
1632 4273 1728 4329 po-

144 4350 376 4405 testatem
422 4352 781 4422 permiserat,
818 4360 873 4408 et
913 4353 1166 4408 conscius
1211 4351 1510 4424 conjugalis
1553 4351 1720 4407 casti-

145 4439 348 4508 moniae,
375 4445 604 4518 principi
635 4447 909 4518 querelam
936 4448 1149 4505 detulit.
1180 4445 1284 4514 Qui
1317 4455 1495 4503 motus
1530 4454 1724 4517 poten-

146 4528 207 4583 tis
231 4532 326 4589 viri
355 4540 705 4609 contumelia,
732 4551 896 4613 atque
922 4542 1123 4599 atrocis
1147 4541 1333 4613 ﬂagitii
1375 4549 1687 4597 commento
1706 4579 1722 4606 ,

1835 3344 2011 3397 solum
2038 3342 2184 3397 enim
2210 3342 2366 3413 quasi
2399 3341 2721 3412 praedicator
2745 3340 3054 3411 Evangelii,
3096 3337 3323 3395 fraterni
3345 3354 3442 3396 cu-

1834 3434 1962 3492 bilis
1989 3435 2260 3493 incestum
2288 3434 2744 3507 reprehendebat,
2772 3449 2959 3491 verum
2977 3433 3142 3491 etiam
3165 3432 3317 3505 quasi
3336 3432 3436 3490 Le-

1831 3529 1916 3602 gis
1961 3538 2273 3593 exsecutor,
2319 3530 2793 3601 prtevaricatorem
2824 3528 2986 3599 Legis
3020 3527 3441 3593 condemnavit,

1832 3623 1921 3693 qui
1952 3622 2138 3678 fratris
2164 3637 2388 3678 uxorem
2423 3623 2655 3678 viventis
2675 3623 2978 3693 eripuerat,
3008 3623 3318 3693 prazscrtim
3338 3620 3435 3677 ha-

1831 3712 2055 3769 bentem
2084 3727 2272 3769 semen
2294 3712 2363 3769 de
2388 3727 2650 3784 germano
2683 3712 2876 3782 ipsius.
2911 3712 3050 3768 Hinc
3078 3712 3310 3768 excitata
3338 3711 3437 3769 Juo

1829 3804 2074 3861 timorum
2108 3805 2225 3861 fere
2262 3805 2504 3861 omnium
2536 3805 2590 3859 in
2620 3803 2891 3860 Herodem
2919 3802 3043 3859 odia
3075 3813 3131 3859 et
3161 3818 3318 3872 pmna
3346 3818 3436 3860 ac-

1829 3899 2106 3954 celerata:
2159 3898 2312 3969 cujus
2356 3906 2550 3953 auctor
2592 3896 2856 3953 llerodias
2904 3896 3103 3952 videns
3137 3896 3433 3968 Agrippam

1831 3990 2127 4062 plurimum
2157 3989 2506 4062 praevaluisse
2523 3989 2664 4060 apud
2696 3988 2994 4057 Caesarem,
3022 3988 3288 4061 compulit
3308 4004 3434 4045 eum

1831 4083 2060 4139 Romam
2092 4097 2340 4154 pergere,
2372 4098 2482 4154 quo
2522 4082 2627 4138 sibi
2656 4082 3005 4152 imperatoris
3034 4082 3266 4153 gratiam
3301 4096 3438 4137 con-

1827 4177 2061 4244 ciliaret,
2101 4176 2386 4247 objectans
2413 4176 2639 4233 desidiae
2674 4177 3095 4245 contumeliam,
3124 4176 3269 4249 quod
3299 4177 3435 4248 fugi-

1830 4282 1953 4329 tans
1977 4272 2213 4339 labores,
2256 4271 2385 4327 dum
2423 4279 2668 4327 moratur
2703 4271 2871 4338 domi,
2918 4270 3168 4342 indignos
3202 4270 3305 4326 sibi
3335 4285 3433 4342 pa-

1831 4376 2043 4425 teretur
2075 4366 2356 4424 anteferri.
2385 4366 2522 4423 Nam
2560 4382 2691 4422 cum
2725 4367 2961 4438 Agrippa
2994 4382 3061 4423 ex
3096 4365 3309 4436 privato
3337 4380 3434 4422 rex

1830 4462 2003 4518 factus
2032 4461 2139 4529 sit;
2172 4467 2375 4532 quanto
2412 4460 2585 4531 magis
2635 4460 2737 4531 ipsi
2757 4458 3080 4528 jamdudum
3110 4458 3433 4523 tetrarchm,

1829 4568 1938 4626 quo
1981 4568 2211 4624 regnum
2261 4551 2535 4617 conferat,
2566 4551 2840 4608 Caesarem
2881 4564 2989 4606 non
3018 4549 3439 4606 dubitaturum?

143 4627 442 4718 sacerdotes
470 4648 501 4690 e
546 4633 749 4707 templo
778 4636 952 4707 rapit,
986 4636 1272 4707 qnzestioni
1299 4634 1545 4707 subjicit,
1591 4649 1721 4690 con-

1836 4614 2018 4718 liaque
2045 4614 2317 4702 "mulieris
2373 4644 2670 4716 cpprobria
2722 4658 3065 4714 nequaquam
3108 4642 3429 4709 sustinens,

144 4712 305 4775 fessos
353 4736 541 4795 necat,
580 4728 934 4784 simulacrum
982 4728 1138 4785 Isidis
1181 4729 1365 4785 Tiberi
1413 4727 1722 4799 demergit,

146 4805 330 4871 Mundo
363 4817 597 4891 fugiendi
624 4830 865 4895 potestas
892 4837 1149 4881 concessa
1172 4866 1188 4892 ,
1215 4838 1281 4879 eo
1310 4821 1454 4893 quod
1484 4822 1536 4877 vi
1568 4837 1722 4876 amo-

136 4900 214 4956 ris
241 4913 294 4959 et
319 4906 503 4968 formre
528 4924 819 4986 superatus
844 4916 1014 4989 gratia
1032 4957 1050 4985 ,
1078 4914 1374 4972 levioribus
1401 4915 1725 4971 commisso-

145 5006 255 5051 rum
277 5012 495 5062 suorum
526 5009 715 5080 pretiis
743 5009 1038 5067 mulctatus
1063 5011 1447 5067 aeStimaretur.

748 5143 982 5203 CAPUT
1018 5147 1087 5204 γ.

208 5273 356 5342 Ωιιοά
398 5283 558 5356 igitur
605 5288 902 5346 ludibrium
951 5286 1302 5359 imperitante
1340 5285 1568 5344 Tiberio
1623 5301 1721 5344 ac-

143 5362 343 5437 ciderit,
388 5391 493 5435 non
524 5383 706 5452 putavi
746 5381 1210 5453 praetereundum,
1238 5389 1298 5436 ut
1329 5395 1394 5438 ex
1430 5395 1499 5437 eo
1540 5379 1722 5438 defor-

147 5460 295 5550 "lilas
335 5470 619 5544 colligatur
657 5475 1028 5550 imperatoris.
1053 5475 1210 5534 Sicut
1234 5475 1381 5532 enim
1418 5476 1545 5532 boni
1573 5476 1723 5547 prin-

1826 4739 2056 4795 Romam
2107 4738 2422 4810 profectus,
2468 4737 2597 4795 dum
2636 4737 2751 4794 Caii
2800 4735 3094 4794 amicitiam
3145 4735 3313 4808 petit,
3359 4735 3429 4791 ab

1826 4834 2067 4906 Agrippa
2098 4840 2409 4899 accusatus,
2436 4832 2603 4888 etiam
2635 4830 2988 4888 tetrarchiam
3014 4828 3234 4901 amisit”
3268 4843 3431 4900 quam

1826 4942 1855 4982 a
1881 4927 2025 4984 Julio
2046 4927 2293 5001 Augusto
2317 4936 2634 4998 acceperat;
2666 4937 2721 4983 et
2764 4927 3000 4998 fugitans
3029 4925 3083 4981 in
3113 4924 3431 4996 Hispaniam

1825 5036 1931 5077 una
1953 5036 2076 5077 cum
2097 5035 2266 5077 uxore
2285 5019 2592 5077 Herodiade
2617 5034 2854 5075 mterore
2881 5018 3047 5075 animi
3076 5028 3431 5090 consumptus

1823 5121 1927 5169 est.
1959 5112 2173 5168 Mortuo
2203 5127 2423 5185 quoque
2475 5111 2722 5175 Tiberio.
2766 5111 2932 5167 Caius
2979 5112 3286 5180 successit,
3336 5109 3429 5182 qui

1825 5202 2110 5259 dominum
2147 5218 2209 5260 se
2252 5213 2309 5259 et
2337 5204 2496 5260 deum
2527 5203 2701 5260 videri
2733 5214 2897 5275 atque
2927 5203 3193 5275 appellari
3217 5203 3428 5267 volens,

1825 5309 2018 5354 causas
2043 5294 2196 5352 dedit
2234 5295 2440 5352 Judaeis
2480 5296 2813 5368 gravissima:
2854 5295 3173 5362 seditionis,
3213 5311 3278 5351 ac
3323 5295 3425 5349 nisi

1821 5395 2116 5462 properato
2144 5386 2254 5445 fine
2280 5388 2571 5459 imperium
2597 5390 2901 5459 clausisset,
2929 5388 3239 5446 Judrcorum
3283 5388 3430 5460 genti

1822 5480 1986 5538 finem
2032 5482 2240 5539 fecerat
2277 5483 2652 5540 maturiorem.
2692 5484 2811 5540 Non
2859 5483 3033 5539 solum
3077 5482 3224 5540 enim
3254 5481 3322 5537 ab
3368 5482 3433 5537 il-

145 5546 273 5645 Citiis
312 5561 442 5631 vita,
492 5546 777 5638 probitatis
823 5568 1073 5641 quaedam
1111 5567 1482 5639 praescriptio,
1529 5546 1586 5625 et
1623 5582 1721 5639 per

1842 5576 1987 5632 icitis
2027 5591 2134 5632 non
2176 5576 2471 5633 revocabat
2520 5592 2674 5645 suos,
2716 5593 2905 5634 verum
2934 5577 3102 5635 etiam
3150 5575 3329 5634 missis
3371 5575 3426 5633 in

148 5640 417 5710 universos
440 5658 657 5718 vivendi
693 5640 867 5719 forma
900 5670 1019 5719 est:
1052 5662 1123 5719 ita
1166 5660 1517 5732 imperatoris
1543 5659 1720 5718 collu-

219 5811 243 5839 ’³
273 5806 469 5878 Somni.
500 5821 664 5880 Βιιιιι.

1821 5667 2104 5739 Judaeam,
2144 5668 2337 5727 ultima
2379 5670 2651 5742 supplicia
2685 5670 3065 5738 minitabatur,
3098 5671 3201 5729 nisi
3243 5668 3426 5728 omnia
