3964 6322
498 321 643 381 2045

1834 309 2079 369 SANCTI
2119 305 2446 366 AMBROSII

3661 305 3779 361 εδει

500 436 790 492 adversum
819 432 907 504 jus
934 440 992 488 et
1020 429 1099 486 ras
1129 428 1414 500 religionis
1442 426 1611 482 armis
1640 431 1942 497 patrarent.
1969 423 2096 479 Plu-
2121 421 2173 484 Α
2201 420 2411 487 scebat,
2461 434 2608 475 mors
2653 420 2707 475 in
2755 418 2952 485 oculis,
3003 419 3058 473 in
3097 415 3296 472 animis
3325 415 3515 473 timor.
3550 416 3785 473 Nemose

500 526 701 584 rimnm
748 529 894 583 enim
944 523 1121 595 potuit
1179 522 1410 591 imperio
1461 519 1702 589 Agrippa
1746 534 1760 572 :
1812 516 1907 572 sed
1968 516 2097 570 dum

503 621 666 675 vellet
689 632 843 673 muro
861 617 1069 671 ambire
1094 630 1175 668 ma
1187 616 1334 669 ximo
1358 612 1809 684 Hierosolymam,
1830 620 1887 663 ut
1903 608 2104 663 Roma-

504 714 592 769 nis
642 713 795 767 iieret
841 708 1272 780 inexpugnabilis
1324 706 1691 781 (prtevidebat
1729 704 1874 760 enim
1922 703 2104 758 itumi-

506 814 728 861 nentem
758 804 971 858 ruinam
990 799 1033 872 ),
1069 810 1246 857 morte
1289 809 1622 871 praeventus,
1651 813 1789 869 Opus
1819 797 2106 868 imperfec—

504 906 619 951 tum
687 894 930 965 reliquit.
977 892 1091 948 Nec
1141 892 1407 947 minorem
1478 890 1778 960 potentiam
1852 887 2103 944 exercuit

502 988 854 1059 imperitante
897 985 1165 1042 Claudio:
1209 987 1333 1057 quia
1370 985 1542 1053 ipsius
1589 999 1806 1053 quoque
1847 984 2104 1053 primitiis

505 1062 788 1144 interfuit:
820 1097 943 1138 cum
975 1080 1107 1137 Caio
1138 1090 1445 1152 perempto,
1484 1082 1600 1149 ipse
1637 1093 1664 1131 a
1715 1077 1979 1132 militibus
2016 1092 2106 1132 as-

505 1185 757 1248 sumptus
777 1220 792 1242 ,
839 1178 891 1231 in
919 1176 1209 1246 imperium
1240 1177 1531 1231 resistente
1557 1173 1662 1231 sibi
1687 1172 1918 1238 Senatu,
1950 1171 2103 1236 regni

507 1272 672 1328 ttedio
716 1271 1004 1342 Agrippam
1059 1271 1295 1343 legatum
1344 1268 1584 1325 direxit:
1634 1282 1744 1337 quo
1808 1266 2105 1335 interprete

517 1365 789 1437 promissa
818 1365 1177 1420 moderatoris
1215 1363 1429 1434 imperii
1455 1361 1615 1427 ﬁnes,
1645 1359 1874 1415 dil‘iinita
1905 1358 2102 1430 gratia,

510 1473 613 1530 pax
671 1459 968 1514 convenit:
1032 1459 1085 1513 in
1135 1457 1315 1513 locum
1349 1455 1607 1527 Agrippre
1653 1453 1820 1525 patris
1866 1452 2104 1523 Agrippa

513 1554 659 1609 ﬁlius
688 1554 808 1623 ejus
836 1568 865 1607 a
904 1549 1131 1607 Claudio
1162 1551 1377 1607 Caesare
1408 1564 1501 1605 rex
1535 1548 1861 1619 subrogatus
1890 1556 1995 1601 est.

1133 1641 1362 1699 CAPUT
1407 1641 1488 1697 Vl.

583 1738 703 1809 ipse
741 1752 959 1810 quoque
987 1735 1246 1793 Claudius
1277 1736 1485 1792 exactis
1519 1734 1691 1789 tribus
1719 1742 1775 1789 et
1796 1732 1986 1788 decem
2011 1746 2109 1785 an-

2204 526 2582 582 regressurum
2607 511 2890 576 credebat,
2916 524 3017 566 nec
3045 508 3239 564 amicis
3266 508 3402 564 ﬁdes
3431 506 3784 571 deferebatur,

2203 606 2333 663 dum
2386 607 2615 662 sicarius
2670 614 3029 661 metueretur.
3073 603 3193 673 Quo
3245 604 3498 674 plerique
3529 604 3787 674 perterriti

2203 698 2451 754 insontes
2493 698 2712 768 quidem
2742 715 2769 751 a
2804 698 3010 769 ﬂagitio
3046 696 3436 763 latrocinandi,
3467 697 3556 751 vel
3579 697 3785 752 sicario-

2205 808 2323 847 rum
2350 790 2735 857 contubernio,
2765 792 2866 846 etsi
2901 805 3062 845 manu
3094 789 3335 857 innoxii,
3368 790 3605 844 consilio
3628 799 3786 846 tamen

2206 884 2538 939 inﬁrmiores
2562 883 2842 939 desertum
2880 882 3109 953 petiere.
3148 881 3257 938 Sed
3292 882 3422 936 dum
3464 881 3571 937 sibi
3611 897 3789 938 consu-

2207 977 2345 1043 lunt,
2366 984 2632 1032 teri-orem
2651 974 2893 1032 fecerunt
2922 975 3324 1039 discessiones;
3348 989 3413 1029 ex
3432 990 3546 1045 quo
3569 976 3689 1031 belli
3710 977 3790 1031 ad-

2206 1083 2395 1124 versus
2419 1068 2694 1123 Romanos
2719 1068 2961 1139 suspicio
2983 1066 3181 1138 primo,
3201 1066 3402 1122 deinde
3428 1067 3633 1122 invidia
3653 1085 3790 1123 exar-

2208 1162 2306 1216 sit:
2331 1177 2439 1232 quo
2466 1173 2609 1217 metu
2636 1163 2929 1232 provincia:
2960 1171 3141 1217 rector
3167 1162 3335 1215 misso
3361 1163 3611 1231 equitatu
3633 1170 3686 1217 et
3710 1177 3792 1231 pe-

2208 1253 2377 1310 destri
2399 1255 2936 1325 agmine,tnaximam
2960 1255 3324 1310 multitudinis
3351 1263 3595 1325 stragem
3621 1254 3789 1311 edidit.

2804 1369 3036 1427 CAPUT
3079 1370 3187 1426 VII.

2281 1462 2568 1536 [Egyptius
2597 1478 2815 1534 quoque
2865 1460 3346 1534 pseudopropheta
3388 1459 3705 1525 adveniens,
3744 1466 3796 1515 et

2216 1558 2439 1628 magicis
2474 1558 2714 1612 imbutus
2756 1556 2967 1611 artibus
3017 1555 3338 1625 dnmjactat
3375 1569 3439 1609 se
3497 1552 3797 1624 prophetico

2209 1650 2402 1721 spiritu
2445 1650 2687 1705 caelestia
2740 1651 3068 1703 aununtiare
3129 1647 3369 1711 oracula,
3427 1648 3647 1718 triginta
3696 1646 3797 1700 fere

2213 1740 2714 1796 milliaJudmorum
2749 1740 3042 1796 associavit
3068 1739 3194 1806 sibi,
3227 1754 3435 1809 eosque
3478 1738 3549 1793 ad
3578 1746 3796 1793 montem

508 1832 593 1887 nis
622 1847 743 1887 cum
773 1830 1056 1897 deficeret,
1084 1829 1358 1886 Neronem
1390 1828 1639 1883 Romano
1683 1826 1912 1895 imperio
1958 1825 2110 1895 prin-
2139 1823 2185 1884 B
2214 1833 2411 1888 Uliveli
2465 1849 2835 1905 congregans,
2881 1833 3151 1904 frequenti
3204 1833 3516 1902 irruptione
3557 1841 3793 1902 penetra-

507 1927 687 1992 cipem
734 1923 920 1979 dedit:
970 1933 1223 1994 captatus
1273 1921 1468 1977 uxoris
1515 1918 1831 1991 Agrippinae
1882 1932 2109 1987 persua-

508 2017 774 2082 sionibus,
828 2032 948 2088 qua:
998 2025 1206 2072 tantum
1262 2014 1546 2071 fraudibus
1591 2013 1790 2077 valuit,
1833 2019 1891 2065 ut
1935 2010 2107 2064 lilium

509 2108 861 2179 imperatoris
907 2109 1281 2164 Britannicum
1342 2108 1685 2178 designatum
1731 2118 2106 2160 successorem

508 2204 629 2273 ipso
652 2202 774 2273 jure
797 2212 1027 2267 naturae,
1054 2203 1387 2273 principatus
1404 2210 1676 2257 exsortem
1700 2198 1978 2256 redderet.
2002 2195 2109 2252 Ctt-

505 2298 597 2368 jus
626 2297 758 2351 artis
792 2311 916 2351 mox
959 2297 1209 2365 paenituit
1239 2311 1358 2350 eam
1391 2312 1403 2349 :
1429 2295 1553 2366 quia
1582 2294 1711 2349 dum
1737 2307 1802 2348 ex
1833 2306 1893 2346 se
1920 2290 2109 2361 genito

513 2389 791 2447 consuluit
819 2389 1082 2459 principi,
1115 2404 1273 2443 suum
1303 2390 1551 2460 negavit,
1587 2390 1806 2459 ignara,
1836 2384 1982 2457 quod
2005 2384 2110 2440 ela-

507 2493 591 2539 tus
641 2484 890 2553 imperio,
952 2498 1050 2539 nec
1078 2492 1305 2538 matrem
1331 2490 1680 2553 agnosceret,
1710 2488 1871 2550 atque
1903 2481 1954 2533 in
1978 2479 2098 2534 exi-

508 2577 644 2631 tium
687 2577 804 2647 ejus
848 2576 1096 2632 beneficii
1125 2576 1431 2631 mercedem
1473 2575 1814 2629 inverteret:
1850 2571 1991 2626 idem
2025 2579 2108 2625 ta-

508 2686 633 2727 men
662 2670 940 2727 Octaviam
967 2669 1180 2727 Claudii
1212 2669 1377 2724 tiliam
1409 2668 1801 2739 conjugiigloco
1847 2665 2105 2721 tenebat:

512 2774 853 2834 prmpostero
891 2763 1085 2817 ordine
1127 2778 1297 2834 gener
1328 2762 1443 2816 lilio
1474 2762 1729 2832 prrelatus
1755 2776 1768 2814 :
1796 2759 1923 2831 quia
1966 2758 2109 2813 mala

510 2854 828 2922 reipublicm
885 2854 1413 2924 praeponderabant,
1447 2858 1534 2909 cui
1583 2853 1886 2908 debebatur
1934 2849 2109 2922 parri-

511 2948 654 3013 cida,
691 2948 1021 3017 sacrilegus,
1071 2946 1315 3004 incestus
1350 2964 1361 3001 :
1398 2959 1452 3001 iit
1485 2948 1539 3002 in
1579 2963 1647 3004 eo
1694 2947 1946 3011 crimina,
1998 2961 2105 2999 non

512 3039 621 3095 ulla
665 3040 818 3095 bonze
851 3041 985 3095 artis
1030 3041 1222 3094 merita
1267 3050 1581 3110 regnarent.
1609 3039 1730 3094 Tali
1778 3040 2107 3108 imperatore

508 3151 603 3192 seu
646 3152 857 3190 morum
902 3135 1022 3204 ejus
1053 3134 1251 3190 intuitu
1298 3144 1459 3204 atque
1492 3134 1727 3203 ignavia:
1755 3142 2104 3200 contemptu,

2213 1926 2304 1979 bat
2334 1924 2806 1997 Hierosolymam;
2841 1924 2913 1979 ita
2956 1936 3017 1980 ut
3047 1925 3212 1980 etiam
3248 1925 3532 1980 Bumanas
3574 1925 3799 1978 incursa-

2212 2028 2296 2074 ret
2346 2018 2646 2086 custodias,
2691 2033 2814 2089 quae
2870 2034 2936 2073 ne
2983 2018 3112 2089 quid
3159 2035 3188 2073 a
3245 2018 3449 2089 populo
3481 2026 3798 2083 moveretur,

2214 2112 2616 2183 Ilicrosolymas
2666 2112 3104 2182 praetendebant.
3140 2110 3243 2168 Ubi
3284 2111 3451 2167 etiam
3502 2111 3617 2166 haec
3661 2127 3800 2167 com-

2213 2219 2402 2275 pressa
2452 2216 2535 2260 est
2582 2205 2900 2271 insolentia,
2928 2205 3082 2275 quasi
3138 2205 3191 2257 in
3242 2218 3390 2275 aigro
3419 2219 3654 2272 corpore
3703 2204 3796 2257 alia

2211 2312 2335 2368 pars
2381 2299 2600 2367 gravius
2646 2296 3113 2353 inﬂammabatur.
3158 2297 3380 2352 Plurimi
3440 2297 3586 2352 enim
3642 2297 3799 2365 palam

2212 2388 2605 2443 discedendum
2648 2405 2676 2441 a
2710 2389 2996 2455 Romanis,
3028 2388 3339 2442 libertatem
3362 2388 3593 2442 servitio
3624 2385 3798 2457 pra-fe-

2211 2480 2436 2537 rendam
2468 2480 2920 2537 vociferabantur
2940 2524 2955 2549 ,
2987 2483 3402 2553 progressisque
3426 2481 3481 2536 in
3503 2495 3664 2551 agros
3685 2481 3797 2549 qui-

2210 2573 2311 2629 bus
2340 2575 2597 2631 alimonia
2623 2577 2832 2642 deerat,
2869 2578 2916 2631 vi
2941 2578 3318 2647 expetebatur.

2804 2671 3033 2727 CAPUT
3073 2671 3212 2727 Vill.

2283 2764 2566 2821 Postremo
2615 2766 2667 2820 in
2708 2766 2839 2821 urbe
2868 2763 3118 2821 Cmsarea
3167 2764 3350 2834 gravis
3403 2764 3547 2819 inter
3598 2763 3799 2819 Judteos

2211 2868 2267 2911 et
2312 2858 2552 2927 gentiles
2597 2858 2797 2913 seditio
2848 2857 3095 2923 incessit,
3136 2856 3542 2912 vindicantibus
3590 2857 3690 2913 sibi
3715 2856 3803 2911 Ju-

2211 2949 2347 3005 daeis
2399 2950 2551 3006 urbis
2599 2952 2766 3006 totius
2795 2952 2949 3020 quasi
2982 2950 3051 3004 ab
3093 2948 3310 3005 Herode
3340 2949 3534 3005 Iudaeo
3578 2949 3799 3005 condita:

2214 3047 2640 3113 possessionem,
2669 3045 3036 3102 renitentibus
3056 3045 3371 3115 gentilibus.
3395 3047 3543 3115 quod
3570 3044 3804 3100 conditor

2211 3138 2434 3209 quidem
2473 3137 2695 3193 inda-us
2723 3138 2906 3203 fuerit,
2937 3138 3032 3193 sed
3056 3137 3289 3193 Caesaris
3319 3153 3440 3192 eam
3478 3138 3693 3192 nomine
3717 3136 3803 3190 de-

511 3229 628 3283 sive
656 3228 780 3299 quia
801 3227 1005 3284 ,ιυάίείε
1034 3228 1105 3281 ob
1130 3228 1314 3299 gravia
1347 3226 1657 3296 sacrilegia,
1695 3241 1888 3280 averso
1919 3225 2109 3296 praesi-
2136 3234 2181 3298 ρ
2214 3231 2521 3285 claraverit.
2551 3230 2794 3301 Denique
2839 3240 2893 3285 et
2943 3230 3202 3298 templum
3242 3229 3386 3284 intra
3441 3245 3563 3284 eam
3603 3240 3802 3283 struxe-

511 3322 602 3377 dio
656 3322 751 3378 Dei
814 3324 1011 3377 summi
1062 3322 1308 3376 ultiutum
1343 3320 1613 3375 excidium
1667 3319 2107 3389 praeparabatur,

511 3418 693 3485 erupit
741 3415 795 3470 in
843 3415 1143 3470 seditiones
1168 3430 1393 3486 graves,
1427 3412 1736 3477 latrocinia,
1769 3420 1794 3449 ⁸
1817 3410 2112 3467 dissensio-

512 3525 633 3574 nes,
667 3523 856 3563 eorum
891 3508 1209 3576 insolentia,
1238 3524 1377 3579 quos
1409 3524 1506 3579 per
1535 3508 1721 3577 viginti
1752 3521 1927 3561 annos
1950 3505 2114 3560 Eleae

512 3616 669 3657 zarus
686 3603 936 3673 princeps
966 3602 1233 3656 latronum
1257 3603 1575 3672 gravissime
1598 3600 1988 3670 depopulatus:
2013 3598 2115 3653 ali-

511 3696 731 3767 quando
771 3706 952 3750 tamen
996 3706 1193 3766 captus
1228 3712 1258 3752 a
1303 3697 1482 3752 Felice
1508 3698 1598 3765 qui
1624 3694 1828 3750 .ludaea:
1858 3704 2111 3764 prreerat,

512 3799 569 3844 et
622 3789 851 3845 Romam
883 3789 1146 3857 directus,
1198 3805 1391 3861 graves
1440 3804 1625 3859 pmnas
1670 3788 1843 3843 dedit.
1874 3786 1986 3842 Nec
2036 3790 2114 3843 sic

515 3881 737 3953 quidem
774 3883 925 3953 gravi
956 3898 1223 3939 caesorum
1256 3896 1482 3938 numero
1533 3882 1795 3937 infractus
1831 3894 1915 3936 est
1946 3896 2116 3951 popu-

515 3974 600 4029 lus
630 3974 869 4030 Judieam
900 3976 1348 4041 inhabitantium;
1406 3975 1500 4030 sed
1553 3976 1605 4029 in
1628 3975 1764 4045 ipsis
1797 3973 2114 4045 llierosoly-

520 4069 621 4121 mis
655 4068 799 4121 aliud
829 4068 1100 4122 latronum
1150 4068 1434 4137 pullulavit
1464 4084 1655 4137 genus,
1696 4067 1789 4138 qui
1842 4068 2116 4122 vocaban-

518 4169 605 4213 tur
643 4160 849 4224 sicarii,
892 4175 997 4214 non
1048 4160 1159 4228 jam
1214 4161 1442 4216 secretis
1488 4161 1680 4226 abditi,
1731 4177 1833 4217 nec
1876 4162 2118 4217 tenebris

518 4251 800 4306 nocturnis
818 4252 1158 4317 insidiantes,
1184 4252 1302 4306 sine
1324 4252 1509 4323 aliquo
1532 4253 1788 4323 praesidio
1808 4269 2121 4310 commean-

520 4345 689 4410 tibus,
726 4345 822 4399 sed
866 4347 989 4400 luce
1017 4344 1126 4400 diei
1151 4354 1313 4416 atque
1356 4346 1408 4400 iu
1443 4347 1627 4402 medio
1674 4347 1828 4403 urbis
1858 4356 1913 4403 et
1946 4348 2119 4403 turbat

519 4442 810 4511 stipamine
832 4440 1204 4511 percutiebaut
1231 4457 1607 4513 quoscumque
1630 4443 1854 4512 prepius
1875 4455 2119 4497 accesse-

518 4547 683 4592 rant:
732 4536 925 4592 breves
976 4552 1137 4591 manu
1169 4537 1375 4609 gladius
1404 4546 1679 4609 gerentes,
1726 4535 1977 4592 conferto
2024 4550 2121 4607 po-

520 4632 647 4702 pulo
700 4631 991 4701 permixti,
1029 4630 1119 4686 ubi
1171 4633 1541 4688 adhaerentem
1584 4631 1850 4696 ﬁxerant,
1888 4630 2120 4686 cadebat

2215 3326 2305 3391 rit,
2342 3330 2397 3378 et
2427 3330 2639 3378 statuas
2686 3323 3028 3394 opposuerit,
3074 3338 3247 3393 eoque
3298 3321 3473 3377 videri
3523 3321 3804 3393 gentilibus

2216 3417 2405 3472 usibus
2455 3418 2624 3489 magis
2674 3431 2794 3472 eam
2843 3420 3226 3486 mancipatam.
3269 3415 3472 3470 Harum
3514 3416 3806 3469 contentio-

2215 3526 2341 3565 num
2396 3511 2595 3565 seditio
2648 3510 2700 3565 in
2747 3524 2939 3564 manus
2971 3510 3241 3565 vertitur:
3275 3510 3398 3579 quia
3446 3525 3628 3578 neque
3660 3507 3804 3579 primi

2211 3603 2523 3659 Judroruut
2556 3618 2685 3659 suos
2732 3603 2986 3659 seditioni
3013 3603 3233 3659 deditos
3261 3605 3629 3673 comprimere
3659 3611 3810 3671 pote-

2217 3707 2364 3765 rant,
2398 3707 2453 3754 et
2480 3700 2715 3770 gentiles
2747 3699 3042 3769 opprobrio
3080 3698 3375 3764 ducebant,
3406 3701 3450 3753 si
3482 3698 3686 3755 Judazis
3712 3696 3803 3752 sibi

2217 3793 2519 3850 cedendum
2568 3793 3004 3849 arbitrarentur:
3034 3793 3214 3863 itaque
3258 3794 3640 3847 excitaverunt
3677 3788 3810 3845 Feli-

2216 3902 2358 3951 cem,
2407 3898 2462 3943 ut
2515 3886 2642 3942 dum
2683 3890 2968 3957 utriusque
3024 3887 3193 3956 partis
3237 3887 3401 3957 gestit
3456 3886 3808 3956 comprimere

2218 3981 2618 4036 multitudinem
2642 3995 2758 4048 non
2787 3980 3254 4048 acquiescentem,
3290 3979 3595 4047 praesertim
3627 3975 3805 4035 armis,

2219 4073 2437 4144 quando
2493 4071 2652 4127 aliter
2684 4072 2964 4141 nequibat,
2997 4071 3396 4125 consuleretur.
3419 4068 3524 4124 Cui
3563 4066 3812 4123 successit

2221 4165 2435 4231 Festus,
2467 4164 2559 4235 qui
2586 4165 2891 4220 latronibus
2923 4163 3168 4233 plurimis
3195 4161 3636 4231 comprehensis,
3674 4156 3807 4213 haud

2219 4259 2443 4327 exiguos
2470 4257 2664 4311 ultimo
2701 4256 2871 4310 exitio
2900 4254 3070 4309 dedit.
3102 4252 3335 4308 Albinus
3362 4269 3583 4324 quoque
3627 4251 3808 4307 eadem

2220 4366 2249 4404 a
2282 4350 2538 4405 [tertianis
2594 4356 2862 4420 potestate
2908 4348 3008 4403 sibi
3041 4348 3272 4415 credita,
3302 4348 3512 4403 nullum
3564 4345 3813 4418 nequitiae

2221 4458 2395 4515 genus
2428 4442 2793 4514 prtetermisit,
2849 4442 3159 4510 rapinarum
3208 4442 3494 4508 improbus
3522 4440 3727 4511 pricdo,
3761 4445 3813 4490 ut

2222 4538 2313 4608 qui
2373 4551 2480 4589 non
2524 4533 2769 4590 dedisset
2818 4534 3124 4604 pecuniam,
3158 4532 3212 4587 iu
3264 4532 3485 4587 vincula
3516 4540 3810 4602 raperetur,

2223 4629 2471 4701 quamvis
2521 4628 2812 4683 innoxius:
2845 4627 2934 4695 qui
2965 4626 3226 4690 dedisset,
3259 4627 3424 4681 etiam
3470 4640 3596 4679 reus
3638 4618 3813 4677 absol-

518 4723 841 4792 imprudens
883 4738 1033 4779 (ςαξεο
1062 4725 1305 4787 vulnere,
1340 4732 1397 4778 ut
1426 4722 1705 4793 querelam
1741 4737 1889 4775 mors
1911 4736 2118 4792 praeve-
2148 4693 2201 4754 Β
2227 4734 2447 4779 veretur
2478 4740 2492 4775 :
2525 4722 2753 4777 avaritia
2784 4720 3042 4791 gignebat
3066 4720 3401 4790 superbiam,
3449 4727 3511 4773 ut
3540 4716 3814 4789 pauperio-

522 4816 671 4870 niret
702 4833 715 4869 :
749 4813 912 4871 funus
952 4817 1004 4872 in
1036 4824 1309 4887 promptu,
1334 4814 1427 4870 sed
1463 4827 1757 4884 percussor
1786 4814 1988 4869 latebat
2017 4832 2030 4869 :
2064 4823 2120 4870 et

521 4908 568 4964 si
590 4909 710 4980 quis
740 4920 1046 4965 commotus
1068 4908 1258 4963 inisset
1277 4908 1460 4963 alieno
1486 4907 1733 4973 vulnere,
1767 4906 1993 4976 propior
2019 4920 2118 4961 suo

520 4998 695 5058 factus
743 5011 862 5057 erat
907 5015 1174 5056 cresorum
1201 5001 1400 5069 portio.
1428 4998 1503 5053 Ita
1548 4998 1635 5053 vel
1677 4998 1904 5069 periculi
1945 5006 2116 5066 metu,

525 5095 609 5150 vel
640 5095 1069 5151 dissimulatione
1100 5093 1380 5160 facinoris,
1411 5093 1641 5147 sicarius
1673 5108 1781 5146 non
1810 5092 2120 5162 deprehen-

525 5188 795 5245 debatur:
830 5201 975 5244 tanta
1015 5202 1133 5243 erat
1174 5187 1542 5244 insidiantium
1590 5186 1875 5255 velocitas,
1925 5198 1982 5242 et
2029 5202 2121 5242 ce-

527 5281 674 5336 landi
727 5297 836 5335 ars.
862 5280 1140 5335 Occiditur
1170 5280 1427 5336 sacerdos
1450 5279 1749 5336 Jonatlias:
1783 5279 2122 5335 addebantur

527 5376 680 5430 multi
711 5375 986 5445 quotidie,
1020 5375 1351 5445 graviorque
1384 5385 1562 5431 metus
1591 5376 1890 5430 viventium
1911 5416 1926 5439 ,
1958 5389 2124 5447 quam

527 5482 766 5521 erumna
812 5468 1242 5523 interfectorum.
1280 5468 1444 5537 Quasi
1474 5469 1540 5523 ad
1575 5483 1833 5539 pugnam.
1873 5467 2123 5537 sicquo-

524 5560 654 5615 tidie
697 5562 1071 5632 unusquisque
1107 5561 1600 5632 progrediebatur:
1649 5561 1902 5632 graviore
1945 5572 2121 5615 tamen

528 5655 860 5723 conditione,
911 5657 1037 5726 quia
1091 5655 1261 5711 hostis
1286 5655 1639 5727 prrevidetur,
1674 5655 1905 5712 sicarius
1924 5654 2126 5712 delite-

620 5797 645 5827 ι
676 5789 798 5846 Vet.
828 5792 950 5848 cod.
979 5792 1544 5867 Disceuiones..Baatt.

2229 4818 2378 4874 ribus
2405 4832 2465 4873 se
2497 4825 2783 4888 tyrannum
2820 4815 3109 4885 praeberet,
3135 4814 3466 4884 mancipium
3497 4810 3808 4868 ditioribus:

2224 4909 2254 4949 ι’
2277 4910 2421 4965 idem
2451 4921 2628 4965 tamen
2655 4908 2758 4964 etsi
2784 4918 3208 4978 praetergressus
3245 4906 3542 4976 nequitiam
3580 4900 3813 4973 superio-

2227 5019 2385 5069 rum;
2434 5004 2504 5057 ita
2542 5017 2572 5057 a
2601 5016 2920 5056 successore
2946 5000 3127 5068 Floro,
3162 4999 3317 5066 quasi
3344 4999 3510 5054 deses
3551 5013 3612 5052 ac
3640 4997 3816 5051 lentus

2233 5097 2286 5151 in
2319 5095 2558 5167 ﬂagitiis,
2610 5094 2772 5165 longo
2821 5092 2917 5149 sed
2963 5095 3210 5164 proximo
3243 5091 3532 5146 intervallo
3579 5084 3814 5159 praeteri—

2228 5197 2314 5243 tus
2356 5202 2420 5242 ac
2465 5187 2776 5252 derelictus,
2827 5196 2884 5240 ut
2907 5186 3317 5255 comparatione
3361 5181 3815 5238 deteriorisinte-

2227 5296 2324 5352 ger
2351 5280 2732 5336 aestimaretur.
2777 5278 2845 5333 Et
2900 5278 2993 5348 qui
3043 5278 3221 5349 primo
3278 5276 3459 5346 questi
3499 5275 3714 5329 fuerunt
3764 5278 3818 5318 ut

2229 5373 2448 5438 aiﬂicti,
2481 5382 2666 5443 postea
2693 5371 2912 5427 Festum
2944 5371 3101 5439 quasi
3121 5369 3320 5424 bontttn
3346 5367 3586 5437 iudicem
3610 5358 3817 5417 deside-

2225 5468 2441 5522 rabant.
2477 5466 2577 5521 llic
2618 5464 2767 5521 enim
2819 5464 3066 5535 singulos
3111 5469 3371 5525 exuerat,
3423 5459 3615 5515 Florus
3658 5452 3819 5508 urbes

2230 5560 2542 5631 diripiebat,
2576 5558 3048 5629 inquinatissimus
3067 5558 3120 5611 in
3150 5554 3616 5617 obscenitatibus;
3640 5550 3691 5603 in
3721 5556 3820 5598 sm-

2235 5654 2364 5709 vitia
2418 5651 2862 5718 crudelissimus,
2921 5651 3087 5706 armis
3140 5647 3321 5705 omnia
3364 5645 3713 5705 conturbatis.
3766 5640 3816 5687 δι

2316 5792 2344 5833 b
2368 5790 2455 5848 Ita
2475 5800 2642 5849 tamen
2669 5802 2727 5847 ut
2754 5804 3137 5865 supergressus.
3164 5786 3243 5844 in.
