3964 6340
161 318 232 375 ιιι)
241 317 305 374 ιδ

993 318 1269 375 HISTOB.
1308 319 1395 374 DE
1437 315 1719 375 EXCIDIO
1759 314 2033 376 lllEHOS.
2080 318 2281 378 URBIS
2318 321 2446 377 LIB.
2490 321 2551 379 ll.

3318 327 3464 385 2046

165 437 348 510 praelia
378 435 447 491 de
476 435 680 507 puellis
712 451 935 502 serens,
983 438 1076 506 qui
1129 452 1230 493 nec
1256 437 1579 495 obsecratus
1606 437 1760 509 igno—
1786 443 1839 506 Α
1868 439 2047 507 portio
2071 438 2205 495 mihi
2230 438 2511 496 conciouis
2536 482 2551 509 ,
2595 455 2702 497 non
2750 441 2928 499 omnis
2965 443 3192 515 populus
3238 445 3462 515 pericli-

166 540 341 587 sceret
360 570 375 597 ,
415 544 513 583 nec
540 540 891 586 exsaturatus
923 540 1170 601 parceret
1196 548 1209 584 :
1250 530 1305 585 in
1336 538 1634 602 conspectu
1660 531 1763 587 Be-

166 627 401 691 renices,
425 638 545 693 qua:
571 639 731 679 soror
760 625 1017 696 Agrippas
1046 628 1209 697 regis,
1241 625 1308 681 ad
1347 627 1606 696 templum
1635 626 1764 683 reli-

164 718 341 789 gionis
365 731 527 772 causa
556 724 811 784 venerat,
843 718 1197 773 acerbissima
1225 718 1378 774 czede
1417 720 1470 774 in
1505 719 1763 789 populum

166 809 530 865 desaeviebat:
590 823 690 864 nec
752 810 1063 864 obsecranti
1120 810 1473 866 deferendum
1525 812 1760 866 arbitra-

168 912 271 968 tus,
304 916 427 956 cum
460 900 850 957 inservientem
883 902 1136 974 religioni
1182 903 1341 958 nudis
1394 904 1624 974 pedibus
1668 904 1765 959 ad-

165 1007 397 1052 stantem
426 1004 705 1064 cerneret,
729 1004 786 1052 et
810 1007 1057 1052 orantem
1083 996 1304 1053 fastidio
1328 997 1590 1054 haberet:
1620 998 1765 1055 unde

167 1090 232 1146 ad
285 1091 581 1161 Agrippam
635 1106 820 1161 regem
874 1100 929 1147 et
976 1095 1091 1163 ipsa
1115 1092 1368 1164 scripsit,
1423 1102 1479 1149 et
1529 1094 1765 1164 populus

165 1182 471 1239 Judmorum
527 1183 729 1238 direxit
782 1194 1061 1253 precatum
1108 1185 1309 1239 auxilia
1361 1185 1619 1241 libertati.
1664 1184 1762 1241 Cui

166 1278 463 1351 egredienti
499 1293 565 1333 ex
599 1277 835 1351 Egypto
857 1290 1213 1335 occurrerunt
1244 1280 1488 1350 plerique
1518 1279 1658 1334 ultra
1680 1294 1765 1335 se-

165 1372 379 1443 xaginta
424 1372 600 1428 stadia
629 1372 1143 1445 Hierosolymitanaa
1190 1372 1344 1428 urbis
1389 1374 1604 1429 obviam
1641 1387 1765 1443 pro-

167 1469 473 1540 gredientes
516 1477 573 1523 et
621 1467 996 1523 circumducto
1044 1483 1140 1537 per
1183 1467 1400 1534 urbem,
1433 1481 1557 1523 cum
1601 1467 1763 1523 fidem

166 1563 510 1635 querelarum
534 1564 814 1634 probaret,
841 1563 1096 1618 insistere
1122 1571 1430 1633 coeperunt,
1462 1571 1524 1617 ut
1555 1563 1765 1634 legatos

166 1659 229 1713 ad
256 1657 530 1714 Neronem
572 1657 877 1713 mitterent.
903 1655 1104 1712 Verum
1149 1656 1239 1713 ille
1286 1656 1559 1723 dolorem,
1603 1665 1662 1711 ut
1688 1656 1767 1711 ci-

165 1752 330 1819 vium,
361 1762 417 1807 et
472 1753 590 1822 ipse
643 1749 959 1816 miseratus,
1009 1756 1347 1807 tentamenta
1396 1755 1580 1804 tamen
1638 1747 1764 1803 belli

1868 532 2115 587 labitur:
2159 534 2205 587 si
2256 542 2438 588 autem
2470 534 2662 591 audire
2691 536 2905 604 nolint,
2953 539 3118 595 etiam
3171 555 3295 595 cum
3345 554 3469 610 pars

1865 624 2039 680 audiri
2060 626 2350 682 conturbat
2372 628 2629 683 universo
2651 631 2853 701 populo
2875 638 2902 668 ει
2924 631 3193 701 eripiatur
3207 631 3465 687 audiendi

1864 718 2161 787 profectus.
2212 719 2400 790 Itaque
2449 721 2593 792 apud
2645 737 2741 779 eos
2802 722 2932 777 mihi
2986 726 3196 780 orietur
3248 741 3467 793 sermo,

1864 816 1955 884 qui
1993 813 2187 870 audire
2233 814 2529 881 voluerint,
2580 816 2625 872 si
2666 816 2751 873 vel
2797 833 2864 872 cx
2914 825 3066 888 parte
3109 818 3286 890 aliqua
3331 818 3466 875 mihi

1864 907 2140 961 silentium
2171 907 2449 964 deferatur
2475 928 2487 964 :
2514 910 2895 981 intercipiatur
2918 913 3061 967 enim
3084 927 3264 969 sermo
3287 915 3467 969 omnis

1865 1012 1918 1055 et
1949 1002 2105 1071 quasi
2134 1010 2277 1056 totus
2311 1002 2544 1068 desidet,
2597 1004 2642 1058 si
2697 1006 3036 1060 concionalis
3089 1004 3357 1078 fragoris,
3411 1014 3468 1062 et

1868 1094 2094 1165 inquieti
2156 1096 2414 1165 strepitus
2460 1097 2803 1151 examinetur
2862 1097 3276 1167 impedimento.
3351 1099 3467 1154 Duo

1866 1196 1995 1243 sunt
2020 1187 2229 1258 itaque,
2259 1188 2454 1258 quibus
2485 1190 2660 1259 primo
2705 1188 3147 1259 respondendum
3179 1190 3417 1247 arbitror
3450 1209 3463 1247 :

1867 1296 1988 1350 qua:
2036 1281 2092 1336 in
2144 1282 2382 1335 maximo
2411 1290 2537 1337 sunt
2587 1283 2937 1352 querelarum
2992 1283 3269 1354 pondere:
3325 1283 3468 1352 quod

1868 1373 2118 1444 plerique
2148 1373 2513 1429 vociferantur
2535 1375 2604 1430 de
2628 1375 2846 1446 injuriis
2875 1375 3169 1446 prmsidttm
3206 1394 3218 1430 :
3250 1384 3304 1431 et
3325 1375 3469 1446 quod

1869 1470 2115 1539 plerique
2159 1469 2390 1539 periisse
2420 1469 2524 1525 sibi
2570 1469 2878 1526 libertatem
2933 1480 3178 1542 gemunt.
3230 1471 3467 1539 Quarum

1870 1561 2299 1631 propositionum
2348 1562 2653 1630 separanda
2699 1561 2832 1617 mihi
2878 1564 3183 1633 complexio
3231 1564 3465 1618 videtur.

1867 1654 1925 1711 Si
1969 1655 2115 1710 enim
2165 1655 2427 1725 praesides
2459 1656 2735 1727 improbi,
2779 1657 2909 1728 quid
2939 1673 3075 1727 opus
3121 1667 3205 1713 est
3250 1657 3475 1712 liberta-

1869 1753 1978 1803 tem
2010 1747 2306 1803 attollere?
2338 1762 2407 1804 ne
2429 1749 2723 1805 videamini
2755 1766 2861 1805 non
2887 1764 3077 1806 eorum
3112 1751 3329 1817 merito,
3373 1748 3469 1805 sed

167 1846 450 1903 adversum
479 1846 755 1901 Romanos
796 1845 906 1901 alta
938 1844 1220 1916 prudentia
1245 1858 1480 1900 cernens
1520 1842 1762 1911 moveri,
1798 1840 1845 1900 B
1870 1838 2153 1895 servitutis
2182 1839 2403 1895 fastidio
2428 1855 2685 1897 accusare
2712 1842 2995 1911 praesides,
3031 1843 3183 1912 quasi
3223 1842 3475 1898 domina-

165 1956 232 1995 ne
262 1950 314 1995 et
369 1939 478 1996 sibi
522 1938 758 2005 invidia,
790 1938 1106 2011 populoque
1155 1939 1404 1995 ultimum
1452 1938 1768 2011 gigneretur

168 2032 500 2104 periculum,
541 2039 739 2088 coacto
785 2032 840 2087 in
899 2046 1064 2087 unum
1122 2031 1359 2102 populo,
1415 2032 1467 2086 in
1510 2031 1630 2087 loco
1675 2030 1767 2100 qui

168 2125 368 2196 templo
402 2127 687 2195 proximus
738 2135 793 2181 et
817 2136 984 2196 ponte
1014 2125 1245 2191 divisus,
1280 2125 1487 2198 Xystus
1519 2125 1767 2196 appella-

170 2219 343 2287 batur,
386 2217 703 2291 hujusmodi
732 2218 1038 2275 orationem
1063 2218 1273 2275 habuit.

771 2311 997 2368 CAPUT
1033 2311 1125 2367 IX.

236 2404 352 2462 Etsi
383 2407 665 2479 plerisque
701 2405 1042 2476 improvidus
1071 2403 1394 2461 consulendi
1422 2402 1769 2459 moderandi-

171 2514 271 2570 que
314 2500 643 2572 impatiens,
676 2500 832 2556 dolor
876 2497 1136 2572 gravibus
1176 2498 1387 2569 aliquos
1434 2495 1596 2552 faciat
1628 2496 1766 2551 inm-

171 2603 347 2649 Stuare
379 2592 742 2661 querimoniis
772 2609 785 2645 :
824 2601 1006 2647 tamen
1049 2591 1140 2646 ubi
1185 2589 1477 2646 consilium
1506 2589 1762 2653 sumitur,

172 2694 549 2756 sequestratur
617 2684 844 2741 aﬁ‘ectus
901 2683 1128 2740 doloris.
1177 2684 1311 2738 Nam
1377 2684 1422 2739 si
1488 2690 1768 2753 promptos

173 2778 235 2833 ad
284 2777 634 2836 ulciscendas
681 2777 910 2848 injurias
949 2786 1003 2832 et
1033 2775 1099 2831 ad
1146 2774 1488 2831 inferendum
1523 2773 1769 2829 liomano

175 2873 367 2929 bellum
400 2872 663 2945 imperio,
714 2873 1004 2927 universos
1041 2886 1105 2927 ex
1154 2869 1258 2925 hoc
1304 2867 1509 2939 populo
1548 2882 1768 2935 compe-

174 2971 384 3038 rissem,
419 2984 488 3024 ac
511 2983 624 3024 non
642 2965 899 3024 'melioris
927 2967 1098 3038 partis
1126 2974 1181 3020 et
1223 2963 1614 3036 lranquillioris
1639 2976 1769 3018 sen-

177 3063 372 3129 tentiae,
420 3060 570 3131 quod
622 3059 772 3130 pacis
818 3069 901 3115 est
948 3066 1256 3129 praeoptare
1303 3055 1526 3127 etquod
1569 3053 1768 3125 quietis

178 3156 451 3226 prazl'erre,
479 3169 581 3211 nec
603 3153 673 3210 ad
704 3169 802 3208 vos
845 3153 1036 3208 venire
1070 3167 1236 3207 ausus
1267 3149 1439 3206 forem
1460 3193 1473 3217 ,
1505 3166 1605 3205 nec
1633 3164 1759 3205 con-

1873 1933 2037 1988 tionis
2068 1933 2368 1991 ministros.
2408 1938 2511 1990 Aut
2550 1936 2595 1991 si
2640 1936 3011 2003 intolerabilis
3046 1938 3282 1993 servitus
3308 1980 3322 2005 ,
3374 1951 3467 1992 su-

1872 2026 2077 2096 perllua
2107 2042 2239 2098 ergo
2260 2027 2328 2083 de
2356 2028 2679 2098 prtesidibus
2710 2024 3075 2100 querimonia.
3111 2028 3245 2084 Nam
3275 2028 3378 2084 etsi
3416 2029 3469 2083 in

1870 2117 1978 2172 illis
2006 2118 2340 2175 moderatior
2369 2119 2460 2188 sit,
2502 2120 2857 2176 nihilominus
2900 2130 3079 2177 tamen
3130 2122 3303 2192 turpis
3349 2136 3467 2177 ser-

1868 2212 2016 2267 vitus
2060 2222 2166 2268 est.
2205 2210 2629 2270 Consideremus
2655 2230 2811 2285 ergo,
2866 2230 2936 2270 ne
2976 2214 3031 2270 in
3086 2224 3321 2286 utroque
3373 2231 3472 2271 eo-

1870 2319 1989 2360 rum
2020 2320 2126 2360 non
2161 2306 2531 2376 perfunctorie
2576 2307 2843 2364 bellorum
2889 2308 3115 2363 materia
3161 2311 3280 2364 sit:
3335 2307 3468 2379 quid

1871 2400 2017 2455 enim
2046 2400 2310 2471 ineptius,
2339 2416 2501 2472 quam
2552 2401 2622 2458 de
2664 2401 2876 2471 injuriis
2920 2403 3101 2473 queri,
3160 2411 3214 2457 et
3264 2402 3468 2457 bellum

1871 2492 2181 2558 subtexere,
2225 2507 2288 2547 ac
2336 2494 2586 2564 periculis
2626 2506 2839 2550 mutare
2887 2492 3290 2550 contumelias?
3333 2494 3467 2548 Dum

1866 2585 2112 2657 judicem
2144 2588 2400 2659 refugias,
2435 2589 2646 2644 hostem
2677 2588 2904 2644 inducas
2939 2606 2952 2642 :
2987 2604 3110 2643 cum
3152 2587 3321 2658 judex
3369 2587 3473 2642 ini-

1872 2695 2010 2750 quus
2053 2681 2373 2753 plerumque
2410 2682 2548 2751 juris
2598 2683 2866 2752 interpres
2908 2681 3020 2748 sit,
3069 2681 3239 2736 hostis
3285 2689 3466 2737 autem

1871 2773 2033 2827 etiam
2058 2773 2236 2842 justus
2264 2790 2484 2844 semper
2511 2775 2583 2829 sit
2607 2776 2882 2845 appetitor
2902 2774 3115 2830 salutis.
3150 2774 3468 2845 Temper-ari

1870 2880 2023 2937 ergo,
2064 2883 2170 2921 non
2210 2869 2524 2938 eanperari
2565 2869 2808 2939 judicent
2859 2868 3059 2935 decet;
3114 2867 3325 2922 hostem
3380 2882 3474 2921 ca-

1871 2962 2008 3026 veri,
2040 2975 2106 3016 ne
2136 2961 2367 3016 alterum
2398 2961 2646 3029 acerbos,
2677 2962 2911 3017 alterum
2942 2974 3188 3015 arcessas
3218 2975 3232 3013 :
3264 2973 3386 3014 cum
3415 2965 3470 3014 et

1870 3052 1961 3108 ille
2008 3052 2373 3109 delinimento
2417 3055 2598 3109 mitior
2644 3054 2767 3122 liat,
2815 3062 2868 3108 et
2923 3052 3025 3107 iste
3071 3049 3332 3106 declinari
3377 3050 3473 3105 de-

1870 3147 2015 3212 beat,
2043 3162 2110 3202 ue
2138 3147 2311 3216 possit
2347 3162 2566 3202 nocere.
2597 3144 2910 3201 Cavendum
2957 3144 3122 3215 igitur
3162 3144 3231 3198 de
3269 3142 3469 3213 judici-

177 3252 346 3307 silium
373 3250 534 3306 dare.
561 3246 904 3319 Supernuum
934 3255 1019 3301 est
1062 3246 1205 3301 enim
1230 3244 1459 3300 suadere
1487 3243 1615 3314 quid
1644 3242 1765 3298 fieri
1793 3231 1838 3294 C
1874 3240 1995 3305 bus,
2048 3257 2118 3296 ne
2171 3241 2344 3312 litttjul’
2383 3243 2607 3311 querela
2655 3258 2816 3313 quam
2865 3240 3060 3311 injuria
3104 3239 3194 3293 sit.
3237 3237 3470 3294 Gravior

177 3352 439 3411 Oporteat,
472 3357 593 3397 cum
621 3338 960 3395 audientium
989 3354 1246 3394 assensus
1287 3339 1338 3393 in
1371 3338 1647 3393 deteriora
1672 3338 1761 3393 sit.

178 3436 279 3491 Sed
309 3437 431 3506 quia
458 3432 580 3489 aliis
627 3434 943 3503 inexpertus
968 3432 1285 3487 bellicorum
1319 3447 1448 3486 usus
1472 3432 1766 3500 malorum,

179 3529 291 3582 aliis
319 3526 689 3599 perfunctoria
713 3541 837 3595 spes
869 3524 1137 3580 libertatis
1170 3524 1457 3594 pra-dulcis
1507 3524 1574 3580 ad
1604 3541 1761 3597 expe-

179 3621 427 3688 tendum,
461 3617 558 3674 sed
608 3618 926 3688 plerumque
974 3616 1158 3687 gravis
1198 3616 1265 3672 ad
1308 3615 1718 3688 adipiscendum
1751 3636 1764 3672 :

183 3713 356 3769 multis
395 3712 543 3768 enim
567 3711 696 3765 dum
722 3710 946 3765 libertas
986 3711 1205 3779 petitur,
1241 3712 1476 3765 servitus
1513 3726 1770 3767 accumu-

177 3806 330 3870 latnr,
359 3814 414 3863 et
461 3804 776 3875 frequenter
807 3811 978 3858 totum
1031 3802 1283 3874 eripitur,
1311 3803 1507 3873 quibus
1546 3805 1633 3860 vel
1674 3820 1770 3860 no-

180 3919 293 3959 men
337 3901 615 3958 libertatis
657 3908 1036 3963 remanserat;
1079 3897 1212 3953 alios
1250 3897 1446 3968 quibus
1479 3900 1767 3968 prmseiltia

182 3997 407 4051 utilitate
466 3994 546 4049 sui
592 3992 905 4064 displicent,
946 4007 1128 4047 rerum
1178 3992 1394 4047 novitas
1449 3991 1669 4055 invitat,
1706 4006 1771 4048 ac

179 4090 219 4143 si
252 4090 537 4144 turbentur
582 4086 799 4155 negotia
820 4128 834 4153 ,
870 4085 1080 4141 lucrum
1111 4092 1337 4156 putatur
1368 4100 1381 4136 :
1423 4082 1548 4138 ideo
1588 4082 1773 4139 vobis-

180 4197 294 4238 cum
320 4181 615 4240 consilium
647 4179 1035 4236 conl‘erendum
1070 4178 1274 4251 putavi,
1308 4193 1377 4234 ne
1405 4187 1501 4232 aut
1528 4178 1768 4248 pruden-

180 4278 368 4331 tlormn
392 4272 663 4330 sobrietas
686 4271 1036 4343 prreripiatur
1059 4270 1477 4327 insolentiorum
1501 4269 1726 4326 audacia
1752 4287 1766 4323 :

178 4380 265 4423 aut
289 4369 377 4439 qui
410 4378 559 4424 reete
588 4380 781 4437 sapere
811 4366 1091 4431 nesciunt,
1126 4376 1315 4421 nostro
1346 4363 1540 4421 saltem
1571 4363 1768 4418 adrue-

183 4460 273 4517 niti
305 4476 560 4518 sermone
584 4471 939 4533 cognoscant,
982 4459 1440 4531 acquiescendum
1477 4470 1598 4515 esse
1637 4473 1771 4515 con-

180 4555 515 4611 sultioribus.
549 4554 840 4612 Silentium
872 4553 1036 4625 igitur
1064 4552 1419 4610 deferendum
1446 4570 1678 4621 censeo,
1712 4562 1772 4610 ut

1871 3351 2088 3407 quoque
2141 3336 2508 3407 objectionum
2561 3334 2798 3401 invidia,
2847 3350 3006 3404 quam
3048 3332 3465 3387 commissorum

1872 3431 2066 3500 pretia.
2115 3431 2273 3501 Saepe
2319 3431 2518 3486 etenim
2559 3432 2647 3500 qui
2691 3430 2868 3499 primo
2916 3425 3276 3482 verecundius
3326 3423 3467 3479 deli-

1871 3524 2113 3594 querint,
2144 3526 2381 3580 accusati
2410 3523 2792 3579 insolentiores
2818 3530 2973 3589 sunt,
3023 3530 3077 3575 et
3116 3518 3210 3589 qui
3256 3516 3469 3572 occulte

1871 3626 1998 3672 ante
2029 3616 2190 3672 furati
2220 3628 2367 3684 sunt,
2408 3629 2595 3688 postea
2645 3617 2821 3687 palam
2870 3613 3280 3670 latrocinantur.
3325 3608 3466 3664 Nihil

1872 3712 2053 3781 itaque
2082 3721 2188 3765 tam
2219 3722 2510 3782 exasperat
2549 3711 2815 3766 fervorem
2865 3708 3108 3763 vulneris
3133 3748 3147 3772 ,
3191 3720 3350 3776 quam
3400 3702 3450 3757 fe

1870 3804 2027 3860 rendi
2058 3804 2417 3875 impatientia.
2452 3803 2700 3872 Denique
2729 3802 3028 3869 impensius
3060 3800 3114 3854 in
3144 3798 3275 3867 ipsis
3307 3809 3465 3864 agre-

1873 3895 2048 3951 stibus
2074 3896 2201 3951 leris
2226 3895 2530 3950 arctissitna
2556 3894 2793 3961 vincula,
2836 3894 2881 3948 si
2933 3908 2991 3948 se
3031 3892 3309 3954 excitent,
3367 3889 3465 3941 im-

1874 3990 2183 4058 primuntur
2206 4008 2218 4042 :
2264 3988 2311 4044 si
2338 3988 2642 4059 quiescant,
2668 3987 2980 4041 relaxantur
3008 4001 3027 4039 :
3049 3985 3232 4053 gravis
3251 3996 3466 4053 quoque

1870 4082 2102 4137 febrium
2132 4082 2212 4137 vis
2240 4080 2522 4137 tolerando
2546 4080 2836 4145 minuitur,
2877 4076 3254 4149 inquietudine
3295 4089 3464 4144 auge-

1874 4186 1980 4233 tur.
2010 4177 2165 4245 Quod
2194 4176 2241 4231 si
2264 4177 2445 4231 norint
2485 4176 2586 4231 sibi
2612 4174 2899 4230 consulere
2937 4171 3169 4245 agrestia
3203 4212 3218 4237 ,
3269 4175 3328 4223 ut
3372 4184 3468 4222 na-

1876 4281 2013 4325 tura;
2038 4270 2456 4335 obliviscantur,
2495 4282 2604 4339 quo
2635 4267 2881 4323 dolorem
2925 4267 3164 4322 allevent
3200 4281 3213 4317 :
3265 4268 3470 4333 quanto

1874 4364 2045 4436 magis
2074 4365 2124 4419 in
2157 4361 2469 4419 hominibus
2494 4362 2751 4433 frequens
2792 4360 2843 4416 id
2881 4360 3067 4415 docuit
3094 4372 3226 4413 usus
3251 4401 3265 4425 ,
3324 4355 3468 4426 quod

1874 4472 2062 4512 eorum
2090 4457 2180 4528 qui
2212 4457 2324 4512 lzesi
2356 4466 2483 4511 sunt
2520 4454 2549 4494 ιδ
2598 4454 2901 4523 toleranda,
2940 4452 3264 4508 laedentibus
3310 4450 3470 4505 fuerit

1872 4549 2209 4616 verecunda,
2242 4558 2300 4603 ut
2337 4550 2455 4606 sine
2479 4558 2799 4605 accusatore
2824 4547 3184 4611 correxerint,
3209 4545 3354 4615 quod
3382 4560 3474 4600 ac-

180 4654 233 4702 et
258 4661 355 4702 uos
390 4662 511 4719 qua:
538 4645 845 4703 conducere
876 4643 1030 4701 vobis
1074 4645 1405 4700 arbitramur
1440 4646 1769 4716 aperiamus,
1796 4614 1850 4675 D
1878 4644 2051 4698 cusati
2080 4659 2187 4700 non
2210 4644 2613 4699 emendassent.
2663 4643 2770 4698 Sed
2817 4651 2955 4709 esto,
3007 4641 3171 4697 fuerit
3220 4640 3475 4695 intolera-

179 4746 232 4793 et
259 4747 499 4794 vestrum
526 4755 685 4796 nemo
709 4739 1080 4810 perturbetur,
1112 4738 1157 4792 si
1184 4737 1365 4808 aliqua
1394 4746 1591 4808 przeter
1618 4755 1771 4794 suam

181 4831 506 4887 voluntatem
556 4832 761 4888 audiat.
807 4829 980 4887 Nemo
1034 4830 1177 4886 enim
1226 4832 1425 4900 poterit
1475 4831 1773 4898 aestimare,

178 4922 333 4993 quale
363 4925 600 4995 sitquod
644 4925 885 4990 dicitur,
948 4923 1050 4979 nisi
1108 4920 1339 4978 audierit
1387 4922 1556 4992 prius,
1617 4924 1775 4994 cujus

180 5016 295 5086 ipse
327 5018 540 5074 futurus
570 5018 775 5074 arbiter
795 5019 866 5073 sit
898 5035 911 5071 :
947 5016 1139 5089 probet
1170 5033 1238 5073 ne
1267 5030 1336 5071 an
1370 5024 1631 5086 respuat,
1662 5010 1777 5071 fru-

178 5114 285 5161 stra
316 5109 695 5173 conturbatur,
733 5126 798 5166 ne
824 5108 1011 5165 audiat
1042 5125 1055 5162 :
1090 5108 1215 5163 licet
1244 5106 1387 5164 enim
1416 5116 1469 5162 et
1493 5116 1612 5176 post
1642 5121 1770 5162 con—

177 5197 503 5255 solationem
528 5202 825 5272 unicuique
855 5200 1084 5267 sentire,
1118 5199 1262 5270 quod
1290 5199 1495 5255 sentit:
1528 5208 1584 5253 et
1610 5198 1654 5253 si
1682 5197 1769 5253 di-

178 5290 382 5346 scessio
411 5291 586 5361 placet
613 5293 776 5349 etiam
821 5302 943 5364 post
985 5293 1201 5349 sobrios
1229 5290 1466 5346 monitus
1490 5335 1504 5359 ,
1550 5304 1772 5346 servare

176 5379 493 5437 inconsulta:
519 5384 811 5440 voluntatis
839 5384 1185 5440 sententiam.
1219 5381 1328 5438 Sed
1353 5383 1501 5437 dicet
1530 5381 1730 5450 aliquis
1757 5423 1770 5436 .

174 5469 283 5527 Cur
311 5474 513 5530 frustra
540 5476 715 5533 audiri
757 5476 950 5545 velint,
1007 5477 1054 5533 si
1107 5491 1215 5531 non
1271 5475 1627 5545 acquiescant
1682 5473 1775 5545 qui

175 5565 442 5623 audiunt?
464 5569 599 5638 Quia
630 5573 676 5628 si
726 5572 905 5629 nolint
933 5571 1285 5643 acquiescere
1315 5584 1441 5626 eum
1474 5568 1774 5638 audierint,

252 5732 543 5805 fljripitur
570 5753 589 5793 :
623 5749 680 5795 et
709 5754 833 5797 mox
864 5740 1144 5797 noluerint.
1188 5740 1358 5805 Beas.

251 5800 280 5841 δ
310 5800 631 5867 Tolerantia.
644 5852 655 5866 .
667 5847 706 5867 ..
735 5813 1067 5867 verecundia.
1092 5815 1170 5873 lu.

1882 4739 2006 4794 bilis
2032 4739 2396 4794 Romanorum
2421 4738 2668 4808 judicum
2696 4736 3023 4800 insolentia;
3049 4732 3175 4806 quid
3203 4733 3365 4805 igitur
3397 4743 3477 4789 to-

1881 4831 2180 4897 lerabilius,
2209 4833 2516 4897 universos,
2548 4847 2616 4885 au
2648 4846 2810 4884 unum
2845 4829 3054 4899 perpeti
3079 4828 3102 4881 ’ἶ
3130 4829 3262 4895 Qua:
3294 4837 3473 4881 autem

1875 4923 2109 4993 justitia,
2136 4940 2258 4980 cum
2283 4940 2420 4979 unus
2453 4923 2673 4986 laeserit,
2710 4922 2912 4978 bellum
2952 4920 3154 4977 inferre
3182 4919 3479 4977 onmibus?

1879 5018 2152 5090 Numquid
2192 5034 2383 5074 omnes
2423 5016 2655 5073 Romani
2702 5016 2913 5086 injuria:
2959 5016 3256 5071 auctores?
3305 5015 3478 5070 Num~

1883 5112 2009 5182 quid
2044 5112 2158 5181 ipse
2186 5111 2416 5167 Caesar?
2442 5119 2537 5166 aut
2568 5109 2813 5166 studiose
2842 5108 3052 5165 electus
3073 5109 3477 5179 estimprobus,

1879 5205 1971 5275 qui
2021 5204 2088 5257 ad
2142 5217 2238 5256 vos
2285 5205 2632 5275 mitteretur:
2689 5201 2786 5257 sed
2832 5218 3007 5273 neque
3057 5202 3325 5272 speculari
3360 5216 3481 5271 pos-

1880 5309 2006 5353 sunt
2038 5308 2058 5335 ε
2087 5299 2475 5365 transmarina,
2508 5298 2804 5368 oculosque
2842 5295 2910 5351 ad
2944 5297 3209 5352 orientem
3243 5306 3299 5351 et
3336 5293 3479 5350 occi-

1882 5390 2101 5446 dentem
2126 5389 2430 5456 intendere,
2462 5403 2521 5446 ut
2546 5391 2659 5446 illic
2706 5390 2946 5457 videant,
3016 5405 3137 5460 qua:
3168 5389 3255 5443 hic
3279 5402 3481 5457 gerun-

1884 5493 1971 5539 tur
2004 5508 2017 5540 :
2052 5499 2227 5554 neque
2252 5483 2443 5541 audire
2474 5484 2636 5539 facile
2665 5484 2810 5554 quod
2856 5485 2958 5539 etsi
3009 5480 3321 5539 sollicitudo
3365 5480 3485 5537 exi-

1884 5591 1996 5651 gat,
2039 5579 2412 5652 longinquitas
2453 5587 2615 5649 negat
2651 5577 3036 5649 probationum
3081 5572 3484 5632 difﬁcultatem.

1954 5754 1980 5787 ⁸
2008 5744 2181 5801 Tum
2209 5743 2397 5801 maria.
2431 5741 2509 5802 lu.
