3964 6306
489 291 633 350 2οη

1812 289 2057 350 SANCTI
2097 287 2424 347 AMBROSII

3663 289 3805 347 θοις

489 403 666 464 Unius
697 403 862 476 igitur
897 403 1054 476 culpa
1085 403 1372 461 dissidium
1421 403 1598 476 pariet
1639 402 1790 460 orbis
1836 403 2088 472 Romani,
2119 402 2172 465 Α
2195 399 2452 457 Leonidae
2479 399 2720 458 defuncti
2751 400 3082 474 triumphos,
3114 412 3234 474 post
3266 403 3589 474 Agesilaum
3620 417 3812 460 serva-

488 514 611 561 Cum
643 500 805 558 etiam
833 502 953 556 sine
972 500 1210 572 querelis
1231 499 1425 556 vestris
1447 514 1679 572 propera
1699 499 1973 556 correctio
1995 500 2089 567 sit,

489 593 642 649 nulla
665 593 1027 649 accusationis
1050 591 1284 659 invidia,
1310 593 1524 648 itineris
1551 592 1700 649 nullo
1730 592 1942 650 labore.
1977 594 2093 649 Au-

492 687 614 744 nuis
659 686 804 743 enim
849 685 1061 743 vicibus
1105 686 1337 742 Romani
1385 687 1738 758 magistratus
1791 695 2092 742 mutantur.

490 779 609 848 Quo
641 778 744 846 fit,
779 788 965 834 utnec
1008 778 1252 836 insolens
1295 779 1387 835 diu
1431 789 1692 847 maneat,
1739 787 1796 835 et
1845 779 2094 836 modera-

490 873 596 928 tior
651 871 760 928 cito
811 871 1086 929 succedat.
1130 871 1273 928 Nihil
1331 873 1496 944 igitur
1544 872 1725 928 oberit
1774 873 2045 944 quievisse
2075 915 2092 940 ,

489 979 611 1020 cum
637 965 940 1022 remedium
963 965 1241 1022 deferatur
1281 965 1445 1021 etiam
1489 967 1919 1038 quiescentibus.
1955 965 2096 1022 Cau-

489 1071 580 1114 sas
609 1057 737 1114 belli
789 1067 972 1114 autem
1018 1059 1266 1116 intexere
1311 1059 1722 1130 perniciosum;
1776 1059 1903 1130 quia
1958 1060 2094 1115 dura

493 1153 625 1210 belli
649 1154 939 1210 adversum
968 1169 1156 1211 omnes
1185 1155 1448 1222 conditio,
1495 1154 1788 1211 adversum
1817 1154 2096 1210 Romanos

495 1247 710 1302 ultima.
741 1247 888 1315 Quos
920 1250 965 1304 si
991 1249 1176 1320 fugere
1207 1249 1362 1315 velis,
1389 1265 1513 1305 cum
1541 1265 1802 1321 superare
1830 1265 2094 1321 nequeas,

493 1336 642 1392 orbis
673 1347 941 1394 terrarum
968 1339 1067 1394 tibi
1113 1339 1577 1412 derelinquendus
1626 1352 1732 1397 est.
1776 1341 1882 1397 Sed
1928 1343 2095 1397 liber-

495 1427 620 1483 tatis
647 1429 1000 1500 cupiditatem
1034 1433 1418 1502 praetenditis?
1447 1433 1578 1490 Sera
1605 1434 1706 1488 ista
1731 1433 2092 1501 deliberatio;

495 1522 644 1592 prius
666 1523 988 1578 certandum
1013 1524 1132 1591 fuit,
1164 1540 1233 1581 ne
1255 1526 1576 1582 amitteretis
1599 1527 1911 1582 libertatem
1934 1542 2094 1599 quam

495 1624 553 1668 ut
577 1615 835 1672 amissam
870 1617 1254 1687 reposceretis.
1289 1617 1465 1675 Durus
1512 1619 1789 1676 servitutis
1832 1635 1997 1686 usus,
2044 1628 2098 1675 et

499 1707 974 1779 ideoaprincipio
1021 1725 1126 1765 non
1187 1711 1284 1766 fuit
1337 1712 1640 1780 subeunda,
1696 1723 1789 1768 aut
1845 1722 2095 1785 suscepta

2198 501 2372 550 torem
2407 493 2571 562 Asiae,
2601 509 2745 550 nunc
2772 504 2959 550 amant
2988 494 3240 552 dominos
3281 511 3434 552 suos.
3485 496 3812 554 Macedonia

2197 602 2413 658 quoque
2443 595 2606 658 atque
2628 587 2812 646 Africa
2834 631 2849 655 ,
2895 605 3016 660 qua:
3065 605 3162 660 per
3195 599 3219 626 τι
3253 604 3382 645 suos
3433 589 3812 648 validissimos

2198 679 2369 736 duces
2397 681 2564 736 totius
2595 681 2746 737 orbis
2777 681 3061 752 imperium
3112 683 3165 737 in
3221 696 3317 737 sua
3337 683 3462 754 jura
3506 692 3565 739 et
3593 699 3813 754 posses-

2196 774 2380 828 siones
2411 774 2837 843 trausfuderant,
2868 775 3178 831 translatam
3211 791 3238 829 a
3272 791 3332 832 se
3359 777 3665 848 potentiam
3699 794 3810 835 non

2201 865 2571 938 indignantur,
2616 877 2870 939 tantaque
2919 884 3102 925 rerum
3153 870 3450 927 mulatione
3505 880 3811 941 contentae,

2199 965 2389 1027 optant
2422 960 2685 1029 pr0pitios
2713 961 2988 1026 dominos,
3019 977 3156 1032 quos
3185 963 3253 1017 ad
3282 963 3608 1020 servitutem
3656 974 3812 1035 pete-

2199 1050 2352 1106 bant.
2387 1051 2498 1107 Nec
2530 1053 2760 1124 Philippi
2785 1053 2990 1109 divitiis
3019 1054 3365 1124 Macedones,
3389 1071 3492 1112 nec
3510 1057 3813 1113 Alexandri

2199 1146 2507 1202 excitantur
2561 1147 2898 1218 triumphis,
2953 1164 3088 1218 quos
3143 1149 3312 1204 duces
3359 1149 3604 1204 omnium
3680 1165 3813 1220 pru-

2198 1237 2567 1304 dentissimos,
2619 1255 2726 1295 non
2774 1240 3047 1296 immerito
3097 1241 3329 1297 invictos
3379 1241 3808 1310 arbitrabantur,

2199 1333 2323 1403 quia
2370 1333 2511 1388 alter
2562 1349 2623 1389 se
2654 1332 2678 1371 δ
2721 1345 2910 1390 contra
2954 1334 3218 1391 Graeciam
3267 1335 3439 1392 tenuit
3470 1377 3486 1403 ,
3538 1336 3679 1393 alter
3733 1338 3813 1393 fu-

2200 1428 2352 1497 giens
2383 1442 2532 1480 arma
2560 1426 2803 1482 Romana
2838 1470 2852 1495 ,
2883 1442 3053 1498 usque
3081 1427 3146 1482 ad
3175 1442 3343 1498 regna
3374 1426 3573 1498 Caspia
3623 1437 3681 1484 et
3712 1443 3808 1485 ex-

2201 1525 2370 1573 trema
2399 1517 2639 1574 subacta:
2668 1519 2912 1575 Persidis
2942 1527 3107 1591 atque
3154 1519 3411 1574 ludorum
3456 1530 3672 1576 secreta
3731 1522 3812 1575 vi-

2200 1621 2319 1669 ctor
2352 1615 2598 1684 pervenit
2629 1633 2641 1668 :
2674 1615 2853 1686 magni
2900 1630 3098 1671 nomen
3149 1614 3418 1680 obtinuit,
3456 1615 3586 1686 quia
3635 1615 3809 1670 maxi-

2202 1720 2319 1760 mos
2345 1706 2585 1761 omnium
2637 1721 2743 1761 non
2788 1705 3084 1764 lacessivit.
3117 1707 3288 1776 Quem
3341 1707 3470 1763 licet
3523 1707 3810 1762 immatura

495 1803 877 1874 aequanimiter
914 1804 1158 1860 ferenda.
1201 1805 1355 1862 Tunc
1389 1805 1572 1862 decuit
1615 1807 1920 1874 restitisse,
1973 1825 2096 1865 cum

2204 1813 2350 1855 mors
2373 1799 2653 1870 trimnpho
2681 1800 3051 1856 Romanorum
3093 1801 3467 1866 subtraxerit,
3517 1802 3688 1856 servit
3735 1810 3811 1854 ta-

494 1894 564 1950 ad
601 1895 888 1952 servitium
930 1898 1288 1972 vocaremini.
1331 1898 1422 1953 llla
1465 1900 1668 1968 justior
1728 1915 1951 1970 pugna:
2005 1903 2098 1972 qui

497 1996 680 2042 autem
712 1988 883 2044 semel
910 1967 973 2045 se
993 1989 1208 2045 dederit
1244 1990 1296 2044 in
1341 1967 1662 2050 servitutem
1699 1967 1858 2059 ,iet—si
1910 1967 2099 2064 postea

498 2078 820 2134 subtrahere
851 2095 911 2136 se
938 2080 1108 2147 velit,
1154 2098 1261 2137 non
1309 2083 1402 2138 ille
1450 2092 1721 2156 tamquam
1773 2093 1986 2141 amator
2030 2085 2095 2141 li-

500 2169 728 2226 herlatis
757 2171 1041 2242 asset-itur,
1097 2174 1192 2229 sed
1245 2183 1516 2246 tamquam
1568 2191 1764 2232 servus
1807 2187 2098 2234 contumax

498 2263 861 2334 adjudicatur.
893 2265 992 2321 Ubi
1025 2277 1141 2323 erat
1188 2267 1291 2323 ista
1340 2269 1608 2326 libertatis
1636 2269 1921 2338 defensio,
1974 2288 2097 2328 cum

498 2357 788 2428 Pompeius
812 2359 1006 2414 vestris
1029 2361 1308 2432 ingrueret
1328 2362 1642 2434 regionibus
1666 2382 1680 2417 :
1715 2363 1904 2420 urbem
1927 2365 2100 2421 domi-

498 2464 601 2504 nus
628 2449 879 2519 intraret,
935 2451 1026 2507 ubi
1078 2465 1237 2509 erant
1288 2469 1441 2510 arma
1487 2470 1590 2526 pro
1641 2455 1935 2513 libertate?
1991 2458 2101 2514 Cur

497 2542 742 2613 deposita
778 2552 907 2600 sunt
933 2560 963 2600 a
996 2547 1245 2617 patribus
1288 2549 1537 2605 nostris?
1570 2550 1636 2606 Et
1665 2559 1814 2607 certe
1862 2552 1942 2608 illi
1987 2552 2098 2609 for-

500 2635 668 2692 tiores
695 2637 853 2694 nobis
873 2639 1047 2706 fuere,
1085 2640 1336 2712 vigebant
1356 2644 1574 2706 animis,
1602 2645 1949 2702 abundabant
1973 2648 2100 2703 sub-

499 2729 677 2793 sidiis,
711 2731 1007 2802 cupiebant
1033 2748 1338 2805 repugnare
1375 2755 1388 2791 :
1422 2738 1517 2793 sed
1567 2739 1820 2809 exiguam
1872 2739 2102 2798 Romani

499 2823 775 2878 exercitus
801 2838 907 2879 non
939 2827 1251 2882 sustinuere
1283 2829 1588 2898 portionem
1625 2849 1638 2883 :
1669 2832 1795 2886 victi
1823 2841 1972 2897 sunt,
2007 2834 2101 2890 sed

499 2916 766 2971 reservati
795 2930 1138 2987 agnoverunt
1160 2920 1348 2991 jugum
1379 2923 1679 2990 servitutis,
1707 2941 1776 2980 ne
1809 2926 2106 2983 tolerarent

499 3023 715 3079 poenam
746 3011 1096 3082 captivitatis.
1120 3013 1260 3080 Quid
1307 3018 1576 3072 recusatis
1617 3016 1864 3075 hmredes
1890 3061 1906 3086 ,
1955 3021 2102 3092 quod

497 3101 708 3159 debetis
733 3103 860 3174 jure
908 3107 1324 3162 successionis?
1377 3109 1699 3180 Aslringunt
1741 3127 1840 3168 vos
1887 3115 2100 3185 negotia

2204 1907 2328 1948 men
2361 1900 2414 1948 et
2445 1892 2561 1964 ipse
2591 1893 2644 1948 in
2677 1894 2914 1963 posteris
2936 1896 3075 1959 suis,
3105 1894 3304 1965 quibus
3340 1893 3575 1949 orientis
3613 1894 3806 1963 Spolia,

2205 2001 2311 2040 non
2364 1985 2430 2040 ad
2487 1985 2714 2042 fulcrum
2787 1986 3176 2042 dominationis
3247 1986 3479 2058 quaesita
3512 2029 3527 2054 ,
3585 1985 3680 2042 sed
3744 1986 3808 2042 ad

2204 2079 2435 2149 pretium
2503 2079 2784 2134 servitutis
2818 2121 2832 2145 ,
2889 2090 2945 2134 ut
2994 2079 3253 2134 nobilitas
3309 2079 3687 2135 famulantium
3746 2080 3807 2133 ad

2204 2169 2426 2225 victoris
2458 2185 2594 2240 opes
2625 2161 2954 2250 pertleniret.
3006 2171 3197 2242 Magna
3250 2171 3425 2226 virtus
3477 2172 3802 2229 Alexandro.

2202 2262 2342 2330 Quid
2374 2272 2555 2319 tamen
2584 2265 2827 2321 mirum?
2868 2265 2963 2321 llle
2999 2281 3170 2337 usque
3214 2264 3282 2320 ad
3325 2279 3594 2322 oceanum
3636 2265 3804 2321 victo-

2204 2357 2338 2410 riam
2380 2358 2648 2425 extendit,
2694 2357 2928 2413 Romani
2974 2358 3115 2413 ultra
3163 2373 3450 2414 oceanum.
3499 2357 3684 2414 Testis
3729 2367 3804 2414 est

2208 2449 2535 2504 cBritannia
2589 2459 2744 2505 extra
2795 2450 2984 2506 orbem
3032 2450 3248 2521 posita,
3299 2449 3397 2506 sed
3442 2449 3802 2507 Romanorum

2203 2544 2402 2599 virtute
2433 2544 2486 2599 in
2519 2544 2708 2599 orbem
2742 2546 2982 2601 redacta.
3014 2545 3162 2613 Quos
3217 2552 3351 2600 tetas
3379 2545 3635 2616 superior
3661 2545 3802 2616 ignea

2203 2646 2306 2704 rat,
2333 2637 2524 2692 didicit
2550 2637 2922 2694 Romanorum
2963 2637 3211 2694 victoria.
3263 2637 3523 2694 Serviunt
3569 2647 3627 2694 et
3675 2639 3788 2708 ipsi,

2201 2729 2318 2801 qui,
2347 2729 2476 2801 quid
2505 2742 2650 2786 esset
2674 2734 2941 2800 servitus,
2976 2731 3295 2804 ignorabant
3328 2747 3342 2785 :
3387 2731 3493 2788 soli
3532 2731 3639 2788 sibi
3669 2732 3795 2798 nati,

2203 2832 2259 2878 et
2288 2837 2505 2894 semper
2537 2823 2641 2878 sibi
2669 2824 2830 2879 liberi
2861 2821 2887 2861 ἀ
2919 2824 3043 2895 quia
3075 2839 3105 2879 a
3148 2825 3492 2894 superiorum
3543 2825 3800 2895 potentia,

2204 2914 2471 2972 interfuso
2495 2932 2700 2972 oceano
2724 2919 2923 2974 secreti
2953 2927 3197 2974 metuere
3225 2933 3334 2974 non
3367 2926 3647 2990 poterant,
3673 2933 3800 2990 quos

2205 3009 2543 3065 nesciebant.
2580 3010 2708 3066 Plus
2739 3010 2925 3082 itaque
2953 3009 3051 3066 fuit
3098 3012 3364 3067 transisse
3397 3011 3464 3066 ad
3494 3012 3800 3076 Britannos,

2204 3116 2368 3172 quam
2421 3102 2790 3173 triumphasse
2836 3103 2904 3159 de
2960 3103 3256 3159 Britannis.
3304 3104 3444 3173 Quid
3482 3107 3632 3161 enim
3674 3108 3806 3162 face-

501 3205 717 3268 patrutu
753 3217 766 3252 :
799 3199 1075 3269 quomodo
1105 3201 1470 3258 obedientiam
1504 3203 1779 3274 refugitis,
1829 3213 1980 3263 tanto
2023 3208 2099 3263 in-

2208 3203 2349 3260 rent,
2383 3195 2669 3252 elementis
2693 3197 2806 3266 jam
2838 3196 3207 3252 Romanorum
3245 3197 3478 3268 imperio
3509 3197 3803 3269 subjectis?

497 3289 727 3346 feriores
780 3291 1206 3350 obedientibus?
1232 3305 1323 3350 aut
1353 3295 1482 3366 quid
1529 3295 1683 3352 vobis
1721 3297 1912 3368 reliqui
1949 3299 2054 3355 erit
2087 3344 2102 3368 ,

497 3384 590 3454 qui
627 3385 678 3440 in
711 3402 807 3442 vos
829 3387 1103 3445 Czcsarem
1137 3400 1192 3445 et
1233 3407 1450 3448 omnem
1500 3395 1758 3449 virtutem
1801 3395 2102 3453 Romanam

500 3477 773 3531 movetis?
798 3477 1086 3546 Quomodo
1119 3483 1349 3550 potestis
1375 3483 1654 3540 sustinere
1704 3500 1800 3541 eos
1824 3527 1839 3552 ,
1890 3489 1981 3556 qui
2033 3490 2103 3544 de

497 3568 752 3625 omnibus
785 3570 1213 3641 triumpharunt,
1250 3583 1417 3646 atque
1446 3577 1514 3632 ab
1553 3578 1810 3634 omnibus
1851 3580 1956 3636 sibi
2004 3582 2106 3636 mi-

497 3661 780 3718 litautihus
809 3679 953 3719 nunc
983 3665 1346 3735 adjuvantur?
1372 3668 1442 3724 Et
1477 3669 1841 3728 Athenienses
1882 3675 2101 3744 quidem

496 3770 594 3824 pro
621 3754 872 3811 libertate
914 3758 1080 3813 totius
1117 3758 1342 3816 Grmcia:
1384 3762 1643 3819 incendio
1673 3765 1905 3834 patriam
1936 3765 2105 3821 tradi-

496 3847 716 3915 derunt,
745 3848 940 3904 exsilio
970 3861 1243 3906 mutantes
1272 3852 1488 3920 domos,
1520 3871 1588 3911 ne
1617 3856 1722 3913 sibi
1760 3856 1974 3914 Xerxes
2007 3858 2104 3914 do-

498 3941 818 4010 minaretur,
852 3959 1013 4014 quem
1045 3945 1098 3998 in
1147 3945 1308 4002 terris
1352 3947 1730 4020 navigantem,
1766 3952 1819 4006 in
1848 3951 2104 4010 ﬂuctibus

497 4033 855 4101 gradientem,
883 4049 1006 4090 cum
1040 4053 1161 4090 eum
1197 4053 1295 4094 nec
1318 4042 1489 4095 maria
1515 4051 1799 4112 caperent,
1831 4060 1931 4101 nec
1963 4055 2102 4103 terra

497 4127 846 4191 sustineret,
895 4129 1038 4198 quod
1090 4130 1318 4201 Europae
1377 4134 1542 4189 totius
1601 4137 1775 4205 spatia
1847 4138 2104 4195 transitus

497 4219 616 4290 ejus
641 4218 854 4276 itineris
882 4220 1210 4290 includeret,
1257 4226 1668 4295 angustioribus
1718 4237 1986 4286 terrarum
2034 4231 2100 4286 fl-

497 4309 680 4378 nibus,
709 4325 872 4382 quam
895 4313 1170 4368 exercitus
1197 4325 1508 4372 commeatu
1534 4335 1548 4372 :
1581 4318 1654 4374 ita
1686 4321 1956 4390 persecuti
1978 4332 2106 4378 sunt

497 4402 828 4473 fugientem,
879 4415 935 4459 ut
987 4404 1074 4459 vix
1124 4421 1229 4462 una
1287 4423 1426 4463 nave
1471 4408 1707 4480 fugitans
1739 4452 1756 4479 ,
1813 4412 2105 4485 auxiliique

496 4495 769 4566 indigens,
828 4512 888 4553 se
929 4496 1282 4556 subtraheret
1304 4500 1647 4571 captivitati:
1680 4517 1867 4560 verum
1897 4504 2001 4575 ipsi
2025 4505 2102 4560 illi

2211 3284 2404 3340 Docuit
2425 3286 2547 3342 illos
2575 3302 2816 3343 oceanus
2844 3288 3124 3344 servitutis
3157 3288 3500 3356 patientiam,
3532 3299 3803 3360 postquam

2209 3376 2694 3435 lransfrelantibtts
2719 3389 2777 3436 et
2809 3391 2832 3418 ο
2866 3381 2968 3451 ipsi
2993 3380 3364 3436 Romanorum
3417 3383 3685 3453 navigiis,
3735 3385 3806 3438 in—

2205 3481 2419 3528 suetam
2451 3473 2552 3528 sibi
2583 3474 2902 3528 servitutem
2957 3483 3316 3543 agnoverant.
3366 3473 3501 3530 Nam
3545 3475 3616 3530 de
3647 3476 3804 3532 Anni-

2209 3563 2332 3620 bale
2381 3564 2510 3634 quid
2556 3574 2836 3632 retexam,
2885 3565 2976 3636 qui
3023 3575 3104 3622 tot
3153 3567 3439 3638 regionum
3479 3569 3656 3624 victor
3710 3570 3805 3623 lto-

2208 3659 2384 3713 tnanis
2415 3669 2470 3714 et
2498 3662 2614 3729 ipse
2643 3661 2897 3716 militavit
2926 3661 3237 3732 triumphis,
3264 3662 3464 3733 quibus
3493 3663 3664 3734 Alpes
3689 3679 3804 3734 ape-

2205 3749 2354 3814 ruit,
2401 3750 2540 3804 viam
2572 3752 2809 3820 stravit,
2834 3752 3001 3808 urbes
3045 3752 3304 3823 subegit,
3344 3769 3467 3824 qua:
3514 3754 3801 3810 victoribus

2205 3843 2666 3913 acquirerentur?
2700 3844 2770 3899 Et
2797 3845 2892 3916 qui
2922 3844 3236 3916 frequenter
3263 3845 3629 3916 superiorem,
3663 3862 3799 3918 spem

2208 3947 2388 3995 tamen
2421 3938 2663 3994 victoria:
2695 3940 2854 3996 victis
2903 3954 3195 4011 numquam
3248 3941 3600 4008 interclusit,
3647 3943 3797 3997 semel

2208 4032 2382 4087 victus
2413 4048 2672 4103 reparare
2715 4049 2775 4089 se
2824 4034 3085 4105 nequivit.
3124 4034 3302 4090 Cessit
3352 4044 3550 4104 sponte
3595 4035 3796 4090 victori-

2207 4134 2328 4193 bus,
2357 4140 2494 4196 quos
2531 4125 2550 4164 ί
2582 4127 2758 4182 victor
2790 4144 2899 4184 non
2945 4129 3286 4194 sustinebat;
3335 4129 3678 4202 abjectisque
3718 4145 3798 4184 aro

2206 4223 2311 4276 mis
2342 4222 2686 4290 victricibus,
2735 4224 2804 4278 ad
2856 4224 3106 4281 Prusiam
3151 4239 3275 4280 sese
3313 4226 3549 4280 contulit
3580 4241 3794 4297 regem:

2205 4328 2277 4369 ex
2329 4313 2466 4369 duce
2507 4316 2902 4383 mercenarius,
2956 4331 3025 4374 ex
3077 4315 3479 4386 triumphatore
3530 4317 3791 4389 fugitivus.

2210 4404 2506 4462 Veniamus
2531 4406 2599 4462 ad
2628 4407 2930 4464 Galliarum
2958 4409 3191 4474 incolas,
3223 4411 3457 4480 populos
3501 4420 3694 4467 natura
3731 4408 3796 4465 fe-

2209 4507 2488 4566 reces,et
2514 4500 2857 4556 naturalibus
2907 4502 3081 4558 muris
3127 4501 3452 4569 ferociores,
3511 4518 3650 4574 quos
3701 4516 3792 4558 nou

494 4591 596 4646 viri
629 4589 722 4661 qui
762 4599 928 4646 totam
981 4590 1262 4663 fregerunt
1307 4594 1491 4650 Asiam
1517 4637 1533 4663 ,
1580 4607 1807 4668 propter
1848 4597 2100 4668 exiguam
2129 4584 2182 4646 Ι)
2208 4601 2474 4648 caementa
2501 4593 2799 4665 parietum,
2843 4594 2940 4651 sed
2976 4595 3109 4666 iuga
3155 4597 3372 4667 Alpium
3403 4595 3474 4651 ab
3504 4605 3634 4652 ortu
3678 4593 3792 4650 solis

493 4683 826 4739 Salaminam
851 4692 907 4740 et
930 4684 1342 4755 imperitantem
1381 4687 1638 4745 ﬂuctibus
1668 4689 1910 4747 Xerxem
1954 4692 2101 4748 subi-

491 4784 709 4846 gentem
758 4776 951 4842 maria,
983 4777 1036 4832 iu
1067 4794 1132 4834 eo
1161 4779 1280 4848 ipso
1319 4781 1465 4851 quod
1509 4781 1612 4837 sibi
1658 4781 1965 4852 subjectum
1997 4799 2098 4854 pu-

492 4871 661 4937 tabat,
690 4871 983 4938 elemeuto,
1011 4871 1410 4940 gloriosissime
1431 4873 1765 4932 debellatum
1793 4875 2051 4947 fugarunt
2084 4893 2096 4930 :

492 4977 638 5018 nunc
669 4961 930 5019 Romanis
959 4962 1231 5031 serviunt,
1263 4973 1318 5020 et
1347 4966 1626 5038 principes
1667 4968 1834 5024 totius
1876 4966 2102 5024 Graeciae

492 5057 748 5112 Italorum
781 5057 1024 5126 imperiis
1051 5058 1473 5129 obtemperant:
1499 5071 1665 5132 atque
1703 5061 1810 5117 illa:
1848 5062 2101 5128 Athenae,

491 5165 613 5221 qum
642 5149 787 5220 leges
818 5149 945 5206 aliis
971 5149 1195 5217 dabant,
1233 5167 1377 5207 nunc
1424 5152 1624 5209 alienis
1672 5154 1883 5224 legibus
1926 5151 2102 5208 famu-

494 5245 696 5300 lantur.
729 5243 1126 5300 Lacedazmonii
1166 5260 1385 5317 quoque
1428 5257 1552 5317 post
1595 5247 2000 5320 Thermopylas
2050 5255 2107 5303 et

564 5372 586 5399 ο
616 5361 788 5418 Duos.
820 5361 990 5418 Paulo
1021 5372 1144 5434 post
1172 5361 1226 5418 in
1251 5371 1361 5419 vet.
1395 5363 1520 5421 cod.
1563 5363 1721 5421 deest
1766 5379 1872 5420 vox
1919 5363 2088 5419 domi-

494 5449 608 5490 nos.
644 5435 813 5491 ΒΑιιιι.

574 5505 602 5545 ι)
635 5504 667 5559 1
670 5515 786 5560 utra
812 5504 1089 5564 Graeciam.
1112 5510 1192 5565 In.

573 5578 760 5654 c‘lluic
784 5579 1032 5654 geminus
1061 5580 1214 5638 locus
1244 5589 1424 5654 exstat
1456 5580 1592 5639 infra
1618 5579 1715 5654 lib.
1749 5595 1950 5654 v,cap.
1985 5582 2056 5639 15
2083 5599 2100 5639 :

501 5647 644 5766 guid
668 5647 912 5704 adlatam
937 5649 1236 5707 Britannias
1264 5653 1526 5725 interfusa
1567 5653 1700 5707 mari
1743 5647 1801 5708 α’
1830 5647 1936 5709 εοὶο
1979 5653 2103 5710 orbe

541 5718 714 5766 ivisax-
745 5728 795 5766 et
822 5736 854 5766 ll
889 5719 1136 5766 Romanis
1178 5723 1233 5766 in
1284 5723 1460 5766 orbam
1504 5732 1755 5766 [marum
1805 5725 2047 5766 roth-Mn:
2077 5728 2101 5766 9

541 5718 714 5784 iuisas,
745 5728 795 5774 et
822 5736 854 5772 ιι
885 5719 1136 5777 Romanis
1178 5723 1233 5777 in
1284 5718 1460 5779 orbein
1504 5732 1757 5779 terrarum
1805 5725 2047 5780 redactas
2074 5728 2101 5780 ?

505 5784 765 5841 Nimirum
802 5787 1086 5858 Virgilium
1111 5793 1356 5849 imitatur
1383 5803 1596 5859 auctor,
1627 5794 1782 5865 cujus
1809 5795 1940 5850 illud
1974 5803 2090 5853 est:

2208 4693 2448 4748 tuentur.
2476 4687 2546 4742 ab
2571 4702 2769 4745 occasu
2793 4703 3034 4744 oceanus
3066 4688 3315 4754 includit,
3348 4703 3380 4744 a
3411 4689 3642 4746 meridie
3669 4703 3790 4760 pra:-

2207 4787 2363 4848 rupta
2398 4778 2676 4850 Pyrenaei,
2727 4795 2758 4836 a
2805 4781 3181 4851 septentrione
3218 4782 3401 4838 Rheni
3442 4781 3675 4850 fluenta,
3705 4782 3792 4837 im-

2207 4889 2502 4944 manesque
2528 4875 2790 4932 Germani
2822 4877 3247 4948 insuperabiles,
3296 4887 3354 4935 et
3397 4878 3789 4936 inaccessibiles

2209 4969 2522 5026 reddidisse
2554 4984 2616 5026 se
2643 4971 3011 5027 claustrorum
3052 4972 3333 5028 beneficiis
3360 4973 3787 5030 aestimabantur:

2212 5062 2474 5118 Romanis
2500 5074 2680 5119 tamen
2713 5079 2874 5135 supra
2904 5065 3078 5121 nubes
3109 5065 3411 5132 viantibus,
3441 5075 3499 5122 et
3531 5066 3667 5121 ultra
3707 5077 3791 5118 co-

2215 5154 2426 5212 lumnas
2456 5155 2704 5211 Herculis
2735 5155 3025 5227 imperium
3061 5157 3514 5227 propagantibus.
3554 5155 3682 5212 nihil
3716 5155 3789 5209 in-

2213 5247 2361 5303 vium
2391 5247 2492 5303 fuit
2523 5265 2538 5304 :
2575 5257 2724 5303 tanta
2755 5257 2780 5297 ε
2810 5247 3068 5304 felicitate
3107 5247 3318 5319 hostis,
3371 5259 3428 5306 et
3475 5248 3568 5321 qui
3616 5245 3788 5305 latebat

2663 5367 2767 5414 toto
2789 5361 2970 5415 divisos
2985 5362 3111 5413 orbe
3135 5362 3414 5414 Britannos.

3317 5447 3570 5507 Mazaca.

2277 5539 2306 5580 ά
2333 5541 2458 5608 Qui.
2485 5540 2656 5597 ΒΑΜ.

2283 5624 2306 5652 ε
2338 5611 2462 5736 I‘pse
2487 5612 2771 5684 (oceanus)
2799 5620 3098 5685 agnouerat.
3128 5610 3204 5667 In.

2281 5682 2301 5721 ί
2390 5685 2539 5740 ictos.
2563 5684 2663 5742 In.-

2278 5764 2303 5803 ε
2332 5723 2639 5814 filiiﬁlii:
2661 5755 2739 5812 In.
