3964 6326
234 322 387 382 2049

1103 328 1372 389 HISTOR.
1418 333 1504 388 DE
1546 325 1827 389 EXCIDIO
1864 328 2138 390 IIIEROS.
2183 331 2382 391 URBIS
2420 333 2552 392 LIB.
2593 334 2659 393 II.

3409 343 3551 403 2050

234 448 513 508 repertus,
549 448 603 494 et
628 441 720 511 qui
751 441 1064 511 resistebat,
1098 444 1278 500 victus
1305 453 1390 501 est
1420 463 1432 499 :
1475 460 1711 518 quorum
1743 446 1843 500 im-
1872 445 1921 504 A
1949 445 2062 513 Qua
2097 447 2372 505 oblatione
2400 449 2550 516 victi,
2599 448 2694 505 sed
2751 448 2847 506 ulti
2901 458 3079 510 tamen
3143 455 3392 527 injuriam
3447 460 3555 516 fra-

233 534 457 602 proviso
480 533 715 590 adventu
744 535 1060 592 consedisse
1088 547 1302 594 montes
1329 538 1626 596 Germania
1655 539 1840 594 credi-

231 627 338 695 dit,
365 627 617 685 Rhenum
645 630 947 695 exaruisse,
993 631 1087 702 qui
1130 631 1508 704 magnitudine
1551 646 1841 704 corporum

233 730 292 777 et
323 730 641 793 contemptu
674 723 868 779 mortis
893 724 1107 779 caeteris
1137 724 1452 792 validiores,
1502 726 1594 797 qui
1631 726 1840 782 retina-

231 816 419 872 culum
446 823 575 872 ante
596 831 755 872 suum
780 815 1031 873 Rhenum
1055 818 1336 888 putabant,
1361 832 1508 874 nunc
1528 818 1722 876 salutis
1749 818 1841 875 de-

231 907 566 966 fensionem.
601 909 794 981 Itaque
810 910 922 982 jam
955 926 1064 966 non
1090 920 1116 948 α
1143 910 1316 982 c0piis
1334 912 1732 970 Germanorum
1755 927 1844 969 re-

233 1001 477 1072 plentur,
511 1001 611 1058 sed
641 1001 1014 1070 Romanorum
1059 1003 1312 1072 liburnis,
1343 1020 1466 1076 qua:
1492 1013 1843 1076 pererrantes

235 1104 324 1150 tot
354 1111 525 1168 usque
555 1096 624 1152 ad
651 1112 801 1154 mare
832 1097 1075 1154 bicornis
1112 1099 1288 1155 amnis
1324 1098 1525 1156 fluenta
1555 1099 1844 1172 {quondam

234 1189 440 1248 liberas
458 1201 646 1262 gentes
673 1192 900 1249 servitio
929 1203 1208 1264 premunt,
1233 1203 1291 1250 ut
1317 1211 1440 1266 quae
1466 1194 1572 1251 sibi
1602 1205 1732 1252 ante
1765 1205 1845 1251 to-

235 1285 348 1341 tius
375 1285 525 1342 orbis
555 1285 848 1356 imperium
877 1297 1367 1358 praesumpserant,
1399 1303 1543 1345 nunc
1565 1289 1845 1346 servitutis

235 1379 475 1451 proprim
498 1380 808 1437 mercedem
837 1382 1144 1438 exsolvant.
1182 1382 1324 1450 Quid
1375 1382 1577 1454 Illyriis
1624 1393 1841 1440 erutum

233 1474 394 1528 venis
425 1481 693 1529 terrarum
726 1489 948 1530 suarum
995 1490 1188 1532 aurum
1237 1476 1474 1546 profuit,
1507 1477 1704 1549 quibus
1735 1492 1843 1532 non

234 1565 532 1622 abundavit
561 1567 628 1622 ad
657 1566 907 1623 liberatis
936 1569 1264 1639 praemium?
1291 1568 1506 1636 Quanto
1546 1570 1845 1642 pretiosius

232 1657 608 1715 Romanorum
650 1658 853 1714 ferrum
884 1702 898 1727 ,
948 1661 1034 1716 cui
1087 1661 1256 1717 servit
1293 1677 1484 1718 aurum
1530 1662 1840 1718 Pannonio-

231 1751 404 1806 rum?
439 1751 543 1806 Dat
569 1751 754 1823 itaque
795 1753 1108 1809 Pannonias
1138 1755 1256 1809 auri
1291 1756 1577 1823 tributum,
1617 1764 1673 1812 et
1711 1772 1844 1827 opes

1952 539 2124 596 tribus
2157 549 2179 578 ε
2215 541 2477 599 Philineis
2506 543 2792 600 victoriam
2821 560 3150 605 concessere
3182 568 3194 604 :
3227 566 3328 608 nec
3362 553 3555 626 Syrtes

1951 634 2246 704 prmteribo
2278 636 2573 704 terribiles,
2607 638 2772 696 etiam
2804 641 2923 698 solo
2945 643 3160 711 auditu,
3196 649 3341 717 quod
3369 651 3554 707 omnia

1947 726 2014 781 ad
2046 741 2105 783 se
2129 727 2366 797 trahant,
2393 739 2448 786 et
2475 733 2967 805 appropinquantia
2998 737 3204 796 vadoso
3252 743 3389 797 mari
3436 741 3552 798 hac-

1948 827 2143 888 reant,
2197 821 2414 877 tertiam
2467 833 2677 895 partem
2724 827 2876 884 orbis
2931 830 3098 887 totius
3149 832 3220 889 ab
3276 835 3556 894 Atlantico

1945 915 2086 971 mari
2113 924 2169 972 et
2195 917 2465 974 columnis
2501 919 2751 977 Herculis
2783 937 2954 995 usque
2998 927 3066 981 ad
3100 941 3254 986 mare
3285 927 3553 1001 Rubrum,

1947 1015 2111 1078 atque
2167 1008 2455 1082 [Ethiopas
2507 1013 2726 1070 definiri
2780 1031 2961 1072 rerum
3015 1020 3179 1089 periti
3244 1035 3552 1082 asseruere.

1947 1098 2081 1166 Quis
2107 1110 2183 1156 tot
2211 1105 2456 1174 gentium
2497 1106 2730 1177 populos
2778 1125 3009 1167 numero
3056 1123 3387 1182 recenseat,
3433 1117 3555 1188 qui-

1948 1193 2050 1248 bus
2103 1193 2236 1250 fulta
2287 1194 2560 1270 Carthago
2603 1199 2878 1270 Scipionis
2923 1204 3171 1261 dextram
3224 1223 3332 1264 non
3385 1209 3551 1280 tulit,

1949 1287 2248 1359 maluitque
2287 1290 2518 1348 Romam
2548 1293 2766 1350 duabus
2797 1298 2923 1352 anni
2975 1300 3218 1369 partibus
3266 1301 3556 1360 adversum

1947 1395 2007 1436 se
2051 1397 2314 1452 pascere,
2365 1401 2526 1456 quam
2570 1386 2800 1444 aliorum
2848 1391 3045 1461 Opibus
3095 1393 3219 1448 nixa
3264 1394 3554 1451 adversum

1947 1473 2226 1529 Romanos
2249 1476 2564 1533 rebellare?
2603 1477 2768 1536 Creta
2799 1497 3016 1552 quoque
3055 1493 3278 1541 centum
3327 1485 3560 1544 urbibus

1949 1566 2168 1635 nobilis,
2193 1566 2467 1624 uberrima
2511 1571 2812 1642 pratferens
2830 1589 3020 1645 regna,
3040 1576 3373 1634 circumfusa
3399 1578 3560 1634 undi-

1947 1673 2056 1730 que
2087 1659 2224 1715 mari
2252 1670 2305 1716 et
2332 1661 2589 1719 fluctibus
2616 1673 2890 1735 tamquam
2928 1667 3198 1724 mmnibus
3242 1669 3408 1726 solita
3459 1669 3558 1727 ho-

1947 1759 2085 1806 stem
2119 1753 2413 1823 repellere,
2445 1771 2612 1811 unum
2645 1758 2992 1814 consularem
3030 1771 3276 1827 veretur,
3327 1771 3383 1818 et
3433 1762 3558 1833 plu-

232 1861 366 1902 suas
392 1847 461 1903 ad
496 1847 798 1903 Romanum
831 1849 1084 1904 mrarium
1118 1849 1309 1906 volens
1338 1850 1617 1921 transfert,
1668 1860 1726 1906 ut
1771 1852 1844 1906 sit
1871 1849 1920 1912 B
1949 1845 2072 1899 rimi
2105 1847 2291 1917 populi
2315 1863 2415 1904 se!
2459 1849 2688 1906 fascium
2735 1851 2963 1923 virgulis
3002 1862 3151 1909 metu
3200 1854 3554 1913 inclinantur.

233 1941 407 1998 tutior
437 1941 488 1997 in
519 1943 804 1999 servitute.
829 1941 942 2000 Nec
969 1943 1203 2000 incolam
1251 1958 1407 2000 suum
1441 1959 1574 2000 auro
1625 1943 1846 2000 turbida

231 2031 442 2088 Pactoli
491 2032 637 2088 unda
676 2034 875 2090 extulit
929 2034 985 2090 in
1040 2035 1356 2106 superbiam
1401 2054 1414 2089 :
1471 2036 1640 2092 servit
1671 2035 1848 2092 liben-

233 2133 344 2189 ter,
378 2124 575 2195 quibus
605 2126 814 2182 servire
840 2125 1071 2196 imperia
1102 2126 1290 2183 videt:
1331 2142 1433 2184 nec
1476 2129 1706 2184 miratur
1753 2129 1842 2184 In-

229 2215 336 2272 dus
375 2231 647 2288 gemmam
691 2233 845 2274 suam
877 2261 891 2285 ,
946 2229 1042 2274 aut
1086 2219 1251 2276 Seres
1299 2219 1482 2275 lanam
1532 2234 1708 2275 suam.
1761 2220 1842 2276 Ad

225 2326 392 2366 usum
423 2311 772 2368 dominorum
799 2321 1130 2370 exercentur
1160 2313 1274 2382 illa,
1304 2330 1412 2371 non
1442 2312 1472 2354 δ
1499 2317 1677 2386 pretio
1703 2331 1846 2373 mera

227 2405 406 2473 cium,
439 2404 537 2462 sed
566 2405 904 2463 functionum
950 2408 1156 2464 munia.
1211 2408 1499 2465 Persarum
1547 2411 1784 2482 superba
1819 2422 1841 2451 α

228 2499 487 2556 audimus
509 2501 737 2571 imperia
771 2519 784 2556 :
817 2501 916 2558 sed
947 2517 1137 2558 eorum
1174 2519 1392 2575 quoque
1431 2505 1656 2562 obsides
1707 2505 1846 2562 vidi-

229 2607 356 2646 mus
387 2634 400 2657 ,
444 2601 501 2648 et
547 2608 672 2648 eum
727 2594 832 2665 ipsi
884 2596 1157 2666 imperent
1208 2597 1456 2666 pluribus
1501 2599 1842 2667 nationibus,

233 2694 419 2743 tamen
451 2685 690 2744 offerunt
728 2688 934 2745 liberos
977 2705 1131 2758 suos,
1185 2700 1241 2747 et
1287 2691 1631 2748 nobilitatem
1665 2709 1840 2748 suam.

1947 1937 2095 2004 Asia,
2131 1939 2360 2008 Pontus,
2393 1939 2656 2012 Eniochi,
2709 1941 2929 2016 Scythae
2969 1945 3242 2003 Nomades
3267 1989 3283 2016 ,
3332 1948 3558 2006 Taurici

1948 2029 2187 2102 Scythae,
2212 2032 2537 2105 Maeotiaque
2565 2051 2755 2108 regna,
2775 2037 3222 2112 Bosphoranique
3241 2056 3433 2100 onmes
3448 2043 3560 2102 Ro-

1947 2139 2109 2180 mano
2137 2125 2369 2198 imperio
2401 2128 2787 2200 subjiciuntur,
2814 2145 2866 2188 et
2896 2132 3025 2189 illud
3051 2143 3176 2190 ante
3196 2136 3557 2208 innavigabile

1947 2216 2172 2288 pelagus
2206 2259 2221 2285 ,
2273 2219 2632 2291 quadraginta
2682 2237 2852 2280 naves
2899 2225 2968 2280 ad
3019 2241 3206 2296 pacem
3271 2237 3555 2286 exercent.

1944 2304 2082 2363 Nam
2111 2308 2182 2366 de
2203 2311 2461 2367 Armenia
2506 2313 2633 2383 quid
2677 2315 2877 2383 dicam,
2938 2331 3058 2387 qua:
3106 2333 3213 2374 non
3260 2319 3436 2376 solum
3493 2321 3558 2377 li-

1947 2403 2094 2461 mitis
2133 2407 2216 2462 sui
2255 2417 2437 2465 servat
2471 2410 2714 2481 quietem
2748 2452 2765 2478 ,
2813 2428 3005 2468 verum
3061 2415 3225 2470 etiam
3271 2425 3554 2487 portarum

1947 2496 2152 2554 intenta
2177 2501 2440 2557 custodia:
2463 2501 2754 2574 diligenter
2792 2506 3068 2577 explorat,
3113 2525 3182 2564 ne
3228 2524 3417 2579 pacem
3447 2520 3560 2568 tur-

1946 2589 2174 2648 baturus
2194 2593 2394 2664 aliquis
2432 2595 2656 2667 irrepat.
2705 2595 2909 2654 Omnes
2951 2615 3083 2672 ergo
3126 2601 3388 2659 Romanis
3435 2619 3556 2661 ser-

1946 2684 2064 2741 vire
2083 2687 2373 2756 gestiunt:
2419 2705 2518 2745 vos
2553 2690 2657 2746 soli
2708 2691 3080 2764 dedignamini
3127 2693 3214 2750 his
3259 2711 3382 2754 esse
3420 2697 3552 2754 sub-

234 2781 459 2837 Servire
487 2782 747 2839 Romanis
777 2782 1016 2854 gaudent
1056 2800 1154 2854 pro
1205 2783 1310 2840 fide
1358 2785 1512 2857 pacis
1535 2829 1549 2854 ,
1593 2787 1757 2843 simul
1786 2798 1846 2843 ut

1947 2775 2098 2847 jecti,
2121 2781 2316 2851 quibus
2339 2782 2709 2854 subjiciuntur
2737 2785 3021 2842 universi?
3053 2786 3263 2856 Quibus
3293 2788 3420 2846 freti
3469 2805 3559 2845 ar-

231 2875 532 2933 serviendo
572 2876 785 2932 discant
825 2877 938 2934 suis
978 2879 1250 2950 imperare
1283 2896 1294 2933 :
1337 2879 1580 2937 offerunt
1606 2891 1790 2938 vestes
1824 2926 1838 2951 ,

231 2970 483 3039 monilia,
513 2971 838 3042 elephantos
865 2987 1082 3045 quoque
1112 2973 1396 3039 Romanis,
1449 2993 1617 3032 unum
1669 2977 1843 3032 tribu-

231 3070 349 3118 tum
401 3079 560 3136 reges
601 3065 906 3136 imponere.
952 3063 1276 3124 Attexamus
1331 3067 1630 3141 Egyptum
1674 3069 1845 3126 abun-

229 3151 454 3210 dantem
485 3156 682 3228 opihus
701 3158 838 3225 suis,
865 3173 968 3215 nec
995 3157 1329 3231 indigentem
1359 3163 1559 3233 pluviae
1581 3164 1841 3232 cmlestis,

1945 2873 2086 2927 mis?
2119 2889 2229 2944 quo
2258 2877 2478 2947 superbi
2508 2877 2715 2934 milite?
2742 2877 2834 2934 ubi
2858 2889 2941 2936 est
2966 2880 3143 2936 stolus
3175 2884 3396 2940 navium
3427 2899 3556 2940 ves-

1948 2971 2189 3034 trarum,
2225 2969 2320 3038 qui
2349 2968 2600 3026 obsideat
2636 2969 2810 3039 freta,
2840 2985 3128 3044 percurrat
3155 2975 3329 3031 maria
3362 2975 3562 3034 Roma-

1947 3060 2188 3114 norum?
2235 3061 2292 3117 In
2342 3061 2587 3134 ipsorum
2638 3065 2783 3122 enim
2833 3080 3032 3124 nomen
3075 3067 3346 3126 elementa
3389 3070 3557 3129 etiam

1949 3152 2308 3222 transierunt,
2339 3155 2391 3210 in
2433 3171 2570 3228 quos
2607 3159 2770 3214 etiam
2805 3160 3055 3216 transivit
3078 3161 3228 3218 orbis
3256 3169 3553 3232 terrarum,

230 3263 358 3319 qua;
389 3249 492 3306 sibi
535 3251 652 3324 ipsa
690 3252 896 3311 imbres
923 3266 1182 3326 μηδι-δι,
1233 3265 1289 3313 et
1331 3257 1636 3328 pluviarum
1687 3259 1843 3316 uber.
1872 3245 1918 3309 C
1950 3245 2041 3316 qui
2069 3245 2319 3305 Romano
2355 3249 2589 3321 imperio
2617 3250 2892 3308 clauditur
2915 3263 2970 3308 et
2996 3253 3254 3310 deﬁnitur
3284 3255 3558 3328 :denique

233 3349 378 3397 tates
413 3352 584 3399 creat.
636 3344 884 3416 Denique
925 3361 1048 3402 cum
1103 3347 1174 3402 sit
1229 3347 1532 3405 ferventior
1587 3353 1843 3407 omnibus

235 3435 576 3505 regionibus,
609 3437 729 3492 sola
763 3453 871 3494 non
902 3440 1150 3509 queritur
1182 3439 1252 3497 de
1292 3441 1568 3507 siccitate,
1603 3453 1658 3499 et
1696 3445 1843 3515 quod

231 3527 372 3584 nulli
413 3529 502 3584 alii
555 3530 679 3586 loco
729 3531 992 3603 suppetit,
1041 3533 1141 3588 alit
1189 3533 1393 3606 irriguo
1437 3551 1565 3592 suas
1609 3553 1838 3594 messes.

230 3623 532 3695 Navigatur
562 3625 614 3680 in
643 3626 850 3695 arenis,
885 3627 1177 3699 navigatur
1205 3643 1303 3700 per
1334 3639 1474 3700 sata,
1521 3632 1612 3687 ubi
1662 3634 1843 3704 pluvia

228 3719 506 3774 nescitur.
537 3717 708 3790 Cujus
743 3731 923 3778 tamen
959 3738 1096 3777 nova
1130 3724 1302 3795 gratia
1349 3735 1405 3782 et
1457 3729 1720 3784 naturalis
1767 3730 1846 3786 fe-

232 3811 488 3869 cunditas
515 3813 779 3870 Romanis
817 3815 1040 3885 militat,
1071 3826 1129 3872 ut
1161 3827 1398 3888 quatuor
1436 3821 1717 3878 mensibus
1744 3822 1844 3878 do—

230 3909 419 3961 minos
460 3906 590 3963 alat.
639 3907 780 3975 Quid
817 3910 991 3979 ipsam
1043 3909 1231 3966 urbem
1285 3911 1477 3983 loquar
1523 3917 1845 3986 cognomine

231 4000 383 4068 regis
429 3998 745 4067 fortissimi,
793 4018 914 4073 quae
961 4011 1114 4074 septa
1159 4002 1402 4060 fluminis
1447 4021 1624 4074 muro,
1671 4009 1846 4065 nescit

233 4093 580 4151 obsidionem
610 4095 798 4166 ?quod
849 4097 1231 4153 universorum
1263 4099 1504 4154 amnium
1546 4101 1839 4171 maximus,

232 4185 441 4243 diffuso
470 4202 569 4258 per
596 4189 770 4259 spatia
804 4199 1072 4247 terrarum
1101 4191 1283 4260 alveo,
1309 4200 1365 4248 et
1393 4191 1694 4249 obsidionis
1717 4196 1846 4252 sub-

233 4291 456 4338 moveat
482 4283 894 4354 impedimenta,
931 4291 987 4339 et
1012 4285 1066 4338 in
1093 4284 1359 4341 vehendis
1381 4301 1501 4356 qua:
1530 4289 1843 4344 necessaria

235 4386 366 4432 sunt
396 4374 464 4430 ad
487 4389 648 4432 usum
676 4371 703 4413 ά
727 4391 911 4433 rerum
939 4376 1251 4433 ministret?
1272 4377 1404 4446 Quae
1431 4379 1606 4450 magis
1630 4390 1845 4450 poterat

235 4468 307 4525 ad
331 4468 708 4526 rebellandum
751 4485 910 4542 quam
953 4469 1224 4543 Egyptus
1269 4471 1538 4540 excitari,
1584 4487 1705 4544 qua:
1751 4473 1846 4530 de-

233 4564 355 4620 cies
382 4564 723 4636 septingenta
755 4573 811 4620 et
847 4565 1237 4638 quinquaginta
1287 4566 1457 4622 millia
1504 4567 1791 4625 hominum
1824 4613 1840 4640 ,

1949 3353 1978 3394 a
2010 3341 2290 3413 plerisque
2333 3343 2485 3399 orbis
2523 3343 2800 3400 Romanus
2839 3346 3164 3417 appellatur.
3212 3347 3346 3404 Nam
3390 3350 3436 3405 si
3465 3365 3559 3407 ve-

1947 3451 2069 3490 rum
2110 3452 2420 3508 quaeramus
2441 3479 2456 3506 ,
2492 3449 2549 3494 ut
2593 3453 2759 3510 supra
2788 3439 3024 3497 diximus
3046 3481 3061 3509 ,
3095 3449 3238 3497 terra
3269 3441 3384 3514 ipsa
3415 3442 3557 3500 infra

1948 3528 2255 3586 Romanum
2284 3530 2575 3602 imperium
2607 3542 2712 3598 est,
2746 3547 2911 3604 supra
2933 3549 3092 3605 quam
3117 3549 3406 3608 progressa
3441 3534 3554 3592 Ro-

1947 3639 2107 3679 mana
2137 3622 2310 3681 virtus
2341 3625 2482 3681 ultra
2506 3641 2796 3694 oceanum,
2816 3627 3046 3684 alterum
3070 3628 3171 3685 sibi
3194 3630 3381 3686 orbem
3406 3644 3558 3700 quat-

1948 3717 2097 3787 sivit,
2119 3729 2174 3774 et
2199 3719 2253 3774 in
2280 3719 2562 3776 Britannia
2593 3720 2694 3776 sibi
2719 3729 2936 3776 remota
2959 3736 2988 3776 a
3019 3721 3260 3778 confinio
3285 3731 3557 3778 terrarum

1947 3826 2142 3867 novam
2193 3812 2401 3868 invenit
2455 3813 2884 3882 possessionem.
2933 3812 3176 3884 Denique
3221 3812 3420 3884 quibus
3466 3814 3559 3885 jus

1949 3921 2056 3961 non
2083 3905 2258 3961 solum
2289 3906 2528 3962 civitatis
2553 3906 2834 3976 Romanae,
2868 3907 2964 3963 sed
2995 3908 3160 3964 etiam
3194 3908 3364 3978 ipsius
3385 3924 3559 3981 prope

1948 3998 2199 4056 humana:
2229 4000 2666 4057 conversationis
2695 4011 2961 4072 negatur,
3001 4001 3099 4058 illo
3130 4003 3464 4075 diriguntur,
3497 4015 3560 4062 ut

1946 4091 2059 4147 illic
2092 4091 2372 4160 habitent,
2405 4092 2556 4164 quasi
2593 4093 2778 4148 mundi
2812 4092 3057 4150 exsules.
3093 4092 3273 4151 Cessit
3313 4110 3556 4152 oceanus

1947 4182 2144 4239 finibus
2175 4184 2313 4252 suis,
2341 4185 2493 4241 novit
2523 4185 2803 4241 Romanus
2823 4186 3082 4242 interiora
3113 4187 3230 4258 ejus
3253 4198 3439 4259 petere
3463 4204 3551 4246 se-

1947 4284 2098 4332 creta
2135 4295 2147 4332 :
2179 4293 2300 4333 cum
2342 4278 2475 4350 ipsis
2500 4277 2656 4334 vobis
2697 4278 2803 4333 erit
2828 4276 3057 4346 bellum,
3091 4279 3383 4337 adversum
3416 4296 3556 4353 quos

1948 4383 2048 4424 nec
2093 4378 2284 4424 natura
2325 4383 2484 4425 suum
2513 4368 2602 4440 jus
2631 4368 2900 4440 possidet.
2934 4367 3245 4440 Euphrates
3282 4372 3374 4430 ille
3397 4373 3551 4430 inac-

1947 4462 2222 4520 cessibilis
2244 4475 2391 4532 ante,
2428 4463 2530 4519 nisi
2560 4462 2674 4519 suis
2703 4463 2920 4532 incolis,
2951 4480 3015 4520 ex
3044 4472 3280 4538 utraque
3301 4467 3412 4538 jam
3437 4467 3555 4540 ripa

1947 4559 2230 4616 Romanus
2268 4569 2385 4628 est,
2412 4569 2469 4616 ct
2489 4560 2592 4618 sub
2621 4559 2858 4632 imperio
2899 4560 3147 4619 Romano
3181 4573 3354 4620 totum
3389 4565 3559 4637 signi-

234 4665 446 4728 praeter
467 4656 810 4715 Alexandriae
833 4658 1044 4716 incolas
1065 4659 1298 4732 populos
1319 4659 1582 4718 Romanis
1604 4662 1842 4722 fascibus

1949 4652 2072 4708 ticat
2117 4667 2240 4709 esse
2269 4652 2561 4709 orientem.
2597 4652 2736 4710 Ister
2775 4655 2830 4710 in
2867 4655 3402 4726 septentrionalibus
3430 4674 3558 4730 par-

234 4760 490 4806 numerat
519 4751 788 4822 aseriptos
811 4751 836 4804 ?
861 4751 931 4807 Et
967 4767 1090 4808 cum
1121 4751 1319 4808 habeat
1349 4762 1557 4810 tantam
1589 4756 1840 4812 multitu-

235 4845 448 4912 dinem,
483 4845 689 4902 mavult
721 4855 902 4903 tamen
955 4847 1188 4904 Romani
1235 4847 1452 4919 imperii
1512 4849 1735 4906 tributis
1785 4865 1846 4906 se

238 4953 700 5011 exercere,quam
731 4941 845 4997 suis
875 4939 1114 4996 militare
1151 4939 1607 5012 stipendiis.'Non
1651 4941 1848 4999 transi-

238 5032 369 5088 liam
396 5029 737 5104 Cyrenenses
761 5031 1305 5090 Lacedaemoniorum
1333 5049 1526 5106 genus,
1561 5036 1846 5107 qui_quon-

236 5125 365 5182 dam
389 5140 513 5182 cum
539 5123 1082 5199 Carthaginiensibus
1109 5126 1176 5183 de
1207 5127 1406 5184 finibus
1429 5136 1594 5200 atque
1616 5128 1844 5200 imperio

235 5221 769 5291 certarunt,_finem
842 5221 1162 5278 certaminis
1235 5231 1466 5279 mortem
1518 5221 1840 5280 offerentes.

315 5372 343 5402 ⁸
371 5363 500 5436 Cor.
526 5362 706 5436 Gualt.
738 5363 1029 5436 legendum
1069 5372 1219 5436 putat
1248 5363 1491 5436 caupuli;
1517 5379 1538 5418 :
1562 5362 1707 5433 quod
1747 5378 1842 5436 ge—

239 5450 346 5519 nus
373 5435 577 5519 navigii
607 5434 1449 5519 excavatumfuisSenGermanis
1473 5435 1526 5490 in
1559 5449 1679 5504 usu,
1707 5434 1842 5491 scri-

239 5508 380 5565 bunt
401 5506 624 5563 Tacitus
653 5515 708 5562 et
732 5506 1098 5564 Marcellinus.
1129 5507 1298 5561 ΒΑΜ.

312 5577 510 5632 bMalo
567 5587 868 5649 utrumque
933 5577 1218 5634 auferendi
1287 5590 1417 5633 casu
1455 5575 1554 5649 fab
1621 5585 1846 5635 auctore

237 5651 531 5720 scriptum,
555 5646 680 5704 Non
704 5646 872 5719 pretio
889 5649 1161 5715 mercium,
1182 5649 1274 5705 sed
1299 5648 1622 5720 [auctionum
1645 5650 1842 5706 munia.

239 5717 369 5777 Vox
380 5717 918 5793 functionum’passim
937 5722 992 5778 in
1010 5729 1241 5793 utroque
1249 5717 1440 5776 codice
1453 5718 1846 5793 pensitationes

241 5789 578 5850 tributorum
600 5789 774 5848 notat.
811 5791 981 5848 Porro
1006 5789 1183 5848 munib
1211 5792 1418 5848 dictum
1434 5789 1469 5858 ,ί
1482 5799 1542 5846 ut
1565 5789 1754 5846 altario
1793 5799 1850 5847 et

239 5862 517 5940 ejusmodi
551 5862 727 5936 plura,
779 5863 976 5935 quibus
1009 5874 1144 5923 aetas
1181 5862 1403 5935 sequior
1449 5861 1841 5920 delectabatur.

1946 4743 2092 4802 tibus
2140 4746 2283 4802 inter
2325 4761 2500 4804 saevas
2549 4755 2608 4804 et
2659 4748 2979 4805 innumeras
3011 4749 3294 4822 profluens
3321 4763 3552 4825 gentes,

1945 4841 2166 4898 obsides
2203 4839 2463 4912 suscipit,
2517 4839 2709 4898 hostes
2755 4852 2994 4900 coercet.
3049 4842 3348 4902 Meridiana
3399 4847 3557 4920 plaga

1947 4951 2234 5008 quousque
2263 4935 2573 4992 habitabilis
2609 4951 2732 4994 esse
2762 4945 2977 5009 potest,
3007 4946 3131 4995 arat
3157 4939 3443 5013 Romanis,
3477 4952 3559 4999 at-

1947 5045 2054 5101 que
2093 5030 2227 5102 ipsis
2274 5045 2510 5087 messem
2553 5043 2710 5086 suam
2743 5031 2954 5103 colligit
2990 5031 3044 5088 in
3086 5047 3286 5091 occasu
3317 5035 3556 5108 quodam

1951 5125 2139 5180 ultima
2173 5133 2446 5181 terrarum
2479 5123 2746 5182 Gaditana
2770 5138 2889 5194 ora,
2918 5140 3093 5182 novos
3119 5128 3352 5200 suscipit
3376 5128 3562 5201 hospi-

1952 5225 2067 5288 tes,
2107 5218 2200 5292 qui
2241 5217 2492 5276 Romano
2523 5219 2758 5290 imperio
2797 5218 3001 5278 tributa
3031 5235 3129 5277 sua
3151 5220 3422 5281 deferant.
3451 5224 3562 5282 Ila-

1951 5358 2020 5414 Et
2048 5366 2200 5416 certe
2221 5357 2494 5429 singulare
2533 5356 2771 5430 muniam
2809 5356 2878 5412 ab
2905 5364 3016 5412 vet.
3051 5355 3264 5413 Glossis
3305 5359 3559 5430 agnosd-

1952 5439 2062 5497 tur,
2124 5427 2398 5501 tamquam
2451 5427 2738 5500 [unctionis
2792 5440 3198 5501 synonymum:
3263 5427 3560 5501 utrumque

1952 5502 2097 5578 enim
2124 5499 2372 5578 redditur
2396 5499 2685 5578 λιτουρ-γία,
2713 5513 2818 5556 vox
2840 5499 2908 5556 ad
2931 5499 3259 5557 tributorum
3282 5499 3558 5561 illationes

1951 5574 2256 5644 pertinens.
2279 5571 2524 5644 Mazogn.

2029 5655 2052 5684 ο
2082 5643 2407 5698 Audiuimus.
2444 5641 2616 5698 ΒΑΜ.

2025 5713 2054 5753 ἀ
2087 5714 2354 5770 Remedia.
2376 5713 2453 5770 In.

2031 5797 2054 5825 ο
2088 5785 2365 5843 Phileniis.
2395 5785 2472 5843 In.
