3964 6314
478 271 613 333 2031

1864 268 2113 332 SANCTI
2153 270 2480 331 AMBROSll

3643 270 3789 331 1039.

475 394 569 449 bet
600 400 654 448 ct
680 392 795 463 ipsa
839 405 946 462 quo
971 390 1170 461 dirigat
1194 403 1404 445 merces
1432 402 1598 446 suas:
1632 389 1723 445 ubi
1748 400 1876 447 ante
1897 390 2073 446 solum
2102 404 2158 467 Α
2182 388 2268 444 bis
2311 388 2536 455 inferri,
2569 401 2798 458 quorum
2835 385 3227 444 immanitatem
3270 389 3534 460 speratis.
3578 389 3789 445 Bonum

480 483 816 555 naufragium
868 482 1121 554 putabat,
1171 482 1243 537 ibi
1293 497 1439 538 nunc
1492 490 1772 537 mutuatur
1809 497 2082 538 commer-

478 580 644 635 cium.
682 579 815 634 Cum
849 577 1011 646 igitur
1039 574 1410 631 Romanorum
1439 577 1622 632 omnia
1650 577 1788 640 sint,
1818 575 1961 632 unde
1988 591 2084 630 vo-

481 671 562 727 bis
605 670 892 725 adversum
939 667 1219 725 Romanos
1258 667 1513 737 praesidia
1541 668 1833 740 quaeretis?
1864 667 1944 722 Ex
1976 683 2082 739 qua

484 764 638 820 vobis
666 762 1002 817 inhabitabiii
1035 773 1191 834 parte
1211 763 1393 817 socios
1421 762 1806 832 postulabitis?
1826 761 2084 829 Quicum-

481 872 589 926 que
630 856 777 910 enim
823 856 877 909 in
919 855 1057 910 orbe
1101 864 1372 911 terrarum
1410 864 1569 923 sunt,
1622 855 1848 910 Romani
1892 868 2084 909 omnes

483 958 631 1003 sunt.
676 948 760 1004 An
800 948 938 1003 ultra
982 948 1315 1020 Euphratem
1361 949 1429 1003 ad
1479 948 1797 1005 Adiabenos
1838 947 2086 1019 dirigetis

484 1042 846 1113 legationem?
875 1041 971 1099 sed
1004 1058 1108 1100 nec
1146 1043 1279 1114 ipsis
1308 1053 1461 1098 vacat
1489 1057 1589 1097 sua
1619 1042 1952 1113 relinquere,
1984 1056 2085 1097 nec

486 1132 722 1189 Parthus
767 1135 898 1191 sinit
940 1136 1163 1204 petitam
1210 1134 1316 1190 sibi
1362 1150 1550 1205 pacem
1596 1134 1966 1205 interpellari,
2018 1148 2085 1188 ne

484 1228 601 1298 ipse
632 1228 684 1282 in
718 1227 959 1283 finitimis
999 1242 1125 1284 reus
1155 1230 1226 1283 sit
1260 1228 1603 1285 rebellionis.
1631 1228 1710 1285 Ne
1741 1239 1764 1265 τι
1803 1228 1935 1283 illud
1971 1228 2088 1283 bel-

484 1320 594 1375 lum
628 1321 810 1377 simile
841 1324 1066 1392 putetis,
1092 1337 1155 1378 ac
1189 1323 1233 1377 si
1273 1322 1562 1379 adversum
1597 1323 1800 1379 Arabas
1830 1333 1884 1378 et
1914 1322 2086 1394 Egy-

487 1414 629 1484 ptios
674 1413 831 1469 vobis
862 1414 1094 1485 gerenda
1122 1414 1303 1485 praelia
1330 1416 1475 1480 sint;
1507 1415 1612 1471 alia
1638 1415 1880 1470 Romana
1910 1431 2084 1484 arma,

481 1506 603 1561 aliae
653 1522 784 1577 opes
820 1521 889 1562 ex
929 1517 1042 1562 toto
1088 1509 1330 1578 quaesita:
1373 1508 1506 1563 orbe
1558 1527 1572 1564 :
1621 1523 1721 1565 nec
1767 1508 2086 1580 Hierosoly-

489 1600 691 1654 tnitana
731 1600 883 1656 vobis
919 1599 1268 1657 blandiantur
1308 1600 1557 1672 praesidia
1593 1617 1906 1669 murorum;
1958 1601 2090 1655 vali-

483 1692 690 1748 diorem
726 1693 951 1748 ilomani
979 1711 1188 1750 murum
1217 1696 1407 1751 oceani
1440 1704 1729 1765 ruperunt:
1749 1694 1846 1751 sed
1872 1693 1941 1749 de
1960 1692 2091 1749 reli-

2185 492 2291 547 est,
2322 481 2652 546 charissimi,
2681 481 2882 537 bonum
2909 491 3025 547 est,
3052 481 3181 537 dum
3208 482 3387 538 adhuc
3410 483 3467 538 in
3508 492 3674 554 portu
3699 499 3792 537 na-

2187 577 2266 633 vis
2294 585 2401 643 est,
2434 575 2735 646 pravidere
2765 582 3140 649 tempestatem
3172 574 3432 642 futuram,
3469 590 3577 632 nec
3604 576 3792 631 immi-

2185 667 2442 725 nentibus
2468 682 2794 739 quemquam
2827 682 2951 724 sese
2973 668 3249 737 objectare
3270 668 3551 739 periculis,
3575 685 3646 725 ne
3668 684 3794 725 cut:

2186 761 2240 816 in
2287 762 2455 817 altum
2507 761 2875 831 processeris.
2919 760 3031 831 jam
3079 760 3421 832 naufragium
3472 776 3582 817 non
3616 760 3799 833 possis

2188 871 2402 912 cavere.
2428 854 2494 910 Et
2519 855 2832 925 plerumque
2848 854 3068 926 quidem
3093 856 3373 924 repentina
3394 857 3643 927 exsurgit
3666 871 3799 926 pro-

2186 950 2322 1004 cella
2344 989 2360 1015 ,
2396 955 2456 1004 et
2503 947 2708 1003 bellum
2754 948 3056 1017 excipitur,
3080 948 3295 1003 etiamsi
3331 963 3440 1004 non
3479 947 3799 1006 inferatur:

2187 1040 2286 1096 sed
2326 1039 2557 1096 interest
2600 1040 2875 1097 lacessere
2926 1039 3138 1096 hostem
3180 1056 3248 1095 an
3292 1040 3591 1111 excipere?
3624 1042 3803 1114 Magis

2190 1135 2363 1205 parcit
2389 1150 2496 1189 non
2526 1135 2841 1199 lacessitus,
2873 1144 2929 1189 et
2958 1134 3259 1190 necessitas
3295 1145 3524 1190 excusat
3548 1136 3800 1192 insolen-

2190 1227 2319 1283 tiam
2372 1246 2388 1284 ;
2442 1227 2531 1281 ubi
2567 1242 2697 1283 vero
2743 1226 2795 1282 in
2848 1235 3181 1297 praeruptum
3224 1228 3514 1300 quisquam
3544 1243 3669 1284 sese
3702 1229 3803 1283 im-

2192 1319 2387 1389 mergit
2417 1318 2742 1389 periculum,
2773 1329 3030 1376 oneratur
3058 1320 3220 1376 etiam
3249 1320 3576 1392 opprobrio.
3608 1320 3731 1376 Non
3758 1323 3801 1377 is

2194 1410 2369 1466 bouis
2415 1420 2520 1477 est,
2565 1427 2725 1481 quem
2770 1412 2891 1482 luga
2934 1411 3154 1483 possitis
3191 1412 3389 1469 vitare.
3439 1415 3800 1486 Quocumque

2191 1503 2359 1569 ibitis,
2386 1515 2643 1575 sequetur
2670 1506 2972 1574 periculum
3007 1506 3210 1577 qimtno
3234 1507 3439 1579 ubique
3467 1507 3686 1564 hostem
3714 1524 3800 1565 rc-

2192 1597 2436 1668 perietis.
2474 1598 2678 1654 Omnes
2717 1599 2863 1653 enim
2907 1598 3066 1655 amici
3116 1599 3487 1655 Romanorum
3531 1611 3699 1666 sunt;
3746 1610 3801 1656 et

2191 1690 2521 1761 quicumque
2549 1701 2747 1761 praeter
2774 1692 3144 1748 Romanorum
3169 1694 3471 1750 amicitiam
3494 1704 3601 1763 est,
3627 1696 3799 1751 hostis

484 1786 662 1857 gionis
706 1787 909 1844 auxilio
957 1789 1285 1858 prtesumitis
1310 1830 1323 1854 ,
1363 1803 1487 1844 cum
1529 1789 1718 1843 orbem
1746 1787 1857 1857 jam
1891 1786 2089 1842 Roma—
2119 1822 2168 1888 Β
2198 1785 2579 1840 universorum
2627 1795 2731 1842 est.
2780 1786 2986 1842 Sttbeat
3024 1802 3120 1843 vos
3163 1788 3352 1857 patria:
3383 1803 3542 1844 amor
3572 1806 3586 1842 :
3616 1791 3661 1844 si
3693 1804 3798 1845 non

485 1895 614 1934 nunt
658 1879 788 1936 Jesu
830 1879 1083 1953 discipuli
1130 1881 1493 1950 repleverint?
1529 1880 1637 1936 Aut
1665 1882 1785 1937 sine
1815 1889 1949 1936 nutu
1990 1880 2089 1936 Dei

486 1983 737 2045 putamus
778 1974 924 2028 illam
968 1989 1219 2031 crescere
1249 1976 1604 2046 religionem,
1639 1977 1941 2046 urbemque
1980 1975 2093 2030 Ro-

491 2082 633 2121 mam
692 2083 854 2136 supra
905 2083 1099 2125 omnes
1164 2070 1458 2141 religiones
1507 2071 1750 2141 proferre
1806 2072 2089 2142 imperium

487 2177 668 2219 suum.
710 2160 738 2198 δ
789 2161 917 2219 Haec
958 2172 1143 2217 nostra
1188 2180 1288 2220 nos
1320 2166 1432 2233 jam
1469 2164 1672 2220 dudum
1703 2165 1894 2236 religio
1933 2165 2094 2222 dese-

488 2257 622 2323 ruit,
645 2255 768 2325 quia
799 2270 898 2311 uos
928 2256 1273 2312 deseruimus
1295 2257 1480 2323 iidem,
1502 2267 1557 2313 et
1580 2258 1901 2329 frequenter
1924 2260 2093 2314 inter-

490 2350 633 2407 dicta
662 2351 932 2406 mandatis
955 2351 1273 2408 cmlestibus
1311 2353 1689 2421 repetivimus.
1721 2352 1881 2411 Unde
1914 2355 1966 2409 in
1994 2370 2094 2410 nos

491 2444 643 2499 venit
669 2442 1005 2516 Egyptius‘l
1034 2443 1493 2514 quemadmodum
1525 2446 1722 2515 captivi
1756 2445 1880 2501 facti
1905 2461 2094 2502 sumus

492 2537 885 2608 Assyriorum?
911 2536 1102 2593 Nonne
1138 2536 1425 2608 Scriptura
1462 2537 1602 2593 dixit
1628 2539 1767 2609 ,bzec
1792 2540 2095 2596 eventum?

490 2628 682 2685 Nonne
709 2631 972 2700 scriptum
1001 2639 1088 2687 est
1118 2632 1455 2702 profanauda
1495 2634 1677 2689 omnia
1702 2636 1887 2705 tentpli
1919 2650 2098 2690 sacra-

495 2725 721 2778 menta?
751 2740 872 2795 qum
915 2725 1028 2795 jam
1062 2728 1264 2796 sapius
1302 2728 1580 2798 profanata
1608 2728 1717 2784 vim
1749 2743 1901 2784 suam
1935 2738 2097 2800 atque

495 2833 714 2873 omnem
744 2819 1057 2875 divinorum
1086 2822 1472 2894 mysteriorum
1502 2824 1735 2894 gratiam
1759 2839 1864 2877 non
1894 2836 2095 2893 reprae-

494 2922 715 2969 sentant
746 2931 761 2968 ε
802 2914 1243 2971 Contaminatum
1287 2929 1369 2972 est
1416 2919 1671 2988 templum
1706 2917 1944 2973 ltumano
1972 2933 2097 2975 san-

490 3006 689 3076 guine,
731 3006 940 3077 repleta
970 3016 1096 3061 sunt
1122 3007 1427 3077 pulvinaria
1452 3010 1837 3077 cadaveribus,
1866 3010 2097 3083 perfusa

494 3116 604 3157 arte
635 3102 883 3158 Romano
909 3117 1125 3167 cruore,
1159 3111 1454 3172 pugnatum
1485 3113 1572 3159 est
1595 3104 1860 3160 sabbato:
1891 3120 2097 3175 praeva-

2193 1877 2482 1948 pignorum
2514 1888 2845 1947 vestrorum,
2876 1894 2986 1937 nun
3018 1880 3310 1953 coniugum
3333 1898 3434 1939 vos
3463 1886 3801 1955 contempla-

2194 1972 2268 2027 tio
2313 1983 2579 2040 revocat,
2621 1982 2843 2030 revocet
2871 1974 3056 2045 templi
3082 1977 3364 2031 contuitus
3395 1977 3753 2033 sacratissimi
3784 1994 3798 2032 :

2197 2066 2400 2135 parcite
2428 2066 2621 2122 saltem
2663 2067 2912 2138 religioni
2940 2086 2954 2121 :
2982 2069 3185 2140 parcite
3206 2071 3601 2128 sacratissimis
3621 2086 3800 2128 sacer-

2194 2157 2434 2225 dotibus,
2466 2159 2665 2231 quibus
2682 2161 2793 2229 jam
2822 2176 2929 2217 non
2964 2173 3193 2232 parcunt
3212 2163 3469 2230 Romani,
3499 2180 3677 2234 neque
3700 2164 3799 2235 ipsi

2195 2256 2420 2324 templo,
2460 2269 2599 2325 quos
2626 2256 2941 2325 pepercisse
2970 2258 3203 2327 penitet
3233 2276 3247 2312 :
3279 2259 3543 2329 quoniam
3569 2258 3681 2330 iam
3704 2259 3801 2315 du-

2192 2347 2324 2405 dum
2356 2348 2542 2403 volunt
2575 2364 2766 2405 omnes
2792 2361 2985 2421 gentes
3013 2360 3256 2406 nostram
3286 2351 3645 2423 exstinguere
3672 2352 3798 2408 reli-

2194 2444 2434 2514 gionem,
2472 2444 2559 2498 cui
2597 2443 2890 2515 Pompeius
2929 2453 3110 2500 tamen
3140 2460 3261 2499 cum
3296 2446 3649 2516 exstinguere
3676 2458 3798 2516 pos-

2195 2545 2308 2599 set,
2343 2536 2606 2606 pepercit.
2659 2536 2773 2607 Ego
2805 2536 2937 2592 nihil
2974 2538 3320 2608 praetermisi,
3363 2538 3548 2593 omnia
3585 2538 3795 2605 monui,

2196 2646 2314 2701 quae
2342 2630 2408 2686 ad
2441 2639 2676 2686 vestram
2703 2640 2953 2701 spectant
2973 2635 3204 2687 salutem
3231 2650 3245 2687 :
3275 2632 3378 2687 hoc
3400 2632 3555 2689 vobis
3577 2632 3795 2698 suadeo,

2196 2724 2339 2796 quod
2363 2723 2497 2779 milti
2526 2724 2671 2795 eligo
2696 2742 2710 2777 :
2742 2738 2838 2779 vos
2867 2725 3239 2793 considerate,
3259 2726 3389 2796 quid
3412 2725 3569 2783 vobis
3588 2734 3647 2781 et
3666 2724 3797 2780 mihi

2199 2819 2330 2877 utile
2360 2819 2431 2874 sit
2463 2834 2476 2876 :
2510 2827 2641 2890 Opto
2663 2817 2819 2873 vobis
2849 2829 2899 2874 et
2929 2818 3059 2874 mihi
3082 2835 3274 2890 pacem
3298 2834 3423 2877 esse
3448 2834 3573 2875 cum
3602 2820 3798 2892 populo

2197 2912 2443 2968 Romano
2478 2929 2493 2966 :
2539 2912 2585 2966 si
2619 2912 2907 2979 recusatis,
2938 2914 3036 2983 ipsi
3066 2928 3240 2970 meam
3274 2915 3429 2970 vobis
3469 2915 3677 2985 eripitis
3706 2928 3799 2970 se-

2198 3006 2451 3060 cietatem
2487 3021 2499 3058 :
2550 3014 2645 3059 aut
2683 3006 2995 3060 communis
3034 3006 3141 3060 erit
3187 3007 3399 3077 gratia,
3429 3017 3525 3063 aut
3564 3008 3684 3064 sine
3713 3024 3799 3064 me

2201 3098 2522 3168 periculum.
2552 3096 2680 3154 Hec
2705 3096 2915 3164 dicens,
2947 3098 3343 3172 illacrymavit,
3374 3101 3645 3159 Berenice
3666 3117 3799 3174 quo-

495 3195 689 3250 ricatio
719 3197 854 3251 facta
882 3204 988 3259 est,
1015 3194 1144 3249 dum
1172 3196 1434 3265 templum
1458 3212 1565 3253 non
1595 3212 1689 3252 sua
1712 3197 2094 3254 observatione

2201 3205 2306 3262 quc
2335 3205 2493 3245 soror
2522 3190 2640 3260 ejus
2671 3209 2684 3244 :
2719 3207 2844 3246 nam
2877 3201 2933 3248 et
2955 3194 3068 3263 ipsa
3090 3204 3208 3249 erat
3233 3194 3286 3249 in
3314 3193 3472 3265 Xysti
3498 3196 3797 3266 superiori-

494 3298 547 3343 et
580 3287 832 3343 feriarum
858 3287 1231 3355 solemnitate,
1256 3289 1350 3343 sed
1374 3298 1599 3344 cruento
1627 3288 1938 3345 defenditur
1961 3306 2097 3359 prm-

499 3380 587 3434 lio.
623 3379 691 3434 Et
718 3380 825 3435 itoc
854 3380 1039 3451 utique
1068 3382 1262 3436 iterum
1294 3380 1408 3437 ﬁet.
1443 3381 1584 3453 Ergo
1605 3382 1881 3452 quomodo
1904 3398 2101 3451 possu-

500 3487 621 3527 mus
665 3481 939 3541 tamquam
981 3473 1269 3529 adversum
1304 3474 1490 3529 hostes
1531 3483 1587 3530 et
1616 3475 1867 3545 religioni
1900 3475 2101 3531 adver-

497 3564 672 3619 sarios
713 3563 952 3618 divinum
993 3564 1253 3619 auxilium
1283 3564 1507 3631 mereri,
1539 3580 1663 3620 euut
1698 3567 1800 3637 ipsi
1836 3568 2102 3637 praevari-

501 3657 771 3711 cationem
818 3655 1119 3713 inferamus
1161 3666 1364 3712 nostrae
1402 3656 1691 3728 religioni?
1734 3658 1892 3725 Quod
1938 3658 2101 3728 igitur

500 3752 836 3818 remedium,
877 3767 999 3808 cum
1040 3760 1094 3808 et
1123 3750 1372 3808 humanae
1402 3766 1533 3823 opes
1561 3767 1667 3807 non
1699 3752 2099 3824 suﬂ'ragentur,

508 3861 610 3903 nec
657 3845 838 3901 divina
868 3846 1167 3916 opituletur
1213 3844 1427 3917 gratia?
1466 3845 1713 3901 Alterum
1756 3845 1948 3901 horum
1999 3845 2101 3901 ali-

499 3955 637 4011 quos
663 3940 893 3996 invitare
915 3940 1055 3997 solet
1080 3940 1145 3995 ad
1172 3939 1370 3994 bellum
1393 3955 1408 4005 ;
1434 3940 1587 3994 thblS
1610 3949 1899 4009 utrumque
1925 3939 2099 3994 deest.

500 4032 638 4101 Quid
670 4048 799 4101 ergo
825 4040 1095 4103 superest,
1124 4031 1228 4086 nisi
1255 4031 1597 4086 manifestum
1629 4031 1933 4088 excidium?
1958 4030 2102 4103 quod

504 4140 612 4180 non
654 4123 937 4178 declinatis
963 4123 1089 4178 dum
1119 4138 1313 4179 cavere
1344 4123 1505 4187 licet,
1538 4123 1671 4177 nihil
1700 4125 1842 4179 aliud
1873 4125 1975 4179 nisi
2008 4139 2106 4180 vos

502 4216 606 4285 ipsi
651 4224 883 4270 vestram
941 4215 1167 4285 patriam
1219 4215 1681 4282 concremabitis,
1736 4216 2104 4286 templumque

503 4308 744 4366 exuretis
768 4349 783 4374 ,
820 4307 1083 4380 conjuges
1123 4323 1337 4379 quoque
1380 4318 1438 4363 et
1471 4308 1672 4363 liberos
1711 4307 1909 4363 dabitis
1951 4309 2100 4377 neci,

504 4404 698 4475 quibus
734 4412 986 4460 auctores
1029 4404 1185 4460 eritis
1229 4417 1501 4473 suprema:
1547 4401 1863 4458 amissionis
1907 4420 1921 4457 :
1979 4417 2100 4458 eum

505 4499 769 4554 ntalorum
816 4498 1056 4555 omnium
1106 4500 1504 4555 incrementum
1554 4498 1947 4555 inconsolabile
1998 4500 2100 4565 sit,

2203 3283 2323 3348 bus,
2357 3291 2410 3337 et
2434 3282 2662 3337 multum
2687 3298 2783 3339 eos
2814 3286 3045 3355 Agrippa
3070 3286 3184 3342 suis
3207 3286 3464 3358 lacrymis
3494 3288 3796 3355 inﬂexerat,

2200 3377 2275 3433 ita
2324 3385 2379 3430 ut
2417 3376 2665 3432 dicerent
2705 3376 2921 3433 Judzei:
2972 3377 3089 3435 Non
3138 3378 3399 3435 Romanis
3441 3378 3466 3418 ἀ
3502 3382 3797 3448 bellamus;

2202 3469 2297 3525 sed
2344 3470 2506 3526 Floro
2535 3471 2626 3541 qui
2656 3470 2798 3525 bello
2829 3471 2988 3543 digna
3009 3473 3304 3540 commisit,
3337 3474 3541 3530 bellum
3568 3474 3803 3530 inferet-

2203 3564 2332 3618 dum
2376 3564 2725 3619 arbitrantur.
2777 3564 3077 3635 Respondit
3117 3567 3403 3640 Agrippa:
3445 3568 3541 3624 sed
3582 3569 3684 3624 hoc
3718 3576 3803 3624 est

2204 3657 2506 3713 Romanum
2541 3658 2740 3715 bellum
2776 3660 2979 3716 inferre
3012 3678 3027 3716 :
3060 3660 3194 3716 facta
3229 3671 3409 3717 vestra
3429 3662 3801 3719 Romanorum

2209 3750 2461 3819 iniuriam
2510 3761 2721 3821 petunt.
2773 3751 2885 3807 Non
2938 3752 3142 3820 Floro,
3193 3754 3290 3810 sed
3338 3753 3652 3811 Romanis:
3696 3772 3801 3809 non

2205 3841 2388 3910 Floro,
2421 3842 2515 3899 sed
2561 3842 2764 3899 Caesari
2798 3844 3059 3900 tributum
3088 3858 3317 3918 negatur
3346 3863 3360 3900 :
3388 3862 3498 3901 non
3524 3846 3803 3913 Flori,sed

2205 3934 2581 3992 Romanorum
2607 3936 2763 3991 miles
2788 3940 2841 3991 in
2869 3945 3051 3991 castro
3071 3946 3175 4003 est,
3198 3937 3342 4008 quod
3368 3940 3680 4010 appellatur
3700 3941 3805 3994 An-

2206 4032 2381 4098 tonia,
2422 4048 2451 4088 a
2485 4046 2595 4103 quo
2643 4031 2837 4087 dirutis
2866 4031 3169 4103 divisisque
3210 4032 3520 4103 porticibus
3549 4034 3799 4103 templum

2204 4129 2533 4196 separastis,
2580 4135 2637 4181 ut
2691 4125 2939 4181 custodia
3001 4134 3466 4194 seqttestraretur.
3521 4126 3802 4183 Restituite

2205 4232 2466 4277 statutum
2504 4231 2527 4259 ε
2559 4221 2904 4290 superiorum
2939 4237 2952 4276 :
2987 4221 3247 4277 tributum
3284 4220 3431 4291 quod
3464 4220 3668 4279 Caesari
3708 4221 3799 4279 de-

2208 4316 2385 4383 betur,
2414 4315 2614 4372 Czesari
2647 4314 2932 4380 solvatur;
2967 4328 3036 4370 ne
3064 4313 3259 4369 Florus
3290 4313 3396 4370 ltoc
3433 4314 3668 4382 referat,
3698 4330 3794 4370 non

2205 4420 2265 4462 se
2304 4423 2333 4461 a
2363 4408 2517 4462 vobis
2541 4447 2555 4472 ,
2592 4405 2687 4461 sed
2718 4405 2952 4460 Caesaris
2981 4405 3271 4474 imperium
3299 4406 3665 4477 repudiatum.
3702 4406 3798 4461 Ac-

2207 4501 2488 4569 quieverat
2533 4498 2763 4568 populus
2795 4497 2877 4555 lllS
2919 4496 3080 4553 dictis
3100 4540 3115 4566 ,
3144 4496 3220 4553 ita
3249 4507 3308 4554 ut
3332 4513 3457 4555 cum
3487 4500 3721 4572 Agrippa
3744 4500 3795 4556 in

505 4601 709 4647 nostra:
747 4592 918 4662 culpa:
959 4592 1157 4649 ascribi
1188 4608 1309 4664 quae
1346 4592 1698 4648 sustinemus.
1730 4591 1959 4648 Accedit
1999 4592 2106 4649 huc
2130 4611 2183 4673 ι)
2210 4593 2469 4663 templum
2519 4592 2879 4648 ascenderem
2903 4633 2917 4657 ,
2969 4592 3210 4661 porticus
3250 4599 3309 4648 ut
3347 4593 3563 4649 fuerant
3600 4595 3797 4664 incipe-

505 4686 648 4757 quod
678 4685 906 4741 aliarum
942 4685 1157 4742 urbium
1182 4685 1355 4752 bella,
1381 4699 1601 4741 suorum
1632 4684 1930 4741 incolarum
1958 4685 2106 4740 exci-

501 4783 609 4839 diis
643 4782 1115 4838 determinantur:
1147 4791 1323 4839 vestra
1367 4780 1593 4836 rebellio
1627 4781 1792 4836 totius
1827 4781 1931 4837 erit
1953 4781 2101 4837 exci-

500 4876 649 4933 dium
703 4888 725 4915 ε
772 4876 1088 4947 religionis,
1123 4890 1244 4947 quae
1296 4883 1409 4929 tuto
1453 4874 1646 4930 dilfusa
1672 4874 1840 4939 orbe,
1872 4874 2099 4944 populos

502 4970 703 5041 ubique
750 4968 1162 5035 disseminabit,
1198 4975 1253 5024 et
1288 4966 1341 5023 in
1381 4966 1635 5022 omnibus
1673 4965 1895 5022 urbibus
1925 4965 2096 5020 nostri

502 5065 683 5136 portio
727 5074 831 5121 est.
863 5063 1058 5120 Vestro
1083 5064 1248 5135 igitur
1275 5062 1464 5134 pratlio
1494 5060 1671 5118 Judaei
1702 5076 1894 5117 omnes
1922 5060 2099 5132 impli-

500 5159 767 5216 cabuntur
786 5196 803 5225 ,
846 5172 949 5214 nec
987 5158 1094 5214 erit
1118 5157 1228 5213 ulla
1256 5156 1407 5227 regio
1433 5155 1605 5210 nostri
1640 5169 1838 5225 expers
1861 5152 2094 5209 cruoris.

506 5250 611 5309 Aut
632 5252 676 5307 si
710 5250 844 5306 tales
871 5257 1001 5305 sunt
1030 5249 1281 5314 Romani,
1312 5256 1371 5303 ut
1393 5247 1607 5305 Juda-os
1630 5263 1739 5303 non
1761 5261 2097 5319 persequan-

496 5353 617 5414 tur,
652 5358 755 5402 nec
798 5342 945 5400 bello
977 5342 1217 5401 lacessiti
1250 5356 1267 5397 :
1296 5356 1459 5413 quam
1491 5340 1751 5413 iniustum
1781 5349 1866 5397 est
1892 5340 2095 5398 bellum

572 5545 599 5574 α
630 5532 804 5591 Istud.
836 5530 1004 5587 Bann.

569 5604 596 5645 δ
632 5607 751 5663 Nae.
790 5607 864 5660 In.

574 5687 597 5716 ο
630 5680 715 5732 Al.
741 5674 986 5732 rationis.
1011 5672 1090 5728 In.

570 5743 597 5781 ά
628 5743 971 5803 Ηεὸειῖαηιω.
1010 5744 1085 5799 In.

2211 4696 2335 4741 rent
2384 4684 2684 4745 aediﬁcare,
2736 4686 2995 4741 tributum
3032 4698 3314 4757 cogerent.
3364 4687 3611 4759 Denique
3657 4687 3797 4745 brevi

2210 4776 2391 4832 nzissis
2434 4779 2487 4832 in
2530 4777 2837 4848 hujusmodi
2874 4775 2893 4815 ί
2929 4780 3130 4834 muniis
3155 4778 3441 4837 industriis
3469 4781 3798 4839 exsecutori-

2206 4871 2349 4938 bus,
2406 4881 2733 4942 congregata
2784 4880 2913 4927 sunt
2968 4872 3167 4928 talenta
3225 4874 3627 4946 quadraginta,
3686 4886 3796 4945 qua

2208 4964 2436 5022 deerant
2462 4963 2765 5022 tributaria:
2799 4965 3076 5022 solutioni.
3100 4966 3463 5039 Compressas
3484 4967 3667 5026 fuerat
3686 4982 3795 5024 om-

2209 5060 2294 5115 nis
2339 5059 2468 5116 belli
2516 5059 2777 5116 tumultus
2806 5078 2819 5113 :
2862 5058 2959 5115 sed
2984 5060 3283 5131 adiungere
3317 5060 3405 5117 bis
3443 5062 3679 5133 Agrippa
3711 5076 3799 5116 vo-

2207 5153 2358 5220 lens,
2409 5163 2468 5209 ut
2517 5153 2680 5209 Floro
2711 5153 3188 5224 obtemperarent,
3220 5153 3396 5210 donec
3432 5154 3483 5210 ei
3525 5170 3556 5210 a
3585 5155 3791 5211 Cresam

2205 5262 2490 5303 successor
2516 5248 2727 5303 veniret
2747 5288 2761 5313 ,
2793 5247 2864 5301 ita
2895 5247 3105 5316 plebem
3141 5247 3521 5318 exasperavit,
3552 5258 3612 5303 ut
3641 5264 3707 5304 ne
3733 5244 3795 5301 ab

2203 5344 2322 5417 ejus
2346 5344 2563 5418 quidem
2593 5345 2920 5401 contumelia
2943 5352 3365 5416 temperantur,
3392 5343 3495 5403 sed
3519 5352 3796 5400 extrusum

2271 5532 2293 5559 ο
2324 5522 2680 5591 Superiorem.
2708 5523 2791 5581 In.

2270 5592 2539 5669 [Μαρια.
2588 5595 2667 5669 In.
2711 5623 2783 5637 —-
2822 5593 3028 5669 Recole
3164 5599 3626 5669 quesuperius,
3680 5597 3778 5654 col.

2193 5664 2357 5729 2049,
2375 5663 2443 5721 ad
2467 5667 3058 5736 fwﬁoaummiaex
3072 5663 3362 5727 indocilis
3382 5663 3778 5728 mutavimus.

2184 5735 2451 5794 Caussa
2463 5735 2478 5792 .
