3964 6342
185 294 337 356 9053

1072 288 1342 358 HISTOR.
1387 299 1475 357 DE
1517 293 1792 360 EXCIDIO
1831 291 2102 360 IIIEBOS.
2145 300 2350 360 URBIS
2388 299 2520 358 LIB.
2559 295 2626 358 ll.

3359 297 3504 358 2056

190 417 330 473 urbe
364 414 640 472 nonnullis
666 411 1138 486 jactisiapidibus,
1169 414 1441 471 incertum
1469 431 1536 471 an
1567 431 1794 488 percns-
1825 424 1867 482 Α
1902 416 1983 471 rio
2029 428 2079 472 et
2121 417 2370 487 Philippo
2401 428 2700 474 turmarum
2733 415 2994 483 ducibus,
3023 423 3084 472 ut
3121 415 3329 473 auxilio
3357 419 3502 482 treti,

189 508 385 563 serint.
413 508 529 576 Qua
560 517 742 563 motus
777 507 973 578 injuria
1001 523 1118 572 rex,
1143 521 1400 566 auctores
1431 526 1618 566 eorum
1645 526 1796 566 com-

187 598 496 669 prehensos
521 598 589 653 ad
621 597 842 655 Florum
867 598 1088 657 direxit.
1119 599 1243 671 Ipse
1266 610 1448 658 autem
1483 603 1538 658 in
1568 619 1794 674 regnum

187 704 349 746 suum
369 690 666 747 concessit.

821 782 1054 841 CAPUT
1094 784 1164 841 Χ.

265 876 348 932 Eo
391 876 708 934 discedente
749 881 1122 936 concitatores
1149 879 1275 936 belli
1301 881 1621 951 compositis
1659 881 1796 936 insi-

183 969 330 1037 diis,
371 969 614 1026 Massada
659 970 947 1027 castellum
987 981 1432 1041 occupaverunt,
1479 974 1795 1043 necatisque

187 1061 562 1118 Romanorum
605 1063 925 1119 custodibus
964 1079 1096 1120 suos
1115 1066 1471 1120 constituere.
1505 1066 1795 1122 Eleazarus

182 1171 406 1228 quoque
442 1157 706 1227 principis
728 1156 1079 1212 sacerdotum
1110 1157 1252 1213 ﬁlius
1277 1170 1562 1230 praeruptae
1589 1158 1672 1214 vir
1695 1174 1796 1214 au-

181 1249 362 1305 daciae
385 1252 579 1316 suasit,
603 1266 672 1306 ne
701 1252 859 1320 cujus
917 1251 1237 1321 alienigenae
1279 1251 1484 1307 donum
1516 1251 1598 1306 vel
1625 1249 1799 1308 sacri-

186 1341 374 1397 ﬁcium
399 1344 734 1414 reciperetur
760 1361 775 1398 :
797 1359 920 1414 quae
953 1345 1110 1398 turba
1132 1343 1254 1399 belli
1279 1344 1572 1400 adversum
1597 1343 1797 1398 Roma-

185 1451 292 1492 nos
316 1435 440 1500 fuit,
471 1439 866 1508 universosque
895 1439 949 1492 in
981 1439 1271 1493 tumultum
1290 1437 1568 1494 excitavit.
1594 1437 1797 1494 Viden-

186 1538 277 1584 tes
311 1532 496 1600 itaque
523 1529 789 1600 potissimi
823 1533 1054 1600 quique,
1086 1531 1230 1602 quod
1257 1546 1320 1587 ea
1349 1545 1438 1586 res
1469 1539 1497 1568 ι
1527 1546 1794 1600 praesunt-

185 1633 299 1693 ptae
345 1638 506 1679 causa
551 1621 694 1678 foret
715 1622 1074 1680 dissensionis
1095 1663 1110 1687 ,
1151 1623 1384 1695 agebant
1410 1637 1532 1679 cum
1560 1621 1792 1694 pepnlo,

183 1730 301 1770 non
325 1715 502 1770 solum
531 1716 731 1771 Ctesari
758 1715 960 1772 bellum
993 1718 1244 1787 irrogari,
1274 1716 1369 1772 sed
1401 1717 1590 1772 violari
1621 1716 1790 1772 etiam

184 1807 437 1864 instituta
470 1809 767 1880 reiigionis,
797 1810 1095 1882 templique
1123 1811 1368 1866 imminui
1394 1806 1788 1868 reverentiam:
1821 1826 1868 1887 Β
1897 1805 2166 1860 minarent

181 1903 351 1975 argui
377 1913 434 1960 et
451 1905 803 1961 condemnari
835 1917 1049 1976 patrum
1079 1905 1424 1972 traditiones,
1457 1907 1547 1976 qui
1579 1922 1646 1962 ex
1671 1923 1791 1962 mu-

177 1999 416 2055 neribus
481 1999 912 2070 alienigenarum
981 2000 1243 2070 templum
1299 2002 1609 2055 ornaverint
1637 2040 1654 2066 ,
1701 1999 1791 2055 cui

181 2091 363 2148 multo
379 2093 609 2161 amplius
621 2093 911 2147 accesserit
929 2091 1238 2146 divitiarum
1263 2107 1329 2147 ex
1345 2091 1636 2148 collatione
1653 2107 1792 2163 geu-

183 2187 350 2250 Iiutn,
379 2184 644 2256 donisque
663 2186 1004 2242 diversarum
1023 2195 1079 2241 et
1107 2186 1588 2242 innumerabilium
1610 2187 1793 2242 natio-

185 2297 326 2336 num
353 2299 366 2334 :
395 2279 701 2336 oblitterari
733 2291 918 2336 sancta
949 2279 1241 2348 majorum,
1267 2294 1458 2335 sacros
1483 2281 1620 2335 ritus
1641 2279 1668 2319 ι)
1687 2294 1792 2336 no-

180 2372 332 2427 vari.
361 2371 500 2439 Quid
539 2371 774 2427 futurum
807 2371 877 2427 de
907 2371 992 2428 his
1018 2387 1140 2442 quae
1168 2385 1298 2427 ante
1319 2371 1522 2427 collata
1548 2381 1714 2437 sunt,
1747 2371 1795 2426 si

181 2462 361 2520 simili
387 2463 548 2518 modo
567 2461 814 2518 conferri
842 2465 893 2517 in
920 2471 1198 2534 posterum
1225 2461 1369 2517 dona
1396 2465 1636 2532 gentium
1667 2479 1796 2532 pro-

187 2555 542 2612 hibeantur?
589 2556 699 2610 Aut
743 2556 789 2609 si
849 2555 981 2610 solis
1021 2554 1282 2610 liornauis
1323 2555 1400 2609 sit
1443 2554 1794 2610 interdictum

181 2646 336 2718 quod
359 2645 612 2702 omnibus
631 2647 817 2713 liceat,
845 2645 990 2716 quod
1015 2646 1348 2701 incentivum
1375 2645 1502 2702 belli
1522 2644 1800 2702 futurum?

188 2741 536 2798 Postremum
562 2783 577 2809 ,
623 2741 880 2812 impium,
911 2741 959 2796 si
1007 2741 1150 2810 apud
1194 2739 1412 2796 Judrcos
1457 2749 1669 2796 tantum
1697 2755 1799 2798 nec

183 2834 542 2899 sacriﬁcare,
584 2850 690 2891 nec
737 2835 939 2891 interro
969 2849 1195 2890 munera
1229 2834 1424 2890 alienis
1453 2835 1798 2906 permittere-

187 2938 304 2984 tur.
329 2927 694 2983 Cousiderare
717 2943 814 2983 eos
841 2936 1118 2998 oportere,
1147 2926 1272 2996 quia
1301 2925 1536 2982 Caesaris
1561 2943 1659 2997 pax
1687 2927 1803 2982 sid-

189 3031 453 3088 veretur;
483 3037 646 3092 quem
693 3020 1006 3092 huiusmodi
1047 3029 1254 3076 motum
1301 3019 1626 3086 oﬁ'eusiune,
1657 3019 1800 3076 haud

189 3116 362 3172 dubie
415 3115 680 3172 iacturum
709 3156 725 3182 ,
767 3125 826 3169 ut
853 3114 1088 3182 eriperet
1133 3113 1338 3169 Iudaeis
1384 3128 1599 3168 omnem
1637 3127 1799 3168 usum

1896 507 2160 564 bonarum
2201 509 2544 564 consultores
2589 505 2823 578 partium
2855 511 3158 581 promptius
3187 508 3502 565 adniteren-

1899 611 2005 655 tur.
2056 600 2190 655 Hinc
2231 600 2425 656 ﬁducia
2477 601 2634 656 bonis
2665 611 2822 668 orta,
2880 601 3142 671 improbis
3174 603 3496 674 indignatio,

1894 691 2101 748 bellqu
2133 691 2390 750 adolevit.
2419 691 2553 748 Cum
2585 692 2687 748 hos
2727 708 2892 748 causa
2934 694 3156 764 justior,
3207 709 3330 766 qua:
3362 693 3497 749 nihil

1899 792 2078 840 tamen
2123 799 2399 840 armorum
2451 785 2738 841 conﬂictus
2779 785 3036 855 juvaret;
3078 786 3198 841 illus
3241 785 3398 842 furor
3441 793 3500 842 et

1897 877 2258 934 multitudinis
2297 893 2556 935 numerus
2585 861 2933 948 accenderet,
2961 879 3153 936 divisa:
3181 880 3328 936 acies
3359 896 3496 950 prae-

1898 971 2167 1026 liatorum.
2211 970 2493 1042 Principes
2523 973 2868 1028 sacerdotum
2899 983 2954 1029 et
2984 973 3129 1044 vulgi
3169 974 3348 1044 portio
3375 988 3496 1043 qua:

1899 1081 2085 1134 pacem
2127 1066 2425 1136 optabant,
2457 1081 2580 1121 cum
2628 1067 2791 1136 regiis
2826 1067 3096 1137 equitibus
3127 1077 3337 1137 partem
3365 1066 3498 1122 civi-

1897 1159 2024 1212 tatis
2053 1159 2391 1225 superiorem
2424 1172 2765 1229 occupavere
2791 1179 2804 1212 :
2835 1159 2912 1214 illi
2941 1159 3036 1214 alii
3064 1159 3120 1214 in
3150 1159 3496 1216 interioribus

1893 1251 2019 1316 siti,
2052 1251 2310 1320 templum
2341 1261 2396 1307 et
2435 1255 2736 1322 propinqua
2766 1251 2883 1306 loca
2915 1255 3086 1307 sacris
3116 1253 3218 1307 sibi
3247 1251 3496 1308 vindica.

1897 1341 2045 1396 bant.
2063 1341 2245 1398 Primo
2268 1343 2538 1413 lapidibus
2558 1354 2611 1398 et
2634 1347 2781 1399 saxis
2802 1352 2859 1400 et
2877 1347 3022 1413 jactu
3049 1345 3276 1400 telorum
3308 1346 3496 1399 utrim-

1895 1450 2000 1506 que
2039 1435 2237 1490 bcllum
2284 1436 2588 1502 lacessunt,
2617 1436 2921 1492 decernunt
2947 1439 3176 1507 sagittis.
3211 1438 3402 1493 Postea
3434 1446 3494 1493 ut

1896 1542 2020 1583 sese
2063 1528 2202 1585 forte
2248 1529 2446 1584 obtulit
2495 1529 2777 1600 praeliandi
2826 1533 3162 1596 necessitas,
3223 1537 3495 1586 conserta:

1895 1634 2090 1676 manus
2123 1638 2137 1674 :
2184 1622 2373 1690 peritia
2429 1636 2636 1689 usuque
2679 1619 2814 1692 regii
2851 1624 3210 1691 praestabant,
3247 1622 3493 1676 volentes

1895 1727 2084 1769 arcere
2131 1728 2362 1770 accessu
2405 1715 2537 1772 belli
2569 1715 2918 1782 excitatores,
2967 1731 3036 1770 ne
3067 1717 3328 1786 templum
3357 1715 3496 1768 inta-

2215 1823 2229 1861 :
2272 1816 2458 1862 contra
2507 1805 2772 1862 Eleazaro
2819 1821 2942 1862 cum
2979 1805 3114 1874 suis,
3139 1819 3300 1862 etiam
3334 1821 3494 1878 supe-

1897 1898 2096 1952 riorem
2126 1897 2313 1954 urbem
2337 1916 2456 1969 qua:
2478 1901 2769 1955 vocabatur
2796 1899 2950 1966 Sion,
2977 1901 3234 1956 invadere
3256 1901 3493 1956 studium

1895 2000 2052 2044 erat:
2097 2003 2308 2060 septem
2337 1991 2528 2046 diebus
2557 1992 2674 2048 sine
2712 1992 3113 2048 intermiSsione
3151 1991 3331 2064 aliqua
3381 1993 3497 2048 bel-

1895 2082 2060 2138 latum
2105 2094 2206 2138 est.
2238 2082 2472 2140 Oetavus
2498 2085 2860 2140 solemuitatis
2885 2085 3024 2151 dies,
3056 2102 3163 2156 quo
3189 2083 3332 2156 ligna
3363 2099 3482 2140 om-

1897 2190 1994 2230 nes
2045 2175 2306 2232 altaribus
2350 2177 2604 2233 solebant
2648 2179 2962 2247 imponere,
3011 2194 3081 2233 ne
3109 2177 3328 2249 quando
3355 2177 3499 2250 ignis

1896 2269 2187 2339 deﬁceret,
2235 2287 2396 2342 quem
2450 2272 2738 2340 oportebat
2777 2271 3274 2343 inexstinguibilem
3317 2286 3503 2342 perse-

1900 2378 2109 2428 verare,
2146 2363 2385 2420 furorem
2414 2363 2647 2434 addidit,
2679 2376 2736 2421 ut
2761 2382 2952 2424 omnes
2975 2384 3004 2422 a
3037 2368 3240 2438 templo
3260 2369 3500 2425 ministri

1897 2455 2336 2514 escluderentur.
2379 2458 2656 2515 Audacius
2703 2462 2868 2518 solito
2911 2460 3122 2516 sicariis
3164 2476 3287 2518 sese
3327 2461 3501 2532 prori-

1899 2550 2171 2620 pientibus
2202 2567 2420 2608 cessere
2459 2554 2616 2624 regii,
2641 2568 2743 2608 nec
2775 2555 2826 2608 in
2855 2554 3226 2624 superioribus
3255 2555 3500 2624 partibus

1899 2642 2203 2696 consistere
2247 2643 2364 2698 ausi
2393 2660 2406 2697 :
2457 2644 2692 2699 incensa:
2723 2646 2870 2700 mdes
2914 2646 3154 2716 Agrippe
3186 2656 3241 2701 et
3270 2646 3497 2704 Bereni-

1899 2746 2012 2799 ces,
2052 2733 2322 2802 direptum
2366 2750 2526 2790 onme
2569 2737 2988 2792 instrumentum
3035 2737 3244 2808 regium
3299 2755 3312 2792 :
3359 2738 3499 2810 ignis

1900 2825 2400 2896 circumferebatur,
2431 2839 2488 2882 ut
2513 2829 2876 2900 chirographa
2901 2829 3232 2898 debitorum,
3261 2848 3382 2902 quae
3410 2848 3499 2889 re-

1901 2917 2122 2973 condita
2167 2921 2220 2972 in
2257 2912 2539 2974 tabulariis
2587 2932 2745 2975 erant
2782 2931 2807 2968 ες
2853 2923 3084 2994 publicis
3115 2937 3496 2981 exurerentur.

1901 3011 2020 3079 Quo
2061 3012 2462 3070 feneratoribus
2507 3015 2622 3070 suis
2665 3014 2854 3088 inopes
2894 3020 3220 3076 insolentius
3255 3021 3502 3093 insurge-

1904 3115 2054 3173 rent,
2106 3107 2254 3162 omni
2300 3122 2446 3162 nexu
2488 3123 2610 3164 sese
2637 3109 2920 3167 absolutos
2949 3113 3221 3176 arbitrati,
3251 3116 3506 3172 incende-

191 3210 594 3266 sacriﬁcjurum
622 3225 638 3275 ς
673 3219 696 3248 c
740 3219 798 3263 υι
839 3222 938 3262 nec
960 3221 1063 3276 pro
1089 3223 1150 3261 se
1175 3206 1566 3267 sacri-ﬁcarent,
1601 3206 1692 3276 qui
1715 3222 1804 3261 sa-
1828 3212 1872 3276 ρ
1907 3198 2036 3253 bant
2068 3199 2256 3255 urbem
2296 3201 2546 3258 manibus
2567 3202 2701 3268 suis,
2721 3207 3094 3262 exurebantur
3122 3208 3276 3264 nervi
3314 3210 3502 3264 civita-

195 3303 472 3359 Criﬁcium
502 3301 735 3356 Caesaris
777 3300 1186 3366 refutat-issent,
1216 3298 1656 3370 priest-emendum
1687 3314 1804 3352 ma-

199 3405 349 3452 ture.
402 3393 538 3450 Nam
577 3394 712 3448 talia
737 3393 990 3449 consulta
1019 3393 1064 3448 si
1093 3392 1158 3446 ad
1189 3392 1442 3457 Florum,
1475 3398 1641 3460 atque
1679 3391 1804 3447 inde

201 3489 348 3546 haud
399 3488 562 3544 dubie
607 3488 676 3543 ad
728 3486 1004 3543 Caesarem
1051 3487 1405 3557 pervenirent
1431 3527 1446 3553 ,
1489 3485 1804 3542 Iudaeorum

198 3585 350 3656 genti
395 3594 604 3654 pestem
645 3579 674 3620 (ι
717 3581 924 3637 factura
956 3599 969 3634 :
1001 3582 1165 3636 simul
1191 3580 1315 3636 haec
1338 3593 1591 3636 astruere
1625 3595 1808 3636 sacer-

198 3679 393 3735 dotnm
444 3676 772 3734 testimoniis
815 3677 1225 3742 desiderantes,
1278 3665 1717 3747 interrogabant,
1759 3673 1808 3731 si

201 3785 461 3842 umquam
502 3784 532 3824 a
572 3768 868 3838 majoribus
907 3777 1056 3824 esset
1092 3767 1376 3824 sacriﬁciis
1397 3769 1684 3840 gentilium
1715 3782 1806 3824 re-

203 3865 514 3922 nuntiatum
557 3881 571 3918 :
614 3865 666 3920 id
706 3865 1000 3934 quominus
1029 3865 1283 3935 liqueret,
1325 3863 1809 3936 obstrepebaan

203 3956 535 4014 seditionem
575 3958 748 4029 parati
784 3974 798 4011 :
850 3972 952 4013 nec
981 3957 1218 4012 ministri
1245 3957 1466 4028 quidem
1500 3956 1690 4013 altaris
1715 3973 1814 4014 au-

203 4051 414 4109 debant
455 4067 576 4108 sese
617 4062 783 4107 tantae
825 4053 1255 4109 discordantium
1301 4053 1550 4110 inserere
1587 4064 1813 4110 conten-

205 4144 347 4200 tioni
374 4161 386 4197 :
416 4159 584 4199 unum
612 4145 910 4201 remedium
949 4160 1240 4216 superesse
1269 4147 1442 4202 visum
1465 4155 1576 4212 est,
1603 4158 1664 4202 ut
1689 4147 1813 4202 Flo-

209 4253 308 4294 rus
339 4247 501 4306 atque
529 4238 764 4309 Agrippa
795 4253 892 4294 rex
919 4253 1044 4295 cum
1081 4241 1307 4296 militari
1338 4255 1500 4297 manu
1529 4241 1813 4310 adessent,

209 4343 273 4389 ut
313 4331 504 4387 saltem
531 4341 679 4388 metu
705 4333 1065 4403 desisterent,
1098 4335 1197 4406 qui
1219 4335 1452 4392 consilio
1475 4352 1816 4409 nequaquam

209 4433 630 4482 revocarentur.
665 4424 776 4482 Sed
807 4425 1032 4496 Florus,
1062 4429 1153 4499 qui
1193 4429 1378 4500 augeri
1405 4429 1570 4486 vellet
1595 4431 1819 4486 seditio-

215 4534 478 4610 nem,.nc
509 4519 651 4574 nllus
693 4519 896 4576 Judmis
927 4533 1074 4578 esset
1116 4524 1288 4580 venite
1319 4525 1470 4580 locus
1499 4523 1552 4598 (ο
1585 4527 1674 4598 qui
1713 4525 1816 4582 nisi

1907 3289 1980 3346 tis
2003 3333 2018 3359 ,
2053 3304 2418 3364 expugnatum
2465 3307 2548 3351 est
2583 3305 2824 3353 castrum
2865 3301 2952 3355 cui
2981 3316 3178 3358 nomen
3231 3301 3500 3374 Antonia,

1907 3387 2031 3440 caesi
2064 3401 2254 3442 omnes
2284 3391 2540 3446 custodes
2569 3394 2796 3462 reperti,
2821 3393 3100 3450 incensum
3131 3407 3342 3467 postea.
3367 3399 3509 3456 Mas-

1908 3479 2093 3534 sadam
2123 3497 2338 3554 quoque
2375 3485 2680 3556 proripiens
2706 3503 2830 3543 sese
2862 3489 3185 3560 Manaimus,
3215 3491 3368 3550 Judm
3402 3493 3510 3552 Gu-

1910 3576 2032 3630 lilzni
2065 3578 2226 3644 ﬁlius,
2257 3595 2384 3636 acer
2413 3590 2468 3636 et
2493 3584 2703 3654 peritus
2739 3587 3008 3657 sophista,
3039 3600 3097 3644 et
3123 3592 3402 3648 turbandis
3425 3608 3512 3649 re-

1910 3669 2012 3726 bus
2045 3673 2398 3740 exercitatus,
2427 3691 2701 3731 armorum
2731 3677 2936 3733 invasit
2962 3679 3230 3750 ofﬁcinas,
3253 3693 3308 3738 ct
3336 3684 3514 3741 induit

1911 3762 2079 3818 armis
2117 3767 2374 3820 inermes.
2405 3765 2814 3843 Regressusque
2846 3773 2897 3825 in
2934 3771 3385 3847 Hierosolymam,
3415 3779 3514 3835 sti-

1913 3855 2190 3924 patoribus
2232 3866 2506 3928 tamquam
2549 3861 2700 3931 regio
2741 3879 2893 3919 more
2938 3867 3356 3938 comitantibus,
3411 3872 3513 3926 im-

1911 3963 2073 4004 mane
2115 3962 2376 4020 quantum
2413 3951 2763 4023 iusoleverat,
2797 3968 2853 4012 ut
2891 3961 3308 4035 supergrediens
3355 3980 3512 4022 usum

1915 4040 2184 4112 privatum
2208 4083 2223 4110 ,
2259 4059 2359 4100 nec
2387 4043 2456 4101 ab
2494 4045 2701 4105 illicitis
2731 4049 2950 4120 quidem
2985 4068 3104 4125 quae
3137 4054 3290 4112 liberi
3331 4059 3515 4130 populi

1913 4133 2059 4190 ferre
2091 4150 2200 4190 non
2241 4151 2496 4206 possent,
2539 4143 2948 4212 temperandum
2991 4146 3390 4206 arbitraretur:
3431 4153 3517 4208 in-

1915 4231 2262 4300 surgentibus
2290 4233 2344 4288 iu
2377 4249 2500 4290 eum
2529 4236 2790 4307 pluribus,
2819 4239 2914 4312 qui
2945 4241 3132 4298 fultum
3163 4249 3330 4316 regali
3358 4247 3518 4305 indu-

1917 4334 2138 4392 mento,
2186 4335 2476 4400 tyrannum
2519 4335 2576 4384 et
2617 4331 2897 4388 dominum
2929 4335 3242 4394 incubuisse
3276 4339 3518 4396 libertati

1917 4417 2118 4472 civium
2159 4419 2579 4491 increpitarent,
2611 4440 2806 4496 graves
2829 4442 3022 4498 pinnas
3044 4431 3232 4500 dedit,
3268 4441 3325 4488 ut
3348 4437 3519 4491 alllic-

1921 4521 2007 4565 tus
2037 4512 2188 4582 prius
2217 4513 2549 4572 cruciatibus
2588 4517 2990 4590 immoraretur,
3019 4539 3120 4580 nec
3153 4533 3329 4584 tamen
3361 4529 3523 4588 dissi-

217 4603 448 4671 involuti
497 4616 641 4672 bello
682 4613 880 4683 forent,
913 4617 1140 4688 urgendi
1189 4619 1410 4689 rapinas
1439 4621 1581 4691 ejus,
1611 4629 1668 4676 et
1696 4636 1818 4692 gra-

1921 4603 2069 4659 diutn
2118 4617 2410 4664 remotum.
2455 4607 2589 4666 Nam
2636 4614 2810 4671 multo
2850 4618 3069 4688 gravior
3113 4633 3296 4679 motus
3342 4624 3527 4682 insur-

216 4711 373 4764 viora
403 4707 693 4764 commissa
717 4706 950 4764 facultas
971 4711 1152 4766 omnis
1169 4710 1661 4785 exstingueretur),
1695 4725 1818 4782 pas-

213 4815 318 4857 sus
354 4809 440 4858 est
463 4816 713 4857 crescere
745 4801 868 4858 belli
913 4803 1148 4860 furorem
1166 4848 1181 4872 ,
1209 4803 1453 4876 nihiique
1480 4805 1678 4876 legatis
1706 4821 1822 4862 res-

219 4895 378 4966 ponsi
405 4894 663 4951 reddidit.
695 4896 932 4968 Agrippa
961 4912 1095 4954 vero
1121 4897 1141 4937 ι
1171 4913 1330 4970 quam
1359 4901 1594 4955 maxime
1608 4900 1822 4958 ambie-

221 4986 319 5044 bat
369 4987 514 5058 Scyli
571 4996 628 5044 et
678 4986 895 5060 Antipte
945 4987 1341 5064 Custobarique
1397 4994 1821 5065 propinquorum

221 5095 449 5136 suorum
499 5080 848 5152 legationem,
883 5083 937 5137 in
983 5098 1274 5142 commune
1300 5085 1528 5152 bonum,
1557 5097 1617 5144 ut
1644 5097 1697 5144 et
1725 5087 1826 5144 Ju-

222 5172 376 5228 dmos
420 5171 680 5229 Bethania
729 5184 1009 5240 servaret,
1039 5185 1098 5232 et
1139 5176 1342 5233 Judaeis
1363 5178 1710 5250 religionem,
1744 5195 1829 5250 pa-

227 5264 348 5320 triae
377 5264 663 5335 terrm’lum,
696 5265 888 5324 urbem
915 5267 1144 5336 civibus,
1165 5270 1378 5340 sibique
1400 5271 1618 5340 imperii
1637 5271 1827 5342 decus,

225 5356 382 5428 regni
424 5357 874 5427 tranquiliitatem
893 5397 912 5426 ,
945 5360 1092 5416 misit
1117 5361 1219 5415 tria
1243 5360 1423 5417 miliia
1445 5363 1693 5433 equitum
1724 5364 1831 5421 Da-

308 5482 334 5510 ιι
374 5469 684 5541 Ρνωηιριω.
718 5471 892 5530 ΒΑΜ.

305 5542 334 5582 δ
363 5542 499 5620 ςοᾶ.
535 5555 656 5620 vet.
675 5548 877 5620 negari.
902 5545 979 5602 In.

309 5625 332 5654 ε
371 5615 448 5689 ita
475 5631 541 5670 ex
573 5615 816 5689 editione
855 5616 1187 5689 Ascensiana
1237 5617 1515 5689 supplevit
1567 5617 1712 5675 hunc
1741 5620 1830 5678 lo-

235 5701 360 5763 c_um
387 5681 724 5763 ﬁameh’ms.
767 5682 854 5745 Al.
892 5686 1051 5763 egit,
1090 5696 1150 5742 ut
1184 5695 1280 5748 nec
1308 5681 1405 5763 pro
1429 5691 1487 5747 'ae
1509 5691 1834 5762 iacriﬁcium

238 5755 461 5828 Corycii:
493 5759 872 5828 refutaviuent.
907 5757 1191 5816 GALLAND.

312 5823 343 5866 ει
371 5823 648 5884 Futurum.
677 5828 848 5886 Bauli.

1925 4699 2088 4754 rexit.
2121 4698 2366 4773 Denique
2393 4703 2632 4762 Metilius
2665 4723 2788 4763 cum
2825 4709 3087 4767 Romanis
3116 4714 3376 4772 militibus
3405 4734 3531 4778 ora-

1925 4789 2020 4856 vit,
2049 4800 2107 4846 ut
2132 4794 2414 4853 discedere
2443 4797 2636 4857 liceret
2668 4818 2682 4854 :
2711 4801 2948 4876 dataque
2974 4805 3080 4863 ﬁde
3107 4820 3164 4866 et
3193 4810 3529 4882 interpositis

1925 4891 2308 4958 sacramentis,
2334 4892 2422 4948 ubi
2441 4893 2600 4964 juxta
2634 4907 2850 4966 pactum
2873 4915 3024 4957 arma
3052 4903 3382 4977 deposuere,
3400 4926 3524 4968 cum

1925 4985 2046 5042 sine
2087 5001 2232 5046 metu
2276 4991 2522 5064 abirent,
2557 4995 2625 5052 ab
2677 4997 2942 5056 Eleazaro
2983 5013 3038 5058 et
3068 5007 3233 5060 sociis
3277 5008 3531 5068 factionis

1928 5087 2083 5141 multi
2107 5089 2538 5149 obtruncantur:
2571 5108 2680 5149 non
2714 5097 3076 5156 resistendum
3103 5101 3367 5162 adversus
3397 5107 3527 5174 vim,

1930 5191 2030 5232 nec
2061 5181 2390 5250 precandum
2409 5186 2536 5252 rati,
2564 5187 2661 5242 sed
2686 5192 3062 5248 tantummodo
3087 5194 3339 5252 violatam
3369 5199 3532 5256 ﬁdem

1931 5278 1988 5326 et
2009 5272 2314 5343 ,perjurium
2352 5277 2683 5347 perﬁdorum
2715 5281 3094 5342 vociferantes.
3117 5288 3320 5346 Omnes
3349 5293 3534 5364 itaque

1932 5364 2200 5422 interfecti
2229 5383 2246 5424 ;
2289 5367 2524 5427 Metilius
2560 5372 2679 5444 ipse
2712 5375 3004 5445 praefectus
3033 5380 3264 5438 militum
3295 5388 3536 5456 rogando

2013 5481 2190 5572 °9Vet.
2221 5485 2372 5572 eod...
2401 5487 2583 5558 quibus
2611 5490 2658 5544 si
2677 5490 2896 5549 inuoluti
2917 5496 3052 5552 boue
3069 5498 3263 5570 form,
3283 5507 3538 5572 urguendi

1937 5557 2175 5623 rapinas,
2205 5567 2315 5612 etc.
2350 5557 2427 5612 In.
3069 5557 3082 5570 ·
3249 5557 3262 5569 ι
3344 5557 3371 5572 ιι

1963 5697 1978 5709 Δ
2015 5625 2282 5709 ῐΙΑιίῳὶίά
2339 5629 2533 5686 deesse
2581 5631 2798 5709 videtur
2827 5677 2840 5700 ,
2899 5637 3185 5709 18mm
3233 5637 3470 5705 msse
3520 5666 3538 5708 :

1942 5697 2318 5828 éagpgoero
2341 5715 2429 5764 om
2456 5717 2612 5772 quam
2638 5697 2862 5762 maxime
2898 5697 3036 5766 αηῖύ.
3067 5748 3085 5765 .
3113 5753 3124 5766 .
3151 5746 3169 5766 .
3195 5749 3210 5769 .
3229 5697 3543 5786 “aurato:

2024 5851 2050 5890 l
2074 5839 2307 5900 Publice.
2335 5843 2504 5900 BA“.
