3964 6346
554 313 696 372 ΞΟδὸ

541 538 666 578 nem
713 533 926 593 quoque
967 532 1027 574 sc
1062 515 1311 572 Judmum
1351 514 1613 582 futurum,
1640 515 1788 572 solus
1813 526 2139 573 reservatur.

1166 607 1397 666 CAPUT
1435 609 1506 666 XI
1519 651 1532 665 .

610 707 852 767 Ardebat
893 705 1074 761 omnis
1117 703 1304 762 .ludma
1351 721 1365 759 :
1416 703 1571 776 Syria
1611 718 1826 774 quoque
1865 702 2143 774 provincia

536 801 717 859 omnis
762 800 816 855 in
867 799 1071 856 bellum
1121 807 1148 836 ιι
1190 797 1448 854 excitata.
1497 797 1739 870 Denique
1779 797 2142 854 Cresarienses

538 908 911 966 quoscumque
961 891 1234 949 habebam
1273 891 1492 948 Judaaos
1548 891 1988 948 interfecerunt:
2033 906 2142 962 quo

535 987 728 1045 dolore
775 985 1022 1052 excitati,
1061 985 1324 1057 plurimas
1365 984 1540 1058 Syria:
1565 984 1732 1041 urbes
1761 983 1933 1041 Judzei
1959 983 2138 1039 adorsi

537 1081 991 1138 debellaverunt:
1031 1094 1296 1150 nusquam
1331 1079 1444 1150 jus,
1474 1092 1738 1150 nusquam
1768 1078 1959 1150 religio
1989 1095 2002 1130 :
2037 1093 2137 1133 no-

536 1177 701 1233 bilior
728 1183 868 1244 erat,
903 1175 995 1246 qui
1028 1173 1183 1246 plura
1211 1173 1536 1245 diripuerat,
1577 1171 1732 1244 quasi
1763 1171 1981 1243 praemia
2009 1184 2138 1227 con-

536 1284 735 1342 gerens
787 1269 1146 1326 fortitudinis.
1204 1268 1334 1323 Erat
1371 1268 1739 1338 spectaculum
1787 1265 2134 1332 miserabile,

534 1376 658 1418 cum
709 1361 986 1418 inhumata
1033 1375 1266 1432 corpora
1298 1360 1502 1432 passim
1528 1359 1773 1430 jacerent
1799 1359 1853 1414 in
1888 1358 2132 1424 urbibus;

534 1457 718 1529 pueris
749 1456 1032 1513 commixti
1057 1471 1240 1523 senes,
1266 1454 1523 1510 mulieres
1545 1469 1759 1525 quoque
1782 1467 1882 1510 nec
1914 1461 2136 1524 propter

533 1549 921 1607 verecundiam
972 1548 1338 1621 spectantium
1390 1547 1742 1603 munimentis
1794 1546 1990 1618 quibus
2035 1561 2135 1617 pu-

532 1641 710 1699 denda
751 1650 1103 1715 tegerentur,
1156 1641 1406 1698 relictis:
1456 1642 1637 1698 omnia
1681 1639 1825 1698 foeda
1873 1648 1931 1696 et
1973 1639 2132 1709 plena

531 1739 716 1811 specie
751 1737 1083 1805 miserabili,
1117 1753 1240 1809 qua:
1280 1751 1405 1793 cum
1435 1745 1637 1792 tetrum
1667 1733 1952 1790 horrorem
1974 1747 2134 1789 exce-

1873 306 2118 366 SANCTI
2158 303 2481 366 AMBROSII

543 439 598 486 et
614 424 975 493 obsecrando,
1006 421 1166 481 simul
1194 420 1462 493 pollicens
1490 433 1663 494 usque
1692 421 1757 477 ad
1782 423 2150 480 circumcisio-
2176 423 2226 484 Α

3721 311 3852 370 2056

2864 419 3096 479 CAPUT
3134 420 3247 478 XII.

2325 516 2574 574 Lucbant
2617 515 2764 574 enim
2819 515 3089 574 scelerum
3144 528 3364 572 suorum
3416 515 3727 586 supplicia,
3771 519 3849 588 qui

2249 621 2537 682 postquam
2575 611 2860 668 Dominum
2903 611 3089 668 Jesum
3115 608 3510 666 crucifixerunt
3550 609 3848 666 divinorum

2246 705 2547 772 arbitrum,
2598 715 2790 776 postea
2819 705 2985 762 etiam
3037 704 3339 776 discipulos
3389 704 3512 777 ejus
3554 721 3848 777 perseque-

2245 799 2462 856 bantur.
2514 799 2770 873 Plerique
2817 809 2998 857 tamen
3046 799 3392 867 Judteorum,
3439 808 3494 856 et
3553 799 3849 858 Gentilium

2247 893 2466 963 plurimi
2497 893 2851 950 crediderunt
2881 893 2933 948 in
2966 908 3114 960 eum,
3147 908 3269 950 cum
3301 894 3595 964 praeceptis
3631 893 3848 950 morali-

2245 983 2348 1040 bus
2384 986 2751 1058 opcrihusquc
2795 985 2938 1042 ultra
2998 985 3290 1042 humanam
3347 994 3678 1058 potestatem
3729 1001 3851 1058 pro-

2244 1079 2542 1137 ﬂuentibus
2590 1081 2948 1136 invitarentur
2988 1097 3001 1135 :
3055 1082 3255 1152 quibus
3309 1096 3377 1136 ne
3427 1095 3580 1136 mors
3631 1079 3844 1152 quidem

2244 1172 2363 1244 ejus
2411 1173 2498 1230 vel
2551 1172 2704 1241 fidei,
2756 1172 2842 1228 vel
2881 1173 3069 1244 gratia:
3119 1172 3282 1229 finem
3335 1172 3631 1244 imposuit,
3687 1172 3847 1228 immo

2243 1264 2407 1320 etiam
2439 1264 2741 1322 cumulavit
2764 1265 3132 1322 devotionem.
3165 1265 3472 1322 lntulcrunt
3501 1265 3692 1335 itaque
3732 1281 3845 1338 par~

2242 1354 2501 1412 ricidales
2543 1371 2765 1422 manus,
2807 1367 2971 1427 atque
3009 1366 3288 1414 auctorem
3330 1357 3459 1413 vitae
3518 1357 3843 1414 interﬁcien-

2241 1447 2370 1504 dum
2420 1448 2488 1505 ad
2530 1449 2763 1505 Pilatum
2796 1450 3071 1507 deduxere
3106 1469 3119 1505 :
3153 1451 3518 1508 reluctantem
3564 1462 3842 1523 creperum

2243 1556 2542 1612 perurgere
2567 1541 2802 1612 judicem
2835 1561 2850 1599 :
2891 1544 2942 1598 in
2984 1559 3091 1615 quo
3123 1554 3300 1601 tamen
3341 1560 3450 1601 non
3487 1546 3842 1602 excusabatur

2242 1635 2469 1705 Pilatus,
2499 1636 2595 1693 sed
2624 1636 2938 1693 Iudaeorum
2974 1639 3210 1695 amentia
3237 1639 3700 1704 coacervabatur;
3727 1641 3838 1711 quia

2244 1743 2343 1785 nec
2385 1729 2480 1786 ille
2503 1728 2814 1801 adjudicare
2844 1730 3052 1798 debuit,
3092 1746 3253 1802 quem
3293 1747 3447 1787 reum
3488 1732 3720 1788 minime
3754 1732 3840 1788 de-

529 1833 727 1889 derent
748 1833 930 1904 gravis
957 1847 1021 1887 ac
1048 1831 1271 1888 nefaria:
1291 1829 1648 1895 crudelitatis,
1675 1828 1924 1898 graviora
1951 1837 2131 1882 tamen
2164 1829 2214 1890 B
2243 1821 2641 1894 prebenderat;
2692 1839 2793 1879 nec
2830 1824 2920 1880 isti
2957 1825 3302 1895 sacrilegium
3337 1825 3638 1896 parricidio
3676 1825 3839 1898 gemi-

530 1925 709 1982 adhuc
753 1925 856 1982 sibi
899 1926 1134 1982 invicem
1174 1924 1586 1980 minitabantur.
1627 1922 1758 1977 Erat
1793 1921 2029 1977 immane
2055 1919 2134 1974 la-

527 2020 815 2076 trocinium
865 2021 1006 2077 inter
1044 2018 1262 2076 Judaeos
1313 2034 1376 2074 ac
1420 2018 1611 2091 Syros,
1658 2033 1781 2074 cum
1825 2031 1951 2088 spes
1985 2018 2131 2073 nulla

525 2113 717 2169 salutis
760 2122 927 2182 esset,
983 2112 1088 2168 nisi
1139 2119 1198 2168 ut
1230 2111 1468 2168 invicem
1491 2127 1551 2169 se
1580 2112 1968 2183 praevenirent.
1999 2111 2133 2181 Quae

527 2207 673 2264 enim
715 2206 946 2276 civitas,
979 2221 1101 2278 qua:
1136 2222 1244 2262 non
1290 2205 1508 2262 Judacos
1546 2206 1707 2262 simul
1732 2214 1787 2262 et
1812 2207 1980 2280 Syros
2007 2223 2130 2278 per-

528 2301 729 2356 mixtos
771 2299 1032 2357 haberet?
1057 2299 1186 2357 Dies
1224 2299 1277 2355 in
1311 2299 1610 2371 sanguine,
1642 2309 1830 2358 noctes
1862 2304 1916 2357 in
1943 2302 2131 2357 formi-

521 2392 650 2450 dine
673 2394 1117 2466 transigebantur
1140 2411 1154 2450 :
1180 2409 1282 2451 nec
1315 2393 1479 2460 odiis,
1513 2409 1613 2450 nec
1651 2394 1892 2450 avaritiae
1931 2394 2127 2451 modus

526 2485 690 2542 ullus.
721 2486 858 2542 Nam
892 2495 1092 2558 praeter
1130 2496 1403 2543 sectarum
1441 2496 1497 2543 et
1520 2487 1697 2544 cultus
1727 2488 2126 2556 diversitatem,

521 2594 644 2652 quae
693 2580 748 2636 in
794 2580 997 2636 malum
1032 2579 1309 2651 publicum
1351 2590 1640 2652 eruperat,
1673 2589 1732 2637 ut
1759 2597 1789 2638 c
1814 2581 2038 2638 diverso
2066 2597 2126 2638 se

521 2675 766 2746 perditos
797 2675 1034 2743 vellent;
1057 2675 1284 2732 avaritia
1311 2675 1545 2733 habendi
1575 2687 1630 2733 et
1659 2678 1905 2748 rapiendi
1928 2678 2126 2749 cupido

518 2766 594 2823 ita
627 2767 868 2824 animum
897 2769 1204 2837 invaserat,
1235 2780 1294 2824 ut
1323 2770 1495 2837 nulli,
1530 2785 1688 2841 quem
1718 2770 1915 2842 praedae
1944 2772 2126 2829 studio

517 2860 878 2932 deputassent
917 2863 1080 2932 neci,
1124 2865 1456 2934 parcendum
1495 2865 1853 2923 testimarent.
1885 2867 2025 2935 Quid
2056 2867 2125 2925 de

519 2955 732 3012 minore
780 2971 1012 3014 numero
1042 2972 1310 3015 caesorum
1356 2959 1588 3030 loquar?
1612 2959 1748 3016 Nam
1774 2972 1980 3032 praeter
2004 2960 2120 3016 An-

515 3051 799 3110 tiochenos
825 3094 841 3120 ,
884 3061 940 3109 et
980 3053 1237 3111 Sidonios
1275 3063 1332 3111 et
1356 3055 1690 3127 Apamenos,
1721 3058 1944 3115 difficile
1969 3059 2122 3130 quis—

514 3162 676 3218 quam
709 3146 965 3219 populus,
994 3147 1362 3205 inhabitantes
1387 3163 1574 3205 secum
1611 3149 1832 3208 Iudaeos
1861 3166 1969 3207 non
1995 3166 2118 3222 per—

513 3252 734 3300 secutus
781 3253 886 3302 est.
929 3243 958 3284 ι’
1003 3244 1294 3302 Cerasscm
1330 3255 1513 3302 autem
1556 3255 1612 3303 et
1633 3247 1881 3303 volentes
1909 3245 2114 3316 egredi,
2143 3227 2189 3291 C

513 3352 689 3407 usque
725 3337 792 3394 ad
818 3337 956 3395 lines
985 3339 1237 3410 preprios
1267 3339 1546 3410 prosecuti
1572 3348 1733 3407 sunt,
1770 3347 1829 3394 ut
1855 3339 1975 3394 sine
2006 3338 2114 3394 ulla

511 3428 706 3486 fraude
724 3430 961 3487 abirent.
985 3431 1333 3489 Alexandria:
1349 3448 1482 3490 vero
1499 3441 1622 3488 orta
1645 3434 1787 3490 inter
1806 3431 2038 3504 gentiles
2060 3442 2116 3489 et

511 3522 732 3580 Judtcos
770 3527 1152 3591 contentione,
1179 3527 1308 3583 dum
1340 3528 1555 3585 Hebraei
1599 3529 1893 3586 vindictam
1922 3543 2109 3599 repos-

507 3627 732 3685 cerent,
765 3635 829 3676 ac
865 3621 1037 3691 raptis
1082 3620 1320 3678 fascibus
1360 3630 1750 3694 congregatum
1797 3622 1853 3677 in
1895 3622 2109 3692 amphi-

507 3709 725 3768 theatro
774 3712 1031 3784 populum
1075 3713 1362 3785 gentilium
1409 3715 1790 3772 minitarentur
1837 3729 2103 3782 exurere,

503 3804 612 3861 alia
633 3816 921 3864 curantem
951 3807 1324 3865 Alexandrum
1351 3808 1630 3867 Tiberium
1658 3809 1970 3882 praefectum
2003 3809 2108 3866 loci

501 3897 556 3954 in
587 3915 649 3956 se
688 3912 1042 3971 convertere,
1074 3918 1139 3959 ac
1169 3903 1348 3975 primo
1373 3905 1594 3976 quidem
1622 3904 1974 3961 concordiam
2003 3920 2106 3975 pu-

504 3991 699 4048 blicam
731 3995 1035 4053 reformare
1059 3997 1300 4068 pacificis
1331 3997 1575 4054 tentabat
1603 3998 1972 4056 sermonibus.
2003 3997 2102 4055 Ubi

497 4099 632 4141 vero
675 4087 894 4144 irrideri
937 4089 1006 4145 ab
1045 4089 1132 4146 his
1163 4106 1286 4161 qua:
1315 4090 1510 4148 sedulo
1541 4101 1812 4161 moneret,
1843 4092 2100 4158 advertit,

497 4191 603 4232 nec
649 4177 765 4234 ullo
808 4179 918 4235 alio
963 4181 1126 4238 modo
1164 4183 1278 4238 tolli
1311 4199 1471 4256 posse
1504 4193 1706 4240 tantam
1733 4186 2096 4254 seditionem,

496 4267 792 4326 invadendi
833 4285 930 4327 eos
972 4273 1237 4330 militibus
1273 4285 1601 4345 potestatem
1642 4276 1826 4345 dedit;
1859 4279 1949 4348 qui
1991 4280 2094 4334 cir-

492 4361 773 4418 cumfusos
818 4363 1040 4436 adorsi,
1084 4367 1373 4423 maximam
1414 4384 1511 4440 per
1542 4377 1707 4426 totam
1737 4369 1928 4426 urbem
1955 4380 2098 4426 stra-

491 4473 614 4530 gem
654 4458 833 4518 fecere
864 4478 877 4515 :
909 4477 1034 4518 cum
1064 4462 1203 4520 alios
1230 4464 1588 4534 resistentes,
1625 4465 1896 4538 fugientes
1934 4467 2093 4536 alios,

488 4551 628 4609 alios
655 4552 709 4608 in
737 4553 988 4612 domibus
1023 4558 1138 4613 suis
1160 4557 1442 4616 latitantes
1468 4570 1754 4628 necarent,
1784 4575 1961 4633 neque
1982 4563 2094 4619 ulla

487 4643 817 4715 subjaceret,
837 4647 926 4704 vel
945 4649 1295 4719 parvulorum
1319 4651 1717 4723 misericordia,
1733 4653 1821 4711 vel
1836 4671 2094 4712 reveren-

489 4736 566 4794 tia
602 4753 831 4809 senum,
868 4742 956 4798 vel
997 4743 1286 4801 mulierum
1327 4749 1680 4806 verecundia.
1723 4749 1877 4807 Cmsa
1906 4750 2091 4823 itaque

484 4827 800 4888 Judaeorum
840 4833 1226 4908 quinquaginta
1275 4837 1390 4896 fere
1431 4841 1644 4897 millia:
1685 4843 1947 4899 natabant
1975 4843 2090 4914 pla-

485 4931 587 4979 tcte
616 4925 904 4998 sanguine,
929 4927 1138 4999 repleta
1163 4939 1322 4987 erant
1346 4933 1526 4988 omnia
1556 4933 1937 5005 cadaveribus,
1966 4950 2089 4993 cre-

481 5014 728 5086 pitabant
762 5017 998 5076 ﬂamma:
1023 5036 1171 5078 saevo
1203 5038 1300 5094 per
1321 5023 1512 5081 urbem
1542 5026 1818 5098 incendio,
1847 5044 1966 5099 quae
1992 5029 2088 5086 Ju-

479 5103 722 5164 daeorum
745 5108 998 5169 domibus
1023 5124 1046 5153 θ
1079 5113 1312 5172 invectae
1332 5114 1548 5188 (Matth.
1578 5118 1790 5190 x1v,4),
1813 5121 1990 5177 vicina
2017 5123 2089 5180 si-

481 5198 596 5256 mul
624 5199 1014 5272 depascebant.
1038 5205 1279 5265 Inﬂexus
1302 5217 1484 5266 tamen
1506 5210 1839 5282 Alexander,
1867 5216 2084 5273 tandem

476 5291 681 5350 milites
714 5293 1016 5367 abstinere,
1066 5308 1123 5357 et
1171 5303 1415 5375 receptui
1457 5319 1658 5362 canere
1693 5305 1849 5378 jubet
1890 5326 1904 5363 :
1938 5310 2084 5380 vulgi

470 5391 651 5442 tamen
698 5385 781 5443 ira
826 5389 998 5448 semel
1037 5406 1324 5466 progressa
1362 5397 1416 5453 in
1446 5408 1775 5471 potestatem
1816 5405 2080 5474 necandi,

474 5489 818 5552 nequaquam
846 5483 1221 5560 mitigabatur.

548 5629 578 5661 α
604 5620 814 5682 Excita.
846 5626 1019 5688 Bm.

545 5689 576 5732 δ
614 5692 908 5757 Germani.
953 5701 1032 5758 In.

551 5773 576 5835 ε
614 5763 850 5835 Iniecta.
897 5770 976 5827 In.

543 5827 570 5869 ἀ
609 5827 882 5907 Antiqui!"
915 5842 1010 5899 lib.
1044 5858 1195 5916 xvut,
1226 5861 1346 5921 cap.
1375 5851 1430 5922 5,
1461 5868 1608 5911 num.
1639 5857 1693 5914 5.
1737 5849 1815 5915 lo.

2237 1933 2396 1986 nare,
2427 1927 2488 1975 ut
2515 1918 2584 1974 ab
2611 1919 2716 1986 his,
2749 1920 2840 1990 qui
2879 1919 2946 1975 ad
2985 1920 3331 1977 redimendos
3359 1929 3418 1977 et
3446 1920 3728 1977 sanandos
3753 1936 3838 1977 eos

2231 2025 2354 2068 sesc
2391 2011 2698 2080 obtulerat,
2741 2011 3161 2068 obtruncaretur
3198 2030 3212 2067 :
3245 2013 3328 2077 de
3363 2027 3472 2084 quo
3516 2013 3624 2084 ipsi
3672 2011 3836 2068 Judzci

2231 2118 2450 2175 quoque
2505 2112 2806 2170 testantur,
2859 2103 3077 2159 dicente
3117 2100 3145 2141 ἀ
3185 2103 3432 2176 Joscpho
3487 2103 3836 2161 historiarum

2231 2197 2522 2267 scriptore,
2553 2197 2697 2268 quod
2743 2195 2899 2266 fuerit
2928 2197 3020 2252 illo
3061 2198 3116 2252 in
3155 2207 3383 2268 tempore
3421 2199 3500 2253 vir
3530 2200 3764 2270 sapiens,
3798 2201 3836 2253 si

2231 2298 2402 2344 tamen
2441 2298 2662 2360 oportet,
2697 2289 2890 2360 inquit,
2933 2291 3101 2344 virum
3134 2290 3262 2357 dici,
3301 2291 3625 2347 mirabilium
3666 2301 3835 2364 patra-

2231 2390 2392 2437 torem
2425 2387 2686 2451 operum’:
2713 2382 2802 2452 qui
2829 2383 3126 2454 apparuerit
3152 2382 3426 2454 discipulis
3458 2385 3568 2438 suis
3593 2394 3711 2454 post
3741 2384 3830 2438 tri-

2231 2473 2394 2527 duum
2419 2473 2598 2529 mortis
2616 2490 2726 2529 suae
2749 2475 2916 2529 vivens
2933 2475 3438 2541 iterum,secundum
3461 2479 3827 2548 prophetarum

2227 2564 2561 2635 scripta:qui
2586 2573 2634 2618 et
2667 2566 2777 2620 Ita’c
2802 2576 2852 2620 et
2880 2565 2988 2620 alia
3022 2565 3425 2621 innumerabilia
3459 2575 3482 2604 ε
3513 2569 3579 2622 de
3606 2582 3665 2621 eo
3683 2567 3827 2638 plena

2228 2654 2496 2710 miraculis
2542 2657 2978 2727 prOphetaverunt
3007 2673 3026 2711 :
3062 2673 3126 2713 επ
3163 2674 3264 2728 quo
3310 2657 3462 2730 ccepit
3503 2660 3825 2731 congregatio

2227 2745 2642 2803 Christianorum
2670 2764 2690 2804 :
2715 2757 2770 2804 et
2814 2751 2868 2804 in
2899 2765 3062 2806 omne
3094 2749 3372 2806 hominum
3403 2753 3716 2822 penetravit
3741 2767 3824 2823 ge—

2233 2857 2368 2909 nus;
2403 2858 2506 2899 nec
2553 2843 2660 2899 ulla
2707 2844 2855 2900 natio
2898 2844 3131 2901 Romani
3177 2845 3331 2902 orbis
3373 2847 3668 2913 remansit,
3710 2862 3821 2917 quae

2227 2935 2410 2992 cultus
2435 2935 2555 3007 ejus
2581 2951 2787 3008 expers
2819 2937 3242 3009 relinqueretur.
3277 2938 3336 2994 Si
3365 2938 3524 2995 nobis
3558 2955 3668 2994 non
3705 2955 3818 2996 cre-

2224 3027 2575 3096 duntJudaii,
2616 3029 2698 3084 vel
2731 3028 2844 3085 suis
2885 3029 3116 3086 credant
3158 3048 3172 3086 :
3213 3030 3317 3088 hoc
3360 3031 3505 3087 dixit
3533 3031 3816 3104 Josephus,

2223 3137 2383 3192 quem
2415 3121 2516 3192 ipsi
2542 3121 2840 3178 maximum
2871 3132 3100 3194 putant:
3129 3133 3185 3180 et
3213 3133 3392 3182 tamen
3425 3127 3497 3182 ita
3532 3128 3585 3182 in
3611 3141 3677 3182 eo
3704 3126 3819 3196 ipso

2222 3215 2368 3286 quod
2395 3229 2582 3271 verum
2632 3216 2846 3271 locutus
2875 3226 2989 3284 est,
3025 3218 3095 3273 ita
3142 3228 3325 3275 mente
3366 3220 3560 3276 devius
3600 3219 3722 3288 fuit,
3764 3229 3817 3275 ut

2220 3323 2322 3366 nec
2374 3309 2719 3366 sermonibus
2777 3312 2890 3368 suis
2949 3311 3234 3381 crederet,
3291 3317 3386 3370 sed
3455 3315 3675 3371 locutus
3739 3323 3818 3372 est

2217 3409 2441 3472 propter
2483 3401 2726 3457 historice
2756 3418 2869 3458 sua:
2913 3403 3099 3474 fidem,
3132 3403 3261 3475 quia
3307 3405 3504 3462 fallere
3536 3406 3688 3464 nefas
3722 3423 3816 3478 pu-

2217 3492 2365 3548 tabat
2399 3510 2411 3548 :
2444 3509 2551 3550 non
2583 3493 2818 3550 credidit
2849 3505 3073 3567 propter
3100 3496 3358 3553 duritiam
3383 3498 3569 3555 cordis
3607 3509 3665 3555 et
3693 3514 3813 3568 per-

2214 3583 2354 3640 fidiae
2373 3585 2732 3641 intentionem
2752 3604 2765 3640 :
2785 3600 2895 3642 non
2921 3595 3104 3644 tamen
3127 3587 3342 3644 veritati
3362 3587 3380 3627 τ
3401 3590 3810 3661 prtejudicabat,

2211 3678 2355 3749 quod
2388 3695 2497 3735 non
2527 3679 2780 3746 credidit,
2795 3680 2891 3738 sed
2924 3682 3048 3754 plus
3071 3682 3281 3739 addidit
3309 3686 3650 3754 testimonio,
3673 3685 3809 3758 quod

2210 3786 2313 3827 nec
2350 3771 2667 3828 incredulus
2714 3781 2770 3830 et
2819 3773 3019 3831 invitus
3068 3776 3303 3846 negavit.
3355 3777 3414 3832 In
3461 3792 3573 3849 quo
3615 3777 3807 3834 Christi

2207 3866 2336 3923 Jesu
2363 3866 2562 3923 claruit
2602 3868 2846 3938 potentia
2877 3878 3104 3938 aeterna,
3136 3869 3283 3941 quod
3314 3885 3441 3926 eum
3470 3872 3636 3929 etiam
3669 3874 3808 3944 prin-

2206 3961 2358 4032 cipes
2381 3976 2670 4034 synagoga:
2707 3977 2868 4032 quem
2897 3962 2965 4019 ad
2999 3973 3225 4021 mortem
3253 3965 3801 4036 comprehenderant,

2207 4055 2378 4111 Dcnm
2412 4054 2741 4111 fatebantur.
2769 4055 2839 4111 Et
2856 4071 2980 4112 vere
3002 4057 3158 4128 quasi
3184 4059 3326 4114 Deus
3348 4057 3470 4116 sine
3491 4061 3800 4131 exceptione

2205 4162 2585 4218 personarum,
2610 4157 2701 4202 aut
2736 4147 2848 4202 ulla
2879 4149 3070 4204 mortis
3112 4148 3404 4206 formidine
3446 4151 3685 4218 locutus,
3711 4167 3796 4206 ex-

2202 4240 2404 4296 cidium
2421 4255 2638 4313 quoque
2668 4241 2859 4313 templi
2887 4241 3129 4298 futurum
3158 4244 3504 4300 annuntiavit
3531 4263 3544 4300 :
3575 4244 3670 4302 sed
3695 4259 3792 4299 non

2200 4347 2295 4390 eos
2323 4333 2512 4416 templi
2545 4333 2743 4404 injuria
2770 4337 3085 4406 commovit,
3120 4336 3214 4393 sed
3241 4336 3370 4408 quia
3401 4338 3460 4394 iu
3486 4337 3704 4410 ﬂagitiis
3730 4337 3790 4393 ab

2198 4438 2266 4481 eo
2297 4434 2350 4480 et
2393 4425 2700 4496 sacrilegiis
2753 4427 3219 4499 corripiebantur,
3265 4429 3394 4486 hinc
3439 4429 3518 4486 ira
3565 4431 3784 4497 exarsit,

2199 4526 2257 4573 ut
2284 4517 2660 4574 interticerent
2686 4533 2809 4576 eum
2833 4536 2995 4592 quem
3015 4523 3158 4578 nulla
3187 4522 3511 4581 habuissent
3531 4534 3779 4597 tempora.

2119 4633 2173 4695 Β
2197 4607 2330 4664 Nam
2363 4624 2486 4666 cum
2508 4609 2601 4666 alii
2635 4612 2909 4682 precando
2934 4616 3238 4672 meruerint
3264 4615 3470 4688 facere,
3500 4605 3624 4690 quae
3652 4618 3781 4674 fece-

2195 4714 2356 4770 runt;
2389 4705 2477 4762 hic
2521 4706 2575 4761 in
2620 4715 2888 4778 potestate
2919 4709 3176 4780 habebat,
3215 4723 3272 4768 ut
3303 4713 3490 4769 omnia
3524 4730 3645 4786 quae
3673 4713 3776 4769 ﬁeri

2192 4797 2376 4866 vellet,
2411 4797 2729 4871 imperaret.
2767 4801 2990 4860 Occisus
3025 4815 3144 4862 erat
3188 4815 3315 4864 ante
3364 4818 3597 4866 mortem
3636 4808 3773 4872 Jesu,

2191 4889 2432 4962 Baptista
2459 4892 2699 4952 Joannes
2728 4896 2812 4952 vir
2839 4908 3080 4969 sanctus,
3113 4901 3204 4971 qui
3232 4917 3509 4973 nunquam
3543 4903 3596 4960 in
3629 4914 3654 4952 ε
3681 4918 3777 4958 sa:-

2191 4983 2329 5039 culis
2364 4985 2558 5043 salutis
2585 4989 2872 5046 veritatem
2910 5002 3188 5062 posuerat.
3237 4993 3483 5066 Denique
3511 4997 3580 5053 ad
3607 4995 3773 5053 omnia

2191 5093 2311 5148 qua:
2348 5077 2508 5148 plena
2544 5079 2772 5151 iustitia:
2812 5082 3067 5151 docebat,
3096 5085 3291 5158 quibus
3337 5087 3406 5142 ad
3448 5089 3646 5146 cultum
3683 5087 3774 5144 Dei

2187 5170 2452 5228 invitabat
2478 5172 2720 5246 Judteos,
2745 5176 2908 5233 etiam
2931 5179 3260 5250 baptismum
3283 5189 3513 5252 prepter
3537 5182 3768 5254 purifica~

2183 5264 2387 5322 tionem
2417 5267 2616 5324 anima:
2657 5278 2712 5326 et
2756 5273 3005 5342 corporis
3038 5274 3370 5332 instituerat.
3415 5274 3583 5350 Cujus
3618 5289 3770 5334 causa

2183 5358 2357 5424 necis,
2406 5359 2652 5431 libertas,
2697 5364 2844 5435 quod
2893 5368 3105 5438 perpeti
3149 5369 3400 5441 nequivit
3438 5370 3512 5427 ab
3566 5368 3768 5428 Herode

2183 5448 2411 5508 fraterni
2453 5451 2655 5511 violata
2698 5457 2961 5516 connubii
3000 5459 3126 5532 jura
3175 5503 3190 5529 ,
3221 5458 3637 5538 1igermanoque
3676 5462 3765 5520 ab-

2258 5665 2282 5742 ξ
2321 5657 2465 5742 god.
2491 5667 2627 5742 νει,
2659 5659 2772 5742 ὒςο
2801 5665 2943 5736 pleni
2969 5667 3222 5726 miracula
3247 5669 3490 5742 propinet.
3531 5671 3604 5730 lo.

2253 5724 2274 5764 τ
2317 5724 2662 5798 Ρνανίτιάὶεάι.
2710 5733 2788 5792 In.

2251 5807 2277 5847 8
2321 5799 2596 5860 Secundis.
2641 5803 2716 5861 In.

2249 5867 2278 5907 ³³
2318 5870 2580 5932 Germani.
2623 5875 2700 5932 In.
