3964 6364
141 339 285 398 2057

1081 341 1354 403 HISTOR.
1398 343 1486 399 DE
1527 341 1802 398 EXCIDIU
1843 339 2111 399 IIIEROS.
2154 340 2358 400 URBIS
2397 340 2527 398 LIB.
2568 342 2634 398 II.

3299 347 3441 405 2058

139 461 356 515 ductam
387 456 693 531 conjugem.
734 458 868 515 Nam
909 474 1030 516 cum
1059 461 1202 517 idem
1237 462 1478 518 Herodes
1508 463 1734 517 Romam
1766 465 1815 525 Α
1845 461 2074 530 populus
2112 460 2464 532 demigravit,
2501 463 2634 518 urbe
2670 469 2825 532 capta
2868 465 3182 536 temploque
3225 478 3441 536 exusto,

138 561 410 624 pergeret,
439 554 656 622 hospitii
687 568 851 610 causa
877 553 1060 610 fratris
1097 556 1372 626 ingressus
1398 556 1618 612 domum
1647 555 1733 610 cui

138 655 260 703 erat
291 663 428 703 uxor
468 647 756 716 Herodias,
785 649 1092 706 'Aristobuli
1135 649 1264 718 ﬁlia,
1311 652 1454 722 regis
1483 650 1736 722 Agrippa)

137 756 318 805 soror,
342 754 506 795 ausus
533 748 620 796 est
646 756 764 797 eam
790 751 994 798 natura:
1022 741 1309 798 immemor
1333 743 1656 809 sollicitare,
1680 751 1736 796 ut

137 832 332 887 relicto
374 831 562 900 fratre,
592 832 692 890 sibi
727 835 956 890 nuberet
983 851 997 892 :
1028 849 1151 890 cum
1181 834 1247 890 de
1276 835 1412 892 urbe
1441 837 1614 891 Roma
1646 849 1735 890 rc-

137 925 397 982 vertisset
444 940 512 981 ex
545 940 815 982 consensu
864 927 1111 983 mulieris
1155 928 1284 983 inita
1325 929 1519 985 incesti
1558 930 1738 999 pactio

139 1026 244 1074 est.
287 1018 453 1090 Cujus
485 1019 740 1076 indicium
770 1020 871 1088 rei,
907 1023 1157 1092 pervenit
1183 1022 1249 1079 ad
1283 1024 1462 1080 Aretze
1502 1025 1646 1096 regis
1679 1023 1739 1079 fi-

141 1110 294 1178 liam,
315 1112 368 1166 in
390 1111 646 1181 conjugio
674 1112 850 1168 adhuc
878 1112 1109 1169 Herodis
1133 1125 1466 1171 manentem.
1495 1116 1573 1171 Ea
1597 1117 1740 1173 riva-

141 1203 248 1259 lem
287 1203 566 1274 indignata
594 1204 842 1262 redeunti
872 1205 1070 1262 marito
1091 1207 1413 1274 insinuavit,
1445 1219 1502 1264 ut
1527 1209 1594 1265 ad
1628 1209 1738 1264 Ma-

139 1297 410 1353 chernnta
431 1298 686 1368 oppidum
709 1299 1073 1371 dirigeretnr:
1106 1300 1249 1372 quod
1281 1310 1396 1356 erat
1426 1303 1478 1356 in
1505 1302 1742 1358 confinio

140 1390 339 1446 Petraei
370 1393 516 1462 regis
545 1400 601 1447 ct
626 1393 855 1448 Herodis
881 1411 892 1446 :
920 1394 1010 1450 ille
1045 1396 1135 1465 qui
1179 1394 1314 1449 nihil
1345 1395 1740 1467 suspicaretur,

140 1482 308 1537 simul
360 1484 484 1554 quia
515 1499 731 1540 omnem
767 1485 877 1555 jam
911 1484 1054 1541 circa
1095 1486 1342 1541 eamdem
1392 1487 1746 1542 imminuerat

139 1575 424 1643 all'eCtum,
447 1592 552 1647 quo
581 1576 789 1634 facilius
813 1576 1102 1633 Herodiadi
1130 1577 1398 1647 pactionis
1425 1578 1588 1634 ﬁdem
1610 1595 1745 1649 prte-

139 1680 338 1736 staret,
388 1672 433 1726 si
473 1671 750 1744 ablegaret
788 1671 1096 1743 conjugem,
1129 1672 1401 1744 acquievit
1448 1673 1567 1743 ejus
1619 1687 1744 1744 sug-

139 1763 405 1835 gestioni.
453 1764 523 1820 At
562 1765 674 1829 illa,
705 1764 795 1820 ubi
839 1765 1013 1834 patrio
1060 1779 1227 1836 regno
1266 1764 1742 1836 apprOpinquavit,

1837 552 2060 609 fuerunt
2103 555 2446 611 sacerdotum
2491 557 2762 627 principes
2801 573 2927 612 xvnt
2968 574 3064 628 per
3107 575 3280 618 annos
3311 577 3444 632 qua-

1834 646 2153 718 dringentos
2189 658 2243 704 et
2275 651 2554 721 sexaginta
2594 656 2651 706 et
2678 665 2897 707 menses
2936 666 3056 718 sex,
3084 664 3141 709 et
3183 653 3301 710 dies
3347 655 3448 710 dc-

1838 755 1991 806 cem;
2023 757 2131 796 Lxx
2160 751 2342 799 autem
2373 743 2530 797 annis
2557 741 2585 781 ι)
2614 753 2738 813 post
2765 745 2817 798 in
2846 745 3164 815 captivitate
3203 745 3301 801 fuit
3346 762 3446 817 po-

1839 835 2015 905 pulus.
2049 837 2244 893 Postea
2263 836 2440 909 Cyrus
2455 853 2576 892 cum
2607 837 2904 895 dimitteret
2939 841 3194 911 populum
3227 851 3440 912 patrum

1839 926 1908 983 de
1939 929 2162 1000 regione
2180 929 2550 1001 Assyriorum,
2575 941 2630 987 et
2660 934 2842 1002 templi
2871 933 3176 990 aediﬁcandi
3202 944 3441 1005 pote5ta«

1842 1028 1950 1075 tem
1997 1020 2181 1090 daret,
2230 1024 2393 1078 etiam
2442 1023 2787 1080 sacerdotum
2834 1027 3135 1098 principem
3174 1029 3440 1086 Josedech

1842 1113 1930 1182 qui
1975 1114 2136 1169 simul
2176 1115 2436 1171 abductus
2465 1126 2603 1183 erat,
2646 1118 2826 1174 redire
2881 1122 3146 1188 permisit,
3195 1132 3253 1176 ut
3304 1124 3441 1179 ritus

1843 1204 2042 1260 veteris
2072 1206 2430 1263 solemnitatis
2457 1222 2554 1279 per
2583 1211 2785 1266 assueti
2813 1213 3113 1268 sacerdotis
3153 1215 3434 1271 scientiam

1844 1293 2257 1353 reformaretur.
2302 1299 2423 1370 Ipse
2452 1300 2616 1371 igitur
2644 1313 2698 1358 et
2742 1307 2944 1373 posteri
2973 1308 3092 1377 ejus
3132 1309 3441 1378 quindecim

1846 1401 2078 1442 numero
2123 1387 2247 1456 viri,
2278 1405 2307 1445 a
2348 1391 2526 1448 reditu
2559 1395 2738 1465 populi
2784 1411 2953 1467 usque
3004 1399 3069 1452 ad
3110 1399 3440 1458 Antiochum

1848 1475 2176 1547 Enpatorem
2215 1481 2396 1538 ofﬁcio
2427 1484 2597 1540 functi
2629 1496 2757 1542 sunt
2787 1503 2887 1559 per
2927 1491 3172 1548 ordinem
3220 1509 3444 1551 succes-

1847 1569 2037 1632 sionis,
2064 1581 2119 1625 et
2147 1573 2507 1645 principatum
2536 1579 2828 1635 sacerdotii
2863 1594 3328 1653 reprasentarunt
3349 1605 3447 1644 an-

1849 1661 1932 1716 nis
1961 1679 2214 1722 ccccxnv.
2256 1667 2472 1723 Primus
2504 1670 2805 1728 Antiochus
2848 1691 3006 1745 quem
3036 1694 3200 1749 supra
3236 1696 3447 1739 memo-

1849 1757 2108 1824 ravimus,
2134 1766 2190 1814 et
2213 1759 2318 1815 dux
2339 1761 2459 1832 ejus
2485 1762 2702 1834 Lysias,
2737 1768 2920 1822 occiso
2941 1767 3076 1824 Onia
3097 1773 3445 1830 sacerdotum

139 1857 360 1928 cognita
387 1857 521 1926 patri
549 1856 730 1912 Aretae
760 1856 1018 1927 prodidit,
1044 1857 1134 1927 qui
1154 1872 1250 1927 per
1272 1856 1495 1912 insidias
1521 1873 1740 1913 omnem
1771 1856 1778 1915 1

1857 1851 2112 1922 principe,
2145 1853 2200 1908 in
2245 1855 2422 1910 locum
2450 1857 2569 1928 ejus
2597 1859 2995 1917 substituerunt
3042 1863 3357 1923 Alchimum
3393 1869 3448 1923 in

141 1951 446 2008 exercitum
490 1949 723 2005 Herodis
772 1949 914 2006 bello
965 1950 1271 2006 lacessitum
1303 1949 1523 2016 delevit,
1557 1949 1745 2021 prodi-

148 2043 305 2098 tione
332 2043 467 2097 facta
501 2057 593 2112 per
625 2057 720 2098 eos
745 2042 834 2111 qui
858 2057 925 2096 ex
945 2041 1176 2111 Philippi
1206 2040 1491 2096 tetrarchae
1513 2042 1733 2113 populo,

142 2136 352 2192 Herodi
409 2151 530 2193 sese
568 2135 996 2192 associaverant.
1046 2133 1202 2190 Unde
1254 2133 1497 2190 Herodes
1543 2135 1744 2190 Caesari

140 2233 424 2306 querelam
449 2230 670 2286 detulit:
689 2228 785 2284 sed
818 2227 1110 2284 vindictam
1142 2227 1461 2299 imperatam
1484 2245 1512 2282 a
1531 2228 1746 2284 Caesare

140 2324 449 2397 indignatio
470 2323 566 2380 Dei
589 2322 825 2378 sustulit.
883 2319 1016 2408 Nam
1057 2321 1110 2375 in
1152 2321 1272 2391 ipso
1300 2330 1562 2390 apparatu
1595 2320 1744 2387 belli,

140 2416 384 2474 Cresaris
429 2431 576 2471 mors
620 2413 888 2478 nuntiata,
922 2411 1085 2484 idque
1112 2427 1141 2466 a
1170 2411 1376 2469 Judmis
1415 2413 1744 2469 aestimatum

140 2508 516 2579 comperimus
540 2516 594 2563 et
623 2504 890 2562 creditum
924 2503 1168 2576 (auctore
1193 2503 1432 2576 Josepho
1457 2507 1746 2562 adversum

141 2616 200 2659 se
227 2600 454 2671 idoneo)
485 2599 630 2670 quod
660 2613 770 2654 non
805 2596 995 2654 fraude
1018 2598 1323 2666 hominum,
1355 2598 1451 2654 sed
1485 2599 1577 2655 Dei
1601 2615 1750 2654 com-

142 2696 393 2753 motione
424 2693 667 2751 Herodcs
692 2693 989 2750 exercitum
1018 2693 1268 2749 amiserit
1295 2694 1510 2765 etjuste
1530 2695 1748 2764 quidem

143 2798 374 2863 propter
423 2789 715 2844 vindictam
759 2786 988 2842 Joannis
1037 2786 1292 2857 Baptista:
1339 2787 1441 2841 viri
1477 2787 1610 2857 justi
1657 2789 1749 2856 qui

142 2883 364 2938 dixerat
391 2881 438 2937 ei
462 2899 475 2934 :
502 2879 622 2934 Non
649 2880 765 2934 licet
792 2879 883 2932 tibi
905 2880 1084 2950 fratris
1113 2895 1325 2934 uxorem
1348 2880 1532 2934 habere
1553 2878 1746 2952 (Marc.

1849 1943 2236 2000 sacerdotium.
2269 1947 2372 2016 Qui
2405 1948 2531 2004 licet
2563 1949 2728 2008 fuerit
2756 1953 2824 2010 de
2853 1955 3037 2011 Aaron
3075 1973 3304 2028 genere,
3341 1977 3447 2017 non

1850 2039 2030 2089 tamen
2059 2034 2159 2090 fuit
2186 2037 2253 2092 de
2275 2037 2389 2108 ipsa
2421 2039 2603 2096 domo.
2635 2040 2789 2099 Unde
2821 2045 3063 2101 Ananias
3085 2047 3256 2104 frater
3291 2051 3449 2107 Onite

1851 2139 2081 2196 pergens
2125 2128 2178 2183 in
2223 2128 2538 2201 Egyptum,
2583 2134 2740 2203 petiit
2770 2151 2798 2189 a
2838 2136 3135 2195 Ptolcmmo
3170 2139 3451 2200 Philome-

1851 2226 1988 2283 tore,
2023 2229 2078 2274 et
2119 2221 2401 2291 Cleopatra
2433 2224 2668 2296 conjuge
2708 2225 3122 2298 Philometoris,
3175 2232 3268 2302 qui
3317 2235 3456 2291 ritus

1850 2307 2247 2368 observationis
2282 2314 2348 2369 ad
2371 2315 2880 2388 Hierosolymitanac
2910 2321 3274 2379 solemnitatis
3301 2326 3458 2382 simi~

1851 2399 2159 2470 litudinem,
2182 2405 2234 2459 in
2263 2407 2650 2464 Alexandrinae
2680 2412 2830 2467 urbis
2858 2414 3096 2470 cultibus
3119 2417 3450 2485 inseruerat,

1849 2502 1910 2548 ut
1937 2495 2046 2551 illic
2074 2499 2330 2569 princeps
2369 2502 2718 2559 sacerdotum
2757 2506 3169 2577 subrogaretur,
3203 2525 3268 2565 eo
3306 2511 3456 2582 quod

1849 2586 2136 2646 Alchimns
2163 2593 2459 2663 legitimam
2492 2610 2599 2650 non
2631 2595 2858 2654 haberet
2898 2601 3193 2656 sacerdotii
3237 2617 3457 2660 succes-

1849 2682 2273 2755 sionem;atque
2297 2686 2440 2743 idem
2469 2697 2646 2744 tamen
2667 2700 2860 2745 exacto
2880 2693 3114 2748 triennio
3144 2695 3451 2766 defunctus,

1851 2788 1952 2829 nec
1981 2790 2352 2834 successorem
2378 2778 2581 2836 habere
2610 2783 2829 2851 meruit,
2860 2785 2952 2854 qui
2984 2788 3347 2858 abrogaverat
3367 2790 3452 2846 le-

1848 2864 2054 2934 gitimae
2072 2869 2437 2926 successionis
2453 2872 2877 2929 solemnitatem.
2901 2875 3222 2948 Fuititaque
3244 2891 3455 2952 septem

147 2993 222 3040 τι,
269 2973 382 3046 18),
425 2974 532 3031 Sed
563 2975 633 3029 ίη,
682 2973 798 3029 haec
837 2972 1202 3039 conteximus,
1231 2974 1385 3044 quasi
1416 2975 1499 3030 vel
1543 2975 1597 3029 ίη
1638 2976 1752 3031 suis
1851 2959 2010 3013 annis
2041 2960 2229 3016 civitas
2269 2963 2389 3018 sine
2418 2963 2663 3036 principe
2698 2969 3014 3024 sacerdotii.
3045 2970 3229 3042 Usque
3259 2974 3326 3029 ad
3355 2975 3459 3031 hoc

145 3068 324 3125 Jndmi
371 3067 610 3139 legitima
658 3065 1039 3132 custodierint,
1091 3066 1233 3137 apud
1290 3082 1427 3138 quos
1472 3069 1754 3124 interierat
1853 3058 2067 3121 tempus
2100 3064 2122 3090 ο
2155 3055 2428 3124 regressio
2456 3066 2670 3127 patrum
2698 3059 2767 3116 de
2790 3063 2952 3118 terris
2980 3065 3325 3136 Assyriorum
3364 3069 3459 3125 de-

148 3163 353 3221 summi
381 3162 470 3234 jus
503 3161 816 3230 sacerdotii,
865 3167 961 3216 aut
988 3160 1213 3216 avaritia
1244 3162 1631 3234 interceptum,
1660 3170 1753 3218 aut

1857 3147 2170 3202 mocratiam
2206 3151 2398 3217 tenuit,
2425 3165 2491 3206 eo
2518 3154 2663 3222 quod
2699 3170 2795 3224 per
2825 3172 3011 3227 regum
3056 3160 3370 3232 iniquitates
3403 3165 3454 3219 in

146 3259 436 3331 νοήσωσι
462 3256 772 3322 insolentia,
799 3255 889 3326 qui
917 3259 1081 3316 “cem
1109 3256 1252 3326 quod
1282 3233 1507 3326 veneni,
1538 3257 1626 3326 ius
1657 3272 1756 3327 pu_
1780 3233 1827 3298 C
1860 3237 2230 3309 captivitatem
2259 3257 2382 3298 sese
2411 3257 2533 3300 esse
2562 3245 2854 3303 deductum
2885 3249 3194 3308 Judaaorum
3221 3257 3459 3326 populus

152 3353 366 3408 labant.
400 3349 645 3420 Namque
671 3365 700 3403 a
731 3349 1001 3422 principio
1030 3351 1210 3405 Aaron
1233 3365 1478 3405 summus
1502 3348 1757 3404 sacerdos

1859 3345 2298 3402 recognosceret.
2353 3335 2663 3392 Asamontei
2718 3349 2906 3410 postea
2952 3345 3098 3400 nacti
3137 3354 3460 3416 potestatem

155 3443 404 3515 fuit,rqui
453 3442 519 3498 ad
565 3443 708 3499 filios
759 3457 888 3500 suos
936 3460 1000 3498 ex
1041 3444 1318 3518 voluntate
1360 3441 1456 3498 Dei
1505 3441 1758 3496 unctione

1859 3424 2062 3493 p0pulo
2086 3426 2436 3494 praesidendi,
2470 3429 2757 3486 Jonatham
2786 3434 3133 3492 sacerdotum
3160 3439 3461 3510 principem

158 3537 407 3610 legitima
435 3535 740 3592 transmisit
767 3535 1059 3592 sacerdotii
1087 3533 1526 3605 praerogativam,
1574 3547 1602 3587 a
1642 3531 1760 3604 qui-

1859 3526 2216 3586 constituere,
2240 3526 2333 3589 qui
2364 3535 2460 3590 per
2500 3532 2707 3591 septem
2739 3539 2914 3582 annos
2957 3528 3176 3586 functus
3207 3542 3464 3603 suscepto

156 3630 263 3686 bus
306 3644 404 3700 per
439 3629 688 3685 ordinem
719 3627 1087 3685 successionis
1117 3627 1400 3683 constituti
1429 3633 1577 3692 sunt,
1607 3625 1759 3696 prin-

1866 3623 2115 3675 munere,
2151 3627 2246 3680 per
2278 3613 2504 3669 insidias
2534 3614 2826 3686 Triphonis
2857 3620 3018 3676 finem
3068 3623 3188 3679 vita:
3232 3626 3462 3694 invenit,

158 3724 402 3794 cipatum
435 3719 727 3778 sacerdotii
751 3727 1024 3792 gerentes.
1051 3719 1204 3776 Unde
1242 3719 1416 3790 patrio
1445 3732 1596 3773 more
1633 3731 1765 3772 con-

1865 3701 1920 3753 in
1959 3701 2114 3770 cujus
2170 3701 2348 3757 locum
2408 3702 2594 3760 Simon
2641 3707 2808 3763 frater
2857 3725 3148 3780 germanus
3189 3722 3462 3785 tamquam

161 3793 336 3874 valuit
361 3816 632 3872 neminem
665 3814 782 3872 fieri
815 3813 1117 3885 principem
1143 3811 1511 3876 sacerdotum,
1536 3811 1640 3866 nisi
1671 3810 1761 3880 qui

1861 3793 1983 3862 jure
2027 3793 2396 3862 haereditario,
2448 3812 2546 3866 per
2596 3798 2917 3857 electionem
2963 3812 3142 3859 tamen
3173 3809 3459 3873 successit,

162 3920 317 3968 esset
344 3927 412 3967 ex
440 3911 704 3983 sanguine
739 3914 957 3965 Aaron:
1001 3909 1088 3963 cui
1127 3907 1301 3976 primo
1341 3906 1429 3977 jus
1459 3902 1764 3959 istiusmodi

1867 3898 2026 3954 quem
2058 3886 2245 3956 generi
2286 3886 2500 3942 insidiis
2537 3889 2680 3944 inter
2707 3893 2896 3961 epulas
2936 3896 3264 3952 exstinctum
3306 3914 3464 3955 acce-

163 4006 410 4062 delatum
440 4013 525 4060 est
542 3976 858 4059 sacerdotii.
897 4001 1138 4056 Alterius
1173 3976 1352 4054 autem
1384 3996 1600 4068 generis
1626 3996 1766 4059 viro,
1870 3976 2080 4086 Dillius}
2111 3992 2142 4031 3
2171 3993 2279 4048 quo
2323 3978 2600 4086 ad‘mium
2631 3982 2758 4086 eius.
2785 3983 3466 4086 Hyrcanu_m,__qlfem_f"83

168 4113 272 4155 nec
300 4097 413 4168 regi
445 4097 688 4168 quidem,
718 4095 910 4151 liceret
936 4093 1252 4149 succedere.
1303 4089 1547 4160 Denique
1584 4086 1766 4153 Ozias,

1872 4067 2113 4137 periculo
2143 4077 2445 4137 exemerat,
2475 4074 2829 4144 praerogativa
2857 4077 3151 4134 sacerdotii
3191 4080 3465 4154 demigra-

1872 4159 1946 4183 -.ξι
2009 4160 2250 4183 11--..Α----
2279 4171 2450 4183 -__‘__-_
2507 4165 2525 4183 Δ
2545 4167 2585 4183 ηο
2623 4174 2635 4183 Α
2659 4167 2694 4183 ,I
2755 4168 2768 4183 I
2968 4169 2982 4183 ο
3090 4172 3103 4183 .

167 4195 298 4265 quia
332 4191 614 4261 usurpavit
659 4189 954 4246 sacerdotii
985 4202 1204 4254 munus,
1232 4185 1481 4257 perfusus
1521 4184 1694 4254 lepra,
1742 4197 1771 4236 a

1872 4160 1970 4215 vit.
2007 4160 2256 4233 Hyrcano
2275 4171 2457 4220 autem
2493 4165 2856 4235 Aristobulus,
2892 4169 2984 4241 qui
3029 4172 3194 4228 etiam
3241 4190 3466 4247 regnum

169 4257 486 4358 temploque
527 4287 759 4356 eiectus,
807 4284 1070 4355 reliquam
1115 4289 1333 4338 :ctatem
1379 4279 1498 4335 sine
1547 4277 1772 4348 imperio

1877 4265 2176 4312 memorato
2197 4257 2444 4328 adjunxit
2473 4263 2708 4330 muneri,
2742 4272 2802 4318 ut
2827 4267 3108 4336 utriusque
3133 4276 3282 4324 esset
3306 4271 3472 4338 parti-

171 4349 354 4454 excén
382 4349 485 4438 t'et
513 4349 663 4438 θέτω
707 4349 803 4436 τὰ
843 4349 1084 4449 opimus
1115 4376 1236 4443 fuit,
1277 4373 1375 4432 sed
1411 4387 1674 4445 “sumam
1723 4371 1774 4426 ei
1877 4361 2026 4460 (ie‘ps,
2058 4349 2777 4460 et'AristobuloAlcxander
2793 4355 3118 4460 substitutus
3145 4367 3228 4413 est
3256 4377 3268 4412 :
3296 4358 3471 4460 Penes

174 4441 472 4533 nonvlicuit
498 4472 737 4529 ofﬁcium
768 4441 1065 4542 religionis.
1223 4441 1230 4443 ἡ
1544 4441 1560 4445 ’
1879 4441 2249 4542 Alexandra"!
2289 4452 2344 4499 ει
2371 4448 2612 4542 Irestjum
2663 4456 2717 4502 et
2761 4448 3149 4516 sacerdotium.
3190 4466 3360 4522 usque
3405 4455 3470 4510 ad

1881 4532 2025 4588 diem
2054 4535 2179 4589 vitae
2202 4534 2320 4605 ejus
2341 4536 2542 4591 mansit
2560 4552 2897 4607 supremum,
2923 4554 3020 4610 per
3037 4549 3244 4611 septem
3264 4543 3475 4600 scilicet

775 4607 1005 4665 CAPUT
1045 4605 1186 4662 xm-
1805 4623 1861 4684 D
1883 4634 1938 4680 et
1965 4625 2155 4696 viginti
2184 4642 2381 4695 annos,
2414 4629 2510 4683 sed
2540 4605 2856 4700 plerumque
2877 4605 3043 4686 dubio
3065 4605 3212 4688 statu
3236 4652 3248 4687 :
3275 4651 3399 4691 nam
3423 4646 3480 4692 et

252 4725 497 4781 Fuerunt
541 4725 725 4795 itaque
764 4739 831 4780 ex
871 4739 978 4794 quo
1023 4721 1226 4793 egressi
1269 4727 1398 4776 sunt
1433 4734 1496 4775 ex
1541 4717 1779 4789 Aigypto

1883 4735 2083 4788 anceps
2130 4722 2271 4777 inter
2306 4722 2484 4792 ipsum
2523 4731 2579 4778 et
2619 4724 2953 4780 Demetrium
2984 4726 3214 4782 victoria
3254 4727 3377 4795 fuit,
3425 4740 3482 4786 et

179 4828 392 4889 patres,
413 4832 585 4887 usque
609 4817 675 4872 ad
699 4815 1116 4871 tedilicationem
1143 4813 1328 4884 templi
1353 4812 1496 4883 quod
1521 4811 1775 4868 Salomon
1886 4812 2066 4868 odium
2100 4813 2335 4867 immane
2366 4829 2393 4866 a
2419 4813 2649 4869 civibus.
2691 4814 2840 4870 Idem
2884 4818 3122 4874 moriens
3147 4819 3479 4886 Alexander,

183 4911 466 4975 condidit,
522 4908 795 4979 principes
834 4907 1183 4964 sacerdotum
1222 4922 1316 4961 xnt
1349 4905 1439 4975 qui
1482 4905 1617 4958 fiunt
1647 4899 1778 4957 anni

1887 4907 1978 4977 qui
2005 4905 2365 4976 periculosam
2398 4905 2524 4961 (iliis
2553 4907 2666 4961 suis
2698 4917 2949 4964 cerneret
2977 4909 3224 4964 odiorum
3255 4927 3478 4968 suorum

189 5015 215 5044 α
245 5004 462 5060 ducenti
487 5013 541 5059 et
566 5003 879 5069 duodecim,
911 5003 1165 5073 quoniam
1187 5002 1361 5071 primo
1379 4998 1605 5069 quierat
1626 4997 1780 5067 prin-

1887 4998 2284 5065 htnreditatcm,
2337 4998 2704 5054 Alexandram
2749 5001 3032 5072 coniugem
3080 5016 3234 5056 suam
3273 5007 3482 5060 exerci-

189 5112 323 5166 ceps
351 5096 696 5151 sacerdotum
721 5111 895 5165 usque
915 5095 981 5149 ad
1005 5101 1230 5148 mortem
1258 5090 1664 5162 perseverabat,
1687 5102 1788 5142 nec

1893 5103 1997 5146 tam
2025 5108 2125 5146 usu
2147 5093 2380 5162 imperii,
2415 5101 2469 5147 et
2504 5093 2870 5147 communium
2919 5095 3265 5149 assuetudine
3298 5098 3482 5152 consi-

190 5193 480 5262 quisquam
511 5191 562 5244 in
596 5189 772 5245 locum
798 5189 1093 5244 viventium
1118 5187 1565 5243 substitnebatur.
1592 5185 1784 5239 Postea
1895 5184 2112 5248 liorum,
2143 5185 2433 5251 gratiorem
2476 5193 2652 5238 tamen
2686 5184 2884 5254 populo
2913 5185 3054 5255 quod
3103 5195 3158 5240 et
3195 5188 3486 5243 adversum

193 5282 359 5337 etiam
393 5296 421 5335 a
466 5281 778 5336 viventibus
816 5280 1267 5350 subrogabantur.
1320 5278 1463 5346 Ergo
1493 5276 1582 5331 isti
1614 5275 1794 5330 trcdc-

1896 5275 1996 5330 viri
2025 5276 2285 5329 saevitiam
2315 5275 2748 5345 periclitantibus
2769 5277 3082 5346 frequenter
3099 5278 3353 5346 praesidio
3378 5283 3490 5336 [αρ-

195 5379 305 5434 cim
357 5393 456 5448 per
509 5377 912 5432 successionem
968 5373 1147 5442 adepti
1211 5380 1338 5425 sunt
1391 5368 1793 5434 sacerdotium;
1901 5367 1989 5432 rit,
2026 5377 2078 5422 et
2104 5367 2316 5435 coniugi
2351 5375 2799 5434 temperamento,
2847 5369 3012 5437 regali
3059 5383 3298 5436 praeesse
3329 5371 3497 5425 voluit

198 5473 398 5542 quibus
431 5471 762 5541 temporibus
790 5479 840 5523 et
881 5467 1219 5522 aristocratia
1248 5465 1346 5519 fuit
1373 5473 1427 5519 et
1457 5461 1794 5525 monarchia,

1905 5459 2269 5529 gubernaculo
2302 5473 2316 5511 :
2348 5457 2605 5512 arbitram
2653 5457 2815 5512 simul
2847 5467 3114 5538 statuens,
3146 5462 3357 5515 cuinam
3403 5476 3499 5532 po—

201 5562 453 5620 Judicnm
503 5573 556 5617 ct
601 5564 803 5632 [teguzn
858 5569 1119 5630 potestas.
1179 5557 1386 5610 Rursus
1435 5570 1463 5607 a
1509 5553 1803 5608 Salomone
1909 5551 2174 5606 tissimum
2204 5549 2438 5604 ﬁliorum
2471 5565 2742 5605 summum
2794 5552 3158 5607 sacerdotium
3199 5555 3505 5610 committe-

207 5670 382 5727 usque
425 5654 490 5709 ad
537 5663 776 5723 tempora
827 5650 1186 5721 captivitatis,
1231 5645 1449 5717 quando
1492 5645 1544 5698 in
1592 5642 1803 5712 Syriam

1911 5651 2083 5700 retur.
2114 5643 2206 5697 llla
2234 5641 2542 5712 Hyrcanum
2577 5641 2712 5712 patri
2743 5642 3093 5700 substituitin
3121 5645 3505 5717 sacerdotium,

287 5798 313 5826 ⁸
353 5788 451 5843 bis.
484 5786 707 5842 sexcenti
737 5799 834 5848 xu,
868 5793 924 5838 ut
953 5791 1008 5838 et
1033 5779 1297 5836 Eusebius
1323 5777 1378 5835 in
1403 5775 1608 5835 Chron.
1638 5772 1806 5832 ΒΑΜ.
1995 5785 2018 5814 ο
2061 5772 2435 5847 Regressionis.
2479 5773 2552 5828 In.

287 5857 317 5899 δ
358 5858 520 5914 Deest
543 5859 657 5912 haec
683 5854 948 5926 particula
975 5855 1028 5908 in
1057 5867 1156 5908 ms.
1202 5849 1276 5906 lo.

666 5923 938 6011 ιδῃ-λοι.
987 5943 1128 6005 XV.

2921 5923 3003 5988 28
