3964 6310
449 315 595 377 2059

1796 310 2040 367 SANCTI
2082 308 2403 369 AMBROSII

3622 319 3764 373 2060

450 429 537 487 vel
579 435 797 499 propter
828 428 1049 497 majoris
1092 425 1265 481 a:tatis
1309 425 1750 496 praerogativam,
1789 424 1875 478 vel
1915 422 2057 493 quod
2086 427 2139 488 Α
2165 423 2404 496 fatigatis
2431 426 2757 483 Alexandra:
2804 427 3055 498 precibus
3099 444 3307 498 socrus,
3350 431 3438 485 vel
3479 430 3765 487 insimula—

450 520 661 579 lenlore
685 535 843 591 quant
875 519 1040 575 frater
1088 517 1329 589 ingenio,
1374 518 1552 573 nullas
1580 530 1744 587 super
1782 515 1932 584 regni
1965 530 2059 568 ne-

453 614 619 683 gotiis
648 611 811 671 matri
844 610 1119 669 videretur
1148 609 1430 665 molestias
1459 609 1815 665 excitaturus.
1851 607 2061 661 Aristo-

455 706 582 761 bulo
612 705 741 765 nihil
779 704 1123 775 publicorum
1153 703 1430 759 commisit
1457 702 1783 775 officiorum.
1820 699 1927 756 Sed
1967 699 2059 754 ille

451 806 613 855 etiam
647 800 863 857 vivente
906 808 1104 866 matre,
1151 796 1490 870 aegritudinis
1529 807 1709 857 tamen
1749 794 1869 864 ejus
1902 807 2058 849 occa-

449 898 610 954 sione
632 898 685 961 in
716 897 946 955 remotis
970 908 1024 957 et
1052 894 1439 951 munitioribus
1466 894 1602 949 locis
1625 906 1806 962 regem
1832 890 2054 960 agebat:

448 1006 557 1061 quo
600 990 806 1053 oaensu
853 999 1051 1052 mater,
1081 999 1133 1044 et
1179 987 1410 1059 Hyrcani
1438 986 1680 1057 querelis
1723 984 1915 1051 anxia,
1947 983 2055 1037 vim

448 1083 630 1140 morbi
661 1082 818 1150 aluit,
851 1097 952 1139 nec
978 1083 1121 1139 ultra
1168 1090 1195 1120 ι
1235 1095 1428 1137 net-em
1459 1093 1637 1134 annos
1678 1076 1889 1147 imperii
1931 1090 2057 1145 pro-

447 1191 661 1245 gressa,
703 1176 947 1229 omnium
979 1173 1252 1229 hatredem
1292 1171 1600 1240 Hyrcanum
1646 1166 1868 1238 reliquit
1902 1184 1914 1221 :
1945 1182 2054 1221 non

444 1268 592 1338 quod
620 1279 962 1325 servaturum
995 1273 1373 1337 prtesumeret,
1404 1263 1498 1321 sed
1530 1279 1597 1317 ne
1642 1261 1926 1330 indignum
1960 1262 2047 1327 ju-

446 1371 619 1426 varet,
636 1368 730 1417 aut
753 1362 1091 1430 usurpatoris
1115 1357 1459 1414 insolentiam
1483 1354 1689 1424 judicio
1706 1352 2053 1423 prosperiore

446 1452 774 1507 accenderet
805 1467 818 1503 :
849 1467 1036 1507 verum
1061 1450 1389 1507 Alexandra:
1418 1463 1566 1503 mors
1597 1446 1763 1503 etiam
1805 1445 2054 1515 Hyrcano

445 1549 810 1609 sacerdotium
843 1565 1181 1619 regnumque
1229 1549 1452 1604 ademit.
1486 1547 1620 1605 Nam
1662 1547 1805 1603 bello
1856 1548 2048 1610 victus,

447 1640 515 1697 ad
550 1642 847 1701 munitiora
874 1658 998 1698 sese
1036 1642 1292 1708 contulit,
1342 1642 1676 1712 retentisque
1720 1641 1953 1709 conjuge
1995 1646 2051 1694 et

447 1735 579 1791 filiis
598 1736 900 1795 Aristobuli
934 1751 1072 1807 quos
1095 1737 1147 1791 iit
1175 1744 1356 1789 castro
1382 1736 1683 1799 invenerat,
1711 1734 2051 1803 amplexatus

2163 518 2405 572 tionibus
2466 521 2710 584 territus,
2760 518 3029 574 Jonathan
3076 521 3323 592 conjugis
3368 537 3483 579 suae
3543 524 3764 580 fratrem

2161 621 2370 680 septem
2405 610 2700 683 decemque
2731 626 2904 667 annos
2948 623 3195 683 agentem
3238 615 3581 671 sacerdotem
3615 630 3769 672 crea-

2161 706 2260 769 vit,
2287 721 2445 774 quem
2479 722 2603 760 ntox
2634 708 2748 777 ipse
2785 707 2953 762 exitio
2984 707 3157 775 dedit,
3191 718 3503 778 suspectum
3527 708 3761 779 imperii,

2158 797 2299 867 quod
2327 798 2470 852 circa
2518 814 2642 853 eum
2688 799 2957 869 ingentem
3003 799 3188 870 populi
3237 800 3402 855 totius
3429 802 3664 871 gratiam
3710 802 3763 854 in

2159 888 2277 944 dies
2305 890 2512 944 videret
2551 889 2887 945 adolescere.
2927 890 3242 945 Posthabito
3272 891 3455 962 itaque
3492 892 3762 959 Anauelo,

2157 996 2319 1051 quem
2346 982 2456 1054 jam
2485 998 2552 1040 ex
2581 984 2912 1054 ignobilibus
2939 997 3064 1039 ante
3093 983 3382 1039 Jonatham
3414 985 3465 1039 in
3507 984 3765 1040 sacerdo-

2160 1078 2293 1131 tium
2323 1078 2741 1149 subrogaverat,
2770 1079 3009 1150 reliquos
3039 1095 3136 1149 per
3160 1079 3411 1134 ordinetn
3455 1078 3765 1149 hujusmodi

2158 1170 2341 1240 elegit,
2365 1169 2434 1225 de
2459 1171 2658 1241 quibus
2689 1171 2820 1226 nihil
2850 1182 3162 1242 suspectum
3189 1171 3435 1227 haberet.
3456 1170 3594 1227 Nam
3620 1170 3764 1241 quod

2157 1264 2211 1319 in
2238 1263 2402 1319 affine
2429 1266 2639 1335 perpeti
2676 1281 2784 1321 non
2831 1274 3105 1335 potuerat,
3149 1264 3612 1335 quemadmodum
3657 1279 3763 1318 non

2155 1366 2373 1413 caveret
2395 1359 2448 1412 in
2472 1359 2667 1421 alienis
2695 1359 2938 1413 similia?
2969 1359 3025 1413 In
3063 1358 3373 1429 hujusmodi
3397 1356 3761 1414 ordinationi-

2155 1447 2258 1504 bus
2284 1448 2584 1505 Archelaus
2611 1460 2832 1506 secutus
2863 1461 3101 1521 paternae
3137 1451 3374 1521 speciem
3413 1448 3765 1505 consuetudl.

2153 1542 2260 1605 uis,
2289 1544 2623 1613 angustioris
2646 1544 2812 1598 animi
2843 1545 3016 1598 tenuit
3041 1544 3370 1599 sententiam
3402 1561 3415 1598 :
3446 1559 3600 1597 more
3630 1558 3767 1612 quo-

2154 1634 2278 1689 dam
2310 1636 2476 1691 insito
2510 1637 2854 1702 mortalibus,
2889 1647 2947 1692 ut
2983 1638 3126 1709 apud
3159 1652 3255 1692 eos
3284 1638 3465 1692 minus
3511 1646 3766 1707 suSpecta

2154 1727 2225 1780 sit
2252 1728 2462 1797 ignavia
2499 1729 2861 1797 hebetiorum,
2897 1746 3059 1801 quam
3099 1730 3269 1801 gratia
3298 1730 3608 1795 bonorum;
3639 1746 3763 1785 cum

447 1835 535 1891 est
561 1837 770 1887 mutare
797 1828 1189 1896 conditionem,
1223 1840 1279 1883 ut
1310 1829 1376 1883 ad
1410 1828 1785 1883 Aristobulum
1810 1834 2049 1896 potestas
2078 1822 2127 1882 Β
2154 1820 2400 1875 inlirmus
2446 1822 2662 1877 animus
2708 1822 3031 1879 insolentior
3073 1823 3143 1877 sit
3188 1823 3241 1876 in
3292 1822 3457 1878 rebus
3482 1822 3760 1889 secundis,

445 1920 623 1977 omnis
657 1921 933 1986 transiret,
983 1930 1038 1977 et
1089 1920 1503 1976 sacerdotium:
1547 1922 1662 1989 ipse
1710 1919 1950 1990 privatus
1994 1917 2047 1971 in

445 2011 667 2075 domum
702 2011 999 2071 Aristobuli
1040 2014 1386 2070 concederet.
1440 2012 1550 2067 Nec
1580 2022 1759 2066 tamen
1798 2011 1890 2065 diu
1923 2026 2055 2065 cen-

451 2111 635 2159 tetttus
662 2102 762 2167 fuit
804 2105 983 2159 auiam
1031 2106 1236 2175 regiam
1284 2107 1505 2175 privatis
1552 2113 1792 2167 mutasse
1821 2103 2049 2157 aedibus.

441 2194 578 2259 Nam
607 2196 874 2253 excitatus
904 2197 973 2253 ab
1001 2198 1310 2268 Antipatro,
1346 2198 1522 2266 primo
1553 2199 1607 2253 in
1640 2198 1893 2253 Arabiam
1924 2212 2056 2251 con-

444 2289 639 2355 tendit,
672 2288 864 2345 velutb
895 2301 1231 2347 contestatus
1271 2292 1410 2361 pacti
1446 2291 1799 2362 iniquitatem.
1848 2291 2053 2345 Deinde

448 2382 539 2437 ubi
589 2381 863 2439 infirmum
903 2383 1004 2439 sibi
1038 2384 1323 2439 adversum
1371 2384 1646 2439 Romanos
1682 2398 1818 2451 quos
1872 2383 1924 2437 in
1968 2382 2053 2437 sui

444 2476 760 2532 societatem
791 2492 886 2546 per
916 2477 1181 2534 Scaurum
1205 2478 1553 2533 Aristobulus
1576 2477 1852 2541 illexerat,
1882 2475 2051 2530 Arahi

444 2567 609 2637 Regis
637 2569 897 2624 auxilium
926 2571 1181 2634 advertit,
1206 2570 1465 2639 Pompeio
1499 2570 1742 2624 venienti
1774 2570 2053 2639 querimo-

446 2661 591 2719 niaut
619 2659 836 2728 detulit,
866 2662 956 2731 qui
987 2663 1298 2718 eludentem
1326 2662 1723 2726 Aristobulum,
1752 2676 1896 2715 anno
1935 2661 2048 2731 jam

446 2756 608 2813 tertio
636 2754 1040 2825 imperitantem
1070 2756 1215 2813 bello
1242 2756 1495 2826 perculit,
1534 2756 1859 2811 auctoritate
1880 2757 2047 2823 cepit,

444 2855 609 2915 atque
645 2853 776 2903 ante
824 2846 1110 2903 victoriam
1153 2846 1416 2901 custodite
1452 2846 1632 2909 dedit;
1682 2856 2050 2916 superatoque

445 2938 564 3009 ejus
592 2939 791 3007 pepulo
818 2949 870 2995 et
893 2950 1052 3007 capta
1081 2940 1237 3006 urbe,
1263 2942 1532 3010 captivum
1568 2941 1746 3008 ipsum
1769 2955 1893 2994 eum
1925 2940 2048 2994 ﬁliis

441 3027 670 3086 Romam
701 3028 864 3100 dirigi
897 3030 1239 3100 prtecipiens,
1267 3032 1519 3101 llyreano
1544 3032 1835 3087 sacerdotii
1866 3031 2044 3101 digiti-

443 3134 611 3180 tateut
633 3123 852 3189 refudit,
883 3132 1047 3195 atque
1070 3141 1193 3181 eum
1218 3134 1241 3166 ο
1273 3126 1558 3195 praesidem
1586 3126 1815 3189 civibus,
1839 3126 2045 3195 absque

2152 1913 2473 1983 prudentior
2514 1924 2694 1969 autem
2739 1917 2951 1971 noverit
2995 1916 3168 1971 vicem
3202 1913 3416 1970 referre
3454 1914 3761 1969 beneficiis.

2156 2004 2325 2073 lgitttr
2352 2021 2381 2058 a
2411 2022 2578 2076 regno
2610 2006 2865 2075 Herodis,
2899 2022 3073 2079 usque
3097 2010 3168 2062 ad
3199 2003 3227 2043 ά
3257 2006 3567 2062 Romanum
3591 2008 3763 2077 impe-

2154 2096 2315 2162 rimn,
2347 2101 2489 2167 quod
2523 2098 2788 2154 Archelao
2813 2099 3048 2170 dejecto,
3084 2100 3328 2156 Judazam
3366 2101 3599 2170 reliquis
3638 2115 3769 2170 pro-

2149 2191 2349 2246 vinciis
2378 2195 2762 2259 associaverat,
2792 2205 2955 2265 atque
2982 2194 3108 2250 inde
3131 2210 3299 2265 usque
3317 2195 3385 2249 ad
3405 2196 3595 2266 templi
3618 2196 3769 2250 exci-

2156 2283 2303 2339 dium
2323 2294 2375 2339 et
2400 2283 2728 2356 triumphum
2752 2286 2858 2341 Titi
2881 2286 3094 2370 fuerunt
3117 2287 3465 2342 sacerdotum
3490 2287 3763 2357 principes

2158 2379 2350 2450 viginti
2394 2390 2449 2434 et
2491 2391 2638 2448 octo,
2669 2397 2763 2451 per
2804 2398 2979 2438 annos
3017 2390 3234 2438 centum
3288 2392 3342 2437 et
3390 2384 3752 2453 septuaginta;

2155 2474 2297 2527 Sane
2322 2474 2463 2544 apud
2496 2474 2784 2545 plerosque
2810 2490 2998 2531 eorum
3036 2473 3317 2546 dignitatis
3363 2476 3479 2530 sola
3528 2475 3752 2541 functio,

2154 2578 2322 2633 penes
2348 2580 2548 2634 paucos
2575 2566 2738 2621 etiam
2764 2566 2853 2636 jus
2884 2568 3172 2637 potestatis
3196 2566 3314 2621 fuit.
3366 2566 3565 2638 Liquet
3594 2568 3757 2637 igitur

2155 2658 2207 2711 iu
2238 2659 2601 2714 sacerdOtium
2629 2660 2963 2731 principibus
2984 2677 3092 2714 non
3121 2676 3503 2731 perseverasse
3529 2661 3753 2731 legitimi

2151 2750 2367 2820 generis
2421 2753 2819 2809 successionem
2854 2772 2865 2805 :
2916 2754 3037 2822 quia
3072 2768 3181 2808 non
3222 2768 3415 2808 omnes
3459 2768 3526 2807 ex
3572 2756 3752 2807 Aaron

2153 2861 2330 2916 nequo
2350 2847 2475 2900 filiis
2504 2846 2642 2917 ejus,
2657 2850 2746 2918 qui
2770 2848 2823 2902 in
2849 2847 2968 2917 ejus
2988 2848 3268 2919 subrogati
3295 2849 3497 2913 locum,
3522 2846 3756 2901 formam

2154 2942 2484 3009 praescripta:
2509 2942 2872 2997 successionis
2911 2943 3122 2997 caeteris
3152 2942 3518 3013 dereliquere.
3568 2940 3762 3010 itaque

2150 3047 2271 3087 cum
2291 3034 2515 3087 avaritia
2538 3043 2629 3089 aut
2654 3034 2879 3104 perfidia
2902 3049 3124 3089 suorum
3151 3044 3409 3104 corrupta
3428 3042 3617 3089 essent
3639 3034 3758 3087 ma-

2145 3127 2327 3197 jorum
2381 3128 2656 3195 instituta,
2710 3130 2907 3183 violata
2949 3130 3073 3199 jura
3131 3129 3430 3200 religionis,
3490 3130 3757 3184 convulsa

441 3215 750 3279 diademate
781 3228 960 3273 tamen
980 3220 1237 3289 regnique
1257 3217 1682 3279 infulis.statuit.
1703 3219 1903 3289 Largus
1924 3219 2045 3288 qui-
2072 3202 2117 3265 Ο
2148 3220 2416 3287 aequitatis
2447 3220 2727 3290 praesidia;
2767 3237 2875 3275 non
2917 3222 3190 3277 immerito
3219 3237 3316 3276 eos
3360 3221 3544 3276 divina
3594 3221 3758 3277 dese-

444 3309 569 3367 dem
600 3312 843 3376 honoris,
874 3311 970 3367 sed
995 3312 1274 3368 consultor
1303 3313 1520 3381 quietis,
1567 3327 1634 3367 ne
1675 3311 1928 3367 fraternae
1957 3313 2041 3365 iu-

447 3402 696 3463 suientiae
743 3404 939 3475 spiritu
988 3422 1091 3474 pax
1160 3405 1492 3460 turbaretur.
1559 3404 1635 3459 ita
1697 3405 2044 3461 Aris-tubulus

448 3502 641 3563 captus
668 3495 817 3560 licet,
851 3496 1158 3566 Hyrcanum
1183 3505 1361 3552 tamen
1389 3511 1559 3567 regno
1586 3498 1771 3563 exuit;
1799 3498 1892 3567 qui
1914 3513 2048 3567 qua-

449 3597 572 3649 tuor
601 3597 657 3647 et
701 3588 888 3658 viginti
921 3604 1094 3644 annos
1127 3599 1313 3659 postea
1347 3589 1555 3659 majore
1602 3604 1701 3644 usu
1744 3606 1905 3658 quam
1950 3606 2049 3644 no-

451 3680 598 3735 mine
625 3680 679 3739 in
719 3688 990 3749 patestate
1023 3682 1245 3750 exegit:
1276 3697 1377 3736 nec
1431 3693 1613 3735 tamen
1665 3680 1711 3734 is
1750 3681 1873 3735 linis
1922 3682 2047 3736 vita:

447 3756 721 3841 Hyrcano.
756 3774 851 3842 qui
880 3773 1166 3841 potestatis
1200 3772 1319 3826 fuit.
1365 3771 1499 3827 Nam
1530 3772 1796 3841 reliquum
1837 3782 2048 3842 tempus

446 3863 707 3925 dedecori
733 3864 921 3928 cessit,
952 3874 1010 3919 ut
1052 3879 1214 3935 supra
1246 3864 1666 3919 memoravimus
1700 3882 1713 3918 :
1756 3866 1798 3918 si
1828 3864 2047 3935 quidem

446 3966 739 4025 superatus
771 3956 982 4026 prtelio,
1015 3956 1232 4012 Parthis
1270 3956 1605 4024 Euphratem
1645 3956 2049 4026 transgredien-

450 4049 617 4114 tibus,
644 4056 860 4115 captus,
887 4057 945 4104 et
985 4047 1261 4118 Antigono
1299 4059 1355 4102 et
1390 4047 1686 4102 Aristobuli
1725 4048 1837 4101 lilio
1862 4047 1916 4101 in
1948 4062 2047 4115 po-

447 4147 703 4201 testatem
726 4139 905 4214 datus,
934 4140 1305 4209 truncatisque
1332 4140 1575 4206 auribus,
1603 4155 1703 4194 nec
1727 4142 1805 4193 sic
1826 4140 2047 4209 quidem

450 4245 707 4286 :ernnmm
738 4229 1067 4285 miserabilis
1098 4230 1348 4299 implevit
1376 4231 1752 4285 acerbitatem.
1778 4230 1911 4285 Nam
1930 4239 2053 4300 post

449 4323 601 4377 illam
631 4322 684 4376 in
724 4321 999 4377 Parthiam
1041 4337 1258 4392 quoque
1292 4322 1561 4377 abductus
1608 4323 1785 4389 exsul,
1829 4322 2046 4389 debilis,

448 4429 636 4479 senex,
670 4414 965 4471 ludibrium
985 4414 1055 4468 de
1081 4430 1145 4469 se
1170 4412 1420 4470 barbaris
1450 4414 1674 4484 praabuit
1704 4431 1719 4481 ;
1744 4427 1793 4470 et
1831 4416 2050 4485 cognito

449 4517 659 4576 postea,
700 4505 847 4577 quod
888 4504 1131 4561 Herodes
1180 4505 1540 4575 imperitaret,
1598 4505 1754 4576 cujus
1797 4508 2052 4576 conjugio

452 4598 751 4663 Mariamne
775 4599 955 4669 neptis
975 4613 1073 4655 sua
1097 4599 1426 4668 potiebatur,
1462 4599 1513 4651 in
1550 4597 1791 4653 Judaatn
1823 4600 2051 4654 reverti-

453 4701 560 4748 tur.
606 4691 711 4748 Ubi
760 4691 936 4761 primo
985 4705 1197 4745 summa
1243 4689 1470 4744 honoris
1516 4691 1703 4760 specie
1747 4699 2048 4760 susceptus,

453 4784 598 4858 quod
631 4784 949 4845 insidiarum
982 4782 1229 4837 velamen
1254 4782 1667 4845 obtenderetur,
1698 4780 1845 4835 haud
1884 4781 2054 4835 multo

451 4888 577 4949 post
598 4877 800 4933 afﬂicto
822 4878 1051 4933 crimine
1074 4876 1221 4945 quod
1243 4884 1567 4945 potestatem
1590 4874 1749 4930 vellet
1778 4884 2052 4951 repetere,

453 4972 814 5039 interemptus
836 4977 939 5025 est.
960 4967 1161 5023 Nactus
1186 4968 1347 5037 igitur
1368 4966 1611 5022 Herodes
1636 4982 1884 5036 regnum,
1908 4965 2052 5035 quod

449 5085 478 5122 a
507 5065 768 5121 Romanis
797 5078 896 5133 pro
926 5072 1251 5131 Oppugnatze
1290 5061 1373 5115 vel
1408 5059 1633 5130 prodita:
1679 5058 1865 5128 patriae.
1906 5073 2049 5112 mer-

447 5160 584 5215 cede
612 5168 924 5225 acceperat,
969 5156 1020 5209 itt
1074 5155 1255 5210 locum
1288 5154 1543 5224 Antigoni
1589 5153 1679 5220 qui
1711 5152 1947 5207 triennio
1991 5159 2047 5206 et

446 5252 624 5309 tribus
651 5250 929 5305 mensibus
960 5258 1209 5304 tenuerat
1251 5246 1557 5314 imperitun,
1600 5245 1883 5299 substituit
1926 5258 2048 5299 suc-

446 5358 696 5402 cessores
715 5343 769 5397 in
798 5340 1190 5404 sacerdotium,
1213 5352 1318 5393 non
1340 5337 1646 5392 Asamontei
1673 5338 1890 5407 generis
1911 5351 2049 5407 quos

445 5437 693 5493 clarioris
737 5434 905 5489 fuisse
949 5431 1214 5502 prosapia:
1252 5428 1597 5498 accepimus,
1642 5427 1739 5484 sed
1781 5428 2047 5499 ignobiles

444 5543 712 5600 quosque,
741 5539 883 5596 quos
904 5534 1000 5581 aut
1022 5523 1194 5581 libido
1223 5531 1317 5577 aut
1351 5535 1509 5578 casus
1547 5520 1828 5577 dedisset:
1862 5529 2043 5577 tamen

518 5736 545 5765 ⁸
588 5730 1003 5798 Quatuordecim.
1053 5731 1129 5785 In.

518 5800 546 5838 ι’
589 5800 989 5856 Contestaturus.
1031 5800 1107 5855 In.

2148 3314 2261 3368 ruit
2288 3314 2588 3383 opitulatio,
2621 3329 2798 3385 eoque
2837 3327 3109 3385 tamquam
3135 3315 3188 3369 in
3219 3330 3447 3370 vacuum
3489 3318 3757 3386 populum

2147 3408 2296 3462 omni
2341 3407 2657 3478 injuriarutn
2690 3424 2891 3479 genere
2924 3426 3261 3481 processum,
3291 3420 3352 3464 ut
3387 3410 3760 3467 seditionibus

2148 3501 2465 3558 domesticis
2510 3503 2565 3557 itt
2612 3505 2825 3573 seipsos
2872 3520 3066 3559 manus
3095 3512 3372 3560 verterent
3403 3522 3418 3559 :
3451 3505 3762 3562 latrociniis

2147 3599 2402 3668 gravibus
2431 3598 2850 3666 afflictarentur,
2885 3610 2939 3655 et
2973 3599 3282 3655 teterrimos
3310 3600 3642 3655 sortirentur
3660 3600 3760 3670 ju-

2148 3690 2318 3755 dices,
2338 3703 2393 3746 ut
2412 3694 2669 3759 improbis
2687 3696 2977 3765 nequiores
2993 3696 3383 3749 succederent:
3404 3694 3644 3763 denique
3658 3701 3696 3746 Α
3708 3695 3762 3749 1η-

2150 3784 2309 3838 binus
2337 3784 2663 3840 deterrimus
2716 3788 3010 3841 habebatur
3032 3787 3408 3857 superiorum;
3462 3788 3563 3842 sed
3594 3787 3763 3841 Floro

2150 3891 2491 3943 successore,
2524 3881 2566 3932 is
2588 3878 2918 3934 interbouos
2941 3880 3165 3946 relatus,
3185 3880 3275 3950 qui
3296 3880 3469 3936 facem
3501 3881 3624 3936 belli
3654 3895 3763 3935 ex-

2151 3972 2291 4036 tulit,
2328 3971 3076 4041 prteliumqueinterJuda-os
3093 3972 3435 4027 etRomanos
3465 3972 3717 4028 accendit
3743 3989 3760 4038 ;

2151 4077 2270 4132 quae
2320 4077 2482 4119 causa
2513 4078 2769 4134 supremo
2801 4064 2988 4133 templi
3027 4076 3079 4118 et
3109 4063 3259 4120 urbis
3293 4065 3512 4120 excidio
3544 4066 3664 4120 fuit.

2743 4155 2973 4211 CAPUT
3014 4154 3154 4212 XIV.

2225 4248 2466 4318 Namque
2483 4249 2725 4315 Cestius,
2755 4249 2842 4303 ubi
2870 4249 3062 4304 ardere
3085 4248 3309 4305 Judatos
3330 4254 3602 4322 comperit
3629 4251 3761 4308 belli

2152 4339 2356 4408 furore,
2392 4342 2485 4411 qui
2530 4356 2799 4397 summam
2854 4342 3061 4397 militia:
3088 4344 3382 4413 regendam
3425 4344 3481 4400 in
3517 4346 3765 4417 partibus

2154 4433 2326 4505 Syria:
2348 4451 2377 4488 a
2410 4433 2669 4489 Romanis
2701 4444 3037 4503 susceperat,
3067 4435 3394 4491 duodecimo
3420 4454 3569 4493 anno
3591 4439 3765 4509 impe-

2157 4527 2219 4580 rii
2250 4527 2482 4582 Neronis
2510 4530 2677 4582 movit
2700 4544 2870 4595 arma,
2898 4540 2955 4583 ut
2986 4528 3215 4585 militum
3238 4530 3612 4586 Romanorum
3644 4531 3767 4602 qui-

2160 4619 2257 4674 bus
2280 4629 2397 4674 erat
2418 4619 2663 4674 custodia
2695 4621 2979 4675 commissa
3017 4622 3337 4677 coercenda:
3363 4624 3678 4679 insolentias
3706 4633 3765 4679 ct

2159 4713 2307 4781 pacis
2332 4712 2569 4779 tuendw,
2621 4729 2809 4768 necem
2859 4713 3234 4769 ulcisceretur.
3283 4714 3763 4787 Congregatisque

2157 4805 2321 4859 etiam
2356 4804 2628 4859 sociorum
2652 4805 2903 4867 auxiliis,
2929 4805 3173 4861 Iudaeam
3207 4807 3511 4879 ingressus,
3564 4810 3759 4863 urbem

2157 4898 2243 4950 cui
2274 4911 2470 4951 nomen
2516 4895 2782 4960 Zahulon,
2816 4896 3040 4966 dilapsis
3086 4908 3233 4953 metu
3289 4898 3508 4962 incolis,
3543 4900 3762 4969 plenam

2157 4987 2464 5042 divitiarum
2495 5004 2629 5059 quas
2673 4989 2738 5042 ad
2763 4989 3042 5058 superiora
3068 4991 3329 5045 ntontium
3372 4991 3763 5063 confugientes

2155 5081 2359 5136 domini
2383 5097 2567 5138 secum
2597 5081 2813 5138 auferre
2837 5083 3210 5151 nequiverant,
3236 5084 3396 5155 diripi
3419 5085 3488 5139 ab
3511 5088 3763 5142 exercitu

2155 5189 2364 5242 passus.
2401 5174 2713 5229 Admiratus
2743 5191 2960 5247 quoque
2999 5177 3337 5246 publicorum
3369 5195 3603 5249 operum
3640 5182 3762 5249 pul-

2150 5266 2542 5333 chritudinem,
2576 5269 2788 5323 incendi
2817 5269 2981 5339 jussit
3013 5280 3103 5325 :et
3142 5272 3298 5341 quasi
3329 5271 3433 5328 hoc
3464 5290 3658 5343 parum
3688 5274 3759 5330 ad

2151 5359 2444 5415 vindictam
2479 5360 2658 5429 foret,
2691 5362 2899 5432 Joppen
2930 5365 3210 5433 praemisso
3235 5366 3511 5434 exercitu,
3549 5385 3619 5424 ne
3638 5369 3761 5439 quis

2147 5452 2271 5520 fuga
2301 5468 2426 5509 sese
2472 5455 2642 5509 exitio
2682 5455 3049 5523 subduceret,
3082 5467 3223 5512 terra
3257 5461 3507 5529 marique
3557 5465 3757 5516 irrum-

2148 5544 2403 5613 pentibus
2425 5544 2517 5614 qui
2550 5544 2811 5602 destinati
2852 5546 3100 5615 fuerant,
3149 5551 3472 5621 occupavit,
3520 5553 3761 5609 necuis-

2226 5741 2247 5770 °
2290 5730 2606 5791 Prmidm.
2646 5732 2722 5789 In.

2216 5797 2241 5836 ά
2274 5799 2647 5858 Romanorum.
2684 5803 2854 5861 Bittis.
