3964 6334
189 366 333 425 2061

1040 372 1339 447 tamen.
1382 378 1471 434 DE
1515 378 1789 437 EXCIDIO
1829 379 2099 440 HIEROS.
2142 380 2347 440 Uttnts
2378 383 2507 440 LIB.
2550 365 2615 440 ll.

3364 387 3507 450 2062

190 503 303 560 que
326 496 451 543 octo
484 485 724 546 millibus
772 491 1040 559 virorum,
1076 502 1131 550 et
1172 495 1584 568 quadringentis
1634 497 1804 552 ferme
1831 502 1884 563 Α
1908 495 2019 552 illic
2050 497 2235 568 exegit
2268 498 2525 553 triduum.
2572 498 2777 567 Quarto
2826 501 2917 557 die
2965 502 3170 573 impetu
3205 500 3347 561 facto
3372 549 3387 573 ,
3427 509 3512 563 in-

191 580 460 646 amplius,
507 581 596 637 ubi
648 583 828 653 prmda
878 585 1086 656 rapinae
1131 588 1334 652 cessit,
1379 598 1568 643 exusta
1609 586 1801 644 civitas

190 682 300 728 est.
338 673 520 728 Vicina
565 692 779 747 quoque
828 676 1093 733 Caesareae
1138 679 1527 750 depopulatus,
1576 676 1805 750 diripuit

191 764 454 833 inventa,
500 766 649 824 vicos
691 769 953 825 incendit.
1004 769 1172 841 Cujus
1207 772 1366 844 fregit
1398 775 1658 845 impetum
1702 774 1800 831 Se-

190 862 408 930 phoris,
441 862 849 932 egredientibus
873 865 1082 920 cunctis
1109 866 1324 921 obviam
1362 866 1573 935 Cestio,
1601 869 1800 923 civium

192 950 384 1006 favore
427 962 481 1008 et
516 955 691 1024 gratia
737 945 1018 1024 delin'itus,
1062 957 1358 1014 immunem
1391 958 1566 1016 cladis
1615 959 1804 1016 urbem

192 1043 439 1113 reliquit.
470 1044 739 1100 Fervebat
768 1046 819 1101 in
852 1047 934 1103 bis
964 1048 1094 1103 locis
1121 1051 1476 1121 eopgregatio
1502 1051 1801 1118 latronum,

194 1135 295 1191 sed
351 1137 671 1193 adveniente
720 1140 1000 1207 exercitu,
1033 1142 1087 1196 in
1134 1153 1348 1199 montes
1391 1156 1800 1200 concesserant.

193 1232 299 1300 Qui
332 1234 706 1290 conferentem
742 1239 896 1307 signa
931 1236 1145 1292 Gallum
1192 1240 1545 1310 prtepositum
1596 1239 1805 1296 duode-

195 1325 323 1381 cimi
357 1327 562 1381 ordinis
586 1328 765 1384 adorsi
794 1331 1008 1385 fortiter
1035 1333 1448 1399 exagitaverunt
1475 1376 1488 1400 ,
1515 1343 1569 1388 ut
1599 1333 1805 1390 ducen-

196 1427 282 1473 tos
311 1416 484 1475 ferme
506 1420 875 1477 Romanorum
906 1422 1235 1479 occiderent.
1270 1424 1472 1481 Verum
1516 1427 1605 1482 ubi
1637 1442 1802 1496 supe-

195 1512 342 1568 riora
365 1515 610 1571 locormn
654 1532 1019 1590 occupavere,
1062 1535 1242 1590 neque
1272 1521 1503 1590 peditem
1554 1524 1804 1577 cominus

195 1615 496 1678 potuerunt
525 1606 767 1665 latrones
822 1612 969 1682 pati,
1022 1620 1078 1667 et
1109 1611 1377 1682 fugientes
1431 1615 1501 1669 ab
1532 1615 1804 1686 equitibus

197 1698 357 1755 facile
388 1701 745 1758 circumventi
781 1713 1066 1759 necantur.
1114 1703 1251 1760 Caesi
1283 1706 1467 1778 itaque
1503 1722 1663 1778 supra
1698 1708 1805 1764 duo

197 1787 371 1844 millia
399 1834 413 1857 ,
445 1792 600 1860 pauci
634 1792 835 1864 fugati,
871 1796 959 1865 qui
1008 1796 1059 1851 in
1087 1797 1276 1853 arduis
1311 1801 1578 1854 montium
1614 1812 1804 1869 potuc-

1901 602 2124 658 gressus
2172 588 2499 644 Bethesdam
2543 591 2687 645 illico
2736 590 3009 659 incendit,
3065 605 3119 650 et
3161 597 3501 668 CenOpolim.

1905 679 2007 747 Qui
2033 678 2062 718 δ
2096 681 2474 737 conscendens
2504 682 2569 736 ad
2595 684 2871 753 superiora
2905 684 3076 750 urbis,
3113 687 3507 758 refugientibus

1906 773 1958 828 in
2012 774 2273 830 interiora
2322 775 2623 843 seditiosis,
2674 777 2718 831 si
2773 777 3181 850 irrumpendnm
3233 782 3285 836 in
3316 784 3506 838 urbem

1906 871 2181 932 putasset,
2212 864 2354 920 haud
2395 865 2559 922 dubie
2586 883 2749 923 omne
2788 868 2988 925 bellum
3044 882 3189 928 esset
3243 874 3504 929 solutum.

1906 955 2150 1025 Denique
2182 957 2476 1029 plerosque
2502 963 2724 1015 Ananus
2752 961 3005 1018 Jonathze
3033 962 3177 1021 filius
3207 967 3509 1024 collocave-

1906 1058 2023 1113 rat,
2054 1060 2113 1104 ut
2145 1046 2437 1107 invitarent
2466 1049 2742 1111 Romanos
2774 1056 2997 1111 vocibus
3028 1061 3159 1125 suis,
3203 1063 3354 1131 quasi
3387 1078 3514 1131 por-

1907 1150 1993 1197 tas
2024 1144 2343 1199 rcseraturi.
2403 1146 2508 1201 Sed
2542 1147 2669 1202 dum
2721 1149 2941 1205 Cestius
2994 1152 3079 1207 vel
3136 1164 3424 1210 revocatur
3478 1173 3508 1212 a

1907 1233 2119 1299 Prisco,
2168 1236 2254 1291 vel
2302 1237 2576 1309 plerisque
2629 1238 3045 1297 centurionibus
3088 1244 3178 1313 qui
3210 1249 3455 1318 corrupti
3487 1265 3516 1301 a

1908 1325 2098 1394 Floro,
2129 1328 2330 1383 bellum
2361 1329 2678 1387 adolescere
2706 1333 3030 1403 cupiebant,
3063 1334 3150 1392 vel
3178 1352 3368 1407 parum
3391 1355 3511 1395 cre-

1907 1419 2021 1486 dit,
2056 1417 2279 1476 Ananus
2301 1437 2424 1478 cum
2445 1426 2559 1480 suis
2594 1441 2751 1480 muro
2774 1426 3044 1497 dejicitur.
3074 1429 3286 1498 Quibus
3315 1434 3381 1488 ad
3414 1450 3507 1490 sua

1909 1510 2329 1583 refugientibus,
2381 1516 2560 1570 locum
2607 1532 2798 1571 eorum
2831 1518 3075 1574 seditiosi
3124 1536 3509 1594 occupavere:

1910 1596 2250 1674 Belitanique
2296 1609 2537 1680 quinque
2566 1608 2762 1665 diebus
2793 1620 3066 1667 tentantes
3097 1610 3348 1671 diversos
3394 1616 3544 1681 adi-,

1909 1705 2019 1766 tus,
2052 1717 2174 1754 cum
2207 1699 2602 1773 impossibilem
2637 1704 2743 1760 sibi
2790 1717 3079 1761 cernerent
3127 1709 3504 1780 irruptionem,

1908 1786 2097 1847 electis
2135 1793 2491 1850 validioribus
2519 1796 2824 1866 quibusque
2871 1810 2927 1855 et
2966 1800 3286 1871 sagittariis,
3320 1819 3348 1856 a
3390 1819 3514 1874 sep-

196 1892 326 1939 ruut
348 1884 539 1941 latere.
574 1887 641 1941 Et
672 1887 819 1943 omni
858 1904 884 1941 a
918 1888 1206 1945 latrocinio
1255 1893 1479 1962 regione
1532 1903 1799 1965 purgata,
1831 1886 1879 1945 B
1907 1886 2240 1941 lemltionali
2269 1886 2438 1943 latere
2471 1890 2729 1958 templum
2766 1891 3017 1958 petebant
3054 1908 3067 1945 :
3095 1890 3265 1948 Judtei
3299 1910 3517 1966 quoque

198 1977 387 2033 Gallus
419 1977 471 2033 in
505 1978 813 2035 Cagsaream
864 1982 1183 2037 revertitur.
1236 1984 1452 2039 Cestius
1492 2001 1614 2040 cum
1661 1985 1807 2040 omni

201 2087 365 2126 manu
389 2072 793 2142 Antipatridem
827 2076 1085 2143 perrexit,
1114 2076 1310 2145 quibus
1338 2094 1442 2132 non
1473 2078 1806 2134 mediocrem

198 2165 374 2222 Judmi
425 2177 824 2223 coacervarnnt
869 2152 1293 2226 multitudinem.
1328 2172 1436 2228 Sed
1468 2176 1619 2245 prius
1644 2188 1806 2243 quam

196 2269 565 2315 consererent
596 2276 848 2328 manum,
884 2277 982 2331 per
1005 2261 1218 2318 diversa
1252 2263 1480 2335 dilapsi,
1530 2264 1805 2336 regionem

201 2366 257 2410 ct
292 2356 441 2410 vicos
471 2355 760 2427 direptioni
790 2368 841 2412 et
873 2358 979 2428 igni
1013 2358 1442 2431 dereliquerunt.
1474 2361 1641 2415 Lidda
1673 2378 1807 2432 quo-

203 2464 307 2518 que
334 2464 499 2503 vacua
532 2450 832 2505 incolarum
861 2464 1096 2519 reperta,
1120 2462 1173 2506 et
1197 2454 1414 2507 incensa
1442 2453 1661 2510 Gabaon
1686 2471 1807 2524 qua:

203 2542 273 2596 ab
329 2542 724 2614 Hierosolymis
756 2544 1148 2615 quinquaginta
1196 2544 1384 2600 stadiis
1434 2547 1661 2613 aberat,
1716 2549 1806 2603 ubi

203 2634 510 2690 Romanum
564 2635 862 2691 exercitum
896 2639 1107 2708 accepit
1153 2639 1204 2692 itt
1257 2652 1553 2709 conspecm
1599 2640 1805 2709 posita,

203 2727 435 2782 armavit
460 2724 697 2782 Iudaeos.
728 2726 830 2795 Qui
866 2728 1171 2797 posthabita
1224 2729 1434 2783 sabbati
1487 2730 1808 2787 celebritate

203 2819 373 2890 (quod
422 2820 588 2875 veteri
636 2819 784 2874 cultu
830 2829 884 2875 et
930 2819 1162 2875 solemni
1212 2822 1591 2877 observatione
1626 2822 1805 2875 initia-

203 2910 362 2981 baut)
386 2920 537 2966 tanto
560 2912 762 2981 impetu
788 2913 839 2966 in
862 2911 1138 2967 Romanos
1159 2913 1482 2984 prosiluere,
1510 2923 1567 2967 ut
1587 2930 1804 2968 omnem

205 3006 507 3061 exercitum
541 3016 888 3071 averterent,
922 3008 1022 3061 uisi
1053 3010 1261 3078 equites
1305 3006 1683 3063 subvenissent
1712 3023 1804 3077 pe-

204 3098 415 3153 ditibus
466 3099 858 3155 laborantibus.
915 3100 1055 3155 Czesi
1114 3101 1481 3155 Romanorum
1526 3101 1809 3172 quingenti

206 3203 259 3247 et
284 3192 596 3263 quindecim
629 3193 764 3261 viri,
805 3195 899 3249 sed
949 3211 1137 3252 omnes
1180 3197 1413 3267 graviter
1454 3197 1742 3266 periclitati
1792 3215 1805 3252 :

1914 1995 2017 2033 non
2052 1978 2389 2035 feriabantur
2421 1982 2741 2051 proeliantes
2766 1982 3008 2051 fortiter,
3042 1995 3096 2040 et
3126 1986 3360 2056 repulsis
3391 2004 3515 2043 ere.

1911 2072 2011 2125 bro
2034 2070 2281 2127 hostibus
2307 2073 2586 2129 elatiores.
2616 2071 2697 2129 Ad
2724 2085 3058 2146 postremum
3087 2090 3107 2117 ο
3146 2088 3324 2136 tamen
3371 2081 3514 2135 mul-

1912 2163 2147 2220 titudine
2194 2166 2515 2235 sagittarum
2549 2166 2817 2222 vulnerati
2851 2166 2980 2233 alii,
3041 2169 3134 2223 alii
3170 2173 3416 2241 percussi
3462 2180 3525 2227 ct

1911 2256 2120 2323 territi,
2154 2272 2373 2313 cessere
2404 2277 2416 2311 :
2444 2257 2704 2314 Romanis
2734 2276 2947 2315 murum
2978 2262 3282 2334 sali‘odere,
3310 2275 3365 2320 et
3392 2283 3519 2337 por-

1912 2361 2020 2406 tam
2047 2353 2340 2410 incendere
2369 2356 2556 2427 templi
2589 2356 2822 2412 adorsis.
2858 2357 3047 2428 Magna
3095 2360 3384 2417 seditio.~os
3410 2362 3523 2417 for-

1913 2444 2059 2499 mido
2088 2446 2419 2512 incesserat,
2448 2460 2501 2501 et
2529 2449 2778 2518 quaedam
2814 2452 3075 2504 mentium
3105 2455 3513 2508 eonsterttatio:

1910 2536 2145 2608 denique
2176 2538 2400 2609 plurimi
2442 2540 2593 2609 quasi
2626 2541 2888 2595 continuo
2918 2543 3173 2611 peritura:
3196 2544 3345 2599 urbis
3371 2546 3519 2602 exci—

1909 2628 2000 2684 dio
2031 2645 2090 2685 se
2120 2630 2517 2685 subtrahebant
2543 2628 2693 2702 fuga;
2726 2648 2825 2688 nec
2853 2635 3159 2691 consistere
3189 2637 3327 2704 ausi,
3354 2636 3519 2695 dede.

1909 2732 2031 2776 rant
2062 2720 2261 2792 populo
2288 2724 2696 2791 confidentiam,
2730 2736 2788 2791 ut
2817 2727 3224 2786 discedentibus
3252 2732 3331 2788 eis
3381 2752 3522 2805 quo-

1910 2829 2029 2868 rum
2081 2814 2526 2871 circumvallatus
2570 2815 2748 2872 fuerat
2796 2820 3142 2877 multitudine
3174 2865 3190 2890 ,
3240 2832 3514 2896 tamquam

1905 2908 2016 2976 jam
2048 2910 2209 2975 liber,
2253 2922 2304 2964 et
2330 2911 2563 2981 quadam
2597 2922 2792 2967 extttus
2825 2914 3198 2985 improborum
3232 2920 3518 2977 obsidione

1910 3000 2051 3054 circa
2082 3011 2268 3072 portas
2300 3018 2422 3059 sese
2445 3002 2793 3071 infunderet;
2824 3006 3021 3076 quibus
3043 3011 3245 3077 apertis
3276 3011 3514 3069 Cestium

1911 3093 2202 3161 reciperet,
2237 3094 2392 3164 quasi
2419 3111 2523 3149 non
2550 3107 2921 3166 oppugnatum
2952 3099 3163 3166 urbem,
3196 3103 3291 3157 sed
3319 3103 3515 3159 defen-

1911 3198 2030 3237 sum
2061 3185 2303 3239 venisset
2353 3203 2367 3239 :
2427 3186 2522 3241 sed
2578 3188 2754 3257 ipsum
2806 3206 3021 3260 quoque
3064 3190 3304 3248 Cestium
3335 3195 3518 3252 subito

204 3285 272 3341 de
304 3285 508 3342 Judaeis
547 3298 725 3342 autem
779 3288 888 3343 duo
936 3299 990 3345 et
1032 3288 1218 3359 viginti
1269 3290 1409 3345 bello
1448 3291 1657 3345 amissi.
1690 3290 1807 3358 Quo

1912 3275 2132 3346 quidem
2160 3278 2358 3332 invasit
2384 3287 2593 3349 stupor,
2628 3290 2680 3334 ut
2709 3296 2809 3337 nec
2838 3281 3274 3353 desperationem
3307 3289 3516 3359 impro-

206 3378 331 3432 loco
363 3378 587 3433 emicuit
609 3380 780 3434 virtus
807 3381 1090 3435 Monobazi
1123 3391 1177 3436 et
1205 3380 1402 3445 Cedei;
1433 3381 1525 3449 qui
1549 3383 1770 3451 Cognito
1790 3424 1803 3449 ,

204 3467 351 3540 quod
400 3486 429 3524 a
470 3469 673 3526 Judmis
713 3472 767 3526 in
818 3468 1096 3527 Romanas
1146 3473 1291 3525 acies
1334 3473 1725 3541 insurgeretur,
1776 3488 1807 3528 a

204 3562 386 3617 fronte
414 3565 685 3635 aggressi,
716 3565 963 3637 repulere
996 3564 1304 3636 plerosque,
1330 3575 1384 3621 et
1429 3574 1722 3636 coegerunt
1752 3567 1803 3620 in

209 3653 398 3709 urbem
434 3654 636 3711 redire.

812 3748 1043 3805 CAPUT
1084 3749 1199 3805 XV.

280 3843 470 3900 Simon
525 3859 741 3914 quoque
777 3843 1135 3899 ascendentes
1182 3845 1457 3899 Romanos
1491 3843 1805 3915 propinqua:

208 3936 361 3992 urbis
386 3936 789 4007 impedimentis
812 3937 983 3991 exuit.
1017 3936 1170 3992 Unde
1193 3948 1243 3990 et
1266 3936 1478 3991 Cesdus
1501 3936 1552 3990 in
1584 3937 1807 4006 regione

207 4030 527 4085 sesetriduo
557 4032 746 4084 tenuit.
773 4030 886 4096 Qua
913 4045 1065 4083 mora
1091 4028 1406 4084 circumfusi
1434 4029 1641 4094 hostes,
1672 4039 1725 4083 ct
1752 4030 1803 4083 in

207 4121 586 4193 superioribus
612 4123 735 4188 siti,
765 4123 1042 4194 ingressus
1064 4122 1450 4193 speculabatur
1478 4121 1766 4177 universos
1786 4163 1805 4188 ,

210 4230 280 4269 ne
327 4216 451 4285 quis
515 4215 737 4284 impune
801 4216 1149 4283 irrttmperet.
1208 4214 1364 4283 Quod
1415 4212 1799 4276 Considerans,

211 4317 233 4343 ε·
257 4324 364 4361 non
383 4308 501 4361 sine
525 4306 690 4361 multa
712 4306 867 4363 clade
899 4307 1182 4376 utriusque
1201 4308 1368 4377 partis
1389 4307 1585 4361 tentari
1616 4306 1808 4376 nequi-

208 4415 293 4467 re,
322 4398 615 4454 misitsuos
643 4415 735 4454 rex
765 4400 1002 4470 Agrippa
1032 4398 1297 4471 Lorcyum
1328 4409 1382 4454 et
1408 4398 1693 4466 thbam,
1714 4398 1805 4469 qui

209 4497 449 4551 dicerent
497 4495 718 4566 populo,
772 4493 1062 4559 veniabile,
1113 4494 1372 4565 quidquid
1404 4494 1471 4549 ab
1527 4493 1608 4548 eis
1659 4502 1806 4548 esset

209 4589 496 4643 adversum
529 4586 804 4643 Romanos
836 4585 1021 4657 ﬂagitii
1054 4586 1427 4653 commissum,
1460 4585 1504 4640 si
1555 4575 1716 4640 modo
1751 4585 1803 4639 in

1910 3368 2125 3433 borum,
2156 3380 2256 3425 nec
2295 3370 2533 3425 studium
2564 3371 2738 3443 plebis
2779 3374 3104 3430 intueretur.
3138 3377 3240 3445 Qui
3290 3381 3334 3434 si
3387 3397 3519 3451 pau-

1910 3463 2079 3530 liSper
2101 3464 2294 3531 emptis
2324 3464 2690 3532 incubuisset,
2726 3466 2924 3522 bellum
2971 3468 3286 3539 depulerat,
3320 3472 3509 3528 urbem

1910 3569 2154 3627 ceperat.
2195 3557 2305 3614 Sed
2356 3560 2585 3614 adversa
2631 3558 2912 3631 (quantum
2948 3560 3173 3633 intelligi
3199 3563 3381 3638 datur)
3411 3565 3513 3623 Ju-

1909 3649 2042 3705 daeis
2075 3651 2328 3706 voluntas
2359 3651 2484 3718 Dei,
2513 3652 2886 3709 imminentem
2921 3654 3046 3709 belli
3070 3659 3273 3719 exitum
3295 3673 3515 3729 compe-

1910 3743 2245 3806 rendinavit.
2315 3744 2489 3799 donec
2533 3744 2841 3815 complures
2902 3760 2965 3800 ac
3040 3762 3177 3815 pene
3230 3749 3514 3807 universos

1908 3841 2147 3896 Judaicm
2197 3843 2372 3912 gentis
2404 3843 2560 3896 ruina
2590 3841 2914 3897 invulveret.
2950 3840 3379 3912 Exspectabatur
3417 3846 3514 3918 (ut

1908 3931 2058 4003 reor)
2090 3942 2148 3988 ut
2180 3948 2341 3988 omne
2381 3933 2536 3987 nefas
2574 3933 2847 3988 scelerum
2868 3935 3272 4005 enormitasqne
3300 3951 3516 3993 cresce-

1911 4037 2030 4093 ret,
2087 4037 2142 4083 et
2199 4028 2497 4099 impietatis
2546 4028 2886 4082 incremento
2936 4042 3313 4098 supremorum
3365 4030 3509 4086 adte-

1909 4131 2101 4191 quaret
2124 4135 2437 4175 mensuram
2471 4121 2823 4190 flagitiorum.
2853 4118 2993 4186 Quid
3023 4119 3124 4174 fuit
3160 4120 3325 4186 illud,
3360 4124 3504 4191 quod

1922 4228 2042 4268 cum
2075 4228 2369 4285 perurgere
2399 4212 2662 4268 debuerat
2700 4210 2946 4278 Cestius,
2980 4213 3161 4267 subito
3206 4216 3510 4272 exercitum

1910 4312 2212 4374 revocavit,
2268 4306 2544 4377 solvitque
2598 4306 2988 4361 obsidionem?
3038 4306 3173 4375 Quia
3223 4310 3509 4379 repentina

1909 4404 2097 4456 contra
2126 4409 2497 4471 exspectatum
2525 4400 2947 4455 commutatione
2977 4412 3183 4465 rerum,
3213 4401 3366 4458 fracti
3396 4407 3512 4459 ani-

1911 4492 1981 4546 mi
2010 4491 2296 4559 bonorum,
2325 4498 2380 4547 et
2399 4492 2564 4546 erecti
2599 4492 2867 4546 latronum
2902 4507 3185 4561 sumpsere
3210 4492 3461 4549 fiduciam
3489 4514 3505 4560 ;

1910 4591 2072 4654 atque
2123 4602 2151 4639 a
2201 4586 2320 4656 fuga
2372 4585 2438 4639 ad
2482 4584 2875 4655 insequendum
2933 4586 3200 4654 regressi,
3252 4586 3514 4642 invadunt

210 4680 485 4750 reliquum
522 4679 711 4749 positis
731 4679 917 4742 armis,
944 4678 1043 4732 sibi
1075 4679 1422 4733 consulerent
1456 4696 1467 4730 :
1503 4678 1803 4744 aestimans,
1833 4674 1886 4734 D
1913 4677 2210 4747 posteriora
2257 4676 2522 4757 agminis,
2557 4678 2866 4747 multosque
2896 4676 3007 4731 illic
3029 4677 3258 4733 confuse
3290 4690 3512 4736 ruentes

207 4772 355 4842 quod
382 4773 466 4827 vel
498 4773 764 4827 universis
785 4770 1119 4826 suadendum
1146 4773 1398 4826 crederet
1424 4782 1480 4826 ut
1502 4770 1690 4841 prtelio
1716 4787 1805 4826 re-

208 4866 559 4932 nuntiarent,
586 4867 674 4919 vel
704 4873 915 4936 partem
943 4863 1157 4919 caateris
1187 4864 1551 4919 avellendam.
1580 4866 1649 4918 At
1677 4878 1809 4918 Cott-

210 4968 291 5013 tra
325 4958 607 5023 seditiosi,
663 4964 810 5013 metu
864 4972 930 5012 ne
962 4972 1153 5012 eorum
1184 4958 1416 5012 alterum
1446 4956 1804 5028 procederet,

208 5053 418 5124 legatos
449 5051 630 5106 adorsi
661 5052 917 5106 Phoebum
950 5048 1276 5107 interfecere
1306 5067 1319 5104 :
1354 5050 1596 5122 Lorcyus
1626 5060 1804 5104 autent

210 5157 449 5213 excepto
468 5143 714 5206 vulnere,
751 5145 835 5197 vix
869 5141 1105 5198 evadere
1139 5143 1333 5212 potuit.
1364 5142 1565 5197 Videns
1593 5142 1806 5196 Cestius

212 5234 523 5306 huiusmodi
556 5235 608 5289 in
639 5234 775 5291 urbe
801 5235 1213 5301 contentiones,
1233 5234 1429 5306 quibus
1457 5233 1547 5288 alii
1581 5235 1632 5287 in
1661 5233 1809 5303 lega-

211 5339 298 5384 tos
352 5329 733 5399 insurgerent,
779 5327 870 5382 alii
911 5325 1188 5382 humanos
1240 5327 1372 5381 urbe
1431 5325 1811 5395 suscipiendos

211 5423 535 5489 suaderent,
564 5424 868 5491 irrumpere
895 5432 1146 5488 conatus,
1176 5428 1347 5489 usque
1374 5419 1811 5490 Hierosolymam

210 5519 535 5573 resistentes
573 5517 771 5586 repulit
799 5535 811 5570 :
845 5525 899 5571 et
927 5516 1043 5584 ipse
1076 5515 1141 5571 ad
1177 5516 1395 5570 tertium
1426 5513 1664 5567 stadium
1695 5529 1814 5569 me-

212 5621 441 5664 moratae
473 5608 625 5663 urbis
669 5622 789 5663 cum
825 5610 1071 5663 exercitu
1120 5605 1600 5677 appropinquavit,
1655 5613 1817 5674 atque

290 5779 316 5805 τι
351 5769 479 5823 llaec
506 5784 610 5821 vox
636 5782 740 5820 non
773 5766 1001 5820 habetur
1024 5764 1077 5819 in
1105 5780 1205 5818 ms.
1243 5764 1317 5818 la.

286 5841 314 5877 ι)
347 5838 697 5894 Contendens.
723 5836 801 5890 In.

1911 4769 2152 4840 equitum
2178 4779 2231 4826 et
2258 4768 2493 4839 peditum
2529 4770 2944 4824 obtruncavere.
2976 4769 3043 4823 Et
3064 4770 3175 4838 jam
3210 4770 3510 4828 inclinave-

1912 4872 1998 4918 rat
2029 4862 2145 4918 dies
2178 4881 2189 4915 :
2230 4862 2374 4917 unde
2406 4868 2654 4916 metuens
2681 4860 2897 4917 Cestius
2930 4861 3104 4915 noctis
3136 4862 3512 4933 propinquita-

1915 4966 2019 5011 tem
2048 4966 2101 5011 et
2134 4955 2480 5010 tenebrarum
2521 4952 2811 5022 caliginem
2836 4996 2848 5018 ,
2879 4952 3074 5023 quibus
3104 4954 3339 5023 amplius
3371 4954 3507 5012 lide-

1915 5061 2039 5106 rent
2064 5051 2218 5121 gnari
2246 5050 2513 5112 locorum,
2568 5064 2676 5116 quo
2721 5047 2963 5103 incertos
3003 5041 3241 5118 regionis
3270 5050 3512 5121 undique

1913 5154 2214 5217 urgerent,
2257 5143 2457 5197 vallum
2490 5152 2619 5197 ante
2650 5141 2841 5196 urbem
2886 5140 3201 5209 constituit,
3232 5144 3514 5215 sequenti-

1915 5255 2019 5310 que
2047 5238 2136 5294 die
2192 5253 2313 5292 cum
2347 5237 2558 5292 hostem
2593 5236 2961 5305 relinqueret,
3016 5236 3067 5289 in
3094 5252 3215 5292 sese
3256 5237 3484 5291 armavit
3513 5277 3527 5304 ,

1918 5340 1977 5386 ut
2026 5329 2381 5385 discessionis
2429 5328 2548 5399 ejus
2586 5343 2805 5382 causam
2841 5337 3042 5383 metum
3092 5329 3512 5383 arbitrarentur.

1913 5421 2241 5497 Circuntfusi
2302 5422 2484 5491 itaque
2511 5417 2534 5455 ι¹
2568 5420 2811 5476 latrones
2842 5437 2871 5475 a
2918 5420 3180 5475 lateribus
3203 5462 3215 5485 ,
3250 5436 3278 5474 a
3327 5428 3513 5490 tergo,

1922 5524 2230 5585 postremos
2253 5511 2488 5577 medere;
2515 5513 2857 5569 incedentem
2879 5510 3076 5584 jaculis
3104 5515 3402 5569 exercitum
3437 5513 3517 5568 in-

1922 5607 2121 5662 festare
2144 5648 2158 5670 ,
2210 5606 2261 5659 in
2303 5602 2583 5659 confertos
2617 5604 2781 5658 inissa
2818 5606 3048 5660 telorum
3081 5606 3160 5661 vis
3192 5596 3330 5659 haud
3365 5606 3520 5661 facile

2003 5770 2024 5797 ο
2062 5759 2208 5812 llanc
2248 5771 2435 5811 vocem
2462 5772 2567 5809 non
2602 5760 2849 5822 agnoscit
2880 5772 2980 5812 tus.
3010 5758 3176 5812 Buta.

2001 5828 2024 5865 "
2060 5830 2184 5885 llmc
2215 5830 2342 5884 item
2372 5843 2475 5882 vox
2507 5827 2847 5882 desideratur
2870 5829 2921 5882 in
2954 5844 3055 5885 ms.
3089 5827 3162 5883 In.
