3964 6320
443 322 588 381 2063

1770 308 2031 401 SANCTI
2056 307 2381 367 AMBROSII

3608 302 3745 362 ξοδδ

439 431 715 490 frustrari.
745 430 804 488 Si
830 427 950 501 quis
990 425 1217 481 referire
1249 420 1517 490 audebat,
1561 428 1753 492 patere
1792 422 2042 485 vulneri;
2072 423 2122 483 Α
2151 421 2411 491 strepitus
2432 417 2722 484 audirent,
2746 432 2812 473 ex
2840 414 3037 488 quibus
3064 428 3258 472 omnes
3284 413 3343 471 in
3371 414 3501 470 loco
3529 425 3754 470 manere

443 531 487 586 si
515 529 637 601 quis
666 536 990 581 convertere
1030 535 1155 575 sese
1183 517 1249 571 ad
1280 516 1651 581 infestantem,
1680 532 1708 570 a
1740 516 1852 571 suis
1881 516 2044 571 relin-

444 625 568 695 qui,
599 622 669 678 ab
701 622 857 676 hoste
887 616 1085 672 claudi.
1121 614 1381 670 Munitior
1409 612 1551 666 enim
1575 626 1792 681 semper
1812 618 1927 676 est,
1957 608 2046 679 qui

444 716 714 785 sequitur,
747 727 906 785 quam
938 708 1031 780 qui
1064 705 1321 777 praecedit
1358 723 1371 759 :
1406 703 1532 774 quia
1562 704 1650 758 hic
1677 713 1868 773 peetus
1892 702 2046 770 tegit,

446 808 538 863 ille
570 807 713 860 hosti
757 815 906 874 terga
931 817 1028 857 sua
1071 797 1296 869 detegit.
1331 795 1703 853 Vehementer
1750 794 1911 865 igitur
1940 792 2051 847 Ro-

444 900 587 955 mani
633 897 1005 967 urgebantur,
1043 903 1315 961 tamquam
1365 886 1578 943 obsessi
1621 888 1712 957 qui
1761 888 2046 940 obsessum

442 999 711 1050 venerant
751 1007 765 1042 :
793 1003 895 1044 nec
917 987 1027 1057 jam
1059 984 1357 1049 sustinere,
1390 990 1477 1034 ant
1509 978 1718 1050 perpeti
1764 983 2048 1046 poterant,

441 1099 716 1142 armorum
744 1081 984 1153 pondere
1015 1079 1113 1148 ipsi
1139 1090 1354 1148 graves,
1385 1071 1635 1127 hostibus
1655 1068 2047 1135 velocioribus,

442 1198 579 1254 quos
611 1193 787 1249 neque
810 1172 1073 1244 consequi
1100 1170 1255 1226 facile
1298 1177 1450 1235 erat,
1484 1174 1540 1221 et
1568 1174 1746 1220 metus
1770 1176 2045 1229 summus,

443 1290 514 1331 ne
565 1273 712 1327 acies
756 1270 1247 1335 interrumperetur
1280 1280 1293 1314 :
1329 1261 1510 1331 iniqua
1558 1273 1689 1330 ergo
1734 1256 2048 1313 certaminis

444 1365 761 1424 conditione
792 1374 990 1416 nocere
1022 1356 1164 1412 hosti
1206 1352 1545 1422 nequibant,
1577 1366 1700 1404 cum
1732 1349 1834 1420 ipsi
1871 1347 2049 1419 gravi-

442 1470 528 1515 ter
553 1458 925 1512 afﬁcerentur.
978 1451 1233 1507 Haerebat
1261 1446 1478 1503 Cestius
1507 1443 1722 1499 consilii
1769 1443 2008 1499 incertus
2029 1481 2045 1507 ,

441 1571 564 1610 cum
590 1568 686 1625 per
709 1558 879 1606 totum
906 1548 1011 1603 iter
1039 1559 1169 1600 suos
1198 1541 1409 1598 conteri
1440 1539 1654 1594 videret
1683 1554 1697 1592 :
1726 1537 1889 1593 etiam
1933 1536 2048 1607 ple-

440 1649 626 1720 risque
653 1644 872 1700 afﬂictis
902 1640 1110 1696 militiae
1151 1635 1482 1707 primoribus
1512 1675 1526 1699 ,
1570 1631 1814 1686 substitit
1857 1629 2045 1695 biduo,

441 1743 594 1816 quasi
623 1740 799 1796 fessos
823 1744 1194 1808 reparaturus.
1225 1730 1334 1787 Sed
1383 1744 1503 1784 cum
1539 1725 1728 1797 magis,
1779 1738 1843 1778 ac
1874 1723 2047 1793 magis

2151 512 2428 565 Romanos
2472 508 2877 565 arbitrarentur
2918 509 3061 563 :hac
3092 507 3279 563 fraude
3306 506 3497 563 eduxit
3546 505 3758 561 excrci-

2154 611 2264 658 tum
2291 601 2509 659 Cestius
2542 612 2633 657 :ct
2660 603 2769 671 jam
2803 600 3115 657 confecerat
3145 599 3320 655 stadia
3351 601 3601 671 triginta,
3627 615 3757 654 usus

2152 712 2452 768 paucorum
2508 697 2560 751 in
2592 696 2755 752 rebus
2780 695 2961 752 dubiis
2989 695 3118 763 ﬁde,
3153 695 3244 765 qui
3275 695 3504 767 perituri
3551 693 3762 765 gratias

2153 798 2414 860 prmstare
2444 789 2609 845 sociis
2641 788 2883 858 pericula
2938 803 3057 855 sua,
3110 803 3275 857 quam
3304 787 3536 857 perdere
3589 786 3763 842 male-

2150 882 2303 937 bant.
2342 882 2407 937 Et
2436 881 2654 953 quidem
2700 898 2813 937 nox
2866 881 3051 937 dolum
3083 889 3333 947 texerat,
3363 879 3461 936 sed
3489 879 3610 936 dies
3636 894 3765 950 pro-

2150 972 2309 1029 didit.
2344 973 2478 1029 Nam
2511 975 2600 1030 ubi
2632 974 2753 1030 luce
2791 973 2982 1030 diffusa
3019 989 3107 1029 res
3135 983 3342 1044 apertae
3363 980 3529 1041 sunt,
3565 980 3624 1029 et
3643 987 3767 1028 ont-

2151 1065 2234 1122 nis
2258 1066 2409 1121 locus
2438 1065 2492 1121 in
2524 1081 2633 1137 quo
2654 1065 3040 1123 babitaverant
3063 1066 3330 1133 Romani,
3357 1082 3565 1123 vacuus
3595 1081 3767 1137 appa-

2150 1159 2288 1223 ruit;
2345 1158 2549 1228 impetu
2600 1158 2742 1215 faCIo
2784 1158 2960 1214 Iudici
3015 1160 3066 1213 in
3101 1175 3196 1215 eos
3243 1159 3476 1230 primum
3526 1175 3759 1231 quorum

2151 1250 2425 1306 simulatis
2454 1250 2649 1307 ofﬁciis
2698 1252 2914 1324 decepti
2944 1252 3197 1321 fuerant,
3244 1254 3498 1319 irruunt,
3543 1253 3764 1325 levique

2151 1344 2370 1414 negoﬁo
2400 1344 2601 1399 deletis
2628 1344 2982 1415 quadraginta
3011 1344 3166 1411 viris,
3189 1346 3491 1403 exercitum
3524 1361 3763 1417 sequun-

2152 1446 2260 1501 tur,
2303 1437 2393 1505 qui
2425 1444 2481 1491 et
2533 1444 2693 1492 nocte
2726 1436 3017 1507 plurimum
3063 1438 3223 1508 spatii
3270 1437 3673 1507 confecerant,
3703 1447 3761 1494 et

2149 1545 2247 1601 per
2276 1530 2420 1584 diem
2454 1530 2839 1602 pr0pcrantius
2865 1531 2970 1587 iter
3018 1530 3316 1603 urgebant,
3350 1547 3421 1588 ne
3448 1533 3629 1588 noctis
3648 1531 3762 1603 jam

2152 1626 2410 1697 periculis
2440 1627 2870 1684 involverentur.
2903 1626 3071 1683 Plena
3118 1637 3237 1682 erat
3264 1626 3352 1681 via
3396 1626 3766 1697 impedimen-

2150 1726 2350 1785 torum,
2383 1736 2502 1789 qua:
2552 1719 2824 1791 fugientes
2868 1719 3098 1775 Romani
3144 1719 3637 1790 derelinquebant,
3692 1734 3764 1777 ne

441 1810 625 1907 augeri
658 1846 944 1889 numerum
975 1826 1214 1883 hostium
1254 1831 1537 1885 cerneret,
1562 1829 1619 1876 et
1640 1818 1819 1873 omnia
1855 1818 1911 1872 in
1940 1816 2049 1871 cir-
2076 1810 2125 1871 B
2151 1811 2354 1879 iniusto
2383 1813 2666 1883 quisquam
2695 1813 2794 1868 sub
2825 1812 2974 1868 fasce
3002 1821 3420 1869 rcmoraretur:
3452 1813 3661 1884 passim
3675 1813 3764 1884 ja-

440 1930 589 1984 cuitu
613 1924 815 1982 referta
842 1918 1199 1986 adversariis,
1228 1915 1440 1986 sibique
1461 1913 1680 1968 ofﬁcere
1707 1908 1847 1981 quod
1879 1923 2052 1963 mora-

440 2031 617 2086 retur,
668 2034 734 2075 eo
782 2016 926 2089 quod
979 2016 1163 2084 plures
1205 2014 1712 2079 congregarentur;
1769 2003 1931 2058 tertio
1962 2001 2053 2057 die

438 2112 825 2182 compendium
876 2120 1128 2177 quarens
1175 2102 1435 2158 transitus
1476 2098 1775 2181 facilioris,
1825 2094 2055 2166 impedi—

438 2212 624 2263 menta
647 2201 880 2273 agminis
908 2207 934 2235 ³
963 2195 1245 2252 admoveri
1278 2190 1539 2264 prmeepit
1564 2206 1578 2242 ε
1602 2202 1742 2243 cmsa
1762 2187 2007 2256 jumenta
2036 2226 2051 2251 ,

439 2300 703 2372 pleraque
749 2291 1000 2348 vehicula
1048 2285 1421 2347 comminuta,
1470 2282 1686 2349 aliaque
1742 2276 2054 2347 huiusmodi

439 2407 563 2464 quae
585 2389 739 2446 oneri
773 2386 948 2457 magis
978 2399 1137 2455 quam
1183 2382 1302 2437 usui
1344 2379 1396 2433 in
1425 2376 1683 2449 periculis
1722 2380 1900 2434 erant,
1929 2386 2056 2426 con-

439 2493 655 2555 sumpta
685 2489 775 2536 aut
807 2476 1167 2549 praecipitata,
1199 2480 1260 2527 ιιι
1302 2471 1651 2526 obsidionnm
1683 2466 2053 2520 instrumenta

441 2589 535 2635 aut
558 2590 757 2649 genera
803 2574 1063 2635 telorum,
1092 2567 1291 2638 quibus
1319 2564 1481 2621 rebus
1508 2561 1743 2631 amplius
1774 2567 2057 2613 conterre-

438 2676 665 2737 bantur,
700 2687 767 2725 ne
794 2668 1087 2725 adversum
1118 2679 1178 2719 se
1206 2661 1420 2716 hostem
1452 2658 1568 2713 suis
1595 2653 1856 2711 subsidiis
1879 2668 2057 2707 arma-

439 2774 586 2823 rent.
613 2762 771 2832 Quod
801 2761 889 2816 ubi
914 2756 1353 2813 animadvertere
1374 2749 1548 2807 Judaei
1568 2792 1582 2816 ,
1614 2750 1792 2818 fugam
1825 2746 2053 2815 potiusa

440 2860 708 2916 Romanis
747 2871 910 2926 quam
943 2852 1147 2909 bellum
1195 2848 1415 2919 parari,
1448 2858 1793 2913 occupavere
1844 2838 2057 2896 itineris

449 2950 790 3021 angustiora,
833 2942 1210 3001 dilfusioribus
1237 2939 1570 2995 locisminus
1598 2936 1803 2990 instare
1827 2974 1843 3000 ,
1876 2930 2063 3003 probi-

439 3046 572 3102 berc
601 3059 629 3096 ει
661 3043 861 3101 fronte,
887 3054 915 3091 a
949 3035 1216 3092 lateribus
1241 3039 1528 3088 coarctare
1552 3070 1568 3096 ,
1596 3042 1789 3099 urgere
1811 3044 1838 3079 a
1865 3037 2017 3096 tergo
2041 3066 2058 3091 ,

442 3152 647 3209 cogere
700 3136 753 3189 in
784 3130 1177 3204 praecipitium,
1229 3128 1281 3181 in
1325 3123 1470 3195 quod
1518 3121 1759 3190 undique
1817 3117 2061 3175 conclusi

444 3245 540 3291 aut
581 3233 722 3305 lapsi
766 3229 1167 3302 dejiciebantur
1219 3224 1516 3294 :plerique
1568 3221 1826 3275 obtexerc
1853 3211 2053 3270 caelum
2082 3231 2127 3294 ρ

439 3331 662 3402 jaeulis,
712 3326 929 3396 operire
968 3337 1162 3394 agmen
1214 3318 1423 3389 sagittis
1446 3359 1459 3382 ,
1495 3327 1789 3383 numquam
1824 3309 2056 3366 remisso

446 3423 651 3487 ofﬁcio,
700 3419 794 3475 sed
825 3419 943 3473 sola
986 3413 1426 3470 adversariorum
1470 3408 1735 3480 pernicie.
1778 3404 1896 3460 Jam
1958 3414 2060 3456 nec

446 3518 550 3586 ipsi
584 3514 792 3585 pedites
814 3510 1116 3565 subsistere
1145 3512 1398 3576 poterant
1424 3520 1438 3567 ;
1478 3499 1753 3570 equitibus
1786 3510 1917 3552 vero
1939 3508 2056 3548 ma-

443 3612 534 3681 jus
557 3605 881 3678 periculum,
912 3603 1004 3673 qui
1034 3616 1130 3670 per
1158 3605 1432 3671 prmrupta
1463 3607 1720 3648 saxorum
1744 3606 1809 3646 ac
1850 3588 2058 3643 lubrica

450 3700 764 3758 labentibus
815 3697 974 3768 equis
1022 3691 1478 3753 devolvebantur,
1522 3700 1626 3741 nec
1653 3683 1898 3739 ordinem
1943 3694 2059 3734 ser-

449 3810 580 3850 vare
628 3800 885 3864 poterant
928 3795 1161 3860 angusto
1206 3783 1456 3855 impediti
1489 3780 1726 3837 tramite.
1757 3777 1839 3833 Ex
1889 3775 2059 3830 altera

454 3896 613 3957 parte
659 3898 823 3954 rupes
848 3924 863 3951 ,
891 3896 958 3937 ex
999 3880 1170 3935 altera
1201 3874 1504 3949 praecipitia
1534 3882 1590 3929 et
1626 3872 1762 3943 fugae
1803 3871 1981 3925 locum
2011 3877 2066 3923 et

452 3977 791 4035 defensionis
809 3972 1103 4045 negabant.
1131 3969 1304 4027 Judaei
1337 3978 1527 4024 contra
1558 3980 1655 4036 spe
1679 3960 1925 4018 victoria!
1949 3974 2064 4013 am-

452 4073 598 4144 plius
640 4067 1113 4131 accendebantur,
1142 4061 1503 4118 imminebant
1549 4059 1739 4121 fessis,
1788 4054 2065 4111 instabant

454 4158 812 4222 haerentibus,
843 4155 1180 4210 insultabant
1200 4149 1642 4221 desperantibus,
1670 4156 1725 4203 et
1753 4161 1922 4216 prope
1950 4159 2066 4198 om-

452 4268 555 4310 nes
601 4248 831 4305 Romani
886 4246 1161 4303 exercitus
1210 4244 1489 4299 delessent
1541 4241 1762 4311 copias,
1810 4238 1915 4293 nisi
1958 4252 2063 4292 nox

456 4341 805 4400 subvenisset
862 4357 875 4393 :
935 4337 1090 4408 cujus
1145 4335 1389 4392 tenebris
1449 4333 1652 4389 bellum
1709 4330 2064 4401 impeditum,

458 4450 617 4507 quam
648 4429 883 4489 Romani
903 4431 954 4485 in
982 4428 1233 4500 proximo
1263 4428 1385 4482 loco
1407 4425 1518 4499 (cui
1543 4423 1820 4481 Betboron
1844 4422 2068 4491 nomen)

460 4538 725 4603 egerunt:
759 4528 828 4581 ita
885 4534 943 4580 ut
990 4524 1163 4580 Judaei
1195 4521 1507 4578 circumfusi
1539 4519 1779 4591 undique
1818 4517 2068 4589 specula-

456 4631 649 4681 rentur
705 4621 950 4675 locorum
999 4617 1199 4683 exitus,
1257 4631 1327 4671 nc
1378 4614 1610 4669 llomani
1669 4611 2064 4667 dilaberentur.

462 4716 681 4773 Cestius
708 4720 899 4782 aperto
931 4710 1130 4765 itinere
1173 4708 1427 4764 difﬁdens
1448 4748 1464 4776 ,
1495 4706 1623 4762 dolo
1666 4704 1847 4776 fugam
1894 4713 2067 4760 tenta-

463 4809 561 4863 vit.
616 4804 982 4875 Quadraginta
1041 4802 1221 4869 itaque
1273 4799 1436 4869 elegit
1487 4796 1895 4866 viros,quibus
1946 4810 2071 4850 cva-

465 4900 628 4956 deudi
667 4895 977 4967 desperatio
1004 4900 1373 4961 contemptum
1400 4890 1589 4945 mortis
1636 4888 1905 4944 infuderat
1934 4904 1947 4941 :
1974 4901 2070 4943 eos

465 4991 750 5048 constituit
797 4989 851 5043 in
905 4984 1308 5041 munitionibus
1356 4988 1651 5053 praecepto,
1679 4988 1739 5035 ut
1769 4988 1879 5035 tota
1908 4989 2070 5035 nocte

469 5100 591 5142 cum
646 5080 878 5151 strepitu
932 5077 1174 5133 maximo
1206 5074 1385 5129 ofﬁcia
1436 5072 1894 5144 praetendentium
1926 5073 2070 5127 vallo

464 5177 967 5235 circumsonareut,
1000 5184 1069 5223 ne
1100 5165 1305 5222 Judzeis
1356 5163 1757 5235 proﬁciscentis
1796 5163 2070 5219 exercitus

468 5274 764 5338 apparatus
786 5304 800 5330 ,
831 5261 1101 5332 aliquibus
1124 5259 1302 5314 solitis
1332 5257 1546 5314 indiciis
1579 5257 2022 5329 manifestaretur
2053 5274 2066 5310 ;

467 5362 667 5431 quibus
695 5371 817 5412 sese
846 5355 949 5426 ipsi
996 5354 1333 5425 quicumque
1364 5353 1678 5419 turbantur,
1712 5350 1944 5421 prodere
1985 5365 2074 5405 so-

470 5455 583 5509 lent
618 5469 631 5505 :
680 5450 906 5505 silentio
959 5455 1143 5502 autem
1184 5444 1577 5516 egrederentur
1602 5443 1883 5510 universi,
1940 5440 2077 5496 nihil

471 5543 920 5617 suspectantibus
963 5541 1201 5605 Iudaeis;
1232 5537 1327 5610 qui
1375 5539 1654 5595 solemnes
1705 5536 2073 5594 custodiarum

544 5775 567 5801 ιι
605 5763 655 5818 Μ
667 5764 825 5820 atteri.
846 5765 922 5820 Io.

2156 1905 2355 1961 cebant
2385 1921 2537 1974 vasa,
2596 1907 2850 1963 utensilia
2870 1949 2884 1974 ,
2915 1907 3005 1963 vel
3034 1907 3201 1962 etiam
3234 1908 3377 1964 bello
3419 1909 3759 1977 necessaria,

2152 1998 2496 2054 arcubalisttc
2517 2040 2530 2063 ,
2555 1999 2786 2067 arietes,
2816 2008 3123 2071 cmteraque
3145 2001 3505 2056 instrumenta
3534 2001 3588 2056 iu
3615 2003 3767 2056 exci-

2154 2090 2363 2146 sionem
2392 2090 2544 2145 urbis
2568 2090 2823 2159 adducta,
2854 2109 2975 2163 qure
3004 2102 3301 2164 sequentes
3324 2092 3502 2150 Judaei
3531 2106 3762 2165 praster-

2156 2183 2341 2251 ibant,
2395 2201 2464 2242 ne
2512 2195 2698 2243 essent
2753 2202 2922 2243 mora:
2954 2204 2969 2241 :
3003 2197 3347 2244 revertentes
3390 2188 3762 2259 colligebant,

2157 2285 2212 2330 ut
2241 2276 2329 2331 bis
2358 2278 2646 2333 adversum
2676 2293 2772 2334 eos
2819 2288 3099 2335 uterentur
3120 2322 3134 2345 ,
3160 2279 3191 2319 ι)
3242 2295 3476 2352 quorum
3519 2282 3655 2337 socii
3687 2282 3767 2337 di-

2157 2367 2458 2424 misissent.
2507 2369 2691 2425 Secuti
2722 2371 2867 2426 enim
2922 2386 3093 2443 usque
3124 2373 3193 2428 ad
3237 2373 3430 2430 urbem
3462 2376 3766 2447 Antipatrb
3861 2374 3873 2387 ⁸

2156 2460 2277 2515 dem
2296 2502 2311 2526 ,
2340 2471 2526 2531 postea
2554 2479 2713 2533 quam
2746 2474 3193 2537 praetergressum
3235 2484 3455 2525 omnem
3484 2468 3765 2527 oﬁ‘endere

2157 2554 2455 2608 exercitum
2487 2554 2819 2624 Romanum,
2853 2566 2904 2613 et
2933 2559 3434 2628 comprehendendi
3479 2576 3609 2631 spes
3640 2562 3759 2632 lap-

2158 2660 2247 2712 sa;
2293 2656 2611 2720 retorquent
2645 2652 2971 2724 vestigium,
3019 2661 3411 2725 captantesque
3457 2655 3631 2725 spolia
3662 2670 3768 2711 ca:-

2158 2753 2365 2805 sornm,
2399 2756 2520 2795 cum
2557 2742 2829 2814 triumpho
2857 2751 2912 2798 et
2941 2743 3157 2816 hymnis
3186 2745 3627 2817 Hierosolymam
3676 2763 3767 2804 re-

2159 2833 2501 2903 grediuntnr.
2534 2834 2742 2903 Quibus
2771 2847 2979 2894 tantum
3012 2838 3216 2895 Ιειξιὶιὶίυ
3240 2852 3520 2907 cesserat,
3555 2849 3616 2897 ιιι
3636 2856 3774 2913 pau-

2159 2925 2239 2981 cis
2291 2940 2512 2981 snorum
2565 2927 2783 2984 amissis
2815 2970 2831 2997 ,
2883 2931 3124 3001 quinque
3177 2933 3347 2988 millia
3399 2934 3646 3003 peditum
3703 2935 3771 2991 de

2160 3020 2402 3075 exercitu
2434 3020 2682 3077 Romano
2715 3032 2769 3078 et
2801 3025 3030 3080 trecenti
3080 3024 3294 3097 equites
3344 3028 3774 3099 exstingueren-

2161 3118 2268 3167 tur.
2304 3113 2457 3179 Quod
2489 3125 2702 3183 gestum
2733 3127 2820 3171 est
2869 3132 2947 3173 χιι
2998 3133 3141 3174 anno
3168 3118 3389 3190 Imperii
3414 3119 3681 3188 Neronis,
3714 3130 3772 3178 ut

2159 3220 2323 3279 supra
2351 3209 2796 3267 memoravimus.

2753 3302 2980 3362 CAPUT
3025 3304 3170 3365 XVI.

2234 3393 2342 3450 Sed
2392 3411 2498 3449 non
2527 3397 2769 3451 omnium
2820 3397 3135 3454 Judarorum
3167 3398 3259 3454 illa
3286 3400 3585 3458 exsultatio
3632 3414 3767 3458 erat.

2162 3484 2295 3540 Nam
2322 3485 2513 3554 fuere,
2557 3489 2739 3559 quise
2786 3501 2910 3560 post
2956 3490 3101 3546 illam
3134 3507 3241 3547 non
3273 3508 3509 3564 pugnam
3563 3495 3767 3560 CeStii,

2162 3579 2259 3635 sed
2306 3596 2600 3637 aerumnam
2630 3584 2789 3654 quasi
2832 3587 2902 3640 de
2958 3602 3215 3657 supremo
3270 3589 3520 3659 periculo
3568 3591 3775 3662 navigii

2163 3674 2461 3743 mergentis
2489 3676 2705 3745 eripere
2735 3678 3032 3747 gestirent,
3080 3688 3242 3751 atque
3271 3690 3500 3738 enatare
3526 3681 3597 3738 de
3642 3682 3773 3738 civi-

2164 3767 2292 3821 tatis
2319 3768 2621 3838 naufragio,
2670 3786 2734 3826 ac
2784 3787 2896 3841 przc
2925 3773 3140 3828 caeteris
3188 3773 3529 3832 Custobarus
3557 3785 3614 3832 et
3641 3776 3773 3832 Sau-

2164 3856 2251 3913 lus
2283 3857 2454 3914 fratcr
2480 3874 2605 3915 cum
2630 3860 2880 3932 Philippo
2903 3863 3143 3935 principe
3158 3866 3367 3921 militizc
3395 3868 3542 3938 regis
3582 3867 3775 3940 Agrip-

2165 3964 2248 4021 pze
2283 3968 2296 4005 :
2332 3950 2385 4005 hi
2420 3951 2688 4023 fugientes
2712 3954 2778 4009 ad
2804 3955 3046 4010 Gestiunt
3071 3972 3194 4012 sese
3223 3959 3507 4014 contulere
3533 4001 3549 4023 ,
3593 3970 3775 4030 peten-

2167 4050 2249 4097 tes
2295 4051 2355 4098 ut
2380 4044 2447 4098 ad
2483 4044 2756 4103 Neronem
2791 4049 2842 4102 in
2882 4048 3142 4105 Achaiam
3193 4051 3587 4124 dirigerentur.
3618 4053 3772 4123 Quod

2167 4135 2384 4193 Cestius
2439 4139 2628 4196 volens
2675 4144 2917 4213 accepit,
2970 4160 3070 4200 nec
3128 4147 3398 4216 postulata
3454 4148 3686 4216 abnuit,
3718 4158 3775 4205 ut

2168 4244 2267 4299 per
2306 4232 2455 4302 ipsos
2505 4231 2689 4290 Caesar
2731 4236 3080 4306 edoceretur,
3112 4255 3332 4296 causam
3387 4241 3519 4298 belli
3554 4242 3767 4299 Florum

2169 4325 2362 4392 fuisse;
2387 4328 2489 4384 sibi
2514 4330 2621 4385 vim
2646 4332 2882 4389 maxime
2905 4335 3252 4391 necessitatis
3276 4336 3421 4393 bello
3438 4337 3766 4404 incubuisse,

2172 4426 2232 4473 ut
2257 4418 2529 4490 inopinata
2544 4425 2974 4490 conSpirantium
2999 4427 3350 4485 multitudine
3375 4431 3658 4487 exercitus
3677 4432 3773 4486 cir-

2174 4514 2581 4570 cumveniretur
2618 4532 2631 4570 :
2662 4531 2823 4587 quem
2851 4519 3024 4588 magis
3078 4520 3311 4576 consilio
3348 4520 3503 4594 d‘ucis
3527 4532 3770 4594 ereptum

2174 4603 2449 4672 periculo,
2482 4622 2642 4676 quam
2675 4609 3008 4678 implicatum
3034 4611 3327 4683 linqueret.
3355 4590 3770 4672 Tentasse'Ces-

2179 4698 2311 4754 tium
2330 4702 2566 4758 excitata
2599 4706 2651 4759 in
2682 4706 2903 4763 Florum
2931 4708 3051 4764 odia
3082 4711 3300 4780 sedare,
3325 4712 3419 4768 sed
3443 4715 3772 4786 nequivisse.

2177 4794 2365 4867 Itaque
2412 4798 2671 4857 incidisse
2710 4801 2950 4870 bellum,
3007 4821 3114 4860 non
3149 4805 3422 4863 intulisse.
3457 4807 3588 4864 Haec
3636 4810 3771 4866 enim

2178 4891 2434 4946 mandata
2485 4903 2674 4960 erant,
2732 4904 2791 4950 ut
2845 4898 3218 4955 commotione
3246 4901 3393 4955 omni
3437 4902 3676 4959 Cmsaris
3724 4902 3772 4957 in

2180 4983 2401 5039 Florum
2431 4988 2663 5043 excitata
2686 5030 2700 5055 ,
2735 4990 2905 5045 minui
2928 4991 3074 5047 circa
3097 5008 3156 5049 se
3177 5002 3426 5064 speraret
3445 4995 3680 5051 Caesaris
3702 4995 3777 5051 of—

2182 5075 2509 5146 fensionem,
2543 5095 2703 5150 quam
2733 5083 2875 5145 male
2901 5093 3071 5154 gestae
3114 5085 3194 5141 rei
3242 5088 3583 5145 conscientia
3619 5087 3779 5159 perti-

2183 5170 2478 5225 mescebat.
2508 5171 2587 5226 Ita
2612 5184 2794 5229 autem
2822 5176 3071 5248 plerique
3101 5179 3378 5248 perterriti
3398 5190 3527 5237 sunt
3553 5182 3776 5238 Romani

2179 5261 2632 5321 clade'exercitus
2656 5308 2672 5333 ,
2708 5276 2766 5323 ut
2803 5268 3123 5326 Damasceni
3168 5282 3479 5329 metuentes
3515 5283 3779 5346 suspectat

2182 5354 2461 5410 societatis
2486 5359 2735 5430 contagia
2760 5402 2775 5427 ,
2806 5371 3028 5433 propter
3056 5362 3418 5421 habitationis
3437 5369 3775 5424 consortium

2180 5446 2561 5504 interﬁcerent
2586 5450 2804 5508 Judazos
2849 5454 2901 5508 in
2950 5457 3240 5527 gymnasio
3285 5469 3649 5530 congregatos
3691 5457 3776 5531 qui

2178 5551 2363 5595 secum
2394 5542 2585 5598 urbem
2637 5544 2947 5601 incolebant
3006 5564 3019 5598 :
3065 5548 3211 5618 quod
3260 5548 3341 5606 illi
3366 5550 3455 5607 vel
3476 5552 3776 5622 suspicione

2152 5762 2181 5803 δ
2214 5764 2320 5831 Qui
2348 5782 2411 5823 ea
2440 5768 2753 5828 divisissent.
2781 5770 2859 5827 Io.
