3964 6314
272 335 426 398 2065

1146 342 1417 401 HISTOR.
1461 344 1551 401 DE
1589 342 1867 402 EXCIDIO
1905 343 2176 403 HIEROS.
2218 344 2425 404 URBIS
2464 346 2593 406 LIB.
2638 348 2705 405 ll.

3438 354 3585 411 2066

273 456 366 511 vel
416 454 541 513 dolo
565 456 677 527 jam
710 456 912 514 dudum
948 471 1406 531 procuraverant,
1441 470 1497 518 ut
1527 479 1557 518 a
1582 465 1877 534 gentilibus
1903 466 1955 526 A
1985 464 2097 520 tani
2136 466 2403 521 incolatns
2464 468 2714 523 militiam
2744 486 2756 521 :
2789 468 2884 525 sed
2946 485 3054 525 non
3102 469 3305 528 diutius
3351 484 3585 543 cognato

271 548 514 603 cmtibus
544 562 983 619 segregarentur,
1027 568 1096 607 ne
1139 553 1267 622 quid
1310 568 1407 625 per
1451 563 1669 611 noctem
1703 571 1869 611 nova-

271 650 398 695 rent
419 682 432 701 .
464 640 548 695 vel
579 650 634 695 ut
659 642 852 696 exsilio
880 643 978 697 soli
1014 654 1281 713 paterent.
1312 645 1541 701 Summo
1569 661 1700 702 sane
1730 663 1876 719 mys-

273 734 418 788 terio
448 733 684 799 silentii,
721 746 777 788 ut
805 750 871 791 ne
894 736 959 790 ad
1006 752 1202 791 uxores
1230 736 1449 807 quidem
1494 753 1619 793 snas
1647 749 1874 795 conatus

272 825 584 881 istiusmodi
607 835 812 883 tractus
849 839 1072 885 mearet.
1101 830 1365 899 Quoniam
1389 831 1521 901 ipsze
1552 849 1767 904 quoque
1806 850 1874 889 ex

269 925 430 989 parte
460 920 696 975 maxima
720 920 1027 977 Judteorum
1055 923 1288 978 cultibus
1311 923 1768 980 admisccbantur.

848 1014 1081 1072 CAPUT
1121 1015 1287 1073 XVII.

345 1103 589 1175 Angusto
620 1107 804 1178 itaque
836 1107 888 1162 in
923 1108 1047 1165 loco
1069 1125 1262 1165 omnes
1285 1109 1489 1178 adorsi,
1523 1120 1875 1179 peremerunt

265 1197 584 1254 Judaeorum
625 1199 816 1256 decem
869 1200 1059 1257 millia.
1093 1202 1248 1271 Quod
1284 1202 1440 1259 facile
1476 1203 1599 1267 fuit,
1635 1211 1692 1257 ut
1735 1219 1874 1273 pra:-

267 1290 418 1345 venti
450 1290 517 1345 ab
545 1291 775 1348 armatis
803 1292 1045 1350 inermes
1072 1295 1347 1366 .perirent.
1384 1294 1449 1349 Et
1505 1294 1722 1365 quidem
1754 1295 1873 1365 ejus

266 1385 625 1440 immanitatis
660 1387 970 1457 exemplum
1002 1403 1220 1457 recens,
1269 1388 1590 1461 Scythopoii
1625 1389 1869 1445 etiamin

264 1479 446 1550 majus
475 1490 848 1549 processerat,
886 1497 995 1552 quo
1024 1483 1278 1539 incitatos
1304 1483 1674 1539 Damascenos
1720 1499 1866 1540 reor.

262 1570 403 1626 Nam
441 1586 565 1626 cum
595 1571 771 1627 Judaei
801 1573 1037 1628 ﬁnitima
1068 1591 1301 1647 quaeque
1330 1577 1744 1647 popularentur,
1779 1592 1872 1634 ve-

263 1674 469 1719 nerunt
498 1664 898 1738 Scythopolim,
926 1677 1089 1737 atque
1112 1667 1226 1722 illic
1249 1666 1619 1724 inhabitantes
1651 1668 1871 1724 Judasos

259 1769 476 1815 tentare
515 1759 719 1823 adorsi,
774 1760 1119 1817 adversarios
1161 1760 1374 1831 experti
1406 1772 1555 1828 sunt,
1601 1776 1739 1833 quos
1767 1762 1869 1817 sibi

1977 557 2159 613 debita
2187 559 2440 629 sanguini
2473 559 2643 615 defuit
2694 560 2954 616 vindicta.
3011 562 3256 634 Namque
3280 563 3372 621 ubi
3415 565 3582 621 fracta

1981 650 2134 720 ﬁdes,
2160 662 2214 706 et
2237 652 2630 724 ScythOpoiitze
2652 654 3036 722 circumventi,
3062 658 3153 727 qui
3181 674 3245 712 ex
3276 659 3584 728 composito

1978 744 2113 798 sead
2146 760 2335 799 nemus
2356 746 2721 812 contulerant,
2746 746 2954 804 instare
2976 748 3120 803 bello
3150 752 3584 822 atqueingruere

1977 846 2285 905 cmperunt.
2331 838 2507 893 Etiam
2553 839 2691 894 ﬁlios
2723 855 2786 896 ac
2818 853 3071 910 parentes
3118 842 3359 899 Simonis
3403 846 3580 901 deleta

1976 930 2325 985 multitudine
2367 939 2712 999 cmterorum,
2763 933 2978 988 eminus
3012 935 3140 989 licet
3169 936 3469 992 missilibus
3520 954 3584 994 ac

1980 1021 2099 1075 telis
2131 1021 2406 1090 petebant.
2441 1022 2642 1078 Videns
2683 1024 2874 1080 Simon
2908 1026 3366 1082 innumerabilem
3398 1029 3583 1083 multi—

1980 1112 2220 1168 tudinem
2272 1113 2416 1169 facili
2449 1117 2668 1186 negotio
2696 1118 3060 1187 superiorem,
3106 1128 3163 1173 ut
3208 1119 3415 1175 diutius
3448 1122 3585 1176 tole-

1976 1205 2085 1259 rari
2133 1207 2412 1276 nequiret,
2464 1207 2706 1278 gladium
2758 1210 3019 1276 extraxit,
3051 1218 3217 1282 atque
3264 1213 3317 1267 in
3361 1213 3578 1269 hostem

1975 1311 2275 1353 conversus
2320 1299 2597 1355 clamabat
2652 1300 2843 1356 dicens
2894 1320 2906 1354 :
2962 1302 3134 1373 Digna
3187 1303 3582 1376 Scythopoiitte

1975 1388 2133 1445 factis
2206 1390 2414 1462 recipio
2479 1393 2639 1459 meis,
2698 1394 2787 1463 qui
2846 1404 3204 1464 cognatorum
3262 1392 3289 1431 ἀ
3343 1411 3575 1463 necem,

1973 1498 2136 1552 quam
2195 1484 2352 1539 vobis
2397 1483 2771 1554 impenderem
2834 1487 3215 1542 benevolentia
3251 1488 3578 1546 testiﬁcatus

1976 1590 2118 1642 sum,
2146 1586 2199 1632 et
2228 1576 2454 1634 fratrum
2478 1579 2800 1649 sanguinem
2826 1581 2979 1635 vobis
3006 1580 3250 1637 obsidem
3282 1581 3405 1637 dedi
3456 1599 3581 1652 gra-

1978 1668 2089 1734 titr,
2134 1670 2334 1739 quibus
2358 1670 2814 1741 justiusperﬁdia
2868 1672 3218 1728 tribueretur.
3269 1674 3421 1730 Nunc
3450 1674 3578 1730 dum

1977 1762 2296 1830 alienigenis
2331 1762 2491 1819 ﬁdem
2516 1764 2732 1831 defero,
2772 1766 2824 1820 in
2857 1766 3193 1822 domesticos
3215 1768 3373 1822 amisi
3410 1786 3423 1822 :
3459 1784 3583 1838 pro-

262 1853 407 1909 ﬁdos
437 1853 868 1922 arbitrabantur,
903 1854 1158 1926 quoniam
1193 1871 1347 1911 more
1378 1856 1582 1926 ingenii
1614 1856 1862 1925 humani,
1896 1858 1942 1919 B
1970 1853 2081 1910 didi
2109 1856 2273 1910 etiam
2308 1854 2534 1924 liberos,
2567 1867 2954 1928 parentesque,
2989 1873 3128 1928 quos
3158 1873 3188 1913 a
3215 1859 3371 1913 vobis
3395 1869 3578 1914 tamen

262 1957 287 1984 η
334 1949 786 2020 praeponderatur
828 1949 970 2020 apud
999 1966 1094 2006 eos
1136 1951 1329 2006 salutis
1360 1965 1514 2017 cura,
1558 1954 1863 2009 necessitu-

258 2040 376 2097 dini
420 2063 432 2098 :
472 2042 726 2099 secundis
779 2042 944 2115 igitur
1000 2045 1400 2099 constituentes
1449 2044 1648 2101 tribule
1690 2045 1860 2100 colle-

255 2138 428 2207 gium,
456 2137 1189 2209 praeferuntinbahitantium
1213 2138 1554 2205 societatem,
1573 2138 1863 2194 tribulibus

255 2232 469 2287 cladem
501 2232 798 2287 minantur.
832 2232 989 2299 Quod
1036 2240 1347 2303 suspectum
1374 2232 1688 2302 gentilibus,
1732 2231 1860 2302 quia

255 2327 686 2397 promptioribus
700 2326 897 2381 studiis
918 2325 1164 2381 odiormn
1182 2326 1235 2380 in
1262 2340 1392 2380 suos
1412 2326 1692 2381 exsecutio
1717 2341 1857 2395 prae—

256 2418 585 2474 tendebatur
614 2435 628 2474 :
662 2435 731 2473 ne
753 2417 1119 2473 simulationis
1146 2418 1327 2488 specie
1359 2417 1518 2473 dolus
1560 2417 1858 2474 adornare-

199 2506 206 2511 ”
257 2522 369 2578 tur,
400 2521 564 2583 atque
593 2512 781 2568 urbem
823 2510 1216 2567 incautioribus
1246 2510 1449 2565 accolis
1482 2519 1644 2566 noctu
1678 2510 1860 2566 adori-

253 2616 472 2672 rentur,
502 2607 899 2677 prostratisqne
918 2605 1170 2660 omnibus
1184 2605 1456 2674 gentibus,
1473 2604 1616 2675 apud
1640 2603 1860 2660 Judzeos

252 2698 358 2754 sibi
408 2697 639 2769 gratiam
687 2697 1109 2753 reconciliarent
1143 2715 1156 2751 :
1185 2713 1249 2753 ac
1294 2714 1390 2769 per
1416 2698 1522 2753 hoc
1568 2697 1610 2752 si
1653 2698 1859 2753 vellent

253 2793 417 2848 fidem
446 2807 599 2848 suam
631 2792 798 2849 etiam
823 2792 966 2848 circa
1002 2793 1239 2863 gentiles
1268 2792 1523 2862 probare.
1556 2807 1678 2846 cum
1708 2792 1854 2846 omni

250 2889 609 2959 generatione
650 2902 746 2942 sua
788 2888 923 2943 urbe
948 2887 1303 2952 excederent,
1332 2886 1682 2957 vicinumque
1706 2900 1856 2957 pete-

250 2990 378 3037 rent
437 2995 652 3036 nemns.
713 2980 831 3047 Quo
880 2979 1057 3046 facto,
1106 2994 1206 3050 per
1257 2978 1479 3033 biduum
1530 2979 1856 3049 quieverunt

246 3074 663 3146 Scythopolitte,
696 3081 754 3129 ut
784 3073 965 3144 portio
1001 3073 1314 3129 'JUdiliOl‘Ulll
1346 3074 1712 3143 suspicionem
1759 3075 1854 3132 dc-

248 3181 502 3247 poneret,
562 3169 813 3225 indueret
863 3169 1239 3225 securitatem.
1287 3167 1470 3224 Tertia
1523 3177 1684 3224 nocte
1728 3184 1849 3224 cum

1972 1958 1995 1984 ε
2049 1950 2232 2003 necari
2266 1949 2573 2018 oportebat,
2627 1951 2670 2004 si
2714 1950 3025 2006 mercedem
3066 1951 3292 2007 sceleris
3337 1954 3580 2008 mstitna-

1967 2041 2117 2095 retis.
2152 2040 2353 2096 Moriar
2376 2043 2561 2113 igitur,
2596 2044 2640 2098 si
2671 2044 2844 2099 iratus
2875 2044 3154 2112 omnibus,
3181 2045 3315 2099 nulli
3342 2046 3581 2110 amicus.

1964 2136 2055 2205 qui
2085 2136 2537 2193 circumvenerim
2577 2154 2729 2194 meos
2760 2148 2815 2196 et
2842 2142 3079 2210 pr0priis
3110 2140 3363 2197 manibus
3413 2140 3579 2195 ultio—

1963 2244 2086 2282 nem
2117 2228 2185 2284 de
2212 2246 2299 2284 me
2326 2230 2473 2299 prius
2503 2242 2760 2301 expetam
2790 2249 2801 2285 :
2861 2232 3073 2304 peremi
3117 2234 3300 2288 socios
3353 2233 3575 2303 religio-

1962 2320 2070 2387 nis,
2129 2331 2183 2375 et
2234 2321 2359 2377 fidei
2396 2333 2682 2379 consortes
2724 2342 2737 2379 :
2794 2340 3132 2395 recognosco
3181 2325 3408 2382 sceleris
3468 2326 3577 2382 mei

1961 2414 2162 2471 debita.
2212 2415 2430 2472 Solvam
2503 2428 2653 2475 lauto
2718 2419 2938 2490 dignum
2991 2420 3282 2491 sacrilegio
3332 2421 3568 2490 parrici-

1960 2510 2135 2576 ditnn,
2169 2519 2227 2566 ut
2256 2527 2319 2567 ea
2349 2513 2421 2566 sit
2464 2521 2519 2568 et
2549 2527 2648 2583 pro
2674 2512 2885 2584 ﬂagitio
2913 2528 3095 2583 poena,
3128 2523 3183 2568 et
3210 2513 3277 2568 ad
3310 2514 3568 2569 virtutem

1957 2604 2133 2674 gloria
2161 2622 2174 2658 :
2208 2620 2278 2661 ne
2301 2606 2421 2674 quis
2444 2621 2504 2660 se
2526 2606 2697 2675 jactet
2727 2606 2866 2661 alius
2898 2604 2915 2642 ί
2946 2620 3069 2660 meo
3095 2605 3345 2672 vulnere,
3379 2606 3430 2660 in
3482 2621 3570 2662 me

1959 2701 2135 2769 ipsum
2171 2712 2355 2769 postea
2402 2712 2756 2757 convertetur
2806 2702 3003 2757 dextra
3032 2717 3150 2758 mea
3180 2720 3192 2756 :
3228 2714 3284 2757 ιιι
3313 2702 3568 2759 videatur

1957 2790 2163 2846 furoris
2214 2807 2338 2847 esse
2388 2792 2534 2863 quod
2587 2794 2810 2860 morior,
2861 2808 2969 2849 non
3024 2793 3420 2849 imbecillitatis
3455 2811 3566 2850 :ne

1957 2884 2083 2955 quis
2129 2885 2359 2939 insultet
2402 2885 2645 2950 cadenti,
2682 2895 2707 2931 8
2758 2885 2829 2940 sit
2873 2886 3075 2942 vindex
3128 2886 3404 2955 parricidii
3456 2888 3569 2942 ele-

1960 2978 2188 3045 mentia,
2228 2977 2581 3047 parricidium
2605 2977 2899 3047 sacrilegii.
2927 2977 3056 3032 lla'c
3077 2978 3312 3041 locutus.
3339 2994 3572 3035 conver—

1957 3069 2021 3123 tit
2050 3068 2301 3123 obtutum
2330 3069 2385 3124 in
2421 3068 2623 3124 liberos
2645 3077 3049 3141 parentesque;
3078 3078 3134 3124 et
3156 3069 3568 3140 indignantibus

1957 3162 2151 3225 oculis,
2181 3176 2306 3216 cum
2327 3161 2438 3232 jam
2473 3162 2849 3217 misericordia
2881 3164 3051 3218 mixta
3082 3164 3179 3218 irae
3205 3166 3563 3233 succederet,

242 3238 357 3333 jam
391 3243 723 3333 praesumpta
748 3260 778 3300 ι)
822 3260 960 3317 ﬁdes
998 3261 1295 3333 gentilibus
1323 3260 1655 3318 removisset
1696 3261 1849 3317 solli-
1879 3238 1924 3300 C
1958 3253 2246 3324 abreptum
2297 3269 2326 3308 c
2376 3254 2556 3309 medio
2606 3263 2815 3324 patrem
2866 3256 3050 3325 gladio
3098 3257 3514 3313 transverberat
3549 3277 3562 3313 :

246 3356 571 3422 citudinem,
617 3355 851 3410 incautis
879 3364 935 3411 et
961 3355 1363 3412 dormientibus
1409 3357 1488 3412 vis
1532 3357 1710 3425 illata,
1757 3356 1852 3413 de-

245 3464 481 3521 cemque
525 3458 580 3505 et
609 3451 778 3506 tribus
821 3450 1058 3506 millibus
1088 3450 1366 3506 hominum
1400 3452 1605 3508 necatis
1636 3472 1650 3509 :
1699 3469 1850 3525 quze-

246 3560 481 3616 cnmque
510 3545 676 3602 etiam
706 3544 1034 3613 habuerunt,
1063 3545 1274 3616 direpta
1306 3557 1450 3603 sunt.

819 3636 1050 3694 CAPUT
1089 3637 1280 3693 XVIII.

320 3731 733 3801 Expositionem
764 3731 934 3803 exigit
959 3730 1202 3787 Simonis
1258 3732 1456 3787 acerba
1490 3734 1692 3802 passio,
1725 3734 1843 3789 visu

246 3832 302 3880 ct
326 3823 515 3878 auditu
555 3824 889 3889 miseranda,
940 3823 1036 3879 sed
1069 3824 1313 3878 novitate
1344 3826 1422 3880 rei
1455 3826 1845 3882 memorabilis.

246 3916 298 3974 is
355 3926 474 3974 erat
523 3918 577 3974 in
631 3920 831 3989 popqu
882 3917 1221 3984 Judteorum,
1270 3918 1435 3975 Saule
1456 3918 1597 3973 haud
1623 3920 1847 3990 ignobili

244 4011 463 4081 genitus
493 4020 666 4081 patre.
698 4012 864 4066 animi
893 4011 1116 4066 audacia
1163 4011 1457 4082 praeditus,
1506 4020 1561 4067 et
1602 4013 1850 4083 corporis

244 4104 589 4160 lortitudine.
623 4106 863 4171 Quarum
895 4114 1183 4175 utramque
1224 4105 1276 4158 in
1307 4103 1532 4159 exitium
1570 4104 1846 4160 tribulium

245 4211 468 4251 suorum
518 4197 781 4264 excreuit,
810 4197 902 4268 qui
932 4197 1198 4268 plurimos
1227 4212 1292 4252 ex
1322 4198 1521 4268 potiulo
1553 4198 1851 4254 adventitio

243 4289 559 4344 Judteorum
599 4289 795 4345 crebro
835 4289 1053 4344 incursu
1086 4290 1319 4360 peremit
1348 4308 1362 4344 :
1392 4305 1454 4346 ac
1481 4292 1524 4345 si
1563 4291 1700 4347 forte
1723 4308 1854 4348 con-

244 4384 435 4456 Spirati
465 4384 741 4450 adessent,
778 4384 928 4439 solus
955 4393 1291 4440 sustentaret
1316 4385 1513 4452 aciem,
1537 4395 1592 4441 et
1626 4388 1847 4458 conglo-

245 4477 403 4532 batus
446 4476 640 4532 solitus
691 4485 958 4541 avertere,
1007 4477 1173 4531 t0tius
1203 4485 1322 4532 erat
1368 4476 1544 4531 nodus
1588 4493 1652 4533 ac
1693 4493 1847 4533 mora

243 4569 372 4625 belli
410 4586 423 4622 :
459 4578 516 4625 et
577 4569 899 4639 plcrmnque
949 4568 1256 4638 desperatis
1314 4567 1478 4638 rebus
1532 4571 1843 4627 conversio.

250 4675 269 4701 τ
289 4662 667 4718 Exhihnerant
683 4664 793 4733 jam
812 4662 1022 4720 civibus
1042 4662 1331 4719 adversum
1357 4677 1486 4718 suos
1508 4663 1854 4736 Scythopoli-
1878 4659 1932 4719 D

319 4783 344 4811 ⁸
386 4774 785 4844 Ρνιεροηάεναι.
811 4775 982 4830 Bann.

318 4843 345 4883 ιι
386 4846 491 4919 ill.
507 4843 638 4919 ﬁdes
667 4848 850 4919 gratia:
874 4848 1166 4902 removisset
1196 4848 1450 4905 custodia:
1476 4848 1645 4905 rollic.
1680 4849 1755 4905 In.

322 4928 343 4954 ε
384 4915 691 4972 ΕπΙιίὸρὸαῐ.
728 4918 801 4975 In.

316 4985 345 5024 ά
388 4988 534 5115 Agere
568 5028 580 5042 .
610 5028 623 5040 .
652 5029 665 5043 .
698 5030 711 5042 .
741 5031 754 5044 .
813 4989 1231 5047 benevolentiam.
1274 4991 1342 5047 Et
1388 5006 1515 5047 mox
1560 4996 1848 5063 fraternum

316 5077 395 5115 na.
450 5076 502 5114 υ.
988 5080 995 5089 ·

242 5076 395 5131 song.
425 5076 502 5115 ID.
988 5080 995 5089 ·

1951 3354 2076 3415 post
2120 3361 2244 3401 eum
2277 3354 2451 3400 mater
2474 3346 2788 3411 attrahitur,
2823 3361 2894 3403 ne
2917 3359 3064 3402 esset
3093 3348 3183 3419 qui
3210 3365 3306 3418 pro
3341 3351 3558 3419 nepoti-

1955 3440 2055 3495 bus
2086 3441 2462 3496 interveniret.
2489 3440 2660 3496 Oﬁ‘ert
2688 3455 2750 3497 se
2776 3458 2872 3513 per
2897 3442 3147 3498 ordinem
3175 3444 3370 3500 volens
3400 3462 3555 3514 uxor,

1952 3548 2022 3587 ne
2072 3540 2225 3587 tanto
2253 3532 2468 3603 dejecta
2515 3535 2751 3605 conjuge
2797 3536 3196 3604 superviveret.
3247 3536 3561 3593 Occurrunt

1956 3626 2076 3694 ﬁlii,
2110 3643 2178 3682 ne
2204 3628 2506 3698 degeneres
2546 3637 2700 3682 tanto
2727 3638 2879 3699 patre
2908 3629 2962 3683 in
3005 3629 3123 3699 ipsa
3153 3644 3329 3685 morte
3353 3632 3564 3701 judica-

1952 3732 2164 3776 rentur.
2196 3720 2511 3777 Festinahat
2534 3722 2654 3792 ipse
2677 3722 2783 3776 ictu
2798 3721 2962 3777 celeri
2993 3722 3205 3777 hostem
3231 3725 3556 3793 praevenire.

1953 3810 2113 3867 Omni
2144 3812 2325 3882 itaque
2355 3824 2635 3883 perempta
2674 3812 2900 3879 familia,
2929 3814 3084 3868 stetit
3109 3814 3162 3867 in
3187 3813 3370 3869 medio
3399 3813 3558 3870 fune-

1952 3921 2075 3960 rum
2115 3920 2360 3960 suormn.
2414 3905 2485 3960 Et
2516 3915 2773 3975 tanquam
2808 3902 2834 3941 ιι
2868 3905 3211 3975 triumphans
3240 3905 3559 3962 domesticis

1956 4000 2327 4070 passionibus,
2386 3999 2527 4069 quod
2572 4000 2846 4055 neminem
2896 4013 3118 4052 suorum
3153 4000 3335 4055 alieno
3376 4001 3559 4071 gladio

1953 4095 2088 4150 vidit
2120 4096 2324 4166 perire,
2354 4093 2923 4161 elevavitdexteram,
2952 4104 3012 4149 ut
3044 4109 3235 4151 omnes
3267 4095 3560 4162 viderent,

1956 4204 2019 4245 ac
2038 4188 2437 4246 formidabilem
2461 4189 2676 4245 cunctis
2705 4189 3000 4259 subjiciens
3029 4189 3131 4245 sibi
3156 4198 3412 4257 mortem,
3434 4203 3561 4259 pro-

1957 4285 2075 4354 prio
2122 4286 2299 4340 victor
2347 4299 2469 4340 sese
2525 4285 2800 4339 transfixit
2853 4301 3137 4339 mucrone.
3195 4283 3577 4341 Memorabilis'

1945 4378 2164 4449 juvenis
2193 4379 2265 4433 ob
2292 4379 2570 4450 egregiam
2605 4377 2985 4434 fortitudinem
3009 4378 3279 4448 corporis,
3311 4386 3367 4433 et
3387 4377 3557 4432 animi

1955 4470 2389 4542 magnitudinem
2423 4488 2436 4525 :
2470 4469 2568 4526 sed
2618 4471 2744 4540 quia
2782 4469 2943 4526 ﬁdem
2995 4470 3321 4541 alienigenis
3378 4468 3561 4540 potius

1953 4566 2116 4632 quam
2144 4557 2259 4617 suis
2284 4562 2501 4629 detulit,
2530 4561 2623 4617 tali
2653 4562 2849 4634 dignus
2873 4561 3028 4618 exitu
3058 4561 3177 4616 fuit.

2030 4794 2053 4854 ιζ
2096 4783 2292 4838 Necari
2318 4799 2420 4838 non
2451 4783 2737 4854 oportebat.
2768 4782 2843 4837 In.

2032 4852 2052 4890 ί
2095 4852 2496 4909 Meorumvuln.
2533 4855 2607 4910 In.

2030 4934 2054 4971 8
2097 4928 2181 4983 Al.
2215 4927 2282 4980 sit
2312 4927 2470 4981 index
2499 4926 2773 4993 parricidii
2793 4924 3070 4981 dementia.
3095 4924 3172 4980 ID.

2028 4993 2053 5031 ¹¹
2093 4996 2465 5069 Triumphalia.
2500 4999 2576 5055 In.
2658 5071 2662 5075 ι

1421 5289 1765 5374 LIBER
1841 5287 2384 5373 TERTIUS.

892 5547 1124 5606 CAPUT
1163 5549 1207 5604 Ι.

317 5644 398 5699 Ea
441 5650 728 5714 postquam
752 5643 956 5700 Neroni
990 5644 1239 5699 nuntiata
1262 5652 1392 5699 sunt
1412 5644 1465 5701 in
1486 5643 1706 5700 Achaiae
1729 5658 1853 5714 par-

243 5737 394 5794 tibus
448 5737 576 5801 sito,
626 5738 716 5808 qui
754 5737 1086 5807 tragicorum
1135 5738 1437 5792 carminum
1497 5735 1854 5792 meditatione

244 5827 633 5896 ﬁontcnderat,
666 5838 723 5884 ut
746 5830 812 5885 de
842 5828 1088 5900 pluribus
1136 5830 1406 5885 scenicam
1457 5843 1713 5884 coronam
1765 5841 1851 5882 re-

1959 5546 2171 5603 ferret:
2202 5548 2439 5615 nescias,
2469 5561 2581 5617 quo
2624 5546 2804 5618 magis
2828 5546 3023 5619 turpis,
3065 5556 3250 5604 utrum
3306 5551 3452 5620 quod
3500 5553 3557 5609 in

1955 5655 2177 5697 scenam
2228 5642 2527 5711 imperator
2574 5639 2843 5710 prodiret,
2884 5655 2953 5695 an
3001 5642 3146 5711 quod
3192 5656 3411 5698 scenam
3442 5647 3559 5703 suis

1955 5733 2173 5805 ﬂagitiis
2202 5735 2472 5806 impleret,
2506 5734 2598 5805 qui
2629 5740 2873 5804 turparet
2896 5732 3147 5791 Orestem
3188 5733 3461 5803 canendo,
3500 5744 3557 5794 et

1958 5824 2252 5900 parricidio
2279 5835 2724 5899 repraesentaret,
2756 5826 2939 5895 gravis
2966 5842 3087 5883 cum
3125 5827 3324 5883 invasit
3354 5840 3553 5886 metus.
