3964 6348
467 301 612 361 2067

465 508 960 579 pertimescentem,
987 512 1044 559 nt
1068 501 1360 572 aliquando
1388 516 1417 556 a
1440 498 1788 554 theatralium
1820 498 2062 566 volupta-

475 613 588 657 tum
622 602 1052 664 obscenitate,et
1082 594 1421 666 parricidalis
1449 592 1702 648 amentiae
1726 591 1911 646 furore
1937 590 2073 645 resi-

472 694 725 763 pisceret,
748 704 911 761 atque
938 688 1004 744 ad
1037 703 1196 743 curas
1222 685 1537 756 reipublica:
1569 699 1890 748 conversus,
1927 683 2070 736 intra

473 802 530 842 se
555 786 812 841 fremeret
838 794 892 839 et
917 781 1225 846 desaeriret,
1251 780 1396 852 quod
1429 780 1635 835 incuria
1667 779 1822 835 ducis
1855 778 2033 848 potius
2053 819 2069 845 ,

471 894 631 950 quam
663 878 862 932 virtute
912 875 1346 931 adversariorum
1405 884 1609 929 lautam
1642 871 1851 928 cladem
1882 887 2074 943 respu-

472 971 614 1026 blica
630 969 874 1024 Romana
897 967 1192 1036 acceperit.
1217 965 1487 1022 Tentabat
1540 964 1762 1036 quidem
1812 963 2074 1019 simulare

472 1064 778 1126 audaciam,
810 1060 905 1116 sed
944 1059 1307 1130 redarguebat
1335 1057 1531 1123 timor,
1565 1067 1617 1112 et
1648 1056 1801 1126 quasi
1836 1056 2076 1125 speciem

469 1152 929 1223 magnanimitatis
957 1160 1276 1221 praetexere,
1309 1159 1365 1204 ut
1387 1164 1546 1220 supra
1579 1162 1876 1202 mrtttttnattt
1909 1160 2078 1217 nego—

469 1244 670 1300 tiorum
723 1253 959 1299 mentem
994 1242 1243 1298 haberet.
1293 1241 1401 1298 Sed
1434 1240 1863 1312 distringebatnr
1911 1239 2078 1295 animi

474 1336 873 1403 sollicitudine,
923 1351 1084 1407 quem
1147 1334 1433 1390 demenda:
1465 1333 1776 1405 ignominiaa
1824 1332 2080 1409 belloque

475 1428 817 1484 conficiendo
840 1428 1050 1499 legeret
1098 1427 1316 1483 ducem.
1350 1425 1897 1498 UrgebantJudream
1950 1424 2080 1479 ulti-

480 1537 581 1575 ma:
610 1521 745 1575 labis
768 1522 951 1575 futura
980 1520 1214 1585 excidia,
1247 1527 1307 1574 ut
1338 1518 1482 1574 Nero
1509 1520 1746 1588 regalem
1790 1532 2080 1589 personam

478 1614 765 1683 indueret,
797 1623 853 1670 et
884 1614 1095 1684 providi
1126 1613 1455 1670 consultoris
1486 1629 1652 1680 voce,
1682 1614 1951 1669 salubrem
1981 1628 2079 1667 ex-

483 1710 745 1778 primeret
786 1709 1132 1763 sententiam.
1173 1707 1561 1776 Vespasianum
1615 1706 1792 1762 solum
1833 1720 1953 1761 esse
1993 1704 2081 1760 cui

1805 290 2056 351 SANCTI
2095 288 2419 353 AMBROSII

466 416 584 471 Non
638 414 729 470 illa
772 413 1022 469 ludorum
1076 410 1300 475 similia,
1359 406 1452 463 sed
1498 406 1764 462 bellorum
1818 406 2147 475 supremaA

3650 278 3797 335 2068

2812 397 3044 454 CAPUT
3096 397 3157 451 Il.

2248 492 2419 548 Erant
2450 500 2580 553 tunc
2625 490 2883 561 temporis
2918 490 3106 546 Romm
3136 490 3330 546 Petrus
3358 499 3413 545 et
3444 488 3678 551 Paulus,
3703 491 3802 543 do-

2175 596 2358 639 ctores
2377 584 2842 649 Christianorum,
2873 582 3136 637 sublimes
3156 583 3438 652 operibus,
3463 580 3609 636 clari
3637 582 3803 651 magi-

2174 676 2365 741 sterio,
2399 676 2488 746 qui
2519 675 2718 730 virtute
2746 690 2967 729 suorum
2994 690 3217 747 operum
3241 673 3521 730 Neronem
3539 677 3567 704 °
3600 673 3804 729 adver-

2175 784 2294 822 sum
2343 767 2606 833 fecerant,
2666 773 2882 837 captum
2916 765 3052 836 Magi
3101 765 3339 820 Simonis
3386 764 3800 834 delinimentis,

2176 861 2266 930 qui
2293 860 2397 913 sibi
2434 860 2675 913 animum
2704 859 2823 928 ejus
2850 858 3259 913 conciliaverat.
3284 855 3381 912 Cui
3415 858 3802 927 adjumentum

2178 953 2440 1014 vietorim,
2481 952 2851 1021 subjectiones
2895 951 3157 1021 gentium,
3203 951 3328 1005 vitae
3361 951 3799 1021 longzevilatem,

2177 1046 2371 1100 salutis
2426 1045 2732 1100 custodiam
2788 1045 3049 1101 feralibus
3113 1044 3324 1099 artibus
3383 1044 3798 1111 pollicebatur,

2178 1151 2342 1210 atque
2365 1136 2459 1193 ille
2479 1138 2757 1204 credebat,
2787 1139 2875 1208 qui
2901 1139 3010 1193 vim
3041 1154 3223 1193 rerum
3254 1137 3493 1193 nesciret
3515 1140 3802 1192 examina-

2180 1250 2258 1289 re.
2322 1233 2561 1304 Denique
2599 1248 2868 1287 summum
2912 1232 3054 1302 apud
3095 1248 3216 1307 cuin
3271 1232 3495 1286 tenebat
3523 1231 3790 1287 amicitiae

2182 1329 2356 1381 locum
2387 1344 2401 1380 :
2430 1325 2872 1398 quandoquidem
2912 1325 3078 1381 etiam
3126 1325 3412 1397 prirsulem
3461 1342 3576 1379 sua:
3605 1326 3800 1381 salutis

2182 1423 2411 1493 vitatque
2438 1420 2722 1476 custodem
2775 1417 3164 1474 arbitrabatur.
3195 1417 3303 1474 Sed
3334 1419 3426 1473 ubi
3457 1418 3658 1474 Petrus
3684 1418 3800 1489 ejus

2185 1515 2449 1569 vanitates
2476 1524 2530 1568 et
2556 1512 2758 1584 flagitia
2784 1513 2992 1568 detexit
3023 1555 3037 1578 ,
3071 1521 3126 1567 et
3150 1513 3363 1583 species
3406 1513 3561 1567 illum
3606 1528 3795 1568 rerum

2184 1606 2434 1675 mentiri,
2472 1622 2579 1661 non
2631 1606 2869 1661 solidum
2924 1606 3130 1678 aliquid
3178 1616 3273 1660 aut
3326 1622 3519 1661 verum
3576 1606 3799 1663 efficere

2186 1701 2599 1767 demonstravit;
2630 1699 2861 1755 ludibrio
2886 1700 3123 1769 habitus,
3158 1701 3389 1771 ctdigno
3424 1710 3514 1756 est
3542 1716 3801 1757 consum-

479 1815 689 1855 summa
708 1800 918 1856 militia:
947 1801 1174 1856 orientis
1205 1803 1256 1854 in
1286 1801 1529 1871 partibus
1553 1801 1673 1869 jure
1697 1798 2074 1855 committere-
2109 1788 2155 1849 Β
2187 1806 2307 1865 plus
2336 1809 2591 1851 maerore.
2620 1793 2683 1851 Et
2709 1794 2958 1864 quamvis
2996 1794 3047 1846 in
3081 1793 3205 1849 aliis
3236 1804 3513 1850 terrarum
3550 1795 3799 1864 partibus

484 1908 590 1962 tnr,
626 1896 797 1949 virum
838 1894 906 1949 ab
925 1894 1292 1950 adolescentia
1323 1895 1529 1949 militiae
1558 1893 1903 1964 triumphalis
1921 1896 2081 1949 inve-

484 1997 713 2042 teratum
747 1987 1051 2056 stipendiis,
1080 1987 1171 2057 qui
1218 1987 1514 2057 impacalas
1547 1985 1753 2044 Gallias
1779 1985 2083 2043 Germano-

486 2096 603 2134 rum
630 2080 858 2134 tumultu
880 2120 894 2144 ,
916 2088 973 2134 et
998 2079 1196 2134 ferocia
1239 2078 1488 2149 genuium
1523 2079 1844 2133 temeritatis
1870 2079 1921 2133 in
1968 2078 2085 2133 bel-

484 2174 594 2228 lum
642 2172 902 2243 relapsas,
935 2188 1068 2244 pace
1113 2173 1364 2228 diuturna
1414 2180 1818 2242 composuerat.
1867 2172 2083 2227 Britan-

487 2266 631 2321 niam
682 2268 897 2337 qnoque
935 2265 1078 2320 inter
1106 2266 1277 2321 undas
1302 2273 1331 2303 σι
1351 2265 1527 2319 adhuc
1555 2265 1807 2320 latentem
1841 2265 2086 2320 Romano

487 2359 718 2427 imperio
763 2360 933 2414 armis
978 2358 1374 2428 acquisiverat:
1403 2357 1557 2429 cujus
1586 2357 1931 2427 triumphatae
1962 2357 2084 2427 opi-

496 2453 595 2507 bus
644 2452 813 2507 Roma
848 2452 1044 2519 ditior,
1073 2451 1331 2506 Claudius
1361 2451 1685 2511 consultinr,
1716 2450 1857 2505 Nero
1889 2449 2086 2506 fortior

487 2546 880 2600 aestimabatur.
915 2544 1100 2615 Itaque
1144 2559 1374 2616 quarum
1401 2544 1643 2615 gentium
1678 2544 1815 2599 bella
1873 2559 1978 2598 non
2009 2544 2086 2598 vi-

488 2637 701 2697 derant,
728 2637 1135 2708 subjugatarum
1166 2646 1367 2706 tropaea
1395 2636 1823 2692 celebraverant.
1852 2636 1963 2693 Sub
1983 2636 2087 2692 hoc

487 2729 626 2784 duce
659 2728 875 2801 (iterum
898 2726 1041 2800 dico)
1067 2727 1210 2783 Nero
1239 2728 1493 2783 terribilis
1518 2722 1656 2793 erat,
1675 2726 1821 2783 Nero
1840 2734 2088 2783 metuen-

489 2818 614 2884 dus,
658 2830 852 2887 potens
875 2818 1025 2882 foris,
1074 2824 1219 2873 tutus
1251 2820 1396 2872 domi
1426 2837 1437 2871 :
1464 2820 1691 2889 aequatis
1724 2820 1866 2875 inter
1893 2835 1951 2874 se
1984 2820 2089 2874 Vc-

491 2909 733 2980 spasiani
766 2909 873 2964 fide
919 2925 983 2964 ac
1020 2909 1359 2964 fortitudine.
1395 2910 1636 2978 Quantus
1669 2912 1769 2967 iste
1799 2913 1903 2977 vir,
1932 2914 2087 2981 cujus

491 3001 657 3055 armis
690 3001 815 3055 villa
853 3000 1085 3055 Neronis
1124 3001 1265 3071 apud
1298 3011 1514 3055 exteras
1544 3013 1734 3071 gentes
1786 3002 2088 3057 absconde-

490 3095 705 3160 bantur,
737 3103 797 3149 ιιι
828 3094 1119 3149 ludibrium
1153 3110 1332 3148 rerum
1354 3094 1734 3161 humanarum,
1767 3105 1823 3151 et
1862 3096 2085 3166 ejuratte

2186 1888 2330 1943 Petri
2374 1896 2519 1943 esset
2564 1894 2821 1959 expertus
2862 1888 3158 1957 potentiam
3192 1906 3205 1940 :
3241 1898 3421 1942 tamen
3457 1891 3803 1960 praeveniens

2184 1982 2437 2046 Romam,
2469 1997 2636 2037 ausus
2678 1982 3004 2053 estjaClare,
3039 1982 3184 2053 quod
3215 1992 3464 2038 mortuos
3495 1985 3800 2038 resuscita-

2185 2086 2286 2132 ret.
2334 2074 2626 2131 Defunctus
2679 2084 2796 2130 erat
2840 2074 2890 2129 id
2937 2074 3197 2146 temporis
3221 2074 3409 2130 Romae
3465 2075 3791 2131 adolescens

2188 2169 2402 2236 nobilis,
2439 2170 2773 2238 propinquus
2804 2166 3071 2235 Caesaris,
3107 2184 3229 2223 cum
3264 2168 3660 2223 universorum
3703 2169 3798 2225 do-

2189 2262 2323 2316 lore.
2354 2260 2702 2316 Admouuere
2727 2259 2971 2330 plerique
3003 2258 3424 2330 experiendum,
3458 2270 3649 2316 utrum
3683 2277 3804 2331 pos-

2187 2364 2269 2409 set
2292 2353 2630 2407 resuscitari.
2661 2351 3066 2407 Celeberrimos
3096 2353 3146 2406 in
3166 2351 3251 2406 his
3280 2353 3547 2421 operibus
3565 2353 3801 2409 habeba-

2191 2456 2278 2501 tur
2309 2447 2531 2501 Petrus:
2566 2445 2660 2501 sed
2681 2445 2822 2516 apud
2851 2447 3087 2517 gentiles
3112 2447 3255 2499 nulla
3283 2443 3310 2483 ά
3345 2446 3478 2502 facti
3524 2448 3803 2519 hujusmo-

2187 2538 2240 2593 di
2292 2537 2633 2592 deferebatur
2675 2537 2827 2593 fides.
2862 2536 3029 2593 Dolor
3059 2540 3239 2609 exegit
3271 2539 3583 2595 remedium
3621 2559 3634 2594 :
3681 2556 3801 2613 per-

2190 2640 2395 2686 rectum
2448 2639 2532 2684 est
2560 2629 2625 2685 ad
2656 2630 2897 2685 Petrum.
2952 2629 3148 2698 Fuere,
3174 2631 3262 2702 qui
3316 2633 3483 2687 etiam
3519 2634 3799 2691 Simonem

2188 2722 2577 2778 accersendum
2624 2732 3167 2795 putarent:uterque
3212 2724 3533 2779 adfuerunt.
3580 2725 3671 2781 Ait
3700 2727 3796 2783 Pes

2191 2825 2304 2868 trtls
2335 2832 2347 2867 :
2382 2814 2587 2868 Simoni
2620 2813 2709 2883 qui
2733 2829 2791 2868 se
2820 2813 2886 2868 de
2918 2830 3012 2868 sua
3030 2815 3260 2885 jactaret
3286 2816 3529 2884 potentia
3549 2858 3563 2882 ,
3591 2818 3797 2888 priores

2189 2921 2312 2961 sese
2344 2916 2524 2975 partes
2553 2905 2713 2961 dare:
2749 2916 2803 2959 ut
2827 2907 2870 2960 si
2904 2909 3794 2977 posset,mortuumresuscitaret.

2191 3002 2247 3058 Si
2288 3002 2382 3057 ille
2412 3017 2521 3055 non
2549 2999 2919 3065 resuscitaret,
2949 3014 3008 3055 se
3040 3016 3145 3054 non
3181 3000 3495 3055 defuturum
3536 3009 3599 3055 ιιι
3646 3000 3798 3057 Chri-

2194 3108 2314 3166 ptus
2361 3112 2517 3165 opem
2556 3095 2720 3149 ferret
2765 3093 3043 3158 defuncto,
3092 3109 3201 3166 quo
3241 3104 3427 3165 posset
3486 3110 3793 3166 resurgere.

492 3187 816 3256 impurilatis
856 3186 1232 3257 Opprobrium,
1269 3187 1563 3256 triumphis
1602 3203 1820 3258 quoque
1852 3188 2085 3242 illustra-
2114 3170 2161 3233 ί)
2195 3189 2379 3244 Simon
2403 3230 2419 3254 ,
2465 3189 2552 3257 qui
2588 3197 2800 3257 putaret
2844 3188 2983 3258 apud
3036 3189 3221 3243 urbem
3275 3188 3566 3257 gentilium
3630 3189 3793 3259 pluri-

492 3280 676 3334 retur!
720 3279 856 3334 Cum
910 3280 1262 3349 praeliandum
1310 3281 1489 3346 itaque
1522 3281 1572 3334 in
1617 3280 1819 3334 ultimis
1862 3281 2091 3335 Romani

492 3372 641 3426 orbis
691 3380 835 3425 esset
855 3369 1128 3437 conﬁniis,
1169 3370 1534 3440 VeSpasianus
1552 3388 1615 3425 ex
1647 3371 1899 3426 omnibus
1927 3372 2093 3442 elige—

495 3463 670 3517 batur.
728 3464 862 3518 Cum
909 3464 1110 3518 bellum
1152 3467 1457 3533 depositum
1516 3464 1677 3529 foret,
1728 3465 2091 3535 Vt-spasiauus

494 3570 603 3622 pra:
628 3555 840 3610 caeteris
878 3554 1222 3621 sociabatur,
1258 3572 1326 3612 ne
1361 3558 1443 3612 vel
1494 3557 1741 3627 publicus
1779 3566 2092 3627 superesset

494 3648 687 3710 hostis,
722 3648 805 3703 vel
840 3647 1175 3704 domesticus
1205 3642 1496 3720 obreperet
1526 3650 1831 3705 insidiator.
1888 3650 2090 3720 Dignus

491 3742 583 3812 qui
611 3741 898 3811 stipendiis
931 3741 1119 3796 militis
1168 3756 1391 3813 regnum
1444 3744 1790 3814 praeveniret.
1850 3743 2091 3799 Docebat

491 3832 674 3899 ﬁdem,
707 3832 1028 3902 praeferebat
1056 3834 1334 3889 virtutem.
1355 3834 1562 3890 Invitus
1586 3834 1734 3889 misit
1756 3835 1897 3890 hunc
1922 3834 2088 3901 Nero,

490 3925 580 3995 qui
609 3924 709 3980 sibi
733 3924 1017 3980 auferebat
1047 3926 1355 3996 praesidium
1388 3946 1401 3980 :
1432 3928 1528 3983 sed
1555 3929 1870 3983 arctabatur
1893 3924 2091 3984 futurls

489 4018 756 4073 scelerum
803 4033 1026 4073 suorum
1079 4022 1293 4089 poenis,
1346 4031 1405 4074 ut
1453 4036 1512 4076 se
1545 4029 1693 4075 tanto
1740 4021 2091 4076 dissociatum

489 4108 753 4163 comitatu
804 4110 997 4175 ducis,
1052 4110 1315 4166 inermem
1374 4111 1733 4181 relinqueret.
1785 4111 2090 4182 Numquam

490 4200 734 4271 profecto
768 4200 937 4256 Galba
971 4201 1247 4271 aspirandi
1282 4202 1351 4256 ad
1385 4202 1676 4272 imperium
1709 4204 1889 4258 studia
1933 4220 2092 4260 usur-

488 4303 693 4363 passet,
727 4293 830 4348 nisi
859 4293 1248 4362 Vespasianum
1277 4297 1557 4352 absentem
1570 4298 1952 4367 comperisset.
1983 4298 2088 4355 Sed

492 4387 802 4456 procuravit
845 4386 946 4441 hoc
978 4387 1152 4450 Deus,
1182 4398 1236 4442 ut
1269 4389 1320 4443 in
1360 4388 1574 4460 Syriam
1614 4390 1946 4461 dirigeretur
1984 4392 2087 4459 vir,

489 4481 580 4550 qui
600 4481 1346 4538 etJudzeorumlnsolentiam
1377 4499 1633 4552 supremo
1668 4485 1847 4555 gentis
1873 4485 2088 4542 excidio

2196 3300 2339 3336 nium
2388 3297 2513 3336 suas
2563 3281 2823 3335 valituros
2853 3290 3021 3347 artes,
3062 3279 3433 3335 conditionem
3470 3281 3790 3352 propositit:

2196 3383 2253 3427 ιιι
2292 3374 2334 3428 si
2374 3374 2488 3443 ipse
2529 3374 2908 3427 resuscitasset
2955 3380 3249 3439 mortuum,
3285 3372 3479 3426 Petrus
3518 3374 3793 3429 occidi-rc-

2197 3474 2315 3532 tur,
2372 3465 2461 3534 qui
2517 3479 2733 3519 meum
2787 3478 3095 3518 POTENTIAI
3130 3462 3253 3536 (sic
3294 3463 3436 3517 enim
3484 3465 3789 3533 appellaba-

2197 3563 2303 3628 tur)
2330 3558 2644 3613 lacessendo
2694 3557 2919 3627 injurias
2958 3558 3325 3627 irrogavisset;
3359 3558 3441 3611 sin
3488 3572 3625 3612 vero
3666 3574 3791 3628 ιιι-ιη·

2193 3651 2454 3705 valuisset
2478 3650 2671 3705 Petrus
2696 3651 2748 3704 in
2774 3649 3075 3716 Simonem,
3129 3649 3244 3719 pari
3300 3664 3505 3719 genere
3551 3649 3789 3704 vindiea-

2194 3756 2368 3800 retur.
2402 3743 2680 3813 Acquievit
2734 3743 2958 3808 Petrus;
2993 3743 3220 3796 adorsus
3246 3755 3331 3797 (εει
3369 3740 3584 3818 Simon,
3616 3757 3788 3796 acces-

2193 3836 2262 3889 sit
2316 3836 2382 3888 ad
2436 3834 2690 3889 lectulum
2747 3835 3028 3889 defunCIi:
3069 3834 3346 3889 incantare
3375 3844 3541 3904 atque
3570 3834 3789 3889 immur-

2194 3943 2410 3983 mltrare
2454 3927 2570 3982 dira
2620 3930 2860 3983 carmina
2918 3937 2974 3983 ut
3029 3928 3234 3997 coepit,
3291 3928 3441 3982 visus
3491 3936 3580 3982 est
3636 3935 3789 3999 caput

2193 4023 2413 4093 agitare,
2447 4022 2538 4093 qui
2577 4032 2821 4077 mortuus
2848 4035 2985 4077 erat.
3019 4020 3237 4077 Clamor
3267 4022 3455 4092 ingens
3482 4025 3782 4093 gentilium,

2194 4116 2336 4183 quod
2358 4116 2465 4183 jam
2498 4116 2724 4174 viveret.
2784 4114 2925 4183 quod
2952 4114 3261 4185 loqueretur
3286 4131 3409 4169 cum
3438 4113 3683 4171 Simone.
3714 4117 3785 4169 Ira

2193 4219 2245 4263 et
2277 4209 2573 4279 indignatio
2602 4210 2653 4262 in
2687 4209 2924 4274 Petrum,
2955 4208 3097 4277 quod
3127 4222 3291 4263 ausus
3340 4220 3490 4264 esset
3544 4213 3785 4264 conferre

2194 4314 2315 4355 sese
2339 4309 2501 4354 tanta:
2531 4300 2807 4371 potestati.
2837 4300 3071 4355 Sanctus
3122 4299 3416 4369 Apostolus
3446 4302 3693 4370 poposcit
3716 4300 3783 4354 si-

2196 4394 2519 4461 lentium,et
2544 4393 2683 4447 dixit
2712 4414 2724 4446 :
2777 4392 2836 4448 Si
2896 4393 3027 4447 vivit
3065 4392 3375 4459 defunctus,
3418 4393 3673 4464 loquatur
3703 4412 3714 4446 :
3742 4392 3781 4445 si

2194 4486 2546 4541 resuscitatus
2601 4494 2706 4552 est,
2736 4494 2940 4556 surgat,
2972 4485 3234 4550 ambulet,
3260 4485 3577 4541 fabuletur:
3627 4486 3782 4556 phan-

490 4577 928 4647 captivitatisque
973 4576 1241 4632 dedecore
1290 4576 1672 4642 labefactaret,
1723 4587 1776 4634 et
1814 4579 2083 4636 Neronem
2118 4560 2171 4620 D
2199 4586 2366 4631 tasma
2396 4576 2522 4632 illud
2554 4593 2695 4645 esse,
2723 4593 2827 4632 non
2856 4578 3162 4640 veritatem,
3183 4578 3323 4648 quod
3354 4577 3607 4634 videatur
3635 4584 3782 4650 caput

487 4669 690 4725 auxilio
718 4670 1036 4725 destitueret
1063 4688 1076 4723 :
1108 4670 1232 4725 licet
1260 4670 1458 4725 nullius
1488 4672 1655 4726 virtus
1674 4674 1892 4728 statutis
1918 4674 2083 4730 affer-

490 4778 549 4817 re
569 4763 731 4832 possit
751 4763 1063 4818 coelestibus
1089 4762 1555 4832 impedimentum.
1593 4763 1827 4825 Demens
1848 4764 1876 4805 ι’
1901 4776 2084 4824 tamen

489 4855 632 4910 Nero
659 4871 782 4910 cum
811 4855 1119 4912 Judznorum
1152 4855 1293 4911 bello
1323 4856 1578 4913 afflictam
1611 4856 1839 4912 Romani
1871 4862 2085 4916 exerci-

487 4956 576 5005 tus
600 4947 832 5003 validam
866 4964 1083 5002 manum
1116 4948 1470 5018 cognovisset
1494 4990 1509 5015 ,
1538 4947 1797 5005 adversus
1820 4951 2081 5007 Christia—

487 5056 586 5096 nos
616 5040 935 5105 insurrexit,
965 5048 1026 5094 ut
1050 5040 1099 5095 ei
1127 5039 1347 5096 debitus
1378 5040 1499 5095 linis
1529 5043 2008 5114 appropinquaret.

559 5208 585 5236 ιι
628 5196 775 5249 llanc
798 5204 986 5246 vocem
1020 5204 1125 5244 non
1154 5190 1316 5245 habet
1344 5207 1445 5246 ms.
1475 5191 1553 5246 in.

557 5268 586 5307 δ
628 5266 752 5322 flare
792 5274 845 5318 et
872 5264 1154 5332 sequentia
1197 5263 1438 5331 pluribus
1492 5263 1745 5319 edisserit
1772 5265 2084 5326 Inachius

485 5362 538 5399 v.
564 5357 613 5396 c.
648 5340 700 5393 in
723 5343 1017 5460 cgmiucnt.
1038 5334 1103 5388 ad
1130 5350 1375 5388 marmor.
1409 5334 1950 5406 Neapol.‘Katendar.
1969 5341 2079 5396 vol.

485 5415 573 5460 Ill-
609 5424 726 5460 nae.
799 5407 831 5460 Ξ)
877 5444 889 5457 .

485 5415 576 5470 ιιι.
609 5424 726 5470 nas.
760 5407 889 5461 854-

556 5424 980 5551 έρέἕέὶιῗβῗέιύιη
1038 5476 1507 5551 aversumhrquod
1568 5488 1623 5533 et
1672 5479 1973 5551 elegantius
2025 5491 2081 5539 ct

483 5554 657 5626 magis
684 5549 1105 5626 anthr-estaliud:
1135 5557 1237 5626 est.
1267 5547 1409 5604 Nihil
1436 5547 1813 5626 tamen‘muto,
1845 5554 2080 5626 maxime

480 5616 602 5682 cum
645 5621 849 5694 Abdias
899 5616 1270 5694 adversum_i_n
1317 5634 1417 5677 suo
1448 5620 1723 5694 bisjosippi
1776 5616 2080 5694 exemplari

484 5695 676 5765 legisse
703 5688 1057 5765 Vitieflllll‘Lllt
1102 5689 1192 5760 qui
1226 5688 1402 5765 in__sua
1444 5688 1683 5765 Historia
1733 5707 1852 5763 cap.
1887 5688 1956 5750 16
2000 5701 2079 5754 sic

484 5755 851 5830 immutaverit
881 5777 893 5812 :
946 5755 1089 5811 Nero
1120 5755 1232 5826 ’ριν
1258 5757 1469 5833 Magum
1514 5762 1780 5817 Simonem
1800 5755 2079 5831 adversari

2193 4672 2448 4725 movisse.
2478 4670 2717 4740 Denique
2737 4681 3038 4739 separetur,
3073 4671 3269 4741 inquit,
3299 4668 3489 4726 Simon
3514 4688 3542 4724 a
3569 4671 3777 4735 lectulo;

2194 4770 2249 4817 et
2277 4772 2405 4817 tunc
2443 4779 2510 4818 ne
2542 4750 2599 4817 id
2627 4763 2845 4832 quidem
2891 4765 3133 4819 ostentui
3177 4763 3437 4819 futurum.
3487 4764 3779 4820 Abducitur

2195 4858 2380 4915 Simon
2408 4873 2437 4912 a
2464 4858 2700 4915 lectulo:
2734 4870 2917 4914 manet
2945 4860 3063 4915 sine
3112 4860 3296 4931 Specie
3328 4870 3509 4917 motus
3537 4863 3773 4931 alicujus,

2193 4951 2283 5022 qui
2308 4963 2552 5007 mortuus
2579 4963 2716 5008 erat.
2747 4950 2933 5008 Astitit
2959 4952 3153 5010 Petrus
3193 4954 3424 5023 longius,
3458 4966 3516 5009 et
3564 4956 3705 5009 intra
3727 4967 3778 5007 se

2194 5044 2471 5115 paulisper
2498 5045 2731 5099 orationi
2765 5046 3025 5113 intentus,
3059 5062 3179 5102 cum
3219 5061 3408 5116 magna
3445 5062 3581 5102 voce
3610 5048 3679 5101 ait
3713 5062 3725 5099 :
3757 5051 3776 5081 °

2189 5196 2636 5270 capitAuostolis.
2671 5196 2749 5251 In.
2785 5196 2822 5249 ι.
2850 5215 2898 5250 c.
2930 5215 3050 5270 pag.
3081 5199 3241 5267 855.:

2259 5269 2287 5307 τι
2326 5268 2465 5323 Puto
2509 5269 2779 5323 excidisse
2825 5284 2892 5324 ex
2946 5268 3048 5325 hoc
3112 5271 3378 5327 voeabulo
3418 5273 3676 5340 sibilum,
3733 5282 3781 5330 et

2188 5354 2391 5405 FACTIS,
2420 5353 2527 5394 non
2574 5340 2698 5410 facti
2743 5343 2809 5413 ab
2864 5341 3153 5396 Ambrosio
3199 5346 3461 5413 scriptum
3516 5344 3703 5409 fuisse,
3741 5348 3780 5399 is

2184 5414 2659 5486 enimrasuscum
2680 5427 2740 5465 ea
2758 5412 3030 5486 locutione
3057 5413 3319 5483 jungitur.
3346 5415 3422 5468 lo.
3456 5414 3494 5468 ι.
3524 5434 3576 5469 c.
3598 5418 3774 5486 p.359.

2259 5494 2280 5521 ε
2324 5482 2574 5555 Formnla
2609 5493 2693 5555 est
2722 5482 2941 5555 eachm,
2964 5491 3127 5553 atque
3157 5482 3247 5539 illa
3285 5500 3394 5555 qua
3423 5487 3572 5542 idem
3598 5482 3776 5543 Petrus

2185 5554 2358 5609 utitur
2382 5552 2502 5627 Act.
2537 5568 2619 5618 lx,
2654 5554 2721 5607 54
2755 5572 2768 5608 :
2803 5550 3001 5617 ιΕηεα,
3040 5550 3195 5608 sanat
3225 5550 3414 5627 (ὶᾶῖι-αι)
3446 5571 3494 5612 te
3535 5558 3775 5614 Dominus

2180 5626 2338 5683 usus
2364 5624 2601 5696 Christus
2623 5639 2647 5696 7:
2675 5640 2832 5695 surge
2859 5635 2907 5678 et
2935 5635 3105 5680 uerna
3136 5624 3250 5681 tibi.
3284 5631 3361 5681 Ex
3385 5624 3499 5696 quo
3526 5633 3773 5686 Actorum

2184 5698 2302 5751 loco
2335 5697 2549 5772 videtur
2581 5695 2668 5772 hic
2698 5710 2914 5772 quoque
2944 5697 3271 5772 AmbrOsius
3298 5711 3449 5755 sanat
3478 5704 3773 5772 scripsisse,

2185 5782 2294 5824 "0"
2325 5765 2671 5847 ⁴¹θΡ¹θ⁰³¹¹ίν⁰
2701 5766 2862 5823 modo
2886 5777 3048 5827 δαηειι
3081 5770 3323 5840 Αοςράίι.
3354 5773 3501 5849 quod
3544 5765 3648 5833 nisi
3674 5765 3773 5856 tam
