3964 6322
239 320 384 377 2061)

1099 326 1373 383 HISTOB.
1416 328 1506 383 DE
1550 327 1829 389 EXCIDIO
1857 330 2127 389 “"1306.
2172 332 2380 391 URBIS
2418 334 2547 391 LIB.
2590 335 2653 392 ll.

3405 342 3548 397 9070

239 436 613 502 Adolescens,
670 451 833 507 surge
871 455 884 492 :
930 447 1085 494 sanet
1137 448 1188 494 te
1238 440 1501 497 Dominus
1546 441 1726 501 Iesus.
1777 445 1847 502 Et
1873 449 1921 509 Α
1950 444 2216 501 cederet:
2260 446 2461 501 bonum
2502 462 2624 503 esse
2678 462 2781 519 pro
2819 449 3043 507 Christo
3088 402 3239 523 pati,
3296 457 3390 525 qui
3452 470 3552 528 pro

240 530 425 585 statim
454 530 699 585 surrexit
725 530 1064 598 adolescens,
1094 544 1151 587 et
1182 534 1395 587 loeutus
1430 544 1536 600 est,
1566 545 1620 589 et
1643 537 1836 592 ambu—

240 626 391 691 lavit,
423 632 479 679 et
504 624 684 679 cibum
718 626 981 695 sumpsit,
1028 635 1085 681 et
1114 625 1262 681 dedit
1289 642 1412 682 eum
1447 628 1639 684 Petrus
1679 630 1838 686 matri

236 732 373 773 suae.
401 714 502 781 Qui
546 730 668 770 cum
700 725 1001 786 rogaretur,
1029 725 1088 772 ut
1138 718 1206 772 ab
1249 732 1316 774 eo
1369 736 1476 775 non
1507 719 1834 790 discederet,

236 810 316 863 ait
346 827 358 862 :
392 807 510 864 Non
559 808 965 877 derelinquetur
993 809 1065 863 ab
1091 824 1158 864 eo
1186 814 1277 879 qui
1311 826 1435 866 eum
1468 811 1600 868 fecit
1650 829 1836 869 resur-

234 920 385 975 gere,
420 902 575 974 cujus
618 918 717 956 nos
744 904 886 958 servi
916 918 1123 959 sumus.
1156 902 1358 959 Secura
1401 916 1522 961 esto
1566 918 1741 963 mater
1768 908 1837 963 de

236 999 377 1066 filio,
426 1010 534 1053 non
567 998 833 1064 verearis,
886 998 1049 1055 habet
1072 1000 1350 1054 custodem
1391 1016 1566 1056 suum.
1620 1002 1686 1056 Et
1712 1018 1835 1057 eum

233 1093 471 1162 p0pu|us
506 1092 558 1147 in
588 1093 865 1148 Simonem
916 1093 1243 1163 insurgeret,
1270 1104 1327 1150 ttt
1354 1095 1710 1165 lapidaretur,
1759 1098 1836 1155 ait

232 1187 467 1243 Petrus:
517 1186 659 1242 Satis
689 1196 774 1242 est
819 1188 885 1242 ad
937 1203 1148 1257 prauam
1177 1189 1317 1256 ejus,
1369 1190 1513 1259 quod
1556 1193 1838 1262 cognoscit

231 1294 362 1334 suas
408 1288 553 1333 artes
603 1279 736 1334 nihil
797 1279 1011 1335 valere:
1069 1280 1236 1344 vivat,
1267 1288 1322 1334 et
1348 1278 1550 1335 Christi
1609 1297 1834 1350 regnum

231 1385 484 1427 crescere
530 1370 708 1425 videat
773 1371 855 1425 vel
920 1372 1142 1426 invitus.
1218 1372 1592 1443 Torquebatur
1649 1374 1836 1444 Magus

234 1462 482 1532 Apostoli
514 1462 707 1533 gloria.
762 1460 991 1534 Collegit
1035 1477 1179 1529 sese,
1212 1473 1375 1534 atque
1426 1481 1639 1520 omnem
1688 1467 1837 1521 exci-

232 1564 357 1609 tans
384 1554 684 1609 carminum
741 1570 966 1611 suorum
996 1558 1310 1626 potentiam,
1343 1568 1639 1630 congregat
1665 1575 1837 1630 pepu—

230 1648 366 1713 lum,
391 1648 769 1720 offensumque
798 1666 858 1705 se
881 1649 1010 1705 dicit
1050 1667 1078 1703 a
1110 1650 1380 1706 Galilazis:
1414 1652 1730 1709 relicturum
1776 1671 1834 1709 se

232 1743 445 1806 urbem,
478 1759 638 1813 quam
674 1744 811 1798 tueri
848 1746 1071 1800 soleret.
1105 1746 1258 1801 Diem
1290 1751 1480 1802 statuit
1508 1767 1521 1802 :
1550 1748 1835 1818 pollicetur

1942 538 2195 595 omnibus
2224 556 2283 596 se
2306 544 2465 597 morti
2485 543 2769 601 obtulisset
2802 561 2817 598 :
2853 559 2957 598 non
2983 554 3214 602 mortem
3244 550 3417 617 illam,
3451 553 3549 609 sed

1944 631 2404 688 immortalitatem
2458 632 2737 690 futuram:
2787 644 3065 705 tamquam
3121 634 3437 711 indignum,
3491 650 3551 700 tit

1940 720 2059 793 ipse
2089 726 2299 796 fugeret
2330 728 2639 797 passionem
2664 729 2747 782 sui
2780 731 3028 799 corporis
3053 771 3068 797 ,
3099 734 3191 802 qui
3219 738 3420 819 multos
3448 738 3547 793 do-

1946 820 2119 875 ctrina
2144 836 2238 874 sua
2270 821 2595 891 coinpulerit
2624 837 2684 877 se
2712 822 2918 877 bosﬁas
2945 838 3044 894 pro
3065 825 3284 883 Christo
3313 829 3547 888 oﬂcrre:

1940 911 2126 968 deberi
2178 914 2281 969 sibi
2310 914 2606 969 secundum
2642 914 2850 969 Domini
2888 932 3103 983 vocem,
3155 927 3214 973 ut
3264 929 3321 975 et
3344 922 3462 991 ipse
3490 925 3546 979 in

1943 1003 2196 1071 passione
2218 1019 2314 1058 sua
2344 1005 2565 1061 Christo
2617 1005 2846 1077 gloriam
2877 1017 3040 1079 atque
3064 1010 3329 1066 honorem
3361 1013 3543 1070 daret.

1945 1096 2067 1151 Ilaec
2122 1108 2177 1151 et
2221 1100 2323 1151 alia
2376 1100 2571 1154 Petrus
2626 1101 2929 1157 obterere:
2975 1103 3069 1157 sed
3100 1104 3251 1174 plebs
3282 1106 3541 1178 lacrymis

1936 1206 2193 1261 querens,
2253 1208 2319 1246 ne
2374 1207 2435 1248 se
2479 1195 2832 1263 relinqueret,
2883 1206 2938 1251 et
2987 1195 3338 1256 ﬂuctuantem
3397 1203 3543 1258 inter

1941 1284 2209 1352 procellas
2262 1285 2546 1354 gentilium
2579 1286 2929 1345 destitueret:
2984 1290 3155 1345 victus
3199 1290 3419 1348 ﬂetibus
3446 1295 3549 1351 Pe-

1941 1384 2076 1443 trus,
2109 1376 2273 1430 cessit
2303 1394 2316 1430 :
2352 1378 2604 1446 promisit
2625 1394 2683 1433 se
2713 1379 2900 1434 urbem
2931 1396 3304 1450 egressurum.
3347 1380 3539 1439 Proxl-

1940 1485 2026 1524 ma
2057 1482 2219 1525 nocte
2246 1471 2492 1526 salutatis
2524 1471 2803 1539 fratribus,
2841 1483 2896 1528 et
2922 1485 2943 1511 ο
2977 1475 3248 1531 celebrata
3299 1480 3547 1535 oratione

1941 1562 2380 1631 proﬁciseisolus
2407 1564 2593 1633 erepit.
2645 1563 2749 1620 Ubi
2801 1570 3017 1620 ventum
3065 1576 3149 1622 est
3198 1566 3263 1623 ad
3312 1578 3546 1639 portam,

1942 1657 2089 1711 videt
2112 1657 2214 1711 sibi
2240 1656 2513 1713 Christum
2537 1673 2851 1720 occurrere,
2876 1672 2931 1713 et
2949 1659 3186 1715 adorans
3211 1677 3358 1729 eum,
3380 1663 3545 1718 dixit:

1940 1753 2188 1820 Domine,
2217 1769 2325 1823 quo
2357 1753 2549 1808 vadis?
2580 1753 2716 1808 Dicit
2747 1754 2797 1809 ei
2837 1752 3087 1810 Christus
3115 1772 3129 1809 :
3160 1756 3359 1812 lterum
3388 1759 3547 1814 venio

236 1834 504 1900 volatum,
548 1849 657 1904 quo
712 1836 964 1905 supernis
1017 1836 1237 1892 sedibus
1301 1838 1648 1895 inveheretur
1677 1857 1689 1892 :
1722 1842 1840 1907 cui,
1874 1846 1921 1904 Β
1947 1845 2208 1914 crucifigi.
2246 1845 2512 1901 Intellexit
2567 1844 2760 1899 Petrus
2810 1844 2881 1900 de
2909 1860 3005 1900 sua
3033 1845 3237 1901 dictum
3269 1849 3543 1917 passione,

227 1926 449 1994 quando
495 1928 679 1992 vellet,
712 1929 911 1984 caelum
973 1940 1202 2000 pateret.
1244 1929 1577 1988 Conscendit
1631 1942 1832 1990 statuto

229 2020 323 2075 die
352 2030 592 2076 montem
637 2019 1023 2092 Capitolinum,
1073 2038 1137 2078 ac
1181 2039 1241 2080 se
1271 2023 1338 2080 de
1370 2040 1502 2095 rupe
1547 2026 1827 2097 dejiciens,

228 2115 416 2170 volare
472 2116 657 2183 erepit.
692 2116 875 2172 Mirari
922 2117 1153 2188 pepulus
1180 2128 1234 2173 et
1277 2122 1516 2176 venerari
1545 2139 1557 2175 ε
1591 2122 1835 2195 plerique

225 2205 481 2260 dicentes
527 2206 625 2262 Dei
668 2222 791 2264 esse
824 2213 1146 2278 potentiam,
1183 2220 1208 2248 α
1258 2229 1364 2266 non
1416 2213 1652 2270 hominis
1680 2256 1694 2281 ,
1740 2217 1833 2286 qui

225 2313 354 2352 cum
382 2315 612 2369 corpore
656 2301 927 2368 volitaret,
968 2303 1103 2358 nihil
1136 2306 1241 2360 tale
1291 2305 1487 2361 fecisse
1528 2307 1827 2364 Christum.

228 2389 390 2445 Tune
437 2390 628 2446 Petrus
675 2394 725 2445 in
791 2394 973 2449 medio
1013 2404 1196 2460 stans,
1248 2397 1354 2451 ait:
1397 2396 1527 2453 Jesu
1565 2398 1830 2467 Domine,

230 2481 466 2539 ostende
495 2484 543 2538 ei
573 2499 738 2539 vanas
761 2495 908 2541 artes
936 2501 1063 2540 suas
1087 2504 1230 2555 esse,
1264 2503 1334 2544 ne
1357 2490 1460 2544 hac
1516 2492 1700 2559 Specie
1733 2507 1829 2563 po-

234 2575 397 2642 pulus
444 2575 547 2630 iste
599 2577 688 2646 qui
747 2577 1054 2633 crediturus
1095 2590 1200 2647 est,
1232 2580 1554 2651 decipiatur.
1581 2583 1829 2653 Decidat,

239 2667 487 2734 Domine;
520 2669 599 2723 sic
631 2678 835 2737 tamen,
870 2672 1077 2726 utuibil
1094 2688 1154 2726 se
1181 2674 1421 2742 potuisse
1450 2677 1639 2731 vivens
1673 2693 1831 2732 reco-

231 2767 484 2830 gnoscat.
520 2760 585 2814 Et
614 2761 797 2816 statim
818 2763 870 2817 in
902 2778 1035 2819 voce
1066 2764 1234 2830 Petri,
1271 2767 1565 2837 implicatis
1594 2771 1834 2840 remigiis

230 2853 444 2907 alarum
472 2868 608 2923 quas
629 2865 954 2924 sumpserat,
983 2859 1209 2923 corruit,
1238 2873 1337 2913 nec
1357 2861 1699 2916 exanimatus
1726 2872 1831 2930 est;

230 2947 330 3002 sed
371 2949 544 3003 fracto
595 2948 984 3020 debilitatoque
1035 2966 1216 3018 crure,
1264 2952 1492 3007 Aritiam
1524 2955 1831 3023 concessit,

231 3052 399 3112 atque
427 3042 498 3097 ibi
528 3052 774 3098 mortuus
794 3053 897 3100 est.
930 3043 957 3083 b
980 3045 1100 3111 Quo
1119 3042 1433 3115 comperto:
1463 3046 1748 3117 deceptum
1776 3063 1836 3103 se

232 3137 384 3193 Nero
412 3146 467 3192 et
486 3136 804 3193 destitutum
837 3157 850 3191 τ
880 3138 1074 3195 dolens
1104 3142 1240 3195 tanti
1267 3156 1453 3196 casum
1485 3142 1671 3208 amici,
1705 3143 1833 3197 sub-

1937 1938 2080 2008 quod
2107 1937 2161 1993 in
2207 1954 2267 1993 ea
2298 1938 2545 1993 Christus
2577 1954 2837 2009 passurus
2885 1938 3182 2007 videretur,
3221 1943 3312 2014 qui
3345 1945 3546 2013 patitur

1939 2034 2262 2103 iusingulis:
2295 2048 2399 2087 non
2431 2034 2617 2103 utique
2644 2034 2895 2103 corporis
2918 2033 3131 2097 dolore,
3163 2035 3260 2090 sed
3308 2036 3543 2106 quadam

1937 2127 2324 2181 misericordia:
2350 2128 2763 2199 compasslone,
2795 2136 2887 2181 aut
2913 2123 2941 2164 ἀ
2970 2127 3161 2198 gloria:
3193 2129 3541 2185 celebritate.

1940 2219 2005 2274 Et
2033 2234 2353 2287 conversus,
2381 2220 2435 2275 in
2463 2222 2651 2275 urbem
2683 2221 2860 2286 redit;
2888 2228 3189 2293 captusque
3228 2237 3257 2277 a
3282 2237 3544 2294 persecu-

1939 2314 2153 2368 toribus
2175 2355 2188 2377 .
2224 2314 2369 2368 cruel
2412 2314 2778 2385 adiudicatus,
2812 2315 3060 2384 poposcit
3100 2324 3157 2371 ut
3186 2317 3417 2373 inversis
3453 2333 3545 2375 re-

1938 2410 2111 2481 stigiis
2144 2410 2291 2464 cruci
2322 2410 2661 2480 afligeretur,
2691 2410 2834 2480 quod
2862 2408 3115 2481 indignus
3147 2415 3315 2478 esset,
3348 2414 3438 2483 qui
3469 2415 3545 2469 si-

1940 2503 2050 2557 tnili
2092 2502 2254 2557 modo
2298 2503 2724 2573 crucifigeretur,
2763 2512 2821 2557 ut
2848 2517 3046 2573 passus
3075 2511 3158 2559 est
3204 2504 3297 2559 Dei
3345 2504 3536 2561 Filius.

1937 2596 2055 2663 Quo
2082 2598 2400 2665 impetrato,
2437 2597 2517 2651 vel
2550 2597 2671 2665 quia
2704 2597 2775 2649 ita
2821 2596 3143 2664 debebatur,
3192 2606 3251 2651 ιιι
3291 2597 3541 2653 Christus

1941 2671 2293 2760 prtedixerat,
2322 2690 2405 2743 vel
2429 2689 2552 2758 qula
2580 2700 2897 2759 persecutor
2925 2703 3030 2743 non
3054 2689 3264 2744 invitus
3299 2690 3543 2760 indulget

1940 2796 2227 2852 poenarum
2282 2782 2647 2845 incrementa;
2678 2789 2733 2835 et
2791 2782 2905 2854 ipse
2931 2790 2986 2836 et
3016 2781 3235 2848 Paulus,
3266 2782 3405 2837 alter
3424 2799 3541 2837 rru-

1939 2888 2022 2939 ce,
2055 2874 2194 2929 alter
2216 2873 2395 2944 gladio
2425 2873 2771 2929 necatisunt.

2559 2965 2788 3022 CAPUT
2826 2965 2915 3021 ιιι.

2012 3060 2117 3117 Sed
2148 3070 2207 3114 ut
2244 3061 2309 3114 ad
2347 3060 2683 3130 propositum
2731 3058 3052 3114 redeamus:
3090 3061 3337 3115 turbatus
3388 3060 3544 3130 gravi

1942 3154 2131 3210 nuntio
2162 3154 2322 3219 Nero,
2352 3154 2517 3209 rebus
2544 3154 2596 3207 in
2626 3152 2811 3209 Judrea
2845 3155 3023 3209 minus
3057 3166 3315 3224 prospere
3344 3156 3538 3224 gemis,

236 3232 515 3301 ¹³ι¹¹¹¹¹α¹¹θ
561 3231 661 3285 Sibi
710 3231 885 3286 Virum
933 3231 1118 3287 υιίίθηι
1148 3240 1203 3287 ει
1233 3233 1600 3289 necessarium
1653 3234 1905 3304 reiPu-C
1942 3247 2332 3317 Vespasianum
2382 3253 2671 3315 expertum
2702 3245 2829 3300 belli
2873 3248 3072 3307 virum,
3130 3247 3277 3300 amni
3331 3245 3540 3301 militia:

233 3322 395 3379 blica:
423 3318 754 3393 indignatus,
787 3339 1036 3394 quau-ere
1076 3325 1237 3395 coepit
1284 3340 1477 3380 causas
1503 3326 1698 3396 quibus
1729 3326 1830 3382 Pe-

234 3426 380 3471 trum
428 3416 720 3473 occideret.
766 3417 832 3471 Et
864 3417 975 3487 jam
1007 3427 1220 3487 tempus
1263 3418 1470 3483 aderat,
1504 3435 1612 3488 quo
1664 3422 1836 3475 sancti

234 3518 562 3565 vocarentur
584 3510 830 3579 Apostoli
858 3511 1050 3566 Petrus
1089 3521 1144 3566 et
1174 3511 1391 3568 Paulus.
1424 3512 1664 3583 Denique
1685 3515 1833 3582 dato,

234 3612 295 3657 ut
331 3602 928 3673 comprehenderentur
957 3615 1246 3674 percepto,
1300 3606 1593 3676 rogabatur
1640 3608 1835 3663 Petrus

236 3707 294 3751 ut
332 3710 455 3753 sese
474 3697 582 3753 alio
608 3699 899 3753 conferret.
940 3698 1251 3755 Resistebat
1279 3701 1369 3756 ille
1387 3700 1597 3769 dicens,
1632 3718 1834 3774 nequa-

235 3809 398 3863 quam
427 3808 489 3848 se
517 3794 802 3859 facturum,
832 3804 891 3848 ut
919 3803 1190 3864 tamquam
1219 3805 1367 3850 metu
1397 3796 1586 3851 mortis
1613 3798 1835 3853 territus

238 3963 491 4020 Christus
518 3964 806 4018 sanitatem
836 3970 1302 4032 repraesentasset,
1334 3975 1440 4014 non
1465 3968 1584 4013 erat
1608 3974 1706 4032 cur
1734 3959 1835 4013 Pe-

240 4046 356 4091 trus
384 4035 678 4104 imperaret
708 4051 878 4103 surge.
924 4034 1030 4089 Sed
1067 4042 1121 4087 et
1166 4031 1368 4104 Abdias
1411 4047 1573 4099 quum
1626 4031 1834 4085 diserte

238 4103 540 4162 indicativo
571 4106 730 4159 modo
751 4116 900 4159 sanat
930 4105 1231 4173 scripserit,
1268 4103 1318 4156 id
1346 4112 1496 4156 certo
1518 4112 1836 4173 argumento

238 4189 347 4242 est,
379 4174 449 4233 ab
480 4192 546 4232 eo
574 4194 678 4230 non
711 4180 869 4231 aliter
896 4180 948 4232 itt
991 4192 1089 4230 suo
1114 4174 1389 4244 Exjusippi
1436 4173 1625 4228 codice
1670 4172 1836 4230 fuisse

236 4258 534 4319 repertum.
564 4248 804 4303 Mazorh.
835 4248 952 4321 Iac.
974 4266 1094 4321 pag.
1118 4246 1253 4321 _86l.
1272 4316 1283 4321 _
1466 4317 1475 4321 Α
1614 4267 1621 4273 ι

312 4332 338 4359 ει
380 4320 471 4376 Sic
502 4322 631 4375 editi
653 4321 836 4391 vulgo.
870 4316 1073 4376 Taliteit
1108 4316 1433 4391 Gttaltlterus
1465 4317 1514 4391 iu
1561 4316 1835 4371 antttttatis

237 4391 511 4460 reperisse
551 4387 771 4447 alicubi'
799 4406 856 4445 se
885 4400 1133 4452 testatur,
1184 4387 1306 4442 Non
1358 4389 1656 4442 hominem:
1711 4404 1832 4457 quae

239 4479 363 4519 meo
386 4463 593 4534 judicio
624 4464 1067 4530 praestantissima
1095 4462 1251 4534 lectio
1274 4474 1352 4515 est
1387 4460 1652 4528 uuiceque
1678 4475 1828 4534 vera.

238 4530 568 4604 Nam'quum
620 4535 809 4592 Simon
851 4535 954 4589 hoc
1005 4531 1239 4588 credulis
1272 4534 1619 4604 persuaderet
1650 4546 1709 4584 se
1740 4530 1832 4584 Dei

238 4609 521 4679 potentiam
552 4622 646 4660 seu
685 4607 937 4679 virtutem
968 4614 1202 4679 es~e,_ut
1224 4612 1440 4679 Constat
1464 4617 1529 4657 ex
1574 4603 1695 4679 Art.
1717 4617 1832 4666 vm,

242 4672 332 4747 10,
376 4678 505 4733 hinc
560 4681 753 4733 merito
783 4677 1011 4747 populus
1053 4674 1321 4729 volan'em
1356 4673 1567 4747 videns,
1600 4672 1695 4725 Dei
1726 4689 1833 4726 esse

1940 3355 2060 3409 qttz'e
2113 3340 2164 3392 in
2222 3339 2375 3410 Syria
2409 3346 2547 3403 erat,
2603 3335 2863 3408 pra-fecit.
2910 3334 3006 3392 Ille
3038 3350 3308 3407 propere,
3364 3350 3541 3409 neque

1944 3430 2225 3485 differendi
2263 3439 2477 3500 tempus
2500 3431 2749 3495 dabatur,
2803 3432 2971 3484 misso
2998 3430 3381 3485 Alexandriam
3430 3430 3542 3485 filio

1945 3522 2088 3585 Tito,
2116 3522 2318 3577 utinde
2348 3508 2576 3601 militum
2631 3522 2722 3592 qui
2749 3521 3155 3592 praetendebant
3193 3532 3400 3593 partem
3443 3522 3544 3576 all-

1943 3630 2103 3686 quam
2145 3616 2401 3683 duceret,
2431 3602 2550 3684 ipse
2572 3618 2894 3670 transmisso
2923 3614 3358 3686 Hellespontiaco
3401 3614 3543 3670 freto

1945 3709 2108 3777 pedes
2135 3710 2185 3762 itt
2220 3708 2431 3780 Syriam
2459 3708 2758 3762 contendit.
2789 3708 2994 3763 Interea
3018 3707 3191 3762 Judaei
3221 3709 3382 3764 rebus
3413 3708 3542 3763 elati

1942 3801 2234 3865 secundis,
2294 3800 2567 3870 principes
2622 3800 2828 3854 militiae
2891 3800 3035 3854 bello
3093 3800 3296 3871 legunt.
3351 3800 3543 3855 Distri-

1936 3958 2076 4014 sium
2125 3960 2212 4013 hic
2251 3958 2506 4012 celebrare
2554 3959 2837 4013 orationem
2879 3958 2949 4012 sit
2981 3958 3159 4013 Missae
3207 3959 3533 4018 sacrificium

1942 4045 2220 4101 peragere.
2250 4030 2308 4083 In
2344 4031 2495 4102 Actis
2527 4030 2584 4083 S.
2621 4030 2795 4102 Ptonii
2847 4031 3101 4102 martyris
3131 4031 3272 4101 apud
3307 4030 3539 4087 Ruinar-

1943 4099 2091 4156 lium»
2117 4114 2249 4156 sect.
2335 4119 2346 4154 :
2386 4099 2549 4153 Facta
2578 4117 2694 4172 ergo
2728 4099 3008 4156 Damone
3040 4099 3256 4155 solemni
3302 4114 3415 4156 cum
3457 4106 3541 4159 die

1940 4174 2148 4227 subbam
2174 4187 2414 4228 saacrun
2445 4181 2618 4227 mw
2650 4182 2695 4226 et
2736 4188 2923 4239 aquam
2954 4174 3381 4244 degastarissent,
3411 4174 3536 4229 Pio-

1942 4247 2063 4299 nius
2116 4260 2240 4300 eum
2287 4246 2452 4298 sttciis
2491 4256 2678 4312 captus
2725 4254 2995 4297 narratur.
3032 4245 3086 4298 In
3118 4247 3309 4315 synodi
3342 4246 3537 4302 Laodi—

1940 4331 2092 4372 ceua:
2113 4331 2231 4370 can.
2266 4317 2352 4378 15.
2377 4332 2440 4369 ex
2468 4317 2915 4387 interpretatione
2941 4314 3208 4387 ltiottysii:
3241 4314 3539 4386 Presbyteri

1942 4390 2097 4459 ruris,
2148 4386 2388 4455 episcopo
2438 4382 2703 4454 praesente,
2747 4385 2825 4439 vel
2857 4382 3130 4456 presbyteri
3161 4388 3304 4441 urbis
3346 4382 3531 4459 ipsius,

1943 4458 2131 4525 offerre
2181 4475 2280 4511 non
2301 4468 2541 4529 possunt.
2569 4471 2726 4526 neque
2760 4470 2947 4529 panem
3000 4460 3379 4529 sanctificatum
3411 4460 3536 4514 dare

1942 4532 2066 4596 (hoc
2096 4525 2364 4603 ιιὶιὶιιιιιίῃ.
2420 4528 2610 4604 Grmce
2645 4525 2769 4604 est,
2791 4525 2908 4583 οὔτε
2965 4536 3062 4604 μὴν
3085 4525 3238 4604 ἄρτιον
3266 4527 3456 4595 διδόναι
3484 4533 3538 4586 ἐν

1940 4612 2117 4665 ΕΥΧΗ,
2149 4618 2241 4653 nec
2284 4599 2467 4669 panem
2496 4603 2619 4653 dare
2644 4601 2695 4671 iu
2721 4599 3003 4654 Oatt'rtoxa
3031 4602 3048 4671 )
3080 4599 3386 4663 culicemque
3418 4619 3538 4671 pars

1944 4675 2130 4744 rigere.
2174 4671 2233 4726 Si
2272 4666 2387 4723 itero
2421 4670 2650 4725 absentes
2682 4668 2730 4723 hi
2766 4674 2993 4744 fuerint,
3031 4666 3091 4744 rt
3118 4672 3220 4744 (εἰς
3242 4670 3437 4744 εὐχήὶθ)
3469 4666 3538 4724 ad

240 4734 527 4823 poienliam
556 4792 569 4813 ,
630 4749 752 4803 Non
784 4734 1059 4801 'hominem
1110 4746 1462 4823 acclamahat,
1525 4734 1669 4823 Ergo
1725 4755 1834 4823 tota
1864 4734 1919 4794 D
1944 4734 2176 4823 deindein
2203 4743 2481 4795 orationem
2510 4734 2887 4823 vorentm',_so_li
2920 4734 3341 4823 dat'edebebuui,‘
3362 4742 3539 4823 Zonaa

244 4815 360 4876 haec
392 4823 649 4891 periodus
691 4822 791 4891 sic,
824 4819 1077 4888 castigari
1111 4833 1173 4871 ac
1202 4816 1461 4883 distingui
1505 4815 1701 4891 debet,
1731 4816 1835 4891 uisi

246 4910 331 4948 me
361 4888 501 4946 ratio
533 4893 659 4962 fugit
693 4909 707 4951 ξ
743 4890 931 4946 Mirari
957 4891 1179 4958 populus
1229 4896 1276 4941 et
1308 4888 1582 4962 venerari:
1610 4888 1841 4962 plerique

245 4964 472 5017 dicentes
493 4957 664 5035 (euut)
693 4963 784 5017 Dei
809 4978 919 5035 esse
939 4957 1242 5035 potentiam,
1275 4976 1382 5035 non
1396 4960 1692 5035 hominem,
1751 4957 1841 5027 qui

246 5050 361 5090 cum
385 5028 601 5107 corpore
622 5028 879 5090 uolitat-et.
904 5028 979 5088 In.
1013 5033 1048 5086 ι.
1084 5048 1129 5085 c.
1166 5048 1288 5107 pag.
1315 5028 1441 5107 865.

317 5109 343 5148 ι)
388 5101 542 5162 Iluitc
573 5110 747 5162 locum
772 5108 852 5161 sic
878 5105 1207 5182 intcrpuugit
1240 5102 1545 5182 Mazoehius
1570 5101 1680 5182 |._e_.
1714 5115 1835 5182 pag.

243 5180 367 5243 465,
441 5180 667 5249 ejusque
717 5171 1225 5249 interpuut't'ittnem
1274 5176 1563 5249 conlirmat
1612 5171 1836 5234 Abdits,

241 5255 328 5324 qui
358 5240 707 5324 'sic'tex'tum
741 5240 1018 5324 Exjosipt-i
1050 5240 1321 5324 interdum
1358 5245 1626 5324 immutat,
1660 5253 1715 5324 unt
1745 5251 1841 5324 ta-

245 5313 365 5378 men
399 5320 528 5391 quid
562 5326 612 5376 in
646 5338 743 5377 suo
766 5313 953 5391 codice
979 5319 1262 5391 invenerit,
1293 5317 1423 5391 satis
1453 5332 1561 5383 prae
1590 5327 1650 5391 se
1680 5313 1836 5366 ferat.

246 5383 428 5447 Aliter
456 5394 619 5464 vulgo
669 5394 821 5465 editi.
853 5390 1127 5465 Caezerutu
1177 5387 1320 5440 idem
1377 5383 1723 5465 vireruditus
1774 5399 1838 5437 ex

244 5457 931 5538 Gnalthero;quiilegebat
971 5462 1023 5515 in
1069 5472 1254 5538 vetere
1291 5457 1509 5538 codice,
1560 5457 1689 5538 tanti
1720 5471 1843 5508 casu

246 5539 434 5601 (traici,
471 5529 651 5590 locum
692 5529 962 5603 integrum
1001 5537 1069 5587 ita
1106 5529 1501 5603 restituendum
1533 5529 1800 5603 existimat
1831 5544 1845 5578 :

252 5611 366 5678 Quo
398 5596 658 5681 comperto
682 5623 698 5661 :
723 5596 993 5681 deceptum
1021 5618 1072 5657 se
1101 5600 1237 5654 Nero
1261 5611 1306 5652 et
1338 5600 1638 5681 destitutum
1672 5596 1849 5681 dolens

248 5671 377 5737 tanti
426 5671 551 5733 cns'u
606 5680 760 5731 amici
801 5696 819 5733 :
853 5671 1264 5741 sublatumque.
1317 5710 1330 5725 .
1376 5709 1391 5724 .
1438 5712 1452 5727 .
1508 5671 1847 5739 indignatus:

248 5769 476 5825 (μιαίνεις
508 5753 684 5818 recpit,
718 5760 822 5805 etc.
854 5748 1112 5825 Cantasti

330 5838 351 5861 θ
394 5809 629 5883 Prorsus
657 5809 760 5876 non
780 5832 865 5877 est
894 5816 1273 5881 dubitandum,
1307 5815 1436 5887 quin
1460 5809 1852 5891 apudAmbro-

1944 4831 2031 4869 ras
2069 4817 2133 4868 ad
2165 4814 2309 4868 hunc
2346 4828 2610 4868 canouem
2658 4814 2784 4866 illud
2838 4814 3050 4890 Ea
3078 4816 3458 4890 interpretatur
3487 4817 3543 4890 έν

1943 4889 2201 4962 ἱξρουσγὶας
2249 4893 2712 4962 κᾳιρῷηῑβηιρονε
2766 4882 3034 4962 sacriﬁcii:
3090 4886 3239 4962 Πῑιιε⁸
3281 4887 3331 4940 in
3389 4882 3541 4962 libris

1943 4952 2252 5013 Giurcbrum
2287 4952 2547 5028 lit'tti-gicis
2591 4960 2825 5014 Μυστικὴ
2865 4958 3027 5028 εὐχή,
3079 4952 3303 5027 Myslica
3344 4959 3542 5028 oratio,

1942 5041 2019 5084 est
2048 5029 2192 5099 quod
2219 5042 2317 5082 nos
2352 5027 2567 5081 Missum
2618 5030 2867 5081 dicimus.
2904 5027 3189 5081 Balsamon
3223 5029 3287 5082 ad
3312 5027 3544 5100 NySseul

1942 5102 2226 5167 epistolam
2271 5102 2335 5153 ad
2373 5101 2642 5172 Letnjum,
2679 5099 2831 5161 illud,
2865 5107 3116 5169 μυστικῆς
3145 5099 3545 5172 ἐπιτελούμέμης

1943 5174 2125 5242 εὐχῆς,
2160 5173 2229 5224 de
2262 5172 2416 5239 panis
2446 5180 2497 5223 t-t
2523 5170 2704 5223 calicis
2730 5173 3143 5242 consecratione
3174 5170 3547 5240 explicat,'eui

1948 5241 2151 5296 secreta
2195 5242 2370 5295 oratio
2397 5258 2422 5294 a
2477 5241 2761 5312 sacerdote
2795 5241 3154 5308 pnrntittitur.
3190 5249 3249 5294 ut
3297 5245 3449 5312 panis
3491 5251 3548 5296 et

1947 5314 2084 5383 calix
2118 5312 2503 5365 sanetilieetur.
2538 5311 2778 5365 Mazaca.
2812 5312 2850 5364 ι,
2883 5328 2929 5364 c.
2960 5330 3079 5383 pag.
3112 5312 3238 5367 993.

2019 5380 2046 5420 ά
2087 5384 2223 5449 Quid
2276 5384 2457 5447 alort'w
2482 5385 2827 5435 celebritatem
2857 5380 2967 5437 hie’
2999 5380 3157 5438 vocet
3202 5383 3544 5450 Ambrosius,

1951 5454 2109 5524 plane
2143 5469 2246 5507 non
2271 5453 2652 5517 intelligerent,
2687 5456 2788 5509 nisi
2820 5453 2974 5522 primi
3002 5456 3256 5525 martyris
3285 5455 3550 5525 Stephani

1953 5526 2060 5597 (cui
2097 5525 2524 5597 Filinshmninis
2568 5532 2719 5577 stans
2748 5541 2775 5578 a
2805 5525 3011 5580 dextris
3036 5523 3249 5597 virtutis
3295 5525 3410 5587 Det,
3442 5523 3550 5597 hoc

1951 5595 2029 5650 est
2064 5597 2113 5650 in
2145 5595 2315 5662 gloria
2348 5606 2676 5659 sanctorum,
2722 5611 2781 5649 se
2809 5595 3251 5663 conspiciendum
3279 5598 3466 5651 ultimo
3490 5596 3546 5650 in

1949 5678 2123 5736 agone
2153 5667 2423 5735 ptmhuit)
2452 5676 2523 5738 ret
2571 5667 2798 5721 altorum
2837 5668 3070 5738 pugilum
3103 5669 3298 5737 quibus
3343 5664 3547 5738 aliquld

1951 5738 2294 5811 ἰσοδυναμοῦν
2324 5737 2463 5811 haud
2494 5753 2615 5811 raro
2637 5740 3184 5811 COIttigitLexemplis
3209 5738 3261 5793 id
3290 5737 3546 5809 quidnam

1950 5826 2115 5878 esset,
2140 5800 2387 5870 docerer.
2417 5808 2489 5862 la.
2523 5807 2560 5863 ι.
2592 5825 2638 5862 c.
2674 5800 2950 5883 pagi86'7.
