3964 6328
459 297 598 357 2071

1802 296 2050 359 SANC'I‘I
2086 301 2410 361 AMBROSII
2477 363 2480 366 .

3626 300 3772 356 207:).

461 414 639 471 buunt
681 413 822 482 loca,
869 413 1064 484 quibus
1113 409 1346 483 quisque
1386 421 1667 483 praeesset,
1717 427 1839 484 quae
1881 414 2064 469 munia
2091 413 2309 477 Abella
2354 413 2607 471 mercede
2659 421 2957 470 tractarent
3001 408 3070 465 ad
3095 417 3328 481 quatuor
3375 406 3556 463 millia
3602 408 3766 476 viros,

466 505 690 578 singuli,
723 519 858 584 quos
883 502 1126 570 ordines,
1157 503 1284 573 quid
1332 505 1574 560 muneris
1594 516 2061 577 exsequerentur:

463 597 762 669 .losephum
791 605 818 634 λ
844 593 1078 651 Cutione
1104 595 1373 667 genitum,
1400 605 1455 652 et
1477 596 1726 652 Ananum
1765 599 2065 670 principem

466 692 832 755 sacerdotum,
864 688 1374 761 Hierosolymitanae
1401 690 1551 745 urbis
1569 690 1824 761 negotiis,
1847 700 1903 746 et
1932 707 2070 762 prae-

465 785 626 857 cipue
656 770 1022 839 instaurandis
1070 783 1238 838 muris
1265 783 1588 854 praeficiunt.
1645 782 1886 841 Ardebat
1908 785 2069 842 Elea-

465 892 626 933 zarus
654 875 892 933 Simonis
912 875 1112 947 aliquid
1141 874 1245 931 sibi
1284 877 1624 947 publicorum
1649 878 1918 933 committi
1948 893 2066 934 mu-

467 986 681 1026 nerum.
709 970 777 1026 Et
804 969 933 1026 licet
952 983 1170 1025 omnem
1200 968 1472 1040 prmdam,
1514 985 1675 1040 quam
1727 969 1796 1026 de
1821 970 2068 1025 Romano

465 1065 707 1121 exercitu
736 1074 1014 1135 ceperant,
1042 1063 1145 1120 sub
1170 1071 1499 1137 potestatem
1541 1079 1693 1120 suam
1742 1063 2066 1133 redegisset,

464 1156 632 1213 ditem
659 1158 963 1228 praesertim
990 1168 1154 1227 atque
1179 1157 1418 1229 opimam
1441 1156 1666 1211 avaritia
1691 1154 1879 1214 Cestii.
1906 1164 2069 1227 atque

464 1250 771 1306 immodicis
793 1252 995 1323 rapinis
1026 1263 1405 1307 coacervatam
1434 1269 1447 1305 :
1473 1259 1656 1307 tamen
1679 1250 1933 1321 parandae
1954 1265 2069 1306 ma-

461 1344 547 1414 gis
576 1344 678 1400 sibi
704 1346 957 1414 potentiae
988 1344 1280 1411 intentum,
1302 1358 1467 1415 quam
1489 1344 1763 1398 communi
1798 1343 1919 1399 usui
1946 1359 2071 1414 pro-

463 1452 593 1491 num
624 1436 902 1503 arbitrati,
933 1435 1317 1504 declinandum
1345 1437 1710 1492 aestimavere.
1746 1435 1853 1492 Sed
1882 1436 2071 1506 paula-

464 1529 560 1584 tim
593 1528 885 1584 ambiendo
905 1528 1170 1599 siugulos,
1200 1528 1383 1584 dando
1402 1536 1461 1585 et
1481 1527 1758 1599 largiendo
1779 1526 1979 1593 eﬂecit,
2015 1537 2072 1584 ut

462 1638 649 1679 rerum
677 1623 919 1679 omnium
963 1637 1173 1678 summa
1201 1622 1320 1693 ejus
1350 1621 1578 1678 arbitrio
1606 1622 2065 1678 committeretur.

463 1716 754 1773 Idumaeam
813 1730 1029 1787 quoque
1081 1714 1240 1771 Iesus
1286 1729 1423 1771 unus
1466 1713 1536 1769 de
1582 1713 1961 1770 sacerdotibus
2016 1721 2072 1769 et

2174 515 2466 564 sexcentos
2526 521 2744 579 quoque
2798 505 3006 563 electos
3049 500 3301 559 custodes
3355 499 3446 557 sui
3500 501 3763 572 corporis,

2171 610 2318 656 tanta
2343 616 2373 655 a
2399 600 2601 658 Judteis
2648 600 2868 670 pertulit
2911 606 2972 654 ut
3010 596 3130 668 plus
3166 603 3295 650 ante
3336 593 3544 650 bellum
3571 607 3603 648 a
3633 593 3763 661 suis,

2167 710 2328 767 quam
2356 694 2412 750 in
2434 695 2553 766 ipso
2577 693 2722 750 bello
2746 709 2775 748 a
2807 690 3067 747 Romanis
3096 688 3336 760 pericula
3382 686 3767 759 perhorresce-

2169 796 2274 845 ret.
2307 787 2511 842 Omitto
2532 785 2661 855 quid
2710 782 2993 841 seditionis
3019 780 3308 838 excitatum
3335 797 3352 837 :
3381 780 3507 850 quia
3544 778 3761 833 latroci-

2170 883 2261 937 nio
2290 891 2473 952 erepta
2492 879 2723 936 reddere
2747 876 2939 947 bisqui
2963 864 3280 942 amiserant,
3317 871 3762 944 suspeetabatur:

2169 990 2234 1031 ac
2255 974 2490 1030 maxime
2521 972 2771 1044 Agrippa:
2796 980 2853 1028 et
2880 971 3182 1034 Berenicae,
3209 969 3406 1040 quibus
3434 966 3767 1024 redhibeuda

2164 1067 2314 1139 juste
2344 1066 2544 1133 forent,
2566 1081 2634 1121 ne
2655 1080 2837 1135 regem
2858 1064 3100 1119 facerent
3126 1061 3481 1119 infestiorem.
3504 1060 3767 1116 Ettamen

2170 1157 2288 1225 ille,
2316 1173 2424 1229 quo
2442 1157 2630 1229 populi
2647 1154 3276 1227 molliretimpetum,ad
3308 1152 3767 1210 constructionem

2173 1250 2350 1321 potius
2380 1265 2686 1317 murorum,
2708 1263 2868 1319 quam
2896 1247 2963 1303 ad
2988 1247 3334 1304 dominorum
3362 1246 3766 1303 indemnitatem

2170 1353 2459 1424 servatam»
2498 1345 2820 1415 pecuniam:
2876 1346 3200 1414 omniaque,
3251 1341 3347 1399 ille
3389 1340 3603 1410 aiebat,
3652 1355 3767 1412 qua:

2170 1450 2356 1511 erepta
2385 1438 2681 1495 Ptolemaeo
2727 1437 2928 1504 forent,
2966 1437 3057 1508 qui
3081 1437 3288 1507 regium
3319 1449 3538 1500 aurum,
3567 1442 3766 1499 vestes,

2169 1540 2475 1603 czeteraque
2539 1546 2762 1587 munera
2815 1530 3145 1602 portavisset
3173 1569 3190 1596 ,
3243 1527 3525 1583 aestimare
3569 1524 3768 1581 debere

2172 1624 2558 1681 Tarieheatas:
2591 1624 2733 1695 apud
2773 1637 2868 1680 eos
2916 1623 3062 1679 enim
3110 1637 3198 1678 res
3234 1620 3564 1693 gerebatur,
3594 1627 3769 1674 utrum

2172 1716 2226 1772 id
2251 1716 2628 1773 instaurationi
2676 1731 2900 1773 suorum
2927 1731 3205 1771 murorum
3259 1712 3589 1770 servandum
3621 1721 3773 1783 puta—

469 1811 762 1867 Eleazarus
806 1808 1114 1866 sacerdotis
1164 1808 1308 1865 filius
1347 1807 1558 1863 militia:
1589 1807 1888 1879 praepositi,
1913 1815 2071 1863 tuen—
2099 1810 2147 1871 B
2174 1818 2321 1878 rent,
2346 1825 2413 1865 an
2445 1809 2808 1880 diripiendum
2843 1808 3142 1864 latronibus
3169 1808 3610 1877 depromeretur.
3634 1802 3773 1858 Indi-

465 1902 591 1958 dam
639 1910 982 1972 receperunt.
1015 1899 1256 1972 Principi
1284 1907 1463 1956 tamen
1492 1900 1662 1955 totius
1685 1899 1936 1954 Idumaeas
1979 1897 2073 1954 Ni-

466 2009 566 2065 gro
594 1994 661 2051 de
690 1995 917 2050 summis
962 1993 1123 2049 rebus
1153 1992 1563 2063 praerogativam
1618 2006 1837 2047 omnem
1885 2005 2071 2047 reser-

467 2095 657 2141 vantes
677 2126 693 2154 ,
726 2084 965 2157 Josepho
985 2084 1226 2142 Simonis
1256 2083 1513 2140 Hiericho
1561 2083 1803 2150 obvenit,
1828 2081 2074 2138 Manasse

468 2181 498 2220 ι)
520 2180 731 2237 Petraea
757 2180 909 2251 regio
942 2180 1269 2244 commissa,
1298 2187 1448 2233 trans
1478 2176 1807 2248 Euphratem
1838 2176 1964 2242 sita;
1987 2178 2073 2232 cui

467 2274 538 2329 ab
591 2287 658 2328 eo
692 2269 804 2327 indi
833 2285 1060 2338 nomen,
1098 2269 1244 2341 quod
1275 2268 1579 2339 Euphrates
1619 2268 1687 2323 ad
1714 2283 1831 2323 eam
1865 2277 2072 2338 partem

468 2363 822 2437 pergentibus
875 2362 1280 2418 transmittitur.
1336 2360 1576 2418 Joannes
1625 2361 1876 2427 Esszeus,
1932 2361 2073 2417 alius

466 2474 683 2530 quoque
726 2458 965 2516 Joannes
1006 2456 1232 2513 Ananiae
1283 2456 1462 2525 filius,
1505 2456 1800 2527 czeterique
1830 2456 2074 2515 adversis

467 2550 714 2606 attributi
757 2549 1032 2621 partibus,
1066 2562 1202 2620 quas
1232 2562 1327 2604 sua
1379 2557 1660 2605 tuerentur
1681 2547 2069 2606 sollicitudine.

461 2640 652 2714 Itaque
696 2641 896 2712 singuli
934 2640 1226 2712 commissa
1254 2640 1357 2697 sibi
1412 2641 1596 2698 munia
1644 2656 1753 2698 non
1792 2641 2070 2709 deserere,

467 2736 742 2792 instruere
772 2750 983 2802 muros,
1013 2750 1232 2791 manum
1261 2735 1445 2806 legere
1474 2735 1813 2792 bellatoriam
1834 2751 1931 2791 :ex
1953 2737 2075 2806 qui-

470 2828 572 2885 bus
612 2827 882 2899 .losephus
920 2827 974 2883 in
1005 2827 1286 2884 Galilaeam
1316 2827 1686 2895 descendens,
1719 2829 1934 2884 munire
1981 2844 2072 2884 ca-

471 2921 655 2989 stella,
671 2922 975 2977 instaurare
999 2921 1423 2992 propugnacula,
1439 2921 1802 2977 validissimos
1827 2936 2072 2994 quosque

473 3024 531 3070 et
561 3013 707 3070 bello
729 3012 1169 3083 promptissimos
1200 3012 1508 3070 adsciscere
1528 3014 1633 3071 sibi
1659 3016 1888 3086 impigre
1916 3030 2072 3072 cura-

469 3107 607 3163 bat:
652 3103 947 3176 prohibere
1002 3103 1311 3172 latrocinia,
1356 3105 1697 3174 praetendere
1740 3105 1985 3175 quotidie
2016 3107 2069 3162 in

2176 1920 2341 1975 gnttm
2359 1913 2509 1960 certe
2528 1903 2721 1967 videri,
2751 1912 2810 1958 ut
2838 1916 2904 1957 eo
2934 1916 3145 1973 plenam
3168 1901 3469 1970 exciperet,
3499 1897 3628 1969 quia
3649 1910 3776 1952 me—

2179 1998 2283 2053 lius
2327 1995 2707 2054 consuluisset.
2753 1995 2936 2066 Itaque
2961 2007 3260 2051 cunversus
3299 1991 3408 2049 illis
3437 1991 3493 2046 in
3536 1989 3622 2046 sui
3657 1997 3779 2061 gra-

2178 2092 2307 2147 tiam
2365 2090 2622 2147 invidiam
2678 2088 2841 2145 simul
2881 2098 2936 2145 et
2980 2088 3281 2160 periculum
3331 2086 3527 2143 evasit.
3576 2083 3779 2139 Iterum

2177 2200 2301 2240 cum
2331 2184 2562 2256 gratiam
2593 2182 2737 2252 regis
2777 2182 3029 2253 Agrippa:
3069 2178 3318 2236 Tiberias
3346 2177 3779 2247 societatemque

2176 2276 2529 2349 deposceret,
2579 2277 2885 2347 proripiens
2927 2289 2987 2331 se
3030 2273 3300 2346 Iosephus
3350 2272 3422 2328 de
3474 2279 3777 2327 memorata

2179 2371 2336 2437 urbe,
2362 2368 2813 2425 Taricheatarum
2854 2367 3051 2424 clausit
3078 2374 3282 2438 portas,
3314 2380 3383 2421 ne
3407 2364 3533 2437 quis
3558 2365 3779 2419 nuntius

2176 2462 2245 2518 ad
2275 2461 2466 2518 urbem
2494 2461 2838 2518 Tiberiadem
2881 2468 3151 2531 pergeret,
3206 2468 3263 2514 et
3308 2456 3507 2513 deesse
3537 2455 3778 2527 Josephn

2168 2555 2376 2612 auxilia
2427 2554 2683 2611 militaria
2713 2554 3068 2625 significaret.
3093 2553 3214 2624 Ipse
3249 2561 3432 2609 autem
3479 2565 3778 2623 congrega-

2177 2649 2253 2703 vit
2274 2648 2343 2704 de
2373 2648 2496 2704 lacu
2523 2648 2737 2719 navigia
2768 2647 3058 2718 piscatoria
3089 2661 3213 2716 quae
3237 2646 3290 2701 itt
3314 2654 3566 2715 tempore
3602 2645 3777 2715 potuit

2177 2740 2542 2813 investigare,
2581 2750 2638 2796 et
2664 2738 3011 2796 Tiberiadem
3043 2738 3283 2805 remigiis
3321 2737 3497 2809 petiit.
3542 2736 3652 2794 Sed
3686 2737 3774 2792 ubi

2176 2834 2245 2889 ad
2291 2849 2417 2891 eum
2461 2833 2639 2889 locum
2678 2832 2849 2898 venit,
2890 2831 2946 2887 itt
2997 2846 3104 2901 quo
3130 2830 3424 2901 conspicua
3447 2828 3670 2901 quidem
3720 2829 3772 2883 in

2176 2929 2311 2985 urbe
2360 2926 2553 2999 positis
2601 2926 2739 2983 foret
2781 2922 2994 2997 species
3022 2923 3384 2995 navigiorum,
3432 2921 3773 2994 deprehendi

2176 3031 2356 3079 tamen
2405 3021 2651 3093 nequiret
2697 3028 2879 3076 utrum
2922 3027 3110 3075 essent
3136 3032 3301 3073 vacua
3356 3016 3769 3088 prmliatorum:

2170 3112 2333 3184 jussit
2354 3128 2417 3169 ea
2447 3110 2688 3182 dispergi
2714 3125 2811 3182 per
2833 3120 3004 3167 totum
3025 3109 3256 3181 spatium
3291 3109 3466 3177 lacus,
3496 3117 3559 3163 ut
3599 3108 3770 3180 major

464 3200 678 3266 castris,
723 3198 952 3254 militem
993 3196 1253 3252 Romanae
1286 3196 1493 3252 militiae
1536 3212 1686 3253 more
1735 3199 2062 3268 exercitare,
2096 3203 2142 3268 C
2174 3218 2435 3260 numerus
2475 3204 2884 3262 aestimaretur:
2923 3217 2992 3259 ne
3035 3202 3318 3274 quisquam
3364 3216 3536 3257 vacua
3566 3202 3766 3273 potius,

470 3292 716 3348 dividere
738 3333 753 3359 ,
798 3290 1020 3348 ordines
1049 3290 1398 3357 distribuere,
1428 3290 1779 3347 centuriones
1805 3290 2068 3362 plurimos

471 3384 773 3454 praeficere,
801 3396 909 3452 quo
948 3380 1162 3439 facilius
1187 3382 1472 3452 disciplina
1499 3382 1567 3437 ab
1605 3382 1859 3438 omnibus
1884 3382 2068 3453 exige-

468 3486 648 3531 retur:
697 3489 765 3529 ne
790 3474 1074 3544 quisquam
1102 3473 1316 3541 lateret,
1349 3474 1673 3545 quicumque
1700 3475 1916 3545 proliria
1948 3492 2068 3531 mu-

466 3568 558 3625 nia
611 3565 1009 3636 dereliquisset.
1042 3564 1361 3621 lnstituebat
1402 3567 1590 3633 etiam,
1620 3577 1679 3622 ut
1708 3578 2066 3638 agnoscerent

464 3657 835 3717 institutiones
882 3657 1131 3714 tubarum
1172 3665 1227 3714 et
1255 3659 1672 3728 repressiones,
1703 3670 2064 3729 sequerentur

462 3755 740 3820 ordinem,
771 3754 944 3809 aciem
993 3751 1320 3823 dirigerent,
1350 3752 1576 3826 clypeos
1629 3754 1970 3820 intexerent,
2006 3764 2065 3810 ut

463 3847 659 3905 murali
716 3845 854 3913 vice,
888 3846 932 3901 si
960 3844 1099 3901 forte
1139 3861 1334 3915 magna
1365 3845 1601 3902 hostium
1633 3847 1717 3902 vis
1759 3845 2059 3917 ingrueret,

461 3962 585 4004 sese
635 3943 923 4000 adversum
963 3940 1305 3998 incursantes
1350 3941 1724 4009 defensarent,
1769 3941 2063 3998 subvenire

457 4037 854 4101 laborantibus,
906 4034 1063 4090 fessis
1090 4036 1347 4105 compati,
1393 4035 1632 4105 pericula
1662 4035 1891 4090 aliorum
1918 4037 1969 4090 in
2002 4050 2061 4091 se

461 4128 843 4185 transfundere
873 4144 887 4181 :
914 4141 1014 4182 nec
1042 4127 1218 4181 solum
1248 4127 1373 4182 belli
1404 4136 1552 4182 artes
1578 4128 1642 4183 ad
1663 4129 1834 4183 instar
1862 4129 2060 4184 Roma-

458 4238 543 4279 na:
565 4222 764 4278 docere
808 4221 1037 4289 militiae,
1072 4221 1169 4277 sed
1208 4222 1372 4277 etiam
1399 4229 1528 4276 ante
1557 4221 1783 4290 bellum,
1816 4224 1907 4293 qui
1945 4239 2060 4278 am-

457 4319 603 4389 plius
629 4317 897 4375 bellantes
932 4317 1187 4388 juvarent
1211 4315 1568 4384 denuntiare,
1605 4325 1667 4371 ut
1696 4317 1855 4373 miles
1875 4317 2054 4374 cibum

454 4412 559 4469 sibi
591 4422 645 4468 et
670 4427 818 4467 arma
850 4420 1125 4483 portaret,
1158 4409 1300 4465 vallo
1326 4420 1382 4466 et
1424 4409 1566 4466 fossa
1617 4425 1739 4467 sese
1794 4414 2054 4481 muniret,

2170 3311 2331 3368 quam
2382 3295 2582 3353 referta
2632 3295 2986 3352 bellatoribus
3030 3294 3345 3351 mstimaret.
3389 3293 3511 3364 Quo
3570 3294 3767 3360 territi,

2165 3390 2312 3464 quod
2367 3388 2629 3444 adversus
2681 3395 2883 3443 tantam
2927 3387 3327 3446 multitudinem
3362 3389 3612 3444 infirmos
3642 3402 3762 3444 sese

2167 3488 2595 3550 arbitrarentur,
2628 3484 2976 3556 projecerunt
3021 3499 3193 3551 arma,
3222 3484 3507 3555 portisque
3551 3497 3762 3540 resera-

2168 3582 2256 3646 tis,
2283 3578 2587 3635 effuderunt
2606 3593 2666 3634 se
2691 3578 2963 3649 supplices
2989 3576 3250 3648 Josepho,
3296 3577 3392 3649 qui
3435 3578 3606 3634 veluti
3652 3578 3757 3633 dux

2167 3672 2397 3743 agminis
2418 3671 2668 3726 militaris
2692 3671 2912 3742 propius
2945 3680 3271 3727 accesserat.
3301 3669 3627 3739 Quaesitum,
3658 3685 3755 3740 qua

2167 3765 2384 3822 tandem
2411 3764 2630 3821 vesania
2661 3764 3049 3821 discessionem
3076 3763 3616 3829 animisinduissent,
3639 3764 3757 3836 qui-

2167 3856 2266 3912 bus
2294 3856 2609 3912 auctoribus
2631 3856 2848 3927 impulsi
2876 3870 2997 3911 sese
3014 3855 3340 3910 adversariis
3377 3856 3631 3912 tradituri
3683 3858 3757 3911 lo.

2164 3959 2326 4014 rent;
2357 3958 2412 4004 et
2455 3945 2615 4001 simul
2648 3954 3000 4002 occurrentes
3028 3946 3132 4001 sibi
3174 3944 3405 4016 iubebat
3431 3947 3759 4018 gubernat"-

2165 4040 2313 4095 ribus
2365 4050 2422 4094 ιιι
2463 4037 2757 4096 Tariclteas
2798 4038 3170 4107 deducerent,
3230 4049 3394 4110 atque
3442 4040 3557 4096 illic
3596 4051 3621 4079 ο
3661 4050 3760 4097 tre.

2162 4141 2353 4188 centos
2382 4132 2554 4188 ferme
2588 4132 2841 4195 curiales,
2874 4131 3166 4203 plerosque
3196 4131 3249 4187 in
3277 4132 3496 4188 vincula
3550 4134 3620 4189 de
3646 4134 3754 4205 ple-

2162 4224 2229 4280 be
2260 4225 2421 4296 rapit.
2472 4224 2688 4297 Clytum
2735 4240 2950 4296 quoque
2976 4225 3096 4296 ejus
3135 4224 3393 4281 facinoris
3431 4229 3753 4283 accersitum

2161 4319 2480 4389 principem,
2528 4317 2775 4373 manibus
2820 4317 3113 4388 amputatis
3140 4332 3328 4388 pecuas
3375 4318 3530 4375 luere
3568 4319 3753 4390 jubet;

2159 4421 2320 4482 atque
2349 4411 2446 4467 illo
2468 4422 2711 4482 rogante,
2745 4419 2803 4466 ut
2827 4426 2936 4466 una
2981 4412 3169 4466 saltem
3199 4411 3300 4467 sibi
3349 4427 3545 4468 manus
3596 4415 3755 4470 relin-

450 4504 754 4576 castrisque
777 4503 1043 4576 ponendis
1073 4502 1397 4574 prreveniret
1427 4501 1681 4570 hostem,
1707 4502 2054 4575 obtempera-
2157 4514 2440 4576 queretur,
2473 4506 2734 4576 praecepit
2770 4503 3058 4576 Iosephus,
3090 4513 3149 4560 ut
3177 4504 3295 4577 ipse
3328 4504 3436 4561 sibi
3458 4521 3624 4578 quam
3648 4508 3754 4562 vel-

449 4609 534 4656 ret
559 4600 869 4671 praeceptis,
899 4598 1044 4655 furto
1070 4615 1134 4655 ac
1156 4599 1363 4670 rapinis
1380 4598 1656 4654 abstinere
1685 4610 2048 4665 assuesceret,
2080 4597 2130 4656 Ι)
2159 4598 2258 4664 let,
2295 4598 2557 4653 demeret.
2610 4597 2749 4654 'I‘um
2795 4597 2888 4653 ille
2920 4597 3187 4669 arripiens
3239 4597 3431 4654 dextra
3481 4598 3751 4669 gladium,

446 4691 657 4747 lucrum
686 4691 965 4762 proprium
997 4700 1237 4764 putaret,
1261 4692 1305 4748 si
1330 4691 1463 4747 nihil
1487 4691 1756 4762 dispendii
1780 4692 2054 4749 ruralibus
2154 4691 2343 4747 laevam
2371 4691 2623 4747 abscidit.
2661 4690 2737 4745 Ita
2786 4701 3004 4761 recepta
3035 4690 3280 4746 Tiberias
3311 4699 3417 4747 est.
3443 4691 3552 4748 Sed
3593 4693 3753 4749 etiam

448 4786 749 4843 cultoribus
772 4786 1126 4857 irrogaretur.
1158 4786 1296 4855 Quid
1321 4786 1467 4841 enim
1489 4785 1654 4843 distet
1678 4787 1747 4842 ab
1782 4787 2051 4858 hostibus,
2154 4786 2417 4857 Sephoris
2451 4794 2651 4841 tentata
2683 4785 3043 4851 discessione,
3070 4784 3291 4855 Josephi
3326 4795 3507 4840 tamen
3557 4787 3755 4843 vivaci-

447 4878 498 4935 εἰ
521 4879 635 4949 ipse
662 4878 847 4934 hostili
878 4880 1041 4934 modo
1071 4877 1327 4934 auferat?
1353 4877 1458 4932 nisi
1505 4879 1650 4948 quod
1696 4877 1915 4948 gravius
1943 4890 2051 4946 est,
2152 4889 2262 4936 tate
2286 4881 2427 4936 inter
2450 4879 2764 4935 Judzeorum
2792 4878 2958 4935 urbes
3003 4878 3180 4934 socias
3205 4876 3557 4933 attinebatur.
3582 4878 3751 4935 Tran-

444 4987 542 5029 sua
566 4987 726 5043 quam
756 4972 937 5028 aliena
966 4972 1265 5038 incessere,
1294 4979 1351 5026 et
1368 4969 1577 5037 socios,
1611 4985 1770 5041 quam
1797 4969 2046 5027 adversa-
2150 4972 2499 5044 qttillioribus
2519 4972 2664 5028 enim
2681 4971 2925 5027 consiliis
2941 4985 3039 5026 sua
3059 4967 3377 5038 defendere,
3396 4985 3560 5042 quam
3576 4971 3749 5027 aliena

445 5066 558 5122 rios
585 5067 844 5137 spoliare.
868 5066 1166 5121 Plurimum
1199 5065 1383 5121 valere
1430 5065 1483 5120 in
1509 5064 1655 5119 bello
1683 5064 1882 5120 bonam
1913 5081 2042 5121 con-
2146 5067 2428 5125 incursare
2455 5066 2706 5124 malebat.

441 5159 726 5215 scientiam
748 5200 764 5223 ,
792 5174 860 5214 eo
889 5157 1032 5227 quod
1059 5157 1292 5227 amplius
1317 5156 1387 5212 de
1407 5156 1591 5212 divino
1616 5156 1817 5211 auxilio
1840 5173 2046 5227 praesu-
2766 5154 2995 5214 CAPUT
3036 5156 3124 5213 IV.

442 5259 641 5316 meret,
689 5251 779 5321 qui
810 5265 871 5306 se
920 5249 1053 5305 nulli
1080 5250 1297 5304 aflinem
1329 5248 1543 5304 crimini
1600 5261 2038 5322 recognosceret.
2219 5253 2290 5309 At
2344 5269 2474 5310 vero
2518 5253 2733 5310 Pelates
2770 5251 2955 5322 Niger,
2985 5260 3041 5305 et
3066 5250 3395 5322 Babylonius
3441 5252 3655 5326 Syllas,
3693 5262 3745 5309 et

441 5341 552 5399 Sed
594 5342 677 5397 his
716 5342 883 5399 rebus
926 5342 1099 5397 citius
1132 5342 1232 5398 sibi
1276 5342 1418 5412 apud
1468 5341 1753 5412 improbos
1784 5354 2042 5415 expertus
2144 5346 2385 5403 Joannes
2409 5349 2624 5403 Essaeus
2650 5362 2812 5405 omne
2834 5347 2975 5417 quod
3005 5352 3123 5401 erat
3147 5345 3201 5401 in
3223 5346 3407 5403 Iudaea
3433 5349 3594 5419 pubis
3613 5349 3743 5404 valio

439 5445 524 5491 est
563 5435 814 5490 nocuisse
842 5434 1135 5500 invidiam,
1179 5449 1338 5505 quam
1376 5433 1518 5505 apud
1548 5436 1716 5490 bonos
1767 5436 2037 5506 profuisse
2145 5442 2228 5498 da:
2255 5452 2681 5515 congregantes,
2712 5445 3034 5500 Ascalonem
3068 5454 3291 5516 petunt,
3322 5445 3564 5517 amplam
3619 5444 3738 5516 qui-

435 5527 688 5597 gratiant.
742 5526 877 5583 Nam
931 5543 1054 5583 cum
1096 5527 1165 5582 ad
1213 5528 1491 5599 sexaginta
1543 5529 1708 5586 millia
1768 5531 2031 5600 peditum,
2140 5535 2265 5592 dem
2316 5546 2370 5592 et
2418 5537 2588 5593 muris
2645 5537 2931 5593 subnixam
2981 5522 3175 5594 validis
3216 5539 3427 5603 urbem,
3475 5537 3573 5593 sed
3620 5538 3737 5608 opis

434 5619 797 5688 paucissimos
853 5621 1096 5692 equitum
1127 5621 1604 5693 congregavisset:
1643 5636 1740 5679 eos
1784 5639 1915 5681 vero
1941 5626 2036 5697 qui
2141 5628 2479 5700 subsidiique
2509 5628 2769 5701 indigam,
2803 5645 2923 5702 qua:
2951 5630 3306 5703 septingentis
3330 5629 3525 5702 viginti
3553 5630 3742 5688 stadiis

2210 5737 2240 5797 ι
2279 5740 2414 5819 Qud.
2464 5751 2597 5813 vct.,
2630 5741 2829 5819 Peraea,
2862 5744 2938 5819 In.

2215 5819 2237 5848 ⁸
2281 5812 2419 5869 Cod.
2443 5822 2578 5885 vet.,
2608 5812 2893 5872 sescentos.
2921 5814 2996 5871 lb.

427 5731 697 5861 BA:mVet.
730 5733 878 5799 cod.,
934 5731 1183 5788 Curione.
1238 5731 1530 5804 Iosephus,
1577 5736 1820 5792 Gon’om's
1862 5735 2026 5803 ﬁlius.
