3964 6326
267 343 419 401 2075

1140 345 1409 404 lllSTOR.
1455 345 1540 402 DF.
1580 343 1860 402 EXCIDIO
1901 342 2171 400 HIEROS.
2205 342 2407 400 URBIS
2447 343 2574 401 LIB.
2614 343 2679 399 11.

3423 343 3566 402 2075

269 461 343 517 ab
371 461 864 532 Hierosolymitana
891 463 1027 518 urbe
1056 462 1487 531 discernebatur,
1522 473 1578 519 et
1619 463 1757 519 odiis
1789 463 1871 519 in-
1896 467 1947 527 Α
1976 465 2190 522 medius
2212 466 2536 530 intersecat,
2571 463 2714 533 quia
2735 462 2868 520 solis
2884 472 3005 518 ortu
3031 464 3246 533 oriens,
3278 479 3385 520 non
3413 465 3573 538 longe

267 551 546 625 gentibus.
590 551 888 624 Propterea
949 553 1120 609 ,ἰυᾱωί
1179 556 1449 610 inimicam
1520 555 1622 610 sibi
1679 555 1868 610 urbem

267 650 489 706 diruere
519 650 828 720 cupientes,
859 652 1090 707 eollecta
1131 666 1292 706 manu
1321 652 1656 710 involavere.
1689 651 1871 706 Praee-

268 753 359 800 rat
382 745 501 800 urbi
526 745 795 800 Antonius
824 745 1035 800 minore
1068 761 1291 801 numero
1319 745 1544 800 Romani
1577 749 1866 811 exercitus,

269 853 432 909 quam
467 856 573 909 quo
602 839 780 894 resisti
813 855 972 910 posse
1007 838 1210 894 Judzeis
1236 839 1619 894 :estimaretur.
1651 838 1756 896 Sed
1790 839 1871 893 vir

267 931 500 986 acrioris
523 930 747 1002 ingenii,
778 939 834 986 et
881 947 947 987 ex
980 947 1135 1002 aequo
1158 931 1396 1002 prudens
1425 932 1671 995 bellator,
1706 930 1868 985 diffu-

265 1036 361 1078 sos
383 1031 438 1078 et
464 1039 693 1079 numero
725 1025 894 1094 magis
938 1039 1097 1094 quam
1136 1024 1330 1080 virtute
1386 1024 1616 1080 ﬁdentes
1659 1024 1868 1080 eductis

264 1117 561 1187 equitibus,
597 1118 827 1172 transire
867 1116 936 1173 ad
960 1119 1151 1174 urbem
1181 1117 1351 1173 sinit:
1385 1117 1580 1174 deinde
1620 1120 1672 1173 in
1705 1133 1869 1173 cursu

265 1224 625 1280 progressos,
673 1209 858 1281 fatigat
894 1219 1218 1282 sequentes,
1272 1211 1549 1267 confertos
1605 1212 1865 1282 dissipat,

266 1301 513 1356 turbatos
541 1301 721 1372 fugat,
768 1311 992 1373 totoque
1033 1319 1227 1375 campo
1275 1305 1572 1358 insectatur
1603 1303 1865 1373 palantes;

263 1395 357 1449 alii
396 1410 551 1451 versa
577 1397 697 1452 vice
737 1408 1002 1467 urgentur
1051 1399 1118 1454 ad
1169 1413 1376 1465 muros,
1412 1398 1702 1453 interclusa
1728 1401 1866 1468 fugae

261 1486 444 1556 copia,
496 1486 583 1540 alii
613 1486 828 1543 diversa
862 1497 1071 1558 petunt,
1104 1490 1199 1545 sed
1227 1489 1579 1545 circumventi
1617 1490 1684 1545 ab
1715 1489 1868 1560 equi-

263 1577 410 1632 tibus
436 1578 851 1634 obtruncantur.
878 1580 1027 1636 Multi
1045 1596 1206 1652 supra
1241 1597 1301 1637 se
1343 1592 1530 1647 ruunt,
1562 1590 1616 1637 et
1649 1597 1708 1636 se
1729 1582 1866 1636 invi-

258 1686 382 1728 cem
413 1673 616 1742 impetu
645 1689 744 1730 suo
771 1685 1042 1742 sternunt;
1071 1677 1252 1747 itaque
1278 1692 1450 1747 usque
1477 1677 1542 1731 ad
1576 1692 1861 1746 vc5perum

259 1765 413 1831 etesi,
453 1766 686 1822 amisere
715 1784 780 1823 ex
804 1769 918 1824 suis
945 1769 1134 1824 decem
1164 1770 1330 1825 millia
1367 1771 1626 1835 virorum,
1651 1771 1861 1828 Joanne

1975 563 2042 617 ab
2090 562 2224 616 urbe
2256 561 2308 615 in
2349 574 2502 614 mare
2546 557 2844 614 conditur:
2880 574 3039 628 quem
3080 559 3148 614 de
3189 559 3413 629 originis
3458 575 3572 615 suae

1973 664 2148 711 tractu
2178 653 2456 710 Orientem
2491 662 2707 708 veteres
2741 651 3113 721 appellavere,
3149 661 3206 706 ttt
3234 653 3392 723 vulgo
3415 662 3574 723 pute-

1975 758 2061 803 tur
2087 748 2221 803 locis
2251 763 2447 802 nomen
2480 746 2716 814 dedisse,
2747 760 2871 801 cum
2912 745 3036 802 inde
3063 747 3358 817 acceperit.
3402 745 3572 816 Cujus

1971 840 2189 897 ﬂuentis
2209 842 2326 910 ipso
2352 841 2556 911 impetu
2578 839 2950 912 frigidioribus
2968 883 2981 906 ,
3011 850 3064 895 et
3081 841 3335 913 zephyris
3351 840 3571 896 assiduo

1971 953 2069 1008 per
2107 952 2169 991 ea
2207 938 2452 991 locorum
2497 936 2856 1005 Spirantibus,
2901 944 3012 989 tota
3050 935 3241 989 civitas
3281 935 3570 991 momentis

1970 1044 2141 1100 prope
2171 1029 2420 1084 omnibus
2451 1027 2836 1098 refrigeratur,
2871 1038 2928 1082 ut
2968 1026 3208 1083 Orientis
3239 1028 3290 1082 in
3325 1028 3570 1097 partibus

1970 1120 2252 1177 Orientem
2273 1119 2592 1177 abscondat.
2625 1120 2778 1174 Intus
2803 1118 2992 1174 dulces
3017 1135 3206 1190 aquae;
3242 1120 3370 1175 foris
3400 1119 3570 1174 finiti-

1971 1230 2118 1268 ηιιιιη
2144 1228 2334 1268 nemus
2357 1214 2622 1268 intextum
2658 1213 2934 1282 cupressis
2963 1212 3195 1278 crebris,
3221 1213 3396 1267 fontes
3418 1214 3568 1284 aquis

1967 1310 2188 1374 uberes,
2246 1310 2524 1379 Daphnem
2564 1317 2794 1373 vocant,
2824 1307 2969 1378 quod
3011 1323 3303 1378 numquam
3333 1307 3568 1377 deponat

1967 1403 2298 1459 viriditatem
2335 1421 2347 1456 :
2381 1403 2642 1473 frequens
2669 1410 2720 1456 et
2742 1401 2920 1455 laetior
2941 1400 3196 1471 populus,
3230 1411 3287 1455 ut
3312 1400 3568 1471 pleraque

1967 1497 2206 1554 Orientis
2227 1539 2242 1563 ,
2273 1496 2622 1567 ifacetiorque
2654 1511 2820 1566 prope
2849 1495 3132 1560 omnibus,
3173 1493 3268 1548 sed
3302 1494 3570 1565 propitior

1967 1590 2222 1646 lascivia).
2253 1589 2393 1646 Urbs
2425 1591 2585 1644 tertio
2617 1589 2741 1643 loco
2770 1599 2895 1642 ante
2931 1604 2995 1642 ex
3029 1587 3285 1642 omnibus
3335 1602 3456 1657 quae
3510 1585 3563 1640 in

1967 1683 2099 1739 orbe
2123 1683 2370 1736 Romano
2390 1691 2515 1737 sunt
2539 1680 2848 1736 civitatibus
2866 1680 3126 1734 aestimata
3153 1720 3168 1745 ,
3196 1694 3340 1733 nunc
3370 1685 3564 1748 quarto

1965 1787 2247 1847 postquam
2268 1773 2768 1844 Constantinopolis
2791 1773 3033 1828 excrevit
3061 1771 3251 1826 civitas
3278 1771 3564 1842 Byzantio-

259 1865 319 1912 et
341 1858 488 1929 Sylla
515 1858 742 1914 ducibus
775 1861 979 1931 pariter
1003 1863 1309 1917 exstinctis.
1335 1862 1499 1917 Pauci
1541 1875 1718 1918 autem
1753 1864 1861 1918 Ro-
1891 1859 1936 1919 Β
1968 1887 2086 1925 rum
2111 1911 2124 1934 ,
2159 1871 2444 1924 l‘ersarnm
2471 1868 2745 1939 quondam
2772 1877 2931 1937 caput
2959 1909 2972 1932 ,
3004 1881 3149 1921 nunc
3176 1867 3522 1936 repulsorum
3551 1883 3564 1918 :

259 1965 548 2005 manorum
595 1967 660 2006 eo
683 1953 948 2008 vulnerati
987 1955 1174 2024 prtelio
1205 1976 1217 2009 :
1248 1971 1348 2012 nec
1399 1967 1576 2012 tamen
1608 1973 1856 2027 repressa

256 2049 345 2096 est
365 2040 673 2098 Judteorum
708 2047 1004 2110 temeritas,
1037 2049 1132 2102 sed
1156 2047 1432 2102 incanduit
1467 2067 1478 2102 :
1533 2065 1654 2104 nam
1703 2050 1858 2105 dolor

255 2138 538 2194 audaciam
566 2141 845 2208 accendit,
882 2153 937 2197 et
995 2143 1142 2198 labes
1177 2144 1475 2199 ulciscendi
1523 2145 1852 2215 cupidinem.

256 2231 554 2287 Armaulur
577 2232 758 2304 itaque
788 2234 994 2303 majore
1016 2235 1175 2307 longe
1207 2235 1411 2302 furore,
1451 2251 1549 2292 nec
1574 2237 1700 2292 dum
1733 2254 1857 2294 sau-

254 2325 464 2380 ciorum
515 2328 721 2382 sanatis
770 2329 1087 2385 vulneribus
1109 2373 1122 2396 ,
1159 2340 1213 2385 et
1243 2333 1583 2401 congregatis
1615 2333 1855 2402 pluribus

255 2435 420 2489 quam
452 2420 568 2476 vice
594 2422 796 2492 priore,
817 2424 1030 2480 irruuut
1055 2443 1067 2478 :
1108 2427 1202 2481 sed
1227 2442 1321 2482 eos
1337 2426 1616 2497 dispositis
1646 2429 1855 2484 insidiis

255 2523 537 2585 exceptos,
573 2518 719 2587 prius
748 2534 908 2589 quam
940 2520 992 2574 in
1015 2536 1206 2576 manus
1237 2523 1504 2588 venirent,
1530 2524 1724 2578 clausit
1745 2525 1854 2578 eir-

256 2607 507 2663 cumfuso
526 2612 766 2680 equitatu
798 2614 1063 2669 Antoninus
1083 2658 1097 2682 ,
1139 2627 1193 2670 et
1221 2616 1627 2672 circumventos
1656 2633 1857 2687 praece-

259 2703 337 2771 pit
361 2703 528 2758 sterni
557 2720 570 2756 :
599 2719 739 2760 ctesa
771 2706 965 2762 iterum
995 2723 1188 2763 novem
1219 2709 1405 2776 millia,
1440 2709 1632 2779 reliqui
1667 2709 1854 2780 fugati.

255 2792 425 2864 Niger
481 2797 598 2864 ipse
649 2798 871 2867 elapsus
921 2800 973 2853 in
1034 2802 1430 2856 munimentum
1494 2816 1552 2856 se
1601 2802 1851 2857 contulit.

255 2884 449 2942 Turris
479 2895 597 2941 erat
625 2898 777 2959 septa
811 2890 1046 2962 undique
1081 2892 1256 2946 valido
1287 2907 1440 2959 saxo,
1471 2909 1630 2962 quam
1659 2893 1857 2948 Roma-

255 2978 342 3045 ni,
386 2982 510 3051 quia
553 2983 805 3040 excidere
863 3001 969 3039 non
1023 2993 1308 3055 poterant,
1343 2987 1606 3056 appositis
1642 2986 1854 3058 ignibus

252 3075 682 3132 circumdedere.
735 3077 810 3132 Ea
856 3078 1078 3133 incensa
1118 3080 1169 3133 in
1213 3079 1471 3149 Spelteum
1514 3079 1745 3148 quodam
1785 3080 1854 3135 de

254 3176 403 3223 turre
456 3177 844 3238 transgressus,
900 3172 1108 3227 hostem
1163 3172 1352 3238 latuit,
1387 3173 1563 3242 ignem
1619 3172 1791 3227 evasit
1837 3191 1850 3226 :

256 3261 624 3334 Romanisque
701 3266 938 3331 securis,
996 3265 1139 3336 quod
1202 3267 1317 3335 ipse
1386 3267 1547 3322 simul
1599 3267 1851 3322 incendio

250 3365 605 3424 consumptus
635 3358 793 3422 foret,
812 3369 931 3429 post
957 3359 1325 3413 tertimndiem
1349 3361 1717 3430 quaerentibus
1740 3363 1852 3417 suis

249 3461 448 3518 corpus
479 3449 596 3518 ejus
627 3449 692 3503 ad
723 3451 1081 3520 sepulturam,
1119 3452 1305 3507 vivens
1351 3463 1405 3507 et
1455 3454 1642 3524 vigens
1670 3453 1849 3509 reddi-

251 3551 358 3596 tur.
394 3541 572 3612 Atque
600 3543 672 3598 ita
703 3558 824 3599 cum
873 3561 1066 3616 magno
1108 3546 1303 3618 gaudio
1331 3545 1533 3602 Judmis
1578 3557 1846 3617 servatus,

249 3635 319 3692 ab
347 3635 500 3690 hoste
527 3647 969 3706 repraesentatur.

455 3735 466 3744 '
893 3731 1121 3787 CAPUT
1153 3731 1216 3788 V.

326 3825 696 3897 Vespasianus
723 3826 928 3882 interea
953 3838 1209 3897 superato
1240 3829 1592 3898 Hellesponto
1613 3872 1626 3896 ,
1661 3829 1849 3902 Bithy-

247 3919 394 3975 niam
429 3919 784 3989 (Iiliciamque
823 3921 1232 3986 transmittens,
1264 3922 1353 3976 ubi
1393 3921 1604 3992 Syriam
1636 3923 1841 3993 attigit,

245 4011 494 4082 legiones
516 4022 855 4082 cmterasque
885 4013 1148 4069 militares
1179 4014 1366 4084 cupias
1393 4031 1531 4084 quas
1564 4015 1615 4068 in
1648 4030 1710 4068 ea
1759 4031 1846 4069 re-

249 4107 426 4177 perit,
485 4105 830 4162 Antiochiam
865 4106 1109 4162 deduxit.
1138 4106 1281 4162 Urbs
1313 4123 1374 4161 ea
1408 4107 1583 4178 Syria:
1611 4109 1730 4163 sine
1761 4122 1846 4162 re-

246 4198 572 4253 tractatione
598 4201 796 4268 prima:
819 4198 1048 4268 ideoque
1074 4199 1393 4269 metropolis
1417 4199 1649 4254 habetur
1674 4217 1685 4251 :
1713 4215 1845 4253 eou-

244 4290 358 4346 dita
388 4292 458 4345 ab
492 4291 574 4345 his
593 4293 683 4360 qui
710 4291 1022 4345 Alexandro
1047 4291 1239 4361 Magno
1272 4290 1491 4345 bellanti
1521 4290 1837 4358 adhaesere,

240 4385 549 4441 conditoris
578 4385 659 4439 sui
693 4395 1001 4455 nuncupata
1022 4385 1308 4439 vocabulo.
1344 4383 1494 4440 Situs
1529 4383 1680 4438 urbis
1710 4399 1835 4452 por-

241 4487 424 4533 rectus
452 4479 504 4532 in
527 4477 850 4532 immensam
874 4476 1264 4546 longitudinem
1292 4494 1304 4531 :
1326 4476 1378 4530 in
1397 4476 1508 4530 alto
1534 4476 1835 4546 augustior,

239 4572 366 4642 quia
409 4581 684 4641 praerupto
722 4570 924 4624 montis
959 4585 987 4622 a
1038 4569 1172 4622 laeva
1216 4579 1477 4633 arctatur,
1528 4578 1585 4623 ut
1614 4568 1833 4624 extendi

1878 3243 1926 3302 (ἶ

1966 1966 2136 2035 prima
2167 1963 2311 2018 enim
2342 1963 2511 2018 Roma
2531 2005 2546 2029 ,
2598 1961 2840 2018 secunda
2867 1960 3198 2016 Alexandria
3221 2001 3235 2022 ,
3267 1959 3426 2014 tertia
3449 1958 3561 2012 An-

1962 2057 2162 2113 tiochia
2188 2100 2202 2124 ,
2234 2066 2424 2128 quarta
2447 2054 2969 2123 Constantinopolis.
3004 2053 3080 2108 De
3111 2053 3216 2108 situ
3249 2052 3398 2106 urbis
3428 2053 3560 2105 satis

1959 2150 2161 2206 dictum
2180 2157 2327 2219 puto.
2351 2148 2537 2218 Neque
2559 2147 2700 2202 enim
2723 2147 2774 2201 in
2791 2144 3167 2202 describendis
3188 2144 3305 2214 ejus
3317 2142 3558 2200 :edificiis

1959 2243 2357 2298 immorandum
2387 2243 2629 2310 videtur,
2681 2242 2836 2310 cujus
2865 2255 2893 2294 a
2931 2250 3083 2311 tergo
3104 2255 3228 2294 cum
3284 2239 3550 2294 orientem

1959 2338 2223 2403 dixerim,
2257 2336 2390 2391 satis
2421 2336 2640 2406 liqueta
2678 2335 2812 2389 laeva
2859 2334 2926 2387 ad
2969 2333 3250 2389 meridiem
3277 2332 3494 2403 jacere,
3526 2348 3555 2386 a

1959 2431 2422 2502 fronteEnropam
2453 2445 2765 2497 occurrere,
2809 2431 2860 2484 iu
2881 2430 3078 2484 dextra
3101 2427 3556 2495 septentrionales

1956 2534 2147 2596 gentes
2175 2525 2402 2595 degere,
2445 2523 2749 2592 Caspiaque
2790 2537 2957 2591 regna
3000 2521 3221 2588 haberi,
3265 2535 3386 2589 quae
3428 2527 3556 2575 ante

1960 2618 2366 2688 promptissima
2426 2616 2491 2670 ad
2550 2615 2931 2670 incursaudam
2975 2613 3186 2686 Syriam
3217 2623 3394 2668 erant.
3444 2615 3552 2670 Sed

1959 2719 2242 2781 postquam
2277 2709 2585 2764 Alexander
2614 2708 2836 2776 Magnus
2866 2705 3118 2777 Caspiam
3149 2715 3358 2774 portam
3389 2705 3552 2760 Tauri

1959 2803 2161 2858 montis
2193 2811 2470 2873 pratrupto
2500 2800 2793 2871 imposuit,
2829 2809 2991 2870 atque
3010 2814 3172 2854 omne
3201 2797 3552 2853 interioribus

1955 2898 2212 2968 gentibus
2237 2895 2542 2951 interclusit
2563 2896 2685 2958 iter,
2715 2903 3073 2948 memoratam
3099 2893 3284 2947 urbem
3311 2891 3549 2961 quietam

1956 2991 2213 3056 reddidit,
2246 2990 2346 3045 nisi
2378 2989 2514 3044 forte
2546 2997 2726 3044 motus
2755 2988 3007 3042 Persicos
3037 2996 3462 3056 suspectantem.
3495 2983 3550 3038 ln

1956 3099 2019 3141 ea
2054 3084 2186 3139 urbe
2202 3084 2434 3154 Agrippa
2465 3099 2558 3138 rex
2589 3097 2710 3138 cum
2738 3083 2884 3137 omni
2921 3079 3122 3135 virtute
3149 3094 3246 3135 sua
3273 3087 3554 3148 exspecta-

1959 3176 2050 3231 bat
2071 3176 2462 3246 Vespasiannm
2495 3174 2876 3229 advenientem
2902 3215 2916 3238 ,
2965 3187 3065 3226 nec
3095 3172 3296 3226 diutius
3343 3185 3409 3226 eo
3439 3185 3555 3224 mo-

1956 3280 2112 3326 rante
2133 3313 2146 3338 ,
2190 3270 2467 3326 comitatui
2497 3268 2766 3323 adlnesit:
2800 3267 3090 3337 conjuncto
3121 3267 3317 3321 itinere
3367 3266 3548 3320 Ptole-

1957 3363 2188 3418 maidem
2223 3372 2407 3432 petere
2424 3370 2732 3430 coeperunt.
2759 3360 2840 3416 Ad
2872 3375 2990 3414 eam
3041 3361 3229 3414 urbem
3262 3373 3551 3415 occurrere

1957 3457 2327 3512 inhabitantes
2376 3456 2697 3526 Sephorim,
2742 3470 2924 3524 pacem
2960 3471 3081 3508 cum
3109 3453 3363 3508 Crsentio
3393 3452 3550 3508 Gallo

1947 3548 2059 3619 jam
2088 3548 2290 3603 dudum
2324 3549 2536 3612 initam,
2579 3546 2787 3602 firmari
2835 3562 2864 3601 a
2895 3545 3228 3615 Vespasiano
3277 3553 3544 3614 petentes.

1951 3641 2190 3712 Quorum
2244 3643 2461 3698 laudata
2518 3641 2842 3710 prudentia,
2891 3639 3034 3709 quod
3100 3637 3261 3693 saluti
3315 3638 3547 3707 propriae

1949 3735 2328 3791 consuluerint
2349 3750 2452 3790 non
2478 3733 2798 3788 lacessendo
2825 3732 3122 3797 Romanos,
3146 3740 3308 3799 atque
3326 3740 3546 3798 accepta

1951 3827 2055 3884 fide
2076 3871 2091 3894 ,
2120 3838 2174 3883 et
2202 3829 2254 3882 in
2287 3829 2581 3882 amicitiam
2613 3827 2822 3893 recepit
2851 3841 2968 3888 eos,
3000 3835 3052 3880 et
3083 3824 3282 3879 additis
3303 3823 3542 3893 peditum

1948 3921 2403 3992 equestribusqne
2423 3919 2664 3985 auxiliis,
2692 3919 2825 3974 fovit
2847 3919 3159 3984 securitate,
3191 3933 3258 3972 ne
3282 3919 3422 3972 forte
3449 3917 3543 3973 de-

1947 4016 2243 4071 5titutionis
2265 4017 2519 4070 commoti
2553 4014 2775 4079 dolore,
2817 4014 3166 4081 insurgerent
3212 4012 3264 4066 io
3297 4027 3393 4067 eos
3414 4011 3541 4066 belli

1948 4112 2274 4166 cxcitalores
2302 4128 2314 4162 :
2347 4125 2467 4164 cum
2503 4109 2650 4164 velut
2679 4109 2975 4162 claustrum
3000 4105 3269 4177 quoddam
3301 4105 3537 4170 Judazte,

1947 4204 2323 4273 Sephoritanis
2341 4219 2461 4258 sese
2486 4203 2730 4256 Romano
2749 4199 3350 4271 imperiooll'ereutibus
3370 4200 3542 4254 resol-

1945 4305 2186 4357 veretur,
2212 4306 2267 4350 ttt
2291 4295 2342 4349 iu
2373 4310 2491 4349 eam
2516 4294 2761 4364 pervium
2791 4294 2896 4348 iter
2919 4293 3058 4346 hosti
3086 4301 3313 4361 pateret,
3336 4307 3455 4362 qua:
3472 4293 3537 4346 ad

1946 4389 2246 4444 custodiam
2269 4389 2434 4442 totius
2461 4387 2638 4457 gentis
2668 4395 2976 4455 opportuno
3003 4384 3235 4454 quodam
3253 4385 3303 4438 in
3325 4385 3535 4438 hostem

1943 4482 2513 4550 objectuoccu'rreret.
2550 4480 2675 4534 Erat
2698 4480 2843 4534 enim
2879 4487 3078 4548 praeter
3094 4479 3403 4547 opinionem
3435 4476 3536 4531 loci

1947 4575 2249 4630 munitioris
2283 4573 2662 4631 urbsGalilcca:
2691 4573 2924 4628 maxima
2953 4590 2964 4624 :
2991 4588 3110 4642 quze
3129 4587 3217 4626 res
3236 4571 3536 4638 admonuit,

242 4663 470 4718 ulterius
493 4660 760 4716 uu:tand:e
777 4659 927 4716 lll'lliS
951 4661 1123 4730 Spatia
1147 4659 1838 4730 nequiverint.Necessitas
1949 4681 2004 4724 ιιι
2036 4685 2157 4724 cum
2182 4669 2300 4723 dum
2324 4669 2434 4722 sint
2453 4667 2695 4724 Galilgmn
2719 4708 2732 4732 ,
2789 4683 2892 4721 una
2923 4666 3175 4736 superim-
3195 4707 3208 4730 ,
3253 4665 3423 4720 auem
3459 4666 3539 4719 in-

240 4757 420 4812 locum
454 4756 720 4827 signavit,
747 4755 868 4825 quia
901 4769 1000 4825 per
1030 4755 1239 4809 occulta
1260 4764 1312 4808 et
1339 4753 1496 4808 devia
1529 4755 1837 4824 irrumpen-

234 4850 378 4905 tibus
411 4849 658 4914 Parthis,
693 4863 852 4904 mons
879 4848 1076 4903 celsior
1100 4846 1388 4903 latibulmn
1415 4845 1603 4913 daret,
1639 4864 1702 4901 ex
1727 4863 1836 4918 quo

235 4957 296 4996 se
329 4943 610 5011 inopinato
635 4941 868 4995 adventu
899 4951 952 4994 et
978 4939 1316 5008 promptiore
1339 4939 1541 5008 impetu
1574 4940 1626 4992 iu
1663 4939 1833 5008 impa-

235 5046 410 5089 ratam
446 5033 658 5105 Syriam
689 5032 1037 5088 effunderent
1066 5049 1078 5085 :
1112 5032 1214 5086 nisi
1247 5031 1440 5087 civitas
1490 5032 1660 5086 monti
1685 5033 1832 5086 velut

233 5129 534 5183 claustrum
561 5125 857 5194 objaceret,
879 5124 1171 5195 exitusque
1197 5123 1506 5178 Obstrueret
1529 5123 1828 5179 advenien-

232 5220 376 5274 libus
418 5235 430 5273 :
466 5228 523 5272 ut
566 5219 609 5272 si
639 5217 762 5288 quis
803 5217 1163 5272 barbarorum
1197 5215 1552 5279 ascenderet,
1586 5216 1769 5270 statim
1798 5231 1829 5272 e

230 5311 417 5368 medio
448 5310 599 5365 urbis
642 5311 763 5365 sinu
795 5317 1260 5378 prospectaretur.
1299 5309 1538 5378 Denique
1561 5324 1681 5362 cum
1716 5309 1824 5362 ludi

227 5405 434 5462 scenici
467 5405 518 5459 in
552 5421 612 5458 ea
669 5404 1087 5459 celebrarentur
1114 5403 1280 5468 urbe,
1314 5403 1496 5458 ferunt
1535 5404 1827 5473 quemdam

227 5509 512 5557 auctorem
542 5498 829 5554 mimorum
862 5498 1086 5554 elevatis
1111 5497 1287 5553 oculis
1313 5498 1365 5552 in
1389 5507 1660 5564 montem,
1692 5498 1814 5553 Per-

227 5609 322 5651 sas
371 5592 573 5648 vidisse
603 5592 992 5660 advenientes,
1031 5602 1086 5647 et
1139 5590 1346 5646 dixisse
1397 5590 1695 5645 continuo:
1730 5591 1838 5648 Aut

228 5688 504 5744 somnium
522 5687 700 5753 video,
721 5700 1077 5756 autmagnum
1095 5685 1396 5756 periculum
1426 5702 1436 5738 :
1465 5683 1604 5738 Ecce
1630 5684 1829 5739 Persae.

226 5780 305 5838 Ita
334 5795 492 5836 mons
524 5781 613 5835 ubi
651 5781 1003 5850 praeeminet,
1045 5789 1104 5834 ut
1150 5791 1250 5832 nec
1280 5776 1474 5834 theatri
1508 5776 1736 5830 altitudo
1765 5778 1830 5833 ad

229 5865 673 5946 prOSpiciendutn
686 5861 926 5930 montem
944 5862 1336 5942 iiiipediinetito
1353 5865 1441 5929 sit.
1467 5856 1686 5926 Fluvius
1713 5861 1831 5925 eam

1949 4762 2139 4826 ferior,
2198 4775 2463 4815 connexa:
2527 4768 2582 4812 et
2638 4758 2945 4828 conjuncta:
3010 4757 3144 4818 sibi,
3190 4756 3415 4811 alteram
3472 4756 3542 4810 ab

1945 4853 2119 4909 altera
2136 4852 2555 4922 distinguamus.
2585 4849 2692 4906 Sed
2721 4851 2871 4917 prius
2887 4851 2954 4904 de
2985 4857 3212 4920 utraque
3226 4848 3536 4904 dicendum;

2562 4944 2790 5001 CAPUT
2833 4945 2919 5000 Vl.
3341 4931 3348 4934 ’

2015 5041 2241 5113 Utrique
2268 5039 2506 5096 Galilaate
2539 5039 2692 5110 Syria
2725 5047 2776 5092 et
2807 5038 3065 5094 Phoenice
3097 5037 3396 5106 adhzerent,
3426 5037 3536 5094 dis-

1940 5135 2339 5205 terminantun
2362 5149 2480 5189 eam
2502 5149 2531 5186 a
2562 5132 2692 5187 solis
2724 5147 2919 5186 occasu
2946 5131 3242 5187 Ptolemais
3279 5132 3538 5188 territorii

1939 5225 2018 5278 sui
2051 5224 2264 5291 finibus,
2291 5234 2345 5279 et
2367 5239 2526 5278 mons
2547 5223 2956 5294 Carmelus,qui
2985 5235 3250 5279 eratante
3273 5224 3535 5292 Galilteis,

1940 5333 2083 5372 nunc
2106 5332 2236 5371 vero
2278 5317 2568 5387 Tyriorum
2605 5316 2802 5370 finibus
2825 5317 3147 5382 associatus,
3180 5320 3265 5371 cui
3298 5333 3532 5373 connec-

1938 5409 2069 5464 titur
2119 5407 2299 5462 Gabaa
2350 5407 2541 5462 civitas
2607 5423 2730 5478 qua:
2797 5409 3068 5477 quondam
3123 5408 3326 5463 ludatis
3373 5423 3532 5462 causa

1935 5502 2118 5574 gravis
2136 5499 2399 5555 exitiifuit
2433 5519 2445 5554 :
2475 5500 2544 5554 ab
2570 5501 2782 5555 oriente
2796 5515 2915 5555 eam
2940 5499 3217 5572 Hyppeme
3243 5512 3294 5554 et
3318 5499 3530 5555 Gadara

1931 5597 2046 5652 suis
2069 5595 2266 5650 finibus
2291 5602 2558 5649 resecant.
2584 5594 2785 5649 Eadem
2807 5603 2986 5649 autem
3015 5605 3068 5649 et
3087 5594 3414 5650 Ganlanitidi
3439 5611 3525 5649 re-

1931 5689 2146 5760 giouiet
2194 5702 2363 5757 regno
2393 5686 2647 5756 Agrippae
2695 5687 2931 5743 confinia
2993 5687 3308 5758 prmscripta
3357 5686 3526 5741 veteri

1930 5799 2046 5839 avo
2069 5781 2218 5838 fuere
2245 5799 2257 5835 :
2279 5795 2307 5834 a
2324 5780 2627 5836 meridiano
2649 5782 2816 5836 latere
2834 5781 3183 5852 Scythopolis
3205 5789 3259 5834 et
3280 5779 3523 5836 Samaria

1929 5875 2041 5932 suis
2071 5862 2296 5944 utraque
2313 5865 2658 5943 eticipiuntur
2679 5866 3016 5942 regionibus,
3037 5887 3136 5930 nec
3161 5866 3300 5930 ultra
3324 5871 3526 5929 fluenta
