3964 6322
302 340 453 399 9077

1180 339 1450 395 HISTOR.
1495 338 1585 393 DE
1627 336 1907 397 EXCIDIO
1948 336 2222 394 lllEROS.
2267 336 2472 394 URBIS
2511 336 2639 392 LIB.
2682 337 2748 392 11.

3472 331 3617 387 ΞΟΤΒ

307 452 546 518 .lndtrze,
578 460 670 506 ant
696 452 1014 508 rc~istentes
1034 466 1291 521 supremo
1321 448 1399 523 (si
1435 452 1649 522 posset)
1698 450 1912 508 excidio
1939 456 1989 518 Α
2016 450 2144 507 dum
2196 459 2427 507 mature.
2488 451 2615 506 litec
2661 451 2896 507 strictim
2937 450 3286 522 significavit,
3331 450 3462 506 nihil
3497 465 3621 520 pro-

314 546 688 605 labefactaret.
721 546 827 601 Sed
875 546 1156 616 utriusque
1180 554 1408 602 conatus
1436 545 1631 602 eﬂ'ectu
1661 545 1861 601 excidit
1894 563 1909 600 :

308 639 435 707 quia
469 654 569 695 nec
618 637 936 694 dissuadere
971 640 1146 709 potuit
1198 638 1459 694 Romana:
1511 637 1912 709 conjunctionis

306 731 667 799 electionem,
716 746 815 785 nec
853 730 1041 787 urbem
1066 739 1350 798 evertere,
1383 731 1692 803 quamoipse
1715 730 1911 785 talibus

307 824 667 880 munimentis
700 823 1043 890 firmaverat,
1073 833 1132 878 ut
1161 840 1191 879 a
1221 825 1476 879 Romanis
1503 838 1715 895 quoque
1752 824 1910 894 longe

305 917 783 988 prasstantioribus
829 919 1127 989 expugnari
1156 919 1425 988 nequiret.
1485 917 1698 974 Ceciuit
1726 918 1908 989 itaque

300 1010 630 1073 classicum,
683 1018 889 1065 tentata
931 1010 1234 1079 irruptione
1279 1009 1399 1065 sine
1451 1008 1565 1064 ullo
1619 1007 1902 1078 profectu,

301 1112 468 1173 atque
498 1102 551 1156 in
582 1108 746 1156 totam
778 1100 1053 1169 regionem
1085 1100 1286 1157 bellum
1310 1101 1587 1156 excitavit.
1618 1101 1909 1157 Vastabant

298 1195 483 1249 Omnia
504 1236 519 1267 ,
551 1193 639 1250 die
670 1203 941 1265 noctuque
969 1203 1259 1251 exurentes
1289 1195 1514 1249 mdilicia
1540 1237 1554 1258 ,
1586 1194 1907 1264 diripientes

297 1287 629 1359 patrimonia
649 1330 664 1354 ,
725 1288 1059 1358 perimentes
1114 1302 1487 1359 quosettmque
1519 1287 1664 1342 bello
1693 1286 1905 1343 habiles

295 1379 881 1450 Compreltendisseut,
943 1378 1189 1434 infirmos
1233 1379 1479 1434 servituti
1525 1379 1899 1448 subjicientes.

299 1470 531 1541 Repleta
560 1479 677 1527 erat
700 1470 922 1526 Galilaca
955 1471 1135 1525 omnis
1166 1471 1417 1528 incendio
1438 1513 1454 1537 ,
1499 1473 1795 1543 sanguine,
1828 1472 1905 1528 la-

297 1564 565 1627 trocinio,
603 1564 802 1619 nullius
834 1564 1091 1619 immunis
1122 1565 1356 1621 miserim
1381 1606 1395 1630 ,
1426 1573 1482 1621 et
1509 1575 1534 1602 ⁸
1556 1566 1787 1621 deformi
1820 1582 1901 1622 re-

292 1672 416 1712 rum
448 1656 692 1711 omnium
723 1658 937 1726 specie,
985 1671 1106 1710 cum
1137 1657 1181 1712 si
1214 1658 1341 1727 quid
1373 1658 1481 1729 igni
1515 1669 1608 1713 aut
1655 1660 1773 1714 neci
1812 1674 1903 1716 su-

294 1750 591 1823 perfuisset
611 1793 625 1819 ,
656 1751 955 1823 captivitati
980 1762 1375 1809 reservaretur.
1412 1752 1581 1823 Cujus
1602 1752 1631 1792 δ
1660 1755 1786 1810 mali
1810 1755 1901 1811 illa

2017 559 2184 617 pense
2210 548 2262 600 in
2285 545 2514 601 alterum
2542 553 2773 614 partem,
2796 561 2863 601 ne
2880 557 2969 601 aut
2992 545 3222 604 bellator
3242 543 3619 614 meticulosus,

2016 647 2109 694 aut
2142 638 2390 708 pertinax
2427 639 2658 695 rebellio
2680 639 3042 708 judicaretur.

2634 730 2863 788 CAPUT
2904 731 3001 787 IX.

2085 823 2297 879 Rursus
2341 823 2411 881 de
2458 822 2597 879 urbe
2626 822 2915 879 Tiberiade
2958 822 3266 893 Jotapatam
3303 822 3458 891 petit,
3498 822 3614 879 sive

2010 916 2157 987 quod
2191 916 2451 972 munitior
2490 916 2705 971 caeteris
2734 925 2902 976 esset.
2936 922 2991 970 et
3030 923 3321 986 propterea
3366 915 3418 969 in
3464 930 3615 969 eant~

2011 1010 2133 1065 dem
2164 1009 2378 1079 plurimi
2402 1024 2461 1065 se
2491 1009 2856 1065 contulissent
2879 1007 3022 1063 bello
3056 1007 3424 1077 promptiores
3452 1024 3466 1060 :
3498 1006 3614 1061 sive

2010 1102 2154 1171 qund
2204 1116 2271 1157 eo
2321 1101 2689 1171 Vespasianus
2733 1100 3021 1169 plerosque
3060 1113 3130 1154 ex
3173 1100 3287 1155 suis
3332 1098 3613 1153 direxerat

2010 1195 2098 1266 qni
2132 1196 2414 1251 munirent
2450 1193 2576 1258 iter,
2610 1191 2753 1262 quod
2787 1208 2878 1261 per
2930 1201 3146 1247 montes
3175 1189 3394 1245 difficile
3442 1205 3607 1245 saxo-

2008 1306 2256 1361 sumque,
2286 1304 2537 1360 asperum
2571 1286 2862 1358 peditibus,
2886 1284 3158 1353 equitibus
3189 1294 3366 1339 autem
3395 1283 3601 1337 inviqu

2008 1395 2168 1455 atque
2218 1381 2587 1452 insuperabile
2619 1380 2777 1437 foret.
2828 1378 3069 1445 Denique
3115 1376 3307 1431 diebus
3356 1384 3608 1445 quatuor,

2011 1498 2077 1538 ue
2101 1479 2365 1551 angustiae
2398 1477 2701 1537 officerent,
2738 1481 2978 1529 reserata
3003 1480 3135 1527 sunt
3165 1470 3372 1526 viarum
3398 1478 3567 1524 strata
3592 1485 3607 1524 :

2006 1572 2368 1643 compositum
2395 1570 2517 1635 iter,
2551 1581 2659 1638 quo
2682 1565 2897 1623 facilius
2922 1564 3100 1618 onmis
3125 1563 3397 1618 exercitus
3429 1572 3609 1616 trans-

2009 1666 2334 1722 mitteretur.
2367 1662 2567 1730 Quinto
2610 1660 2699 1716 die
2750 1658 3001 1715 transivit
3031 1671 3097 1712 eo
3128 1655 3423 1725 Josepltus,
3457 1654 3608 1724 deje-

2005 1774 2232 1831 ctosque
2270 1757 2580 1815 Iudaeorum
2626 1754 2841 1809 animos
2868 1753 3065 1807 erexit.
3102 1749 3434 1818 Vespasiano
3465 1762 3603 1817 quo-

291 1860 416 1914 quae
458 1844 621 1915 paulo
660 1854 789 1899 ante
820 1846 1101 1902 acerbiora
1128 1846 1398 1903 testitnata
1442 1859 1603 1916 sunt,
1642 1848 1901 1917 praefere—

2005 1871 2110 1925 que
2137 1854 2225 1910 ubi
2259 1852 2457 1907 factum
2503 1847 2760 1903 indicium
2787 1861 2854 1901 eo
2892 1844 3192 1913 Josepbum
3238 1855 3603 1905 commeasse,

296 1939 519 1995 bantur.

892 2029 1122 2088 CAPUT
1164 2032 1305 2089 VIII.

367 2125 497 2181 Haec
525 2124 782 2196 praelusio
812 2125 1058 2195 qumdam
1092 2125 1218 2184 belli
1250 2128 1388 2183 facta
1409 2169 1423 2194 ,
1458 2139 1586 2184 ante
1612 2143 1770 2197 quam
1802 2128 1894 2185 Ti-

290 2227 377 2272 tus
402 2218 617 2272 veniret
644 2235 657 2271 :
690 2217 782 2286 qui
815 2217 974 2272 simul
999 2228 1160 2290 atque
1188 2235 1253 2274 ex
1280 2220 1479 2274 Achaia
1512 2221 1893 2276 Alexandriam

290 2311 591 2366 transmisit
609 2352 626 2378 ,
651 2310 932 2382 perduelis
956 2312 1219 2369 militibus
1246 2314 1546 2369 secundum
1580 2315 1894 2371 mandatum

296 2406 491 2477 patris.
526 2403 591 2458 ad
619 2406 806 2460 urbem
832 2405 1074 2461 occurrit
1100 2404 1522 2473 Ptoleinaidem,
1555 2407 1736 2480 ibique
1759 2423 1891 2462 con-

289 2499 445 2551 nexis
464 2496 747 2552 ordinibus
763 2498 950 2569 quinto
973 2509 1026 2554 et
1042 2498 1277 2560 decimo,
1296 2499 1478 2557 addito
1493 2501 1652 2555 etiam
1675 2501 1897 2572 quinto—

288 2594 523 2659 decimo,
543 2594 632 2666 qui
654 2603 813 2653 erant
829 2592 1338 2664 prwcellentissinti,
1356 2605 1794 2667 congregatoqtte
1810 2597 1893 2652 vel

288 2685 558 2751 Romano,
587 2684 666 2740 vel
691 2685 966 2739 sociorum
990 2686 1257 2752 exercitu,
1279 2699 1435 2742 atrox
1460 2699 1515 2743 et
1536 2690 1894 2746 memorabile

288 2783 488 2837 bellum
514 2781 961 2852 cmperuntﬁam
993 2782 1081 2837 ubi
1114 2784 1305 2853 primis
1340 2782 1510 2837 initiis
1535 2784 1746 2852 placido
1769 2784 1893 2841 duci

284 2890 546 2946 prospere
563 2876 752 2944 gestis,
771 2874 1010 2931 secunda
1031 2875 1082 2929 in
1104 2874 1388 2929 adversmn
1416 2891 1653 2942 cessere,
1680 2876 1893 2946 profec-

284 2977 370 3022 tus
396 2967 1031 3037 infensiorVespasianus
1049 2983 1169 3022 eum
1190 2968 1302 3022 filio
1320 2967 1389 3024 de
1406 2968 1756 3025 Ptolemaidis
1772 2972 1893 3026 fini-

281 3061 404 3126 bus,
436 3060 488 3114 in
534 3058 814 3115 Galilaeam
867 3074 990 3115 sese
1021 3059 1290 3115 immersit
1316 3076 1330 3114 :
1360 3060 1696 3131 Cognitoque
1748 3063 1891 3135 quod

284 3168 473 3222 pacem
521 3156 860 3219 abnuerent,
894 3154 1092 3224 quibus
1132 3153 1407 3209 obtulerat
1456 3155 1888 3211 condemnanda:

2005 1947 2336 2003 incentivum
2381 1939 2658 1999 celerandi
2701 1938 2917 1995 itineris
2962 1936 3218 2003 accessit,
3246 1932 3389 2004 quod
3432 1930 3605 1988 conli-

2000 2040 2177 2096 ciendi
2211 2037 2336 2094 belli
2366 2033 2751 2105 compendium
2784 2041 3022 2102 putaret.
3052 2030 3098 2084 si
3124 2029 3231 2084 dux
3283 2036 3336 2084 et
3363 2025 3600 2098 populus

2004 2135 2143 2191 bello
2177 2131 2478 2203 promptior
2510 2127 2949 2196 interciperetur.
2994 2123 3225 2179 Advenit
3257 2123 3437 2191 itaque
3477 2134 3602 2175 cum

1999 2229 2242 2284 exercitu
2271 2246 2284 2282 :
2314 2236 2371 2282 et
2398 2224 2575 2296 primo
2617 2224 2706 2278 die
2736 2220 2997 2278 curandis
3041 2219 3166 2274 cibo
3212 2216 3494 2282 militibus,
3528 2230 3601 2271 ne

1997 2339 2066 2380 ex
2088 2324 2282 2377 itinere
2310 2320 2564 2390 fatigatos
2587 2332 2722 2373 cura
2750 2316 2877 2372 belli
2902 2300 3222 2379 incesseret,
3257 2320 3473 2380 tempus
3502 2309 3601 2366 de-

1997 2418 2095 2471 dit.
2129 2414 2387 2482 Sequenti
2408 2412 2511 2468 .die
2541 2410 2743 2480 duplici
2772 2412 2891 2465 acle
2919 2407 3143 2461 vallavit
3172 2405 3384 2468 urbem,
3415 2415 3468 2460 et
3492 2413 3603 2459 ter-

1998 2511 2073 2566 tio
2114 2507 2355 2580 equestri
2402 2506 2614 2562 ordine.
2664 2502 2818 2571 Quod
2871 2501 3121 2557 videntes
3148 2498 3319 2554 Judaei
3354 2496 3597 2552 inclusos

1995 2619 2076 2669 se,
2107 2612 2163 2657 et
2194 2602 2448 2655 obsessos
2484 2597 2742 2666 undique,
2773 2610 2875 2651 nec
2909 2593 3078 2649 ullum
3112 2601 3134 2629 ε
3168 2590 3356 2659 refugii
3387 2590 3593 2654 locum,

1997 2698 2108 2767 ipsa
2140 2695 2518 2763 chperatione
2568 2691 2851 2746 audaciam
2896 2702 3198 2757 sumpsere.
3240 2684 3402 2741 Nulla
3444 2685 3591 2740 enim

1995 2807 2083 2847 res
2115 2790 2504 2860 promptiorem
2537 2785 2677 2840 bello
2709 2783 2935 2838 militem
2978 2780 3174 2845 reddit,
3209 2794 3369 2850 quam
3401 2792 3594 2833 neces-

1995 2884 2127 2939 sitas
2167 2880 2469 2952 prtrliandi.
2522 2888 2577 2933 et
2624 2885 2955 2947 prteruptum
3005 2871 3324 2943 periculum.
3361 2868 3597 2940 Urgebat

1994 2978 2360 3045 VeSpasianns
2377 2972 2592 3042 jaculis,
2620 2969 2845 3039 urgebat
2874 2967 3110 3037 sagittis,
3139 2963 3437 3019 missilibus
3456 2976 3592 3031 quo-

1992 3086 2097 3140 que
2132 3067 2349 3136 plurimi
2373 3065 2684 3121 Judmot’utu
2718 3062 2854 3116 ultra
2887 3074 3074 3115 tnuros
3106 3059 3401 3128 progressi,
3424 3054 3597 3111 desti-

1992 3173 2116 3219 nata
2147 3162 2376 3215 feriendi
2419 3167 2534 3212 arte
2577 3155 3005 3211 vulnerabantur
3038 3169 3050 3206 :
3085 3150 3377 3206 manebant
3410 3159 3593 3202 tamen

282 3257 303 3285 ο
328 3246 692 3303 dissensionis
724 3247 961 3315 copiam,
994 3246 1040 3300 si
1065 3247 1165 3303 sibi
1198 3248 1588 3303 consulendum
1614 3257 1885 3318 putarent,

1993 3258 2270 3329 impavidi.
2287 3254 2557 3310 Tentabat
2577 3252 2757 3307 omnia
2784 3251 2955 3305 virtus
2974 3248 3216 3302 Romana
3241 3257 3327 3311 ;ct
3356 3245 3593 3300 maxime

277 3340 549 3398 Gadaram
583 3340 822 3403 funditus
837 3341 1051 3403 evertit,
1078 3356 1302 3396 vacuam
1334 3341 1687 3399 bellatoribus
1717 3341 1885 3397 offen-

275 3434 433 3494 dens.
452 3434 597 3505 quod
616 3449 807 3489 omnes
827 3435 1138 3499 validiores,
1160 3434 1474 3489 diffidentes
1496 3436 1887 3491 infirmioribus

275 3528 658 3592 munimentis,
690 3528 756 3588 ad
791 3530 1087 3584 munitiora
1117 3544 1236 3585 sese
1267 3531 1627 3585 contulerant.
1679 3531 1885 3603 Reper-

274 3624 342 3676 tis
370 3625 553 3693 itaque
584 3640 687 3677 non
720 3623 980 3695 pepercit,
1003 3623 1096 3678 sed
1114 3639 1303 3679 omnes
1324 3624 1702 3693 necarijussit,
1734 3625 1881 3681 nulla
1926 3656 1931 3661 ι

273 3715 452 3772 .etatis
481 3717 942 3786 etntlemplationc
964 3757 979 3782 ,
1012 3706 1157 3774 nulla
1198 3717 1529 3773 infirmitatis
1569 3719 1883 3775 misericor-

275 3808 397 3876 dia,
430 3809 577 3880 quod
605 3826 710 3865 non
742 3819 847 3864 tam
874 3809 996 3880 jure
1030 3810 1180 3876 belli,
1208 3827 1368 3880 quam
1398 3811 1669 3868 Cestiante
1688 3829 1880 3883 pugnae

272 3902 486 3967 dolore,
516 3912 572 3959 et
599 3903 785 3961 effusis
814 3903 870 3958 in
901 3903 1117 3961 Iudaeos
1151 3904 1292 3960 odiis
1321 3908 1745 3977 exsequebatur.
1779 3908 1881 3965 De-

272 3997 435 4066 nique
468 4012 577 4052 non
597 3998 774 4052 solum
808 3998 1031 4062 urbem,
1069 3997 1165 4053 sed
1193 3998 1354 4053 etiam
1388 3998 1536 4054 vicos
1565 4010 1619 4053 et
1642 4001 1876 4056 munici-

272 4091 354 4159 pia
389 4091 543 4146 exuri
570 4091 848 4162 przeccpit.
880 4092 988 4149 Nec
1016 4093 1215 4164 injusta
1238 4104 1355 4148 erat
1376 4093 1673 4149 commotio
1705 4111 1718 4147 :
1748 4095 1874 4163 quia

273 4196 392 4255 post
425 4194 632 4241 tantam
664 4187 1008 4243 insolentiam
1039 4187 1364 4243 emendandi
1404 4188 1617 4244 erroris
1647 4185 1876 4244 faculta-

270 4288 376 4333 tem
407 4278 654 4345 dederat,
704 4296 805 4339 nec
851 4268 1310 4353 obtemperatum.
1340 4283 1659 4342 Transierat
1704 4300 1769 4340 ex
1809 4300 1873 4341 ea

270 4371 405 4427 urbe
433 4371 706 4443 Josepbus
734 4377 786 4429 in
814 4374 1183 4443 Tiberiadem,
1211 4379 1362 4445 prius
1383 4392 1545 4448 quam
1597 4378 1872 4434 Romanus

263 4465 540 4521 exercitus
558 4467 1048 4540 appropinquaret:
1066 4469 1160 4525 sed
1182 4471 1301 4539 plus
1318 4470 1622 4527 formidinis
1637 4486 1702 4526 ex
1720 4471 1867 4543 fuga,

262 4571 425 4625 quam
456 4555 665 4613 fiducia:
718 4574 784 4614 ex
820 4562 1107 4629 prmsentia
1150 4579 1162 4614 ε
1199 4562 1301 4619 hoc
1342 4562 1464 4632 ipso
1511 4563 1659 4619 enim
1691 4564 1867 4620 territi

1991 3354 2082 3408 ubi
2124 3350 2420 3405 infirmiora
2472 3346 2786 3401 adverterat
2832 3356 3112 3397 murorum
3159 3337 3426 3403 subsidia,
3475 3336 3587 3391 illic

1990 3445 2197 3514 majore
2232 3440 2579 3496 incumbebat
2608 3454 2769 3491 manu
2800 3453 2811 3488 :
2842 3435 3028 3490 Pudor
3068 3435 3189 3495 bos,
3245 3433 3367 3487 illos
3411 3445 3589 3485 arma-

1988 3538 2082 3593 bat
2110 3552 2235 3605 spes
2260 3534 2470 3599 nltima,
2507 3533 2651 3587 ferro
2673 3530 2775 3584 sibi
2805 3528 3025 3598 aperire
3051 3528 3190 3582 viam
3218 3526 3409 3580 salutis
3438 3524 3592 3579 desi-

1986 3632 2267 3686 derantes.
2314 3627 2510 3682 Gravia
2548 3624 2855 3678 tolerabant
2880 3620 3076 3686 Juda-i,
3124 3634 3225 3674 nec
3255 3618 3469 3673 minora
3501 3634 3591 3671 rc-

1985 3722 2231 3777 ferebant
2254 3728 2588 3774 tentatnenta
2612 3715 2876 3769 audaciae.
2902 3713 3101 3767 Peritia
3126 3726 3155 3765 a
3182 3708 3440 3764 Romanis
3461 3723 3584 3762 cum

1984 3815 2203 3875 virtute,
2222 3812 2375 3865 furor
2396 3826 2425 3863 a
2447 3808 2649 3864 Judteis
2674 3821 2796 3859 eum
2822 3804 3125 3858 temeritate
3157 3801 3423 3855 certabat.
3453 3799 3583 3854 Fes-

1981 3909 2057 3963 sis
2083 3906 2265 3975 itaque
2298 3914 2407 3958 tota
2437 3902 2523 3957 die
2561 3899 2671 3954 illis
2719 3913 2818 3969 pro
2862 3898 3061 3962 salute,
3113 3895 3230 3949 istis
3262 3910 3362 3965 pro
3396 3895 3586 3948 trium-

1982 4001 2091 4073 pbo
2138 3997 2545 4058 dimicantibus,
2602 4009 2711 4049 nox
2767 3992 3014 4062 praelium
3071 3990 3256 4044 solvit.
3322 3988 3582 4058 Sequenti

1977 4110 2195 4165 qucque
2242 4094 2332 4147 die
2407 4098 2464 4146 et
2504 4091 2668 4145 tertio
2723 4097 3025 4159 quartoque
3078 4085 3471 4147 consimiliter,
3529 4092 3586 4143 et

1978 4189 2169 4259 quinto
2200 4188 2502 4257 prmliatum
2553 4183 2754 4238 acriter
2790 4198 2802 4235 :
2839 4181 2933 4236 sed
2964 4189 3021 4235 ut
3079 4178 3221 4234 solet
3251 4178 3368 4234 fieri
3397 4177 3453 4232 in
3504 4187 3583 4232 ta-

1976 4283 2116 4338 libus
2143 4280 2371 4353 prteliis,
2405 4279 2558 4351 plura
2602 4276 2830 4331 vulnera
2878 4288 3040 4343 quant
3073 4286 3236 4327 neces
3268 4269 3581 4326 infereban-

1978 4386 2085 4443 tur,
2118 4376 2244 4431 lieet
2284 4388 2430 4441 saepe
2470 4380 2527 4426 et
2556 4382 2819 4425 excursus
2866 4381 2893 4420 a
2925 4365 3128 4420 Judaris
3165 4370 3220 4419 et
3248 4379 3276 4417 a
3310 4362 3573 4418 Romanis

1975 4478 2318 4526 tentareutur
2358 4465 2676 4535 eruptiones
2722 4481 2734 4516 :
2770 4475 2907 4528 quos
2957 4461 3008 4513 in
3059 4458 3195 4512 iram
3238 4456 3576 4510 accendebat

1974 4564 2166 4635 pudor,
2216 4575 2283 4617 eo
2313 4559 2457 4630 quod
2488 4558 2725 4613 victores
2754 4552 3038 4608 Annibalis
3086 4559 3143 4603 et
3170 4546 3423 4603 Antiochi
3456 4562 3578 4600 nm-

260 4663 425 4717 sunt,
453 4654 598 4723 quod
629 4654 776 4710 bello
820 4656 1085 4713 adversus
1118 4657 1391 4713 Romanos
1417 4660 1656 4729 gerendo
1697 4660 1868 4731 impa-
1897 4631 1948 4691 Β
1977 4662 2237 4727 niumque
2272 4654 2537 4725 gentium,
2580 4649 2816 4705 .Iudaicis
2864 4644 3066 4715 prmiiis
3118 4641 3571 4696 immorabautur.

262 4761 377 4801 rem
426 4761 486 4801 se
514 4745 786 4817 Josepbus
825 4750 1216 4806 arbitrabatur.
1249 4750 1438 4822 Neque
1490 4769 1617 4808 vero
1647 4753 1867 4811 alinmle

262 4840 645 4910 praesumpsit,
701 4842 803 4897 nisi
849 4843 987 4899 forte
1023 4843 1195 4901 ,ἰυᾶωί
1239 4845 1413 4901 studia
1447 4846 1574 4902 belli
1625 4848 1866 4917 depone—

258 4942 401 4989 rent.
430 4932 506 4990 Ea
535 4944 649 4988 erat
690 4934 770 4990 illi
804 4931 831 4972 ἀ
862 4937 1012 5007 prior
1041 4941 1307 4995 sententia
1338 4956 1356 4993 ξ
1389 4940 1433 4994 si
1466 4941 1665 4995 bellum
1697 4942 1865 5013 elige-

260 5041 421 5094 rent,
468 5027 631 5082 malle
683 5044 744 5084 se
795 5030 1079 5086 subeundo
1128 5032 1375 5102 periculo
1404 5032 1566 5088 fidem
1611 5033 1862 5101 civibus,

261 5133 421 5188 quam
471 5118 801 5176 declinando
843 5131 1106 5192 przestare
1145 5124 1498 5193 proditorem.
1541 5125 1688 5181 Nibil
1714 5127 1859 5182 enim

260 5210 431 5280 magis
462 5225 695 5276 cavere,
724 5228 885 5281 quam
921 5229 989 5269 ne
1033 5215 1385 5271 commissum
1421 5218 1596 5286 ipsum
1624 5217 1727 5273 sibi
1764 5219 1859 5272 bo-

257 5316 449 5358 norem
493 5302 704 5359 militiae
755 5313 1018 5375 turparet.
1054 5306 1238 5375 Itaque
1286 5309 1506 5378 scripsit
1546 5309 1612 5364 ad
1668 5309 1857 5366 urbem

256 5393 691 5468 Hierosolymam
719 5397 922 5455 bellum
977 5399 1331 5467 incubuisse,
1375 5418 1715 5474 propereque
1773 5419 1860 5459 re-

252 5489 558 5547 scriberem
607 5505 798 5560 pacem
849 5507 917 5547 an
948 5494 1193 5564 prtulium
1246 5498 1468 5554 mallent
1508 5517 1521 5552 :
1563 5498 1857 5554 consulen-

327 5615 353 5643 τι
382 5604 667 5674 Deformis.
704 5606 780 5662 In.
1410 5614 1415 5617 ’

325 5675 351 5714 δ
387 5676 565 5732 Malis.
600 5679 674 5735 in.

327 5757 348 5787 ε
380 5747 742 5809 Discessionis.
770 5750 850 5809 In.

323 5817 347 5862 α
375 5818 574 5891 Potior.
608 5822 730 5895 Mox
763 5823 926 5883 rideri
953 5840 1052 5900 pro
1078 5838 1340 5909 praestare.
1370 5828 1543 5894 Baaa.

1976 4750 2146 4805 Tanta
2194 4756 2311 4803 erat
2354 4745 2614 4799 Romana:
2664 4740 2884 4797 virtutis
2916 4736 2934 4775 ί
2972 4737 3309 4801 constantia,
3361 4742 3416 4788 ut
3465 4748 3574 4789 non

1973 4842 2083 4896 cito
2125 4841 2343 4893 vincere
2392 4849 2517 4907 pars
2561 4832 2690 4888 victi
2738 4830 3103 4887 aestimaretur
3133 4845 3147 4882 :
3177 4826 3271 4881 sed
3309 4824 3573 4880 adversus

1972 4948 2219 4991 naturam
2268 4932 2443 5001 magis
2483 4939 2638 4984 erant
2677 4926 2805 4990 illis,
2835 4939 2999 4994 quam
3032 4922 3084 4976 in
3129 4921 3341 4976 hostem
3389 4930 3571 4976 certa-

1976 5031 2140 5085 mina.
2167 5028 2301 5083 Nam
2328 5025 2522 5082 civitas
2546 5020 2835 5092 praeruptis
2864 5016 3101 5084 undique
3130 5030 3299 5085 prope
3337 5024 3455 5069 erat
3485 5013 3571 5066 in-

1969 5123 2203 5176 terclusa
2226 5118 2473 5188 rupibus,
2522 5128 2631 5169 non
2672 5111 2815 5165 vallo
2859 5119 2915 5164 et
2941 5107 3112 5171 fossa,
3141 5118 3192 5159 ut
3222 5104 3344 5159 alia:
3377 5104 3567 5167 urbes,

1961 5215 2058 5272 sed
2106 5212 2389 5284 profundis
2431 5217 2549 5264 erat
2596 5202 3007 5260 circumvallato
3056 5197 3396 5267 prrecipitiis,
3446 5211 3566 5265 quze

1965 5322 2066 5361 nec
2102 5310 2252 5358 visus
2279 5301 2561 5356 hominum
2607 5292 3123 5363 comprehenderet,
3156 5304 3260 5343 nec
3301 5302 3433 5343 usus
3477 5288 3563 5341 in.

1961 5398 2274 5468 vestigaret,
2327 5403 2383 5450 et
2425 5393 2618 5447 horror
2649 5398 2673 5437 ε
2716 5386 3008 5443 sollicitius
3038 5385 3343 5439 intuentem
3397 5382 3565 5449 magis

1964 5493 2248 5564 magisque
2278 5488 2581 5544 involveret
2610 5504 2624 5535 :
2658 5491 2865 5537 tantum
2908 5480 2977 5534 ab
3019 5476 3273 5547 aquilone
3314 5474 3366 5528 in
3401 5488 3557 5528 mon-

2033 5623 2057 5651 θ
2077 5609 2299 5679 Elfugii.
2333 5606 2407 5662 In.

2035 5683 2053 5723 ί
2076 5681 2419 5739 Conscientia.
2453 5678 2528 5733 In.

2026 5766 2048 5807 Β
2074 5755 2365 5815 Sollicitus.
2398 5750 2473 5821 In.
