3964 6352
424 356 570 417 2079

1749 345 1999 406 SANC'I‘I
2035 344 2361 405 AMBROSII

3581 337 3741 396 Ξοεο

423 471 496 528 tis
521 470 739 528 defectu
780 484 921 526 unus
958 466 1025 523 ad
1059 466 1251 522 urbem
1299 477 1575 529 accessus,
1631 462 1804 519 arduo
1835 472 2016 517 tamen
2042 466 2095 526 Α
2120 478 2338 534 quoque
2386 463 2676 518 marmoris
2730 461 2884 517 ruina
2944 475 3051 516 non
3092 459 3321 530 frangit,
3380 468 3438 514 et
3488 472 3742 513 marmor

428 580 659 623 ascensu
701 563 943 634 patebat.
975 560 1148 627 Quem
1193 557 1469 628 Josephus
1508 570 1664 611 muro
1694 554 2027 621 interclusit,

430 656 929 732 propugnatoribus
967 654 1163 725 sepsit,
1195 661 1257 708 ut
1284 652 1424 707 inter
1455 665 1668 705 murum
1714 648 2029 704 inferiorem

428 761 484 808 et
510 752 698 807 urbem
724 747 1063 819 superiorem
1098 744 1409 817 periculosa
1441 753 1468 781 ιι
1500 743 1715 811 eruptio
1743 741 1902 797 fieret
1928 739 2030 795 ob-

435 841 762 908 sidentibus,
810 850 865 896 et
894 839 1128 895 intuenti
1169 848 1317 894 esset
1362 836 1763 892 inmstimabilis
1794 835 2034 907 cognitio

432 934 799 1006 superiorum.
833 932 1043 989 Civitas
1088 931 1233 987 enim
1264 931 1379 1001 ipsa
1412 930 1464 984 in
1507 930 1708 985 montis
1738 927 2034 999 supercilio

431 1027 556 1094 sila,
589 1026 644 1080 in
676 1023 905 1080 circuitu
933 1023 1285 1078 finitimorum
1318 1020 1585 1076 montium
1615 1021 1764 1075 velut
1792 1021 2028 1091 quodam

435 1116 671 1173 naturali
697 1116 844 1172 vallo
887 1114 1331 1171 circumdabatur
1367 1123 1523 1185 septo
1552 1114 1775 1185 genitali
1803 1112 2033 1168 abscon-

435 1209 574 1279 dita,
595 1218 653 1265 ιιι
680 1224 841 1265 uento
868 1209 1021 1280 prius
1048 1208 1163 1262 illic
1190 1208 1378 1262 urbem
1407 1221 1529 1263 esse
1559 1206 1850 1277 intelligat,
1872 1220 2035 1278 quam

437 1302 491 1358 in
523 1302 714 1358 urbem
745 1300 919 1372 ipsam
956 1300 1118 1355 fuerit
1160 1300 1458 1371 ingressus.

1065 1393 1297 1451 CAPUT
1340 1393 1408 1449 X.

510 1489 879 1558 VeSpasianus
921 1502 1044 1544 cum
1075 1489 1297 1544 vincere
1326 1495 1579 1543 naturam
1612 1486 1885 1558 nequiret,
1918 1499 2039 1541 eam

438 1585 541 1641 sibi
590 1586 706 1656 ipse
747 1586 801 1639 in
848 1584 1223 1654 adjumentum
1280 1582 1592 1649 accersivit,
1650 1590 1707 1636 ut
1754 1581 2043 1636 obsidione

437 1678 697 1735 diuturna
729 1692 825 1748 per
853 1677 1095 1747 inepiam
1134 1675 1243 1731 cibi
1273 1683 1329 1730 et
1358 1685 1515 1745 potus
1542 1682 1765 1744 cogeret
1786 1672 2044 1727 obsessos

439 1771 509 1827 ad
537 1770 870 1827 deditionem
922 1786 937 1825 :
980 1768 1074 1825 sed
1132 1768 1393 1823 frumenti
1440 1767 1629 1837 copia,
1682 1766 1857 1821 multo
1912 1774 2043 1819 ante

2133 571 2314 611 arena:
2344 555 2501 610 ruina
2545 554 2950 610 comminuitur.
2984 553 3314 608 Retulerunt
3353 561 3538 608 tamen
3566 552 3741 607 etiam

2134 650 2386 717 Romani,
2418 666 2525 721 quo
2553 659 2864 705 commenta
2895 648 3219 704 refellerent
3240 646 3584 711 Judzeorum,
3607 659 3747 700 eon-

2136 752 2216 798 tra
2242 744 2684 814 falces'ligantes,
2732 743 2930 813 quibus
2969 741 3242 797 demissos
3273 739 3592 795 inciderent
3621 752 3749 792 sae.

2133 850 2251 903 eos,
2296 836 2439 906 quod
2477 835 2722 890 vacuatis
2759 836 2926 905 paleis
2967 835 3176 889 evitare
3218 834 3409 888 arietis
3441 834 3614 887 ictum
3649 845 3751 885 ne-

2135 929 2373 999 quirent.
2400 929 2670 999 Reparato
2702 928 2882 999 itaque
2921 928 3161 998 impulsu
3193 926 3485 992 machinae,
3518 940 3652 981 cum
3688 938 3752 979 se

2132 1020 2307 1078 Judavi
2347 1024 2525 1093 urgeri
2554 1022 2817 1088 viderent,
2873 1038 3013 1076 unus
3043 1036 3111 1077 ex
3145 1020 3230 1075 his
3277 1021 3601 1083 Eleazarus,
3658 1018 3754 1073 in-

2136 1114 2318 1186 gentis
2354 1114 2739 1185 magnitudinis
2769 1129 2956 1169 saxum
2997 1114 3239 1179 elevans,
3273 1112 3342 1168 de
3388 1126 3550 1167 muro
3576 1126 3758 1181 super

2137 1211 2363 1265 arietem
2392 1211 2545 1265 elisit
2588 1220 2734 1264 tanta
2771 1209 2849 1275 vi,
2885 1218 2942 1264 ut
2985 1208 3389 1263 comminueret
3433 1214 3600 1276 caput
3633 1220 3759 1259 ma-

2139 1302 2498 1358 chinamenti.
2531 1302 2805 1359 Exsilieus
2836 1316 3055 1372 quoque
3104 1302 3159 1356 in
3203 1299 3448 1356 medium
3480 1298 3756 1362 hostium,

2142 1393 2320 1463 rapuit
2352 1394 2504 1460 illud,
2545 1405 2709 1464 atque
2740 1393 2795 1449 itt
2829 1410 3041 1449 murum
3083 1393 3298 1448 ferebat
3352 1390 3667 1461 intrepidus
3703 1390 3761 1445 in

2139 1497 2434 1558 conspectu
2476 1488 2943 1554 adversariorum,
2985 1494 3040 1541 et
3078 1495 3269 1557 patens
3299 1484 3538 1539 vulneri.
3574 1482 3756 1538 Deni-

2142 1598 2249 1652 que
2271 1581 2467 1652 jaculis
2488 1582 2730 1653 quinque
2764 1580 2963 1651 figitur,
2994 1580 3090 1635 sed
3141 1592 3489 1648 nequaquam
3514 1591 3755 1632 convcr-

2142 1688 2236 1729 sus
2258 1674 2326 1729 ad
2361 1675 2609 1741 vulnera,
2643 1673 2917 1745 quomodo
2948 1673 3065 1743 ipse
3088 1672 3210 1727 saxi
3240 1670 3395 1727 ruina
3430 1671 3646 1725 hostem
3675 1669 3763 1723 in—

2145 1769 2411 1835 volveret,
2436 1768 2778 1824 intendebat.
2809 1767 3073 1823 Ascendit
3092 1768 3277 1836 itaque
3296 1779 3514 1821 murum
3539 1806 3555 1830 ,
3578 1776 3635 1819 et
3664 1764 3750 1818 vi-

440 1873 725 1935 eongesta,
777 1863 1130 1935 propulsabat
1159 1864 1462 1935 periculum
1504 1862 1680 1917 famis.
1714 1860 1883 1931 Aqua:
1925 1867 2044 1914 erat
2076 1880 2119 1939 Β
2148 1875 2268 1918 ctor
2291 1863 2500 1918 doloris
2540 1865 2691 1917 stetit
2720 1862 3049 1931 conspicuus
3079 1868 3243 1915 tantae
3276 1857 3757 1929 praesumptionis,

439 1956 737 2013 difficultas
760 1956 1020 2023 maxima,
1047 1956 1175 2027 quia
1204 1971 1381 2026 neque
1401 1956 1545 2009 ullus
1572 1953 1628 2009 in
1655 1953 1792 2009 urbe
1821 1952 1964 2019 fons,
1989 1962 2045 2007 et.

441 2050 705 2105 solemnis
732 2050 951 2104 siccitas
993 2049 1136 2105 raris
1172 2063 1269 2119 per
1294 2062 1358 2104 ea
1392 2049 1637 2103 locorum
1668 2045 1935 2102 imbribus
1966 2045 2048 2101 hi-

444 2141 609 2197 bendi
638 2140 940 2196 subsidium
975 2147 1378 2197 altenuaverat.
1416 2143 1617 2195 Ductus
1644 2155 1838 2196 omnes
1880 2154 2047 2210 aqua-

440 2248 560 2290 rum
602 2233 975 2298 obstruxerat,
1019 2247 1088 2288 ne
1141 2233 1198 2289 in
1252 2232 1439 2289 urbem
1480 2240 1747 2288 mearent.
1800 2231 2050 2302 Augebat

445 2328 628 2396 inopia
658 2324 996 2393 aviditatem,
1044 2326 1383 2397 repugnabat
1416 2335 1631 2381 natura.
1663 2323 2047 2381 Commentum

441 2420 716 2490 Iosephus
746 2419 965 2487 detulit,
1000 2430 1056 2475 ut
1086 2419 1280 2475 infusae
1311 2428 1495 2476 vestes
1545 2434 1702 2475 muro
1747 2419 2052 2489 suspende-

444 2525 656 2585 rentur,
704 2530 812 2586 quo
848 2514 1110 2586 paulatim
1162 2514 1473 2570 rotantibus
1514 2514 1694 2584 aquis,
1727 2512 2051 2569 crederetur

445 2610 554 2665 illis
583 2624 689 2665 non
719 2608 915 2666 deesse
943 2609 1012 2665 ad
1046 2617 1255 2680 potum,
1288 2607 1433 2677 quod
1480 2608 1783 2665 abundaret
1809 2608 1875 2663 ad
1906 2608 2052 2663 lava-

446 2720 600 2763 crum
627 2704 1108 2760 vestimentorum.

1080 2792 1311 2851 CAPUT
1336 2792 1430 2848 XI.

525 2890 783 2959 Dejectus
811 2904 879 2945 eo
897 2888 1288 2960 Vespasianus,
1317 2902 1510 2942 rursus
1538 2887 1605 2942 ad
1635 2885 2053 2958 expugnandam

457 2982 646 3037 urbem
692 2980 1035 3047 accenditur,
1087 2989 1251 3048 atque
1298 2994 1516 3035 omnem
1565 2980 1865 3035 exercitum
1910 2980 2056 3035 circa

455 3082 801 3147 congregat:
837 3073 1106 3130 machinis
1153 3088 1366 3128 murum
1423 3076 1616 3142 quatit,
1664 3072 1844 3142 pulsat
1890 3073 2055 3129 aries.

456 3168 664 3224 Nomen
698 3167 800 3223 hoc
828 3168 1045 3237 species
1085 3165 1255 3233 dedit,
1288 3181 1355 3221 eo
1392 3166 1536 3234 quod
1569 3165 1762 3220 validae
1789 3179 1854 3220 ac
1886 3164 2060 3219 nodo-

2147 1971 2212 2011 ac
2238 1972 2405 2027 super
2444 1956 2672 2011 arietem
2714 1970 2776 2011 se
2823 1969 3124 2025 saxumque
3163 1952 3389 2023 dejecit,
3434 1962 3641 2008 etcum
3691 1964 3761 2004 eo

2145 2048 2377 2103 corruit.
2409 2047 2600 2103 Victus
2626 2045 2846 2118 quidem
2880 2056 3078 2113 morte,
3119 2044 3216 2100 sed
3266 2045 3447 2098 victor
3477 2041 3762 2097 machina-

2150 2140 2340 2206 menti,
2370 2154 2492 2195 cum
2520 2150 2541 2178 ε
2576 2140 2630 2194 itt
2672 2155 2733 2195 se
2762 2139 2914 2194 solus
2940 2137 3258 2193 discesserit
3286 2138 3510 2205 patriae;
3542 2136 3597 2189 in
3638 2149 3757 2189 ma-

2149 2236 2486 2291 chinamenti
2528 2244 2710 2291 autem
2743 2233 3199 2299 comminatione,
3240 2240 3410 2286 totam
3456 2229 3653 2286 urbem
3694 2227 3762 2282 ab

2151 2328 2367 2384 excidio
2410 2329 2733 2383 servaverit.
2776 2327 3009 2398 Netyras
3050 2339 3272 2395 quoque
3299 2333 3357 2380 et
3380 2322 3675 2392 Philippus
3707 2322 3759 2376 in

2152 2424 2396 2479 medium
2426 2438 2487 2479 se
2512 2423 2699 2492 jecere
2719 2437 2935 2493 agmen,
2967 2430 3025 2475 ut
3052 2427 3396 2485 averterent,
3433 2430 3579 2487 quos
3605 2412 3632 2452 δ
3666 2430 3762 2485 pe-

2155 2518 2382 2572 tierant.
2421 2516 2695 2586 Josephus
2721 2527 2901 2570 autem
2934 2513 3150 2586 ignibus
3194 2512 3348 2577 actis,
3385 2518 3443 2564 ut
3476 2508 3759 2563 machina-

2153 2623 2334 2666 menta
2381 2612 2565 2665 omnia
2597 2619 2876 2676 exureret,
2918 2608 3072 2663 brevi
3102 2604 3449 2676 consumpsit
3497 2601 3756 2674 plurima,

2155 2705 2251 2761 sed
2278 2715 2605 2776 consumpta
2637 2704 3055 2776 reparahantur.

2758 2794 2988 2851 CAPUT
3029 2792 3156 2863 χιι.

2239 2891 2480 2947 Instabat
2511 2888 2909 2961 Vespasianus,
2960 2888 3186 2957 urgebat
3215 2882 3313 2949 ita,
3359 2888 3422 2937 ut
3453 2881 3509 2937 in
3545 2879 3660 2935 talo
3686 2877 3763 2934 fe-

2160 2987 2362 3042 riretur
2390 2986 2575 3057 jaculo
2626 2986 2860 3054 sagittae.
2894 2981 3121 3036 Turbati
3172 2987 3301 3033 sunt
3338 2975 3599 3040 Romani,
3647 2987 3763 3026 cum

2161 3081 2482 3151 sanguinem
2517 3079 2668 3134 ducis
2693 3077 2864 3132 ﬂuere
2895 3081 3208 3131 cernerent.
3240 3070 3570 3140 Exagitatus
3602 3065 3763 3130 filius,

2161 3173 2407 3230 cucurrit
2433 3172 2499 3226 ad
2531 3183 2766 3242 patrem.
2794 3168 2904 3226 Sed
2936 3167 3032 3223 ille
3055 3180 3218 3236 supra
3245 3164 3356 3217 vim
3380 3159 3633 3216 vulneris
3660 3158 3763 3212 vir-

455 3275 531 3316 sa:
581 3260 795 3316 arboris
830 3268 995 3329 caput
1032 3257 1178 3313 ferro
1229 3256 1482 3323 vestitur,
1544 3266 1599 3312 et
1634 3256 1779 3326 quod
1825 3265 1885 3310 ut
1910 3255 2055 3310 frons

2167 3276 2336 3321 tutem
2370 3281 2569 3335 gerens
2607 3262 2800 3329 animi,
2833 3260 3089 3331 prohibet
3116 3255 3391 3326 trepidare
3422 3253 3625 3319 filium,
3658 3264 3766 3305 ma-

457 3354 647 3409 arietis
674 3352 1049 3422 prmtcnditur,
1083 3365 1205 3422 qute
1245 3350 1496 3405 obductis
1523 3350 1742 3407 laminis
1777 3351 2059 3421 turgescit,

458 3458 514 3502 et
557 3447 873 3517 prominet:
906 3462 938 3501 e
991 3446 1171 3501 medio
1220 3445 1342 3515 ejus
1395 3444 1550 3514 quasi
1597 3461 1770 3500 cornu
1816 3444 2063 3514 procedit

461 3538 590 3594 ferri
629 3538 924 3593 solidioris.
970 3537 1282 3608 Magnitudo
1322 3538 1534 3593 arboris
1567 3539 1618 3591 in
1665 3538 1885 3593 modum
1932 3539 2063 3593 mali

462 3629 691 3698 navalis,
721 3644 882 3700 quam
914 3644 1022 3686 non
1055 3637 1338 3685 ventorum
1382 3630 1646 3699 procella,
1680 3645 1786 3685 non
1816 3631 2063 3685 velorum

461 3722 617 3779 sinus
645 3722 887 3778 ﬂectant.
915 3721 991 3777 Ea
1023 3736 1289 3792 suspensa
1320 3720 1541 3776 funibus
1568 3720 1638 3776 ad
1675 3721 1957 3792 superiora
1979 3731 2063 3775 at.

462 3831 569 3888 que
600 3814 823 3871 robusta
853 3814 1110 3871 arborum
1146 3815 1320 3878 nexis,
1355 3814 1650 3869 multorum
1699 3828 1860 3868 manu
1889 3813 2067 3869 valide

463 3910 517 3967 in
546 3926 761 3966 murum
790 3909 1195 3981 impellebatur.
1223 3908 1431 3966 Deinde
1458 3918 1756 3965 retrorsum
1783 3909 1963 3977 ducta,
1987 3919 2068 3963 at—

460 4022 569 4076 que
599 4006 651 4061 in
665 4014 885 4061 statera:
910 4006 1133 4059 modum
1157 4011 1465 4060 sustentata
1496 4003 1837 4069 retinaculis,
1862 4002 2069 4073 majore

463 4100 672 4169 impetu
722 4098 1127 4164 destinabatur,
1186 4108 1242 4153 ut
1292 4099 1501 4153 crebris
1530 4099 1739 4154 ‘ictihus
1786 4097 2067 4169 fatigatum

466 4189 609 4245 muri
637 4190 776 4244 latus
806 4189 1052 4256 cederet,
1084 4199 1445 4261 cavatumque
1485 4192 1537 4244 vi
1562 4188 1590 4228 1⁵
1631 4194 1872 4262 rupturis
1895 4192 2071 4247 fenes-

470 4292 608 4337 tram
650 4281 828 4347 daret,
861 4296 964 4352 qua
1010 4280 1271 4336 Romanis
1312 4281 1562 4337 hostibus
1589 4280 1675 4337 via
1717 4282 1769 4336 in
1809 4280 2068 4337 interiora

470 4375 619 4430 urbis
646 4383 877 4445 pateret.
905 4373 1087 4430 Primo
1112 4374 1274 4445 igitur
1300 4374 1407 4430 ictu
1431 4390 1619 4430 murus
1641 4389 1941 4431 concussus
1964 4385 2069 4443 est,

468 4472 912 4542 contremuitque
955 4473 1158 4528 omnis.
1213 4470 1433 4527 Clamor
1469 4468 1615 4525 illico
1666 4468 2070 4533 universorum,

468 4565 625 4636 quasi
656 4574 963 4635 expugnata
998 4565 1131 4620 urbe
1165 4563 1577 4635 trepidantium,
1609 4577 1677 4618 ne
1717 4576 2072 4633 repercussus

2165 3360 2358 3431 gisque
2388 3360 2439 3413 in
2472 3356 2720 3427 prmlium
2742 3353 2996 3411 accendit
3027 3351 3251 3415 milites,
3290 3358 3352 3402 ut
3384 3346 3647 3417 injuriam
3674 3344 3768 3398 du-

2167 3454 2249 3509 cis
2276 3451 2689 3508 ulciscerentur.
2713 3449 2834 3521 Ipse
2864 3446 3094 3519 signifer
3124 3444 3420 3500 revocabat
3442 3444 3764 3501 exercitum,

2167 3556 2223 3601 et
2251 3545 2317 3598 ad
2351 3560 2532 3600 muros
2584 3543 2832 3615 cogebat.
2882 3542 3004 3612 ipse
3046 3540 3099 3593 in
3137 3536 3340 3592 bellum
3386 3546 3631 3590 cancros
3678 3531 3767 3586 ad-

2170 3638 2510 3703 hortabatur,
2551 3639 2642 3692 alii
2694 3636 2928 3708 sagittis,
2975 3634 3069 3689 alii
3104 3633 3247 3697 telis,
3290 3628 3383 3684 alii
3430 3627 3651 3683 balistis
3678 3626 3768 3679 ho-

2170 3744 2310 3787 stem
2340 3731 2804 3803 urgebant.Tanta
2834 3739 3015 3784 autem
3039 3733 3157 3781 erat
3186 3722 3347 3795 hujus
3376 3720 3643 3777 tormenti
3670 3719 3766 3783 vis,

2171 3841 2278 3897 quo
2306 3841 2436 3881 saxa
2471 3826 2523 3880 in
2560 3828 2772 3881 hostem
2795 3823 3159 3895 jaciebantur,
3205 3828 3265 3874 ut
3302 3831 3602 3888 percussus
3633 3830 3771 3870 unus

2170 3935 2239 3975 ex
2270 3919 2438 3975 sociis
2466 3918 2669 3990 Joseph
2701 3919 2792 3989 qui
2817 3931 2986 3987 prope
3015 3914 3277 3979 adstaret,
3310 3911 3661 3967 comminuto
3686 3923 3771 3962 ca—

2173 4013 2283 4084 pite
2310 4023 2523 4078 rueret,
2562 4024 2616 4067 et
2660 4009 2975 4080 occipitium
3027 4006 3147 4077 ejus
3189 4019 3362 4076 usque
3390 4012 3414 4040 °
3448 4002 3517 4057 ad
3550 4000 3768 4056 tertium

2156 4094 2411 4161 stadium
2463 4115 2811 4160 excuteretur
2853 4121 2867 4157 :
2907 4101 3102 4156 mulier
3148 4112 3367 4170 quoque
3416 4097 3542 4151 alvo
3591 4093 3773 4165 gravis

2175 4215 2432 4271 pereussa
2467 4208 2705 4263 uterum,
2749 4211 2914 4266 supra
2956 4193 3242 4251 dimidium
3291 4189 3454 4246 stadii
3484 4188 3556 4244 de
3586 4188 3772 4242 intima

2175 4294 2308 4350 sede
2364 4296 2564 4350 secreti
2594 4290 2872 4363 genitalis,
2907 4297 3193 4346 excuteret
3236 4284 3523 4341 infantem.
3557 4281 3641 4337 Ad
3674 4293 3772 4352 po-

2174 4396 2435 4443 stremum
2454 4402 2576 4441 cum
2608 4386 2787 4439 victor
2809 4382 2920 4452 jan:
2966 4396 3124 4436 muro
3152 4380 3434 4434 Romanus
3462 4375 3624 4431 miles
3651 4387 3775 4429 suc-

2174 4481 2417 4548 cederet,
2447 4491 2503 4535 et
2546 4480 2601 4534 in
2628 4479 2747 4550 ipso
2776 4476 2926 4532 aditu
2976 4476 3249 4544 utrimque
3276 4471 3452 4527 valida
3484 4484 3652 4524 manu
3682 4468 3774 4523 de—

2175 4581 2519 4629 certaretur:
2553 4572 2878 4626 sicuterant
2914 4568 3174 4631 conserti,
3208 4565 3332 4621 oleo
3362 4562 3595 4618 ferventi
3622 4560 3769 4617 Jose-

473 4671 660 4713 murus
690 4657 988 4712 fatisceret.
1020 4656 1127 4713 Sed
1155 4656 1425 4727 Josephus
1466 4669 1658 4712 saccos
1693 4655 1866 4726 paleis
1894 4654 2055 4724 reple-

2177 4665 2316 4737 phus
2339 4663 2594 4736 perfundi
2620 4664 2899 4719 Romanos
2932 4662 3106 4731 jubet,
3138 4657 3286 4727 quod
3316 4656 3478 4711 facile
3505 4670 3538 4710 a
3570 4653 3774 4709 vertice

474 4760 581 4817 tos,
614 4749 671 4805 in
700 4764 824 4804 eum
853 4748 1051 4805 ditnitti
1080 4749 1258 4805 locum
1284 4748 1565 4819 praecepit,
1607 4749 1661 4802 in
1682 4762 1843 4818 quem
1869 4746 2014 4803 aries
2038 4762 2071 4801 a

474 4842 737 4898 Romanis
782 4842 1216 4913 intorquebatur,
1251 4852 1309 4897 ut
1336 4842 1458 4895 laxo
1486 4853 1776 4895 saccorum
1803 4840 1925 4894 sinu
1958 4840 2070 4895 lusa

474 4936 632 5007 plaga
668 4937 843 4991 omnis
881 4936 1070 4993 arietis
1113 4935 1471 4992 emolliretur.
1504 4934 1653 4990 lllisa
1708 4934 1851 4988 enim
1884 4933 2073 4988 solidis

471 5030 644 5085 solida
677 5040 896 5096 nocent,
928 5028 1288 5086 solutiorihus
1332 5037 1688 5084 evacuantur.
1722 5026 1966 5098 Denique
1996 5025 2074 5080 fa-

471 5122 630 5179 cilius
680 5124 936 5179 solidiora
969 5122 1315 5179 mollioribus
1358 5122 1581 5191 cedunt,
1626 5137 1789 5191 quam
1822 5121 2069 5177 molliora

474 5215 851 5273 solidioribus.
880 5216 1014 5273 Nam
1039 5228 1095 5273 et
1119 5234 1276 5286 aqua:
1306 5217 1583 5273 alluvione
1608 5217 1822 5287 secpuli
1848 5216 2070 5272 solvun-

477 5318 586 5376 tur,
614 5323 714 5364 nec
734 5309 888 5364 ruina
921 5313 1072 5381 rupis
1104 5310 1272 5365 ullum
1301 5319 1387 5366 est
1413 5309 1669 5365 damnum
1702 5323 1995 5379 aquarum;
2021 5316 2077 5363 et

471 5400 702 5471 jactisiu
734 5401 871 5456 freta
903 5402 1162 5469 molibus,
1197 5418 1337 5473 aqua
1363 5416 1494 5457 suos
1518 5417 1649 5457 usus
1671 5409 1947 5466 reservat;
1978 5400 2075 5456 sed

475 5501 629 5564 petra
680 5492 824 5551 inter
864 5494 1037 5551 undas
1087 5508 1373 5552 reservare
1419 5509 1548 5552 suos
1595 5495 1788 5552 nescit.
1838 5493 2073 5551 Arenam

547 5701 853 5773 flrruptt'o.
886 5702 963 5758 In.

545 5771 575 5811 ιι
601 5771 913 5845 erupluris.
948 5773 1025 5828 In.

557 5857 576 5881 τ
602 5843 772 5899 Forte
802 5845 1115 5912 legendum;
1147 5844 1259 5913 ipse
1287 5845 1427 5899 solus
1462 5845 1752 5899 decesserit.
1788 5843 1957 5899 DARE.

2173 4757 2239 4811 ad
2264 4757 2374 4811 itna
2405 4756 2680 4813 defluebat
2706 4753 2952 4825 vestigia.
2982 4751 3094 4808 Nec
3118 4750 3303 4806 minor
3330 4746 3593 4804 incendio
3623 4745 3774 4801 flam-

2176 4870 2279 4911 ma:
2319 4853 2628 4920 candentis,
2672 4849 2782 4906 olei
2809 4850 2991 4905 fervor
3022 4861 3216 4901 omnes
3260 4852 3412 4900 artus
3440 4841 3775 4912 depasceba-

2178 4956 2283 5000 tur.
2317 4945 2693 5002 Succedebant
2723 4952 2902 4997 tamen
2931 4940 3044 5006 alii,
3089 4937 3366 5009 plerisque
3406 4934 3579 4989 etiam
3609 4932 3773 4989 sudor

2174 5038 2421 5109 profluas
2443 5037 2549 5092 olei
2569 5036 2678 5090 vim
2704 5033 3083 5104 refrigerabat.
3110 5031 3177 5086 Et
3195 5024 3773 5100 quamvishujusmodi

2178 5130 2285 5187 olei
2316 5138 2506 5184 natura
2536 5129 2627 5192 sit,
2663 5136 2720 5182 ut
2746 5126 2856 5182 cito
2876 5125 3134 5189 calescat,
3167 5133 3223 5177 et
3244 5123 3423 5178 serius
3451 5125 3773 5189 conceptum

2180 5223 2418 5293 deponat
2458 5222 2727 5286 calorem;
2764 5230 2944 5274 tamen
2985 5217 3229 5274 victoriae
3258 5215 3443 5271 studio
3471 5202 3773 5268 absconde—

2177 5314 2310 5371 bant
2335 5314 2611 5384 injuriam.
2641 5312 2922 5368 Ardebant
2941 5309 3158 5377 animis,
3204 5317 3264 5362 ut
3295 5307 3503 5361 nullum
3531 5302 3771 5373 corporis

2178 5407 2452 5462 semirent
2498 5405 2836 5470 incendium,
2885 5418 2985 5459 nec
3023 5402 3154 5457 tanti
3204 5398 3557 5455 aestimabant
3605 5408 3769 5467 poture

2178 5498 2451 5556 ferventis
2505 5499 2774 5564 dolorem,
2828 5496 3014 5568 quanti
3060 5493 3406 5566 dispendium
3462 5490 3674 5563 gloriae,
3726 5486 3765 5540 si

2250 5704 2278 5740 ά
2301 5702 2573 5761 Poterant.
2598 5703 2676 5761 in.

2255 5786 2277 5809 τ’
2303 5775 2474 5831 Ultra.
2505 5776 2624 5831 Mox
2647 5785 2810 5831 utero.
2835 5774 2912 5831 lo.
