3964 6346
192 334 332 391 208!

1069 330 1345 390 lllSTOR.
1388 330 1477 387 DE
1520 327 1799 390 EXCIDIO
1839 330 2110 389 HIEBOS.
2153 329 2357 389 URBIS
2393 328 2524 388 LIB.
2564 328 2630 387 II.

3366 332 3511 389 2082

193 457 471 520 tamquam
520 454 772 503 exsortes
822 448 1220 518 triumphorum
1262 449 1597 507 desisterent
1635 449 1799 517 bello,
1832 450 1876 508 Λ
1910 464 2027 503 rum
2063 463 2263 519 genera
2288 447 2678 517 jaculantibns.
2714 445 2960 517 Denique
2990 460 3087 503 sex
3126 446 3282 503 boris
3309 446 3363 503 in
3393 448 3512 518 ipso

192 544 286 611 qui
316 543 485 597 duce;
512 542 725 597 fuerant
771 543 1162 612 periculorum.
1195 543 1295 598 Vel
1322 544 1588 613 sanguine
1615 543 1798 613 itaque

191 650 297 692 suo
328 635 671 707 restinguere
704 635 1014 692 incendium
1055 636 1162 691 olei
1191 636 1494 693 certabant.

799 727 1029 784 CAPUT
1071 728 1212 783 XIII.

269 822 384 879 llac
414 837 564 878 mora
610 820 933 889 obsidionis,
963 822 1129 877 etiam
1160 820 1352 891 Japha:
1387 820 1541 876 urbis
1566 834 1693 891 qua:
1723 819 1805 874 vi-

193 917 319 973 cina
351 925 491 983 erat,
516 916 750 988 p0pulus
780 916 1126 981 insoleverat,
1160 914 1307 986 quod
1338 914 1431 969 diu
1460 912 1803 970 decerneba-

194 1019 308 1066 tur.
333 1009 490 1067 Unde
512 1018 696 1066 motus
723 1008 1112 1079 Vespasianus,
1138 1007 1431 1075 Trajannm
1457 1006 1547 1076 qui
1575 1012 1807 1076 praeerat

195 1103 379 1160 ordini
410 1104 600 1174 quinto
634 1101 872 1167 decimo,
903 1100 1150 1157 ductoris
1190 1099 1396 1164 officio,
1434 1099 1639 1155 direxit
1681 1112 1804 1153 cum

197 1198 352 1253 mille
382 1196 682 1268 equitibus,
705 1202 761 1250 et
790 1194 1004 1250 duobus
1043 1191 1283 1248 millibus
1315 1191 1557 1246 virorum
1597 1189 1807 1245 militiae

199 1290 492 1362 pedestris.
527 1289 630 1358 Qui
655 1289 777 1344 sine
820 1287 1213 1344 retractatione
1241 1285 1542 1356 profectus,
1564 1283 1648 1338 vir
1681 1296 1810 1337 acer

200 1394 257 1441 et
298 1383 541 1440 bellandi
578 1381 792 1437 artibus
824 1379 1111 1451 praeditus,
1149 1379 1577 1435 convenientem
1608 1372 1810 1431 studiis

201 1478 318 1534 suis
345 1485 597 1532 eventum
627 1474 756 1531 belli
788 1473 1016 1543 reperit.
1040 1471 1173 1526 Nam
1192 1487 1315 1526 cum
1339 1478 1487 1526 esset
1507 1468 1720 1533 civitas,
1752 1475 1809 1523 et

200 1581 398 1627 natura
441 1568 544 1623 loci
587 1575 763 1637 septa,
804 1573 859 1620 et
897 1564 1122 1636 gemino
1165 1577 1324 1618 muro
1365 1559 1805 1626 circumvallata,

202 1679 311 1719 n0a
342 1667 636 1717 contentus
666 1669 850 1729 tegere
876 1674 935 1713 se
964 1658 1198 1728 populus
1231 1657 1366 1727 ejus
1380 1652 1804 1718 munitionibus,

201 1752 603 1812 occurrendum
637 1751 905 1807 Romanis
928 1751 1141 1820 putavit
1171 1768 1183 1804 :
1211 1749 1308 1806 sed
1335 1748 1615 1819 paulisper
1642 1747 1809 1803 resis-

1912 543 2019 597 fine
2066 541 2219 613 quasi
2267 540 2333 596 ab
2384 540 2614 596 exordio
2658 548 2979 611 pugnatum.
3041 539 3122 595 Ad
3172 551 3510 611 postremum

1907 634 2088 699 causis,
2132 634 2223 704 qui
2269 633 2631 689 constiterant
2676 633 2985 705 pugnaturi,
3040 641 3153 687 tum
3186 632 3240 687 in
3283 640 3516 690 caeteros

1907 729 2029 784 sine
2058 727 2409 794 ordine,sine
2430 727 2615 791 modo,
2640 727 2759 782 sine
2780 724 3179 791 misericordia;
3207 739 3367 781 senes
3389 740 3516 782 cum

1910 818 2356 876 adolescentibus
2373 819 2791 891 jugulabantur;
2828 819 3089 875 mulieres
3121 833 3245 874 cum
3274 817 3519 889 parvulis

1908 923 2231 980 reservatze,
2263 928 2373 968 non
2398 913 2467 969 ad
2497 912 2851 979 veniam,sed
2872 911 2941 967 ad
2969 913 3293 969 servitutem
3328 929 3343 967 :
3370 927 3516 969 mas-

1909 1004 2018 1059 culi
2039 1019 2229 1060 omnes
2259 1004 2555 1073 interfecti,
2588 1004 2691 1060 nisi
2720 1020 2859 1075 quos
2884 1004 3135 1074 pueritia,
3166 1013 3263 1060 aut
3288 1003 3515 1061 infantia

1910 1098 2180 1164 defendit;
2208 1099 2263 1154 in
2297 1099 2537 1170 praedam
2566 1100 2728 1155 ducta
2767 1109 2899 1155 sunt
2933 1099 3040 1155 duo
3069 1099 3264 1166 millia,
3293 1109 3514 1156 centum

1908 1201 1965 1248 et
2011 1192 2235 1262 triginta
2290 1192 2588 1262 mancipia,
2618 1191 2829 1247 domini
2881 1207 3007 1248 cum
3041 1191 3282 1248 servulis
3305 1188 3333 1228 (ι
3355 1206 3513 1262 aequa

1903 1284 2016 1353 jam
2047 1295 2197 1340 sorte
2233 1284 2590 1351 conditionis,
2611 1300 2750 1356 quos
2775 1285 3065 1356 captivitas
3097 1300 3259 1357 pares
3282 1284 3510 1358 fecerat.

2509 1380 2743 1437 CAPUT
2781 1380 2924 1437 XIV.

1943 1486 1952 1493 '
1985 1474 2094 1530 Nec
2123 1475 2410 1531 Samaritae
2459 1473 2733 1532 imr‘nunes
2771 1476 3122 1532 miseriarum
3154 1476 3326 1534 fuere.
3379 1476 3516 1535 Nam

1911 1584 2036 1626 cum
2076 1571 2377 1626 secundum
2402 1566 2856 1629 consuetudinem
2890 1586 3045 1628 suam
3080 1581 3103 1610 θ
3135 1571 3518 1628 ascendissent

1912 1671 2151 1718 montem
2181 1662 2444 1731 Garizim,
2473 1666 2707 1735 quierat
2735 1664 2843 1719 illis
2869 1673 3243 1731 consecratus,
3274 1664 3365 1719 ubi
3387 1664 3521 1720 ado-

1912 1770 2038 1811 rare
2081 1756 2365 1812 solebant:
2394 1756 2538 1812 unde
2581 1766 2637 1813 et
2680 1758 2734 1813 in
2765 1757 3065 1828 Evangelio
3095 1757 3232 1813 dicit
3272 1757 3512 1814 Samari-

207 1861 323 1906 tere
350 1848 489 1914 ausi,
518 1850 656 1903 illll‘a
683 1861 897 1902 murnnt
921 1845 1253 1902 exteriorem
1282 1844 1532 1912 recipere
1556 1856 1680 1897 sese
1709 1854 1808 1894 V0-
1836 1849 1885 1910 B
1912 1856 2036 1903 lana
2073 1866 2087 1902 :
2120 1848 2303 1904 Patres
2328 1850 2495 1905 nostri
2518 1850 2858 1906 migrauerunt
2885 1851 2941 1904 in
2971 1850 3067 1904 hac
3096 1860 3289 1905 monte,
3334 1850 3402 1905 Ει
3421 1865 3514 1906 re-

206 1944 384 2001 lentes
416 1941 627 1995 hostem
657 1938 862 2010 pariter
889 1952 1172 2007 recopere.
1201 1935 1333 1991 Nam
1356 1950 1476 1989 eum
1505 1932 1638 2003 ipsis
1660 1931 1811 1987 festi-

208 2034 466 2092 nantibus
495 2034 657 2089 etiam
688 2032 919 2087 Romani
953 2030 1403 2085 subintraverunt
1438 2045 1451 2080 :
1482 2024 1809 2096 confugien-

211 2131 356 2187 tibus
386 2142 605 2199 quoque
635 2126 704 2181 ad
743 2140 959 2181 murum
997 2123 1341 2189 interiorem,
1384 2120 1586 2176 clausa'
1615 2125 1810 2190 portat,

210 2238 281 2279 ne
310 2236 501 2276 rursus
524 2218 752 2273 Romani
785 2218 990 2288 pariter
1018 2216 1409 2285 irrumperent.
1443 2211 1520 2267 Ita
1559 2225 1754 2266 averso
1782 2225 1812 2263 a

210 2331 271 2370 se
299 2313 395 2370 ltei
415 2313 644 2378 auxilio,
667 2311 844 2368 Judaei
866 2308 1276 2379 prmliabantur,
1307 2323 1416 2380 quo
1440 2314 1566 2363 ante
1591 2305 1815 2361 vincere

212 2409 464 2464 solebant
485 2425 501 2473 ;
532 2405 626 2462 sed
641 2405 987 2462 olfendcrant
1007 2403 1253 2459 scelestis
1272 2401 1511 2471 ﬂagitiis,
1534 2409 1588 2456 et
1604 2399 1728 2454 ideo
1745 2398 1815 2453 ab

216 2503 306 2559 his
338 2518 498 2573 poena
521 2501 706 2556 debita
739 2497 1152 2570 reposcebatnr,
1182 2505 1240 2552 ut
1261 2496 1600 2551 donarentur
1625 2506 1814 2548 eorum

217 2595 480 2665 supplicia
509 2590 1118 2660 nationibushbenique
1144 2588 1329 2659 plures
1351 2602 1522 2657 prope
1539 2585 1653 2642 suis
1676 2587 1819 2640 inter

221 2706 282 2746 se
310 2689 489 2752 bellis,
521 2702 685 2757 quam
713 2686 781 2742 ab
807 2684 1079 2751 hostibus,
1110 2682 1525 2738 obterebantur.
1553 2677 1821 2747 Exemplo

219 2794 303 2839 est
329 2783 522 2853 .lapba:
554 2780 808 2851 populus,
843 2779 936 2850 qui
957 2777 1222 2832 Romanis
1260 2784 1447 2847 portas
1481 2774 1715 2845 aperuit,
1763 2781 1821 2828 et

220 2877 325 2934 sibi
348 2876 565 2932 clausit.
596 2875 731 2930 Nam
762 2881 823 2929 ut
852 2873 1083 2944 primum
1118 2887 1328 2926 murum
1358 2870 1587 2924 Romani
1616 2868 1819 2923 irrum-

222 2975 457 3039 perent,
510 2965 616 3037 ipsi
662 2963 1040 3037 patefecerunt
1078 2980 1093 3016 :
1142 2972 1200 3018 ut
1257 2960 1557 3017 secundum
1604 2972 1819 3014 murum

220 3062 392 3119 Judazi
422 3077 531 3117 non
560 3067 932 3131 penetrarent,
961 3058 1133 3115 Judaei
1179 3058 1519 3113 clauserunt.
1548 3056 1822 3125 Receptus

224 3156 409 3226 itaque
451 3154 628 3210 hostis
652 3164 756 3219 est,
784 3153 970 3209 socius
1000 3152 1277 3208 exclusus.
1314 3151 1591 3221 Receptus
1612 3150 1725 3214 ille,
1757 3163 1824 3204 ne

1908 1955 2170 2012 sponsum
2196 1952 2281 1997 est
2324 1943 2373 1998 ei
2409 1960 2422 1997 :
2461 1941 2641 1998 Veniet
2680 1942 2831 2011 hara,
2873 1943 3082 2015 quando
3128 1959 3290 2015 neque
3333 1944 3387 1998 in
3422 1943 3520 2000 hoc

1911 2045 2101 2102 monte,
2136 2051 2296 2105 neque
2330 2034 2713 2107 Hierosolymis
2747 2037 3035 2095 adorabitis
3058 2046 3256 2108 patrem
3283 2036 3327 2109 (Ι
3352 2035 3514 2093 Joan.

1911 2143 1985 2194 ιν,
2016 2127 2088 2182 90
2118 2138 2163 2182 et
2193 2126 2311 2198 2|).
2346 2129 2662 2184 Debebatnr
2689 2129 2857 2196 enim,
2894 2139 2952 2184 ut
2980 2136 3227 2185 cessaret
3252 2129 3524 2199 supersti-

1916 2219 2014 2285 tio,
2047 2227 2102 2275 et
2133 2235 2261 2274 vera
2285 2220 2480 2290 religio
2510 2220 2835 2277 succederet
2868 2238 2881 2275 :
2914 2229 3274 2278 evacuaretur
3303 2221 3519 2289 umbra,

1916 2312 2129 2369 veniret
2156 2313 2359 2369 veritas
2393 2330 2407 2369 :
2437 2322 2498 2369 ut
2518 2313 2632 2385 jam
2659 2329 2765 2371 non
2799 2313 2852 2368 itt
2885 2323 3092 2381 monte,
3115 2315 3256 2370 sicut
3284 2313 3526 2371 Samari—

1920 2406 2052 2473 tani,
2081 2422 2187 2463 non
2214 2408 2266 2462 in
2298 2406 2694 2480 Hierosolymis
2729 2417 2811 2464 ter
2838 2407 2892 2462 in
2923 2422 3092 2475 anno,
3126 2409 3269 2463 sicut
3295 2406 3471 2464 Judaei
3504 2424 3517 2461 :

1919 2499 2015 2555 sed
2058 2500 2111 2555 in
2157 2500 2351 2569 spiritu
2398 2500 2455 2555 in
2500 2505 2648 2556 omni
2688 2502 2814 2557 loco
2854 2501 3078 2557 elevans
3126 2516 3287 2571 puras
3327 2514 3522 2556 manus

1924 2590 2089 2647 homo
2114 2592 2292 2647 omnis
2313 2592 2570 2648 adoraret
2602 2592 2794 2660 Deum,
2818 2603 2873 2648 et
2900 2593 2952 2647 in
2985 2591 3208 2648 nomine
3226 2592 3355 2649 Jesu
3375 2605 3521 2663 genu

1924 2684 2190 2740 ﬂecteret.
2220 2682 2354 2739 Cum
2398 2685 2583 2756 igitur,
2629 2692 2692 2740 ut
2735 2701 2899 2756 supra
2942 2684 3206 2752 diximus,
3237 2688 3291 2742 in
3339 2696 3527 2745 monte

1924 2776 2165 2844 collecti,
2201 2775 2501 2832 secundum
2524 2791 2656 2833 suos
2684 2777 2823 2833 ritus
2851 2788 3160 2844 manerent,
3183 2777 3311 2834 belli
3341 2785 3523 2835 autem

1925 2872 2104 2927 minas
2134 2872 2505 2942 praetenderet
2536 2871 2652 2941 ipsa
2686 2871 3129 2942 congregationis
3162 2872 3397 2941 species,
3436 2872 3527 2929 vel

1926 2981 2122 3023 sensus
2163 2980 2375 3032 eorum,
2403 2965 2494 3034 qui
2523 2980 2627 3021 nec
2672 2965 2831 3020 malis
2862 2964 3106 3020 finitimis
3134 2964 3524 3036 resipiscebat;

1928 3059 2102 3115 multo
2151 3068 2332 3114 autem
2391 3058 2626 3126 amplius
2667 3057 3109 3129 prosperioribus
3151 3057 3524 3113 Romanorum

1929 3151 2276 3208 successibus
2306 3166 2403 3222 per
2442 3151 2701 3206 invidiam
2732 3159 3236 3219 commoverentur,
3266 3166 3331 3207 ac
3357 3165 3528 3222 prope

227 3266 522 3324 percussor
549 3250 770 3305 deesset
800 3248 1093 3305 :exclusus
1127 3247 1251 3313 istc,
1282 3262 1350 3301 ne
1377 3255 1403 3283 α
1434 3246 1649 3316 penitus
1696 3258 1828 3299 eva-
1853 3236 1898 3299 C
1933 3247 2219 3302 tumultum
2240 3261 2328 3301 res
2351 3254 2579 3311 essent;
2605 3244 2913 3301 consultius
2940 3244 3268 3301 aestimatum
3301 3253 3408 3310 est,
3430 3258 3529 3300 eos

227 3343 407 3399 deret.
442 3341 590 3397 Intra
637 3340 776 3396 duos
812 3340 995 3410 itaque
1023 3353 1210 3394 murus
1248 3337 1599 3393 caedebantur
1628 3333 1825 3402 Judaei,

229 3452 394 3493 manu
419 3436 695 3503 cominus,
719 3435 789 3490 de
820 3450 977 3490 muro
1007 3433 1244 3489 eminus.
1275 3432 1525 3502 Plerique
1550 3432 1694 3487 enim
1725 3431 1832 3484 Ro-

232 3547 409 3587 mana}
472 3529 679 3584 militia:
738 3528 841 3583 viri
907 3527 1192 3582 constricti
1259 3526 1565 3596 angustiis,
1614 3539 1828 3579 murum

231 3623 623 3687 ascendebant,
646 3632 810 3692 atque
835 3621 962 3676 inde
990 3620 1045 3674 in
1077 3619 1362 3689 subjectos
1387 3617 1491 3673 tela
1513 3616 1834 3687 jacnlaban-

234 3728 343 3775 tur.
376 3718 564 3788 Itaque
600 3715 811 3773 Galiltei
851 3715 986 3780 suis,
1020 3729 1182 3785 quam
1214 3712 1462 3767 hostibus
1495 3710 1829 3776 infestiores,

236 3812 527 3884 rogabant,
563 3820 621 3865 ut
647 3809 699 3864 in
733 3807 1014 3863 interioris
1044 3806 1183 3860 muri
1214 3804 1485 3860 vestibulo
1515 3804 1832 3869 reciperen-

237 3916 346 3971 tur,
383 3905 480 3962 scd
526 3902 851 3959 resistebant
899 3901 1007 3956 sui.
1061 3897 1430 3953 Dimicabatur
1462 3896 1515 3950 in
1561 3905 1736 3966 portat
1767 3895 1833 3949 lic

238 3998 409 4065 mine,
446 3996 652 4053 Judu-is
691 3995 833 4049 inter
868 4008 928 4048 se
966 3989 1333 4061 pugnantibus
1367 4006 1380 4041 :
1415 3988 1507 4042 isti
1538 3989 1837 4043 irruentem

238 4105 475 4148 cuneum
505 4087 704 4159 gladiis
742 4085 1089 4156 excipiebant
1123 4101 1136 4138 :
1172 4082 1255 4137 illi
1284 4081 1606 4137 resistentes
1634 4080 1837 4135 morie.

240 4186 462 4242 bantur.
487 4182 646 4239 Saeva
663 4178 1028 4249 imprecantes
1050 4176 1152 4232 sibi
1183 4175 1440 4238 invicem,
1466 4182 1521 4229 et
1542 4175 1750 4229 minora
1783 4187 1841 4228 se

243 4276 456 4333 meritis
486 4274 599 4328 suis
626 4271 836 4343 perpeti
858 4269 1129 4340 supremis
1161 4266 1389 4323 vocibus
1416 4265 1839 4321 attestabantur.

244 4370 435 4441 Itaque
464 4367 737 4424 exStincta
767 4372 897 4421 sunt
922 4362 950 4403 ι’
971 4364 1079 4419 duo
1122 4361 1292 4418 millia
1322 4361 1563 4417 virorum
1601 4360 1845 4416 omnium

245 4464 639 4536 prmliatorutn.
671 4461 948 4530 Ratusque
969 4458 1240 4528 Trajanns
1262 4456 1347 4512 vel
1372 4456 1579 4511 nullum
1607 4455 1719 4526 jam
1743 4454 1846 4511 sibi

248 4564 717 4629 repugnaturum,
777 4554 863 4609 vel
908 4553 1116 4608 facilem
1156 4552 1313 4607 urbis
1356 4551 1846 4622 expugnationem,

1934 3341 2244 3412 prteveniri,
2274 3356 2344 3395 ne
2372 3341 2425 3394 in
2464 3340 2730 3409 majorem
2766 3349 2976 3410 pestem
3014 3348 3388 3410 erumperent.
3422 3339 3532 3394 Vo-

1932 3444 2166 3504 catoque
2197 3432 2459 3503 praefecto
2484 3433 2694 3488 ordinis
2724 3434 2898 3504 quinti
2934 3448 3059 3489 cum
3092 3433 3266 3489 tribus
3289 3431 3534 3489 millibus

1934 3529 2221 3599 utriusque
2265 3527 2476 3583 militiae
2518 3527 2671 3594 viris,
2720 3543 2787 3583 eo
2818 3525 2837 3566 ί
2871 3542 2994 3583 eum
3046 3526 3412 3596 Vespasianus
3454 3526 3536 3581 di-

1934 3624 2100 3679 rexit.
2126 3622 2199 3677 At
2229 3623 2320 3678 ille
2343 3620 2643 3678 ascendere
2662 3633 2902 3677 montem
2930 3623 3107 3692 primo
3129 3618 3357 3676 exordio
3391 3619 3539 3689 peri—

1937 3717 2184 3773 culosum
2217 3725 2369 3770 ratus
2397 3714 2541 3781 (erat
2584 3713 2732 3769 enim
2773 3713 2932 3767 simul
2957 3712 3145 3782 juncta
3179 3712 3374 3767 terrori
3400 3712 3541 3767 mul-

1939 3810 2114 3866 titudo
2158 3809 2372 3880 pepuli,
2413 3816 2471 3864 et
2510 3816 2844 3877 praeruptum
2899 3804 3134 3877 naturae)
3178 3804 3541 3861 circumdedit

1939 3902 2184 3959 exercitu
2234 3900 2433 3956 montis
2484 3898 2724 3956 confinia
2754 3916 2767 3952 :
2801 3907 2858 3953 et
2905 3907 3021 3953 toto
3061 3897 3151 3953 die
3179 3897 3383 3953 deferri
3414 3896 3546 3954 fecit

1941 3996 2266 4062 custodiam,
2300 4010 2369 4049 ne
2397 3994 2523 4063 quis
2547 4002 2807 4065 aquatum
2844 3991 3231 4049 descenderet.
3276 3989 3411 4047 Cum
3441 3990 3545 4062 igi-

1944 4098 2032 4144 tur
2072 4097 2276 4143 tantam
2324 4086 2606 4141 hominum
2631 4095 2657 4131 κ
2681 4084 3084 4140 multitudinem
3131 4090 3361 4139 vexaret
3400 4082 3543 4149 sitis,

1945 4195 2067 4251 qum
2100 4180 2271 4249 magis
2301 4193 2364 4233 ac
2393 4177 2569 4248 magis
2599 4186 2738 4232 testu
2771 4175 3186 4241 exardescebat,
3215 4185 3272 4231 et
3300 4174 3548 4246 plerique

1947 4273 2197 4329 servituti
2239 4287 2299 4328 se
2341 4272 2423 4326 vel
2454 4272 2623 4327 etiam
2672 4271 2792 4327 neci
2843 4270 3066 4326 mallent
3111 4269 3330 4340 offerre,
3365 4283 3434 4324 ne
3462 4268 3549 4322 vel

1946 4365 2092 4421 fame
2133 4365 2216 4425 vel
2248 4364 2338 4419 siti
2386 4364 2661 4434 perirent;
2703 4360 2950 4418 Cerealis
2990 4360 3122 4434 (hoc
3161 4360 3308 4416 enim
3348 4373 3548 4415 nomen

1951 4458 2236 4531 prmfecto)
2267 4473 2334 4514 ex
2375 4457 2836 4514 descendentibus
2879 4457 3170 4510 universos
3199 4468 3323 4509 esse
3350 4451 3554 4508 defati-

1953 4563 2108 4625 gatos
2152 4552 2454 4619 aestimans,
2499 4551 2671 4607 cinxit
2716 4556 2981 4616 montem,
3036 4563 3099 4604 ac
3131 4562 3285 4604 more
3332 4545 3557 4601 militari

253 4628 463 4708 veteris
484 4650 566 4704 vir
587 4647 890 4718 disciplina:
914 4659 1182 4701 summam
1207 4643 1490 4700 victoriam
1515 4644 1852 4713 Vespasiano
1878 4628 1934 4690 Ι)
1960 4648 2229 4719 pollicens
2275 4645 2508 4702 salutem
2535 4642 2583 4700 si
2625 4658 2775 4699 arma
2807 4644 3171 4713 deponerent,
3213 4648 3557 4697 recusantes-

251 4742 579 4805 rescrvavit,
633 4739 890 4810 misitque
933 4737 1003 4793 ad
1051 4752 1198 4803 eum,
1251 4737 1534 4808 postulans
1582 4744 1643 4790 ut
1682 4734 1850 4791 lilium

253 4853 414 4896 suum
456 4836 720 4905 dirigeret
745 4832 949 4898 Titum,
983 4830 1075 4901 qui
1116 4830 1278 4886 linem
1314 4828 1505 4899 praelio
1533 4828 1708 4885 daret.
1733 4830 1853 4896 Quo

255 4930 608 4989 adventante,
640 4925 779 4981 facta
802 4924 1058 4994 irruptio,
1097 4922 1335 4993 cmsique
1373 4921 1530 4978 multi
1571 4922 1852 4986 mortales,

259 5037 365 5080 nec
392 5020 511 5077 sine
534 5019 720 5074 labore
750 5032 815 5073 ac
842 5015 1090 5088 periculo
1122 5014 1352 5071 victoria
1375 5002 1543 5071 cessit
1569 5014 1853 5072 Romanis.

260 5115 474 5185 Quibus
530 5110 792 5182 ingressis
836 5123 1052 5164 murum
1107 5107 1454 5175 interiorem,
1492 5117 1512 5145 ε
1544 5106 1861 5177 obiecerant

264 5208 700 5279 sc,quicumque
728 5212 886 5261 erant
909 5201 1058 5257 bello
1087 5200 1264 5257 idonei
1299 5212 1355 5257 et
1382 5201 1436 5256 in
1471 5201 1738 5271 angustiis
1765 5214 1862 5270 po-

267 5302 389 5367 siti;
423 5314 624 5369 anceps
650 5297 854 5354 bellum
887 5294 1188 5351 victoribus
1215 5293 1470 5359 effecere,
1502 5294 1868 5364 pugnantibus

271 5396 509 5467 desuper
549 5393 695 5449 virili
725 5407 788 5449 ac
813 5387 1070 5447 muliebri
1117 5404 1274 5457 sexu,
1321 5403 1385 5444 ac
1431 5403 1577 5458 saepe
1605 5387 1766 5444 etiam
1816 5388 1868 5442 in

271 5502 401 5545 suos
444 5501 575 5542 saxa
607 5494 770 5558 atque
814 5483 994 5541 omnia
1042 5497 1161 5553 quae
1195 5481 1339 5537 forte
1388 5488 1707 5552 repererant
1738 5480 1876 5537 telo-

349 5636 373 5663 ι·
393 5624 692 5679 Periturus.
723 5621 802 5678 In.

349 5695 378 5734 ιι
401 5695 691 5751 Duodecim
716 5693 907 5759 millia,
940 5690 1213 5763 Iosephus
1240 5692 1338 5749 lib.
1371 5706 1454 5759 ιιι,
1477 5704 1528 5747 c.
1562 5690 1647 5746 ll.
1677 5689 1754 5747 Io.

359 5778 381 5840 ς
407 5766 675 5840 0_bjecere.
691 5765 783 5840 _ln.

356 5835 381 5876 ε¹
404 5835 661 5911 ίΕὶῙιιαια.
690 5837 768 5892 Ib.

1961 4756 2066 4812 que
2092 4740 2254 4811 jussit
2290 4738 2464 4794 feriri.
2510 4736 2700 4808 Itaque
2740 4737 3011 4793 exstincta
3059 4740 3188 4791 sunt
3226 4733 3339 4790 illic
3386 4731 3560 4789 millia

1962 4833 2215 4890 undecim
2247 4841 2303 4889 et
2323 4831 2569 4888 sexcenti
2595 4830 2722 4886 viri.

2587 4920 2819 4979 CAPUT
2859 4921 2977 4978 XV.

2036 5018 2302 5089 Jutapatae
2334 5031 2551 5088 quoque
2572 5015 2989 5087 quadragesimo
3013 5022 3069 5071 et
3092 5023 3288 5072 octavo
3313 5013 3405 5072 die
3427 5014 3567 5072 facta

1966 5112 2271 5183 irruptione
2313 5112 2492 5183 primo
2530 5111 2796 5177 diluculo,
2822 5127 2945 5167 cum
2979 5112 3157 5168 adhuc
3192 5111 3366 5169 multo
3400 5127 3569 5184 supe-

1967 5207 2130 5262 rioris
2201 5205 2311 5261 diei
2386 5204 2514 5261 fessi
2586 5205 2772 5261 labore
2844 5205 3295 5276 requiescerent,
3363 5207 3573 5278 primus

1969 5299 2214 5356 omnium
2243 5298 2399 5353 Titus
2421 5298 2565 5369 Icum
2595 5299 2804 5356 Sabino
2831 5296 3116 5370 ingressus
3139 5340 3154 5365 ,
3186 5298 3404 5355 czeteris
3431 5299 3576 5355 viam

1973 5393 2229 5463 praebuit.
2287 5390 2823 5465 Comprehensisque
2873 5393 3253 5465 superioribus
3297 5394 3465 5461 locis,
3520 5394 3575 5449 in

1977 5486 2242 5557 angustiis
2271 5484 2570 5554 platearum
2611 5488 2812 5556 passim
2836 5528 2851 5553 ,
2892 5496 2949 5542 et
2988 5488 3163 5558 ignari
3201 5486 3380 5544 adhuc
3423 5488 3581 5544 facta:

2062 5618 2416 5693 agangregati
2437 5623 2805 5693 ascendissent.
2835 5625 2911 5680 In.

2058 5690 2079 5729 ί
2114 5690 2419 5747 Pronomen
2446 5692 2591 5749 istud
2611 5695 2786 5752 codex
2810 5712 2945 5755 mss.
2974 5710 3083 5754 non
3109 5696 3293 5754 habet.
3323 5696 3492 5756 Bann.

2061 5772 2088 5810 8
2119 5762 2578 5835 Constipationem.
2610 5764 2688 5821 lu.
