3964 6314
345 366 357 381 .
412 312 557 376 9.08.3

1758 306 2002 367 SANCTI
2021 303 2376 381 ,Auenosu

3598 300 3701 363 208
3711 306 3739 363 ι

407 437 729 508 irruptionis
759 435 1117 491 feriebantur.
1153 431 1256 488 Alii
1288 433 1343 487 in
1394 430 1509 487 suis
1555 431 1766 497 stratis,
1796 430 1891 484 alii
1922 445 2020 485 ex-
2050 436 2106 496 Α
2132 451 2237 521 phe
2273 469 2285 503 ε
2321 453 2429 505 vim
2484 447 2578 504 libi
2635 448 2988 519 promutuum
3037 447 3132 504 sed
3180 455 3444 519 parantur
3491 444 3742 517 graviora

409 531 745 604 pergefacti,
775 530 864 585 alii
896 528 1189 598 vigilantes
1214 567 1230 592 ,
1264 526 1359 581 sed
1393 524 1575 581 inedia
1613 540 1674 581 ac
1704 539 1900 581 somno
1930 538 2021 578 so-

409 623 508 679 luti
561 638 749 693 poenas
800 621 1024 676 dabant.
1063 619 1252 675 Adhuc
1289 629 1468 674 tamen
1513 625 1681 673 totam
1721 616 1908 672 urbem
1940 616 2023 670 vis

412 716 617 769 latebat
648 715 940 768 malorum.
966 712 1075 767 Sed
1113 713 1200 767 ubi
1247 712 1520 765 exercitus
1563 711 1844 780 ingressus
1881 707 2022 762 mili-

412 807 515 863 tari
543 805 824 860 infremuit
846 804 1077 868 ululatu,
1110 803 1178 859 ad
1203 803 1382 858 solum
1407 801 1522 857 fere
1544 800 1847 857 subeunda:
1879 814 2023 853 tuor-

411 904 482 956 tis
510 899 765 955 affectum
796 899 1242 954 insurrexerunt.
1278 897 1343 951 Et
1384 896 1430 951 si
1473 896 1563 967 qui
1603 896 1890 964 superiora
1930 906 2026 962 pe—

410 1001 531 1049 tere
560 1001 929 1058 tentaverant,
963 990 1169 1061 repulsi
1210 988 1599 1062 cmdebatuur;
1634 994 1690 1041 et
1716 984 1913 1055 quibus
1942 982 2026 1036 ul-

408 1085 651 1149 ciscendi
681 1084 761 1139 vis
791 1091 1088 1153 suppetere
1118 1090 1371 1153 poterat,
1405 1081 1519 1148 ipsa
1557 1076 1857 1133 coarctatio
1906 1075 2024 1128 vin-

409 1176 615 1233 dictam
672 1177 1001 1242 ademerat;
1057 1183 1112 1231 et
1170 1175 1215 1230 si
1280 1176 1372 1245 qui
1441 1173 1698 1227 resistere
1757 1169 2023 1240 parabant

408 1270 749 1328 irruentibus
774 1284 942 1342 supra
969 1284 1027 1324 se
1054 1268 1196 1336 aliis,
1221 1267 1365 1323 bello
1390 1264 1889 1321 abscondebantur.
1917 1262 2023 1317 Alii

411 1367 588 1422 multo
619 1366 748 1421 fessi
772 1364 1097 1431 certamine,
1114 1363 1370 1419 demiSsis
1400 1361 1649 1415 manibus
1676 1374 1799 1414 sese
1827 1357 2025 1413 offere—

407 1461 540 1516 bant
569 1461 811 1526 vulneri,
842 1470 898 1515 ut
932 1460 1015 1514 vel
1046 1467 1225 1513 morte
1264 1467 1372 1511 tam
1430 1454 1697 1509 feralibus
1755 1451 2021 1507 malorum

408 1567 635 1607 snormn
666 1551 997 1622 speetaculis
1023 1533 1393 1619 eriperentur.
1430 1546 1540 1600 Hac
1570 1545 1830 1614 deceptus
1865 1556 2024 1598 secu-

410 1648 573 1703 ritate
600 1646 945 1717 pereuntium
971 1646 1223 1701 centurio
1251 1643 1547 1708 Antonius,
1583 1648 1806 1710 rogatus
1835 1652 1865 1691 a
1888 1652 2022 1707 quo-

406 1740 554 1806 dam,
602 1741 693 1810 qui
723 1739 777 1793 in
803 1739 1003 1808 spelaea
1034 1736 1378 1807 confugerat,
1426 1742 1485 1788 ut
1514 1734 1561 1788 ei
1608 1734 1885 1787 dexteram
1927 1732 2023 1784 da-

2129 553 2327 599 morte.
2355 542 2612 598 Vicerunt
2644 551 2697 597 te
2738 540 2982 596 Romana
3026 557 3174 597 arma
3198 583 3212 606 ,
3240 556 3347 595 non
3377 539 3562 611 capiat
3593 537 3746 593 frau-

2128 634 2393 688 dulentia.
2430 632 2713 688 Atrociora
2740 642 2864 689 sunt
2885 632 3027 687 dona
3061 648 3272 698 eorum,
3302 648 3465 700 quant
3492 631 3743 685 vulnera.

2125 725 2223 781 llla
2251 730 2397 780 enim
2424 726 2793 794 captivitatem
2826 723 3131 789 minantur,
3159 723 3274 778 haec
3305 722 3621 779 libertatem
3653 738 3744 776 re-

2127 827 2366 871 servant.
2393 814 2711 882 qulecteris,
2744 814 3006 886 .losephe,
3040 825 3094 871 et
3141 815 3305 870 animi
3338 814 3573 886 quadam
3636 812 3752 868 fra-

2127 922 2247 966 ctus
2279 911 2532 979 mollitia,
2562 910 2645 966 vis
2673 925 2794 967 esse
2823 916 3014 982 patrlte
3044 909 3365 980 superstes?
3398 906 3501 964 Ubi
3534 917 3620 963 est
3648 907 3741 962 dos

2126 1004 2302 1059 ctrina
2333 1004 2553 1076 Moysis,
2585 1005 2672 1074 qui
2704 1019 2765 1059 se
2791 1001 2859 1057 de
2887 1002 3027 1058 libro
3051 1001 3263 1057 coalesti
3291 998 3463 1057 deleri
3498 997 3746 1069 petebat,

2125 1116 2192 1155 ne
2208 1099 2351 1170 plebi
2373 1099 2590 1153 Domini
2607 1096 3016 1168 superviveret?
3033 1093 3136 1151 Ubi
3156 1106 3236 1151 est
3262 1094 3470 1160 Aaron,
3488 1094 3578 1163 qui
3602 1090 3750 1147 inter

2128 1193 2281 1248 vivos
2313 1208 2375 1249 ac
2404 1201 2649 1247 mortuos
2678 1190 2895 1247 medius
2944 1190 3129 1255 stetit,
3162 1205 3229 1245 ne
3260 1203 3408 1242 mors
3464 1188 3746 1242 viventem

2124 1286 2380 1357 pepulum
2408 1301 2556 1341 saevo
2584 1282 2839 1355 contagio
2876 1282 2902 1322 ι)
2934 1282 3305 1353 deposceret?
3346 1279 3448 1338 Ubi
3493 1282 3749 1353 estrcgis

2125 1380 2307 1435 Saulis
2338 1389 2393 1436 ct
2435 1378 2687 1435 Jonathze
2714 1378 2943 1434 devotus
2985 1377 3178 1448 patrim
3210 1376 3425 1431 aninms
3446 1417 3462 1442 ,
3494 1385 3549 1430 ct
3590 1390 3747 1430 mors

2124 1471 2215 1527 illa
2252 1488 2348 1540 pro
2377 1470 2587 1525 civibus
2619 1478 2866 1538 suscepta
2893 1509 2907 1533 ,
2943 1476 2992 1521 el
3022 1466 3235 1521 fortiter
3263 1466 3611 1538 glorioscque
3642 1480 3741 1520 ex—

2126 1564 2327 1636 petita?
2358 1563 2501 1618 littus
2523 1573 2729 1635 patrem
2764 1561 3022 1630 exemplo
3050 1560 3302 1615 invitavit
3325 1602 3339 1625 ,
3377 1570 3533 1630 pater
3561 1557 3736 1614 tilium

2125 1662 2319 1714 mortis
2348 1658 2627 1729 proposito
2657 1673 2764 1711 non
2791 1654 3102 1726 dereliquit.
3135 1653 3235 1717 Qui
3278 1668 3400 1708 cum
3447 1660 3632 1722 posset
3665 1651 3745 1706 vi-

2126 1768 2275 1817 vere,
2309 1752 2497 1805 maluit
2524 1767 2583 1807 se
2615 1750 2879 1816 interfici,
2909 1764 3070 1818 quam
3103 1749 3169 1803 ab
3204 1747 3359 1801 hoste
3391 1746 3740 1815 triumphari.

406 1842 528 1897 ret,
552 1832 799 1887 obsidem
833 1831 1007 1884 veniae
1056 1841 1109 1883 et
1148 1827 1339 1882 salutis
1369 1833 1708 1895 sequestram
1744 1820 2012 1892 :porrexit

2129 1845 2460 1900 llortabatur
2486 1845 2817 1913 armigerum
2844 1858 2998 1897 suum
3027 1839 3217 1895 dicens
3245 1858 3258 1893 :
3293 1839 3519 1895 Percute
3543 1856 3643 1906 me,
3679 1855 3742 1893 ne

414 1923 587 1989 illico,
618 1923 728 1978 doli
760 1923 1072 1993 negligens,
1110 1932 1164 1976 et
1194 1936 1274 1974 va:
1300 1920 1501 1974 miser!
1536 1917 1761 1971 nimium
1798 1929 2023 1970 securus

410 2015 669 2085 triumphi
700 2033 713 2068 :
743 2015 840 2070 sed
876 2016 969 2070 ille
1000 2014 1278 2069 incautum
1322 2010 1537 2082 spiculo
1568 2010 1723 2071 ferit,
1754 2019 1804 2063 et
1838 2007 2020 2061 statim

408 2110 702 2179 transfigit,
732 2125 800 2163 ne
830 2110 1048 2179 impleta
1072 2119 1219 2164 esset
1246 2108 1527 2161 incruenta
1561 2102 1825 2157 Romanis
1844 2101 2020 2155 victo-

412 2204 513 2258 ria.
545 2202 644 2257 lllo
668 2203 787 2272 ipso
814 2202 900 2257 die
931 2200 1206 2258 interfecti
1262 2214 1454 2255 omnes
1476 2241 1491 2266 ,
1546 2198 1876 2268 quicumque
1936 2195 2019 2249 in-

405 2296 576 2351 venti.
603 2296 969 2367 Sequentibns
1020 2305 1202 2351 autem
1231 2294 1424 2348 diebus
1453 2291 1614 2347 etiam
1660 2291 1729 2344 de
1757 2287 2022 2360 hypogeis

405 2398 465 2447 et
488 2391 705 2446 caeteris
728 2390 964 2445 defessis
997 2389 1268 2459 specubus
1299 2384 1741 2457 producebantur
1760 2423 1775 2447 ,
1804 2382 1892 2436 vel
1918 2380 2020 2434 ibi-

406 2488 530 2542 dem
574 2486 1100 2558 exstinguebantur,
1130 2483 1374 2554 exceptis
1414 2479 1652 2550 parvulis
1680 2491 1743 2532 ac
1777 2472 2021 2530 mulieri-

405 2581 529 2636 btts.
561 2580 737 2645 Cassa,
771 2595 864 2649 per
894 2592 1085 2633 omnes
1112 2576 1253 2643 dies,
1288 2573 1639 2646 quadraginta
1673 2568 1866 2632 millia,
1895 2580 2018 2636 qua

407 2687 642 2729 numero
668 2671 1065 2742 comprehensa
1094 2680 1255 2733 sunt;
1290 2668 1342 2721 in
1382 2667 1755 2735 captivitatem
1793 2658 2018 2715 deducti

404 2768 554 2823 mille
584 2776 639 2820 et
665 2764 915 2830 ducenti;
946 2777 1140 2819 eversa
1167 2770 1220 2816 et
1248 2761 1355 2831 igni
1380 2769 1572 2815 exusta
1605 2766 1689 2812 est
1715 2756 1930 2817 civitas,
1962 2759 2019 2806 ct

404 2859 625 2914 castelbt
657 2858 778 2927 ejus
800 2857 1005 2922 omnia,
1031 2841 1185 2911 anno
1206 2855 1419 2923 imperii
1447 2852 1679 2907 Nemnis
1715 2864 1830 2906 xm.
1861 2847 2019 2903 lose-

403 2951 544 3021 phus
573 2951 778 3005 interea
812 2950 952 3004 inter
982 2948 1192 3002 favillas
1224 2946 1372 3001 urbis
1415 2947 1467 2999 in
1505 2944 1740 3015 quodam
1770 2943 1889 2996 lacu
1919 2940 2015 2994 de—

398 3043 702 3107 litescebat,
769 3041 911 3096 haud
969 3041 1173 3095 inscius
1219 3038 1365 3108 quod
1415 3038 1567 3106 quasi
1616 3036 1721 3089 dux
1794 3031 2012 3088 adversi

402 3138 636 3209 agminis
690 3135 990 3190 studiosius
1041 3132 1435 3203 requiri-retur.
1479 3130 1749 3199 Egressus
1791 3127 1881 3181 die
1929 3140 2017 3181 se-

2130 1937 2331 1991 veniant
2361 1934 2710 1989 incircumcisi
2734 1935 2822 1988 isti
2845 1976 2860 2002 ,
2886 1944 2930 1988 et
2960 1933 3252 2004 percutiant
3287 1948 3400 1999 me,
3438 1942 3486 1987 et
3514 1931 3746 1986 illudont

2131 2045 2209 2083 me
2235 2027 2299 2101 (Ι
2326 2027 2459 2099 Reg.
2495 2043 2623 2083 χχιι
2646 2068 2661 2093 ,
2700 2025 2769 2096 4)
2805 2044 2817 2079 :
2853 2026 2974 2097 quia
3021 2025 3255 2095 armiger
3293 2024 3507 2090 timuit,
3538 2024 3659 2094 ipse
3684 2039 3743 2081 se

2128 2121 2310 2190 gladio
2355 2117 2833 2174 transverberavit.
2866 2115 3072 2188 Dignus
3119 2132 3281 2188 quem
3333 2116 3501 2172 David
3548 2118 3745 2189 Spiritu

2131 2211 2447 2283 prophetico
2495 2208 2839 2265 vindicaret:
2875 2209 3000 2280 quia
3047 2224 3108 2263 se
3149 2207 3391 2278 degener
3437 2206 3742 2263 Amalecita

2126 2306 2195 2359 de
2224 2303 2344 2374 ejus
2372 2312 2547 2357 morte
2573 2302 2710 2357 falso
2727 2302 3059 2372 jactaverat,
3087 2311 3142 2356 et
3170 2300 3403 2371 gloriam
3428 2301 3531 2355 viri
3562 2300 3653 2371 qui
3684 2315 3745 2355 se

2125 2394 2302 2465 ipsum
2341 2393 2479 2447 hosti
2510 2399 2831 2459 exemerat,
2864 2390 3294 2446 innninueudam
3343 2392 3592 2462 putavit,
3625 2403 3679 2446 ut
3711 2404 3741 2445 a

2125 2501 2185 2542 se
2211 2486 2556 2539 interfectum
2592 2485 2938 2539 mentiretur.
2970 2483 3175 2555 Dignus
3205 2483 3367 2538 etiam
3390 2526 3404 2550 ,
3432 2499 3597 2555 quem
3624 2494 3744 2537 tan-

2129 2588 2216 2632 tus
2249 2578 2494 2633 laudaret
2528 2576 2793 2648 propheta
2821 2576 3011 2632 dicens
3041 2593 3055 2629 :
3088 2577 3224 2631 Saul
3250 2586 3298 2630 et
3329 2575 3596 2630 Jouatltas
3626 2593 3743 2645 spe-

2122 2672 2249 2725 ciosi
2275 2681 2321 2724 et
2351 2670 2644 2723 charissimi
2672 2668 3044 2739 inseparabiles
3066 2669 3123 2723 in
3152 2669 3257 2722 vita
3283 2686 3399 2735 sua,
3417 2676 3467 2722 et
3496 2671 3552 2722 in
3579 2681 3743 2723 morte

2124 2779 2228 2816 non
2251 2774 2370 2816 sunt
2402 2763 2631 2833 separati
2665 2779 2683 2815 :
2714 2778 2870 2833 super
2895 2760 3097 2831 aquilo:
3121 2761 3357 2828 leviores,
3386 2777 3546 2832 super
3570 2762 3741 2817 leones

2123 2857 2435 2926 potentiores
2468 2852 2551 2925 (ll
2578 2853 2707 2925 Reg.
2740 2870 2790 2920 ι,
2813 2854 2943 2926 25).
2974 2853 3097 2925 ipse
3126 2869 3345 2925 quoque
3394 2855 3574 2910 David
3616 2870 3736 2911 cum

2121 2951 2380 3022 populum
2413 2950 2622 3019 percuti
2649 2949 2718 3003 ab
2745 2950 2939 3020 angelo
2973 2949 3218 3016 videret,
3252 2951 3302 3002 in
3334 2964 3393 3004 se
3422 2950 3600 3004 voluit
3629 2965 3740 3005 ca:-

2118 3043 2311 3099 leszem
2341 3043 2575 3097 derivari
2609 3040 2904 3096 vindictam
2928 3084 2940 3108 ,
2973 3057 3042 3097 ne
3086 3050 3350 3112 pereunte
3392 3042 3601 3114 populo
3650 3058 3737 3099 re-

2118 3146 2447 3191 serv.tretur.
2473 3134 2759 3190 Pes-tremo
2791 3134 2879 3190 ubi
2908 3134 2993 3189 lex
3027 3133 3208 3189 divina
3255 3133 3411 3205 cujus
3462 3134 3736 3207 interpres

400 3230 599 3295 eundo,
628 3228 716 3283 ubi
747 3235 896 3297 septa
925 3224 1159 3281 advertit
1181 3223 1384 3287 munia,
1411 3221 1702 3276 revertitur
1723 3220 1776 3273 in
1807 3218 2003 3272 lacum.
2034 3230 2079 3294 ρ
2113 3243 2330 3298 semper
2361 3226 2532 3295 fuisti,
2556 3243 2676 3300 qua;
2705 3244 2807 3298 pro
2836 3234 2938 3284 hac
2974 3227 3127 3285 brevi
3158 3230 3264 3283 vim
3306 3241 3629 3299 perpetua",
3651 3231 3737 3300 ju-

402 3320 589 3378 Tertio
614 3321 707 3377 die
732 3320 930 3375 mulier
954 3317 1203 3390 quaedam
1231 3323 1444 3385 reperta
1469 3354 1483 3380 ,
1512 3312 1760 3382 cognitas
1788 3310 1892 3365 sibi
1920 3309 2009 3365 Jo-

398 3419 554 3486 sephi
610 3416 880 3480 latebras,
929 3414 1305 3485 quierentibus
1352 3408 1750 3467 demonstravit
1782 3407 1917 3478 (sed
1958 3407 2012 3461 in

395 3513 517 3565 lacu
566 3506 974 3579 llquadraginta
1019 3506 1160 3569 viri,
1192 3506 1283 3575 qui
1323 3520 1390 3559 eo
1435 3502 1832 3571 confugerant,
1891 3514 2014 3555 sese

397 3602 702 3676 tegebant).
725 3603 829 3668 Qui
860 3603 949 3656 ubi
977 3601 1332 3656 advertebant
1359 3597 1679 3667 Josephum,
1714 3597 1887 3665 primo
1919 3610 2013 3664 per

402 3699 688 3753 Paulinum
720 3704 777 3751 et
800 3696 1140 3753 Gallicanum
1169 3710 1197 3749 a
1230 3694 1568 3764 Vespasiano
1594 3690 1661 3745 ad
1689 3705 1841 3761 spem
1865 3691 2013 3743 salu-

394 3790 467 3845 tis
502 3791 706 3857 vocari,
732 3800 920 3860 postea
955 3803 1051 3859 per
1084 3788 1406 3843 Nicanorem
1429 3828 1443 3853 ,
1467 3786 1557 3857 qui
1587 3784 1832 3854 Josepho
1863 3794 2012 3838 vete-

397 3888 475 3941 ris
503 3886 759 3941 amicitiae
793 3883 961 3954 gratia
992 3882 1370 3953 copulabatur,
1412 3889 1465 3934 et
1520 3879 1643 3934 ideo
1686 3879 1904 3945 missus,
1953 3885 2012 3932 ut

402 3979 688 4035 dexteram
716 3979 896 4044 daret,
933 3978 1237 4047 promptius
1269 3976 1507 4031 officium
1554 3962 1792 4029 mandati
1822 3989 2012 4028 mune-

395 4074 474 4127 ris
501 4073 902 4142 exsequebatur
930 4088 943 4124 :
977 4072 1288 4126 circumfusi
1321 4069 1618 4139 Josephum
1649 4069 1847 4125 talibus
1874 4068 2007 4123 ado-

399 4165 682 4221 riebantur
701 4164 1082 4220 sermonibus:

1012 4253 1243 4310 CAPUT
1272 4252 1419 4309 XVI.

472 4349 625 4405 Nunc
665 4350 836 4420 major
870 4348 1043 4405 Judaei
1078 4349 1317 4403 nominis
1372 4357 1613 4403 tentatur
1655 4348 1830 4413 ruina,
1862 4362 2006 4403 nunc

396 4441 577 4496 favilla
625 4440 849 4508 tetrior,
883 4458 1004 4513 qua:
1057 4441 1291 4512 sepeliat
1337 4451 1393 4496 et
1422 4440 1726 4496 abscondat
1764 4441 2005 4510 splendi-

397 4535 990 4604 dissimtedisciplinam
1015 4535 1305 4605 prosapiae,
1331 4546 1495 4605 atque
1512 4550 1673 4589 omne
1688 4534 1854 4590 decus
1876 4535 1998 4589 sub-

2118 3324 2213 3377 stis
2244 3322 2493 3392 promisit
2515 3321 3024 3376 immortalitatem?
3048 3319 3149 3377 Ubi
3175 3323 3316 3378 Deus
3350 3322 3731 3390 Hebraeorum,

2116 3414 2208 3484 qui
2248 3413 2410 3469 docet
2450 3413 2629 3484 justos
2666 3412 2858 3468 mortis
2888 3422 3265 3483 contemptum
3296 3414 3736 3470 ltabereﬂtefu-

2115 3523 2244 3578 gere
2265 3508 2428 3571 etiam
2456 3506 2657 3562 debere
2685 3515 2964 3561 terrenum
2999 3505 3391 3573 habitaculum,
3417 3519 3439 3545 ε
3464 3507 3739 3563 anhelare

2116 3601 2182 3655 ad
2230 3616 2497 3670 superna,
2532 3600 2597 3653 ad
2629 3603 2907 3671 regionem
2942 3600 3218 3671 paradisi,
3272 3601 3361 3656 ubi
3416 3603 3562 3657 Deus
3616 3604 3735 3672 ipse

2115 3694 2234 3764 pias
2262 3693 2471 3748 animas
2494 3696 2860 3749 conservavit.
2890 3693 3039 3749 Nunc
3075 3696 3295 3750 demum
3336 3696 3494 3766 Cupis
3524 3741 3540 3765 ,
3576 3696 3734 3752 Jose—

2115 3786 2246 3857 phc,
2284 3787 2487 3851 vivere,
2520 3786 2736 3858 quando
2764 3802 2871 3842 non
2900 3796 3139 3858 oportet,
3184 3785 3355 3843 immo
3399 3805 3503 3844 ncc
3549 3788 3679 3845 licet
3717 3806 3731 3842 ε

2117 3882 2315 3949 immo,
2348 3880 2491 3951 quod
2517 3881 2691 3951 majus
2714 3890 2827 3944 est,
2858 3895 2967 3935 non
2999 3880 3158 3936 decet
3186 3898 3199 3935 :
3226 3891 3281 3937 et
3306 3879 3332 3918 δ
3363 3896 3597 3953 carpere
3639 3882 3736 3938 de-

2113 3972 2325 4028 sideras
2353 3973 2539 4028 lumen
2570 3972 2704 4028 illud
2734 3971 2938 4046 (ausim
2969 3972 3152 4028 dicere
3177 3973 3196 4042 )
3226 3976 3509 4029 servitutis
3538 4017 3552 4038 ,
3585 3974 3733 4046 quod

2113 4067 2168 4121 in
2194 4065 2368 4120 aliena
2395 4074 2664 4136 potestate
2691 4076 2797 4134 est,
2832 4072 2892 4119 ut
2912 4064 2966 4120 id
3005 4065 3225 4137 quando
3259 4065 3503 4121 voluerit
3532 4067 3736 4122 Roma-

2114 4159 2438 4232 nusleripiat
2467 4176 2480 4211 :
2512 4158 2728 4230 quando
2751 4159 2906 4224 velit,
2932 4160 3169 4215 carceris
3202 4159 3445 4217 tenebris
3468 4160 3726 4227 obducat;

2114 4264 2171 4308 ιιι
2201 4265 2356 4325 optes
2388 4254 2513 4309 hinc
2542 4253 2750 4325 fugere,
2780 4269 2881 4310 nec
2913 4254 3071 4309 liceat
3101 4254 3242 4308 mori
3271 4272 3284 4308 :
3310 4264 3365 4308 et
3389 4270 3497 4325 quo
3526 4255 3736 4326 pudore

2109 4346 2176 4400 ad
2201 4361 2296 4401 eos
2326 4347 2447 4414 ibis,
2467 4347 2661 4417 quibus
2686 4346 3000 4417 persuasisti
3031 4359 3130 4416 pro
3154 4345 3329 4415 patria
3359 4347 3539 4401 mori?
3564 4362 3729 4418 quam

2108 4443 2514 4496 excusationem
2548 4441 2797 4505 habebis,
2827 4438 2973 4511 quod
3005 4448 3112 4493 tam
3146 4439 3239 4494 diu
3272 4439 3594 4495 resederis?
3619 4440 3733 4496 Ex-

2109 4543 2361 4605 spectant
2395 4533 2521 4604 quid
2552 4548 2680 4605 agas
2714 4551 2727 4588 :
2772 4542 2796 4569 θ
2827 4533 3014 4588 dicent
3043 4530 3295 4602 profecto
3325 4547 3343 4586 τ
3374 4531 3519 4599 Quid
3550 4549 3734 4588 mora-

396 4638 563 4694 ruat,
618 4630 837 4698 quando
898 4629 1171 4698 Josepbus
1241 4628 1307 4683 ad
1377 4627 1715 4699 triumphum
1761 4629 2006 4698 captivus
2034 4628 2089 4688 1)
2115 4636 2202 4681 tur
2239 4627 2542 4697 Josephus,
2574 4627 2661 4697 qui
2696 4626 2996 4695 praevenire
3039 4623 3269 4680 debuit?
3305 4639 3405 4679 cur
3447 4633 3559 4680 tam
3603 4640 3733 4682 sero

393 4722 663 4776 reservari
686 4722 929 4791 jubetur.
960 4721 1105 4789 Quid
1125 4722 1226 4777 sibi
1250 4722 1439 4777 Volunt
1469 4729 1576 4776 tam
1607 4720 1793 4777 sedula
1821 4721 2002 4775 subito

392 4816 750 4870 invitamenta
791 4816 1070 4871 hostium?
1101 4816 1241 4884 Quid
1272 4816 1413 4871 dona
1446 4816 1638 4870 salutis
1666 4814 2004 4885 Spontanea?

390 4905 727 4975 Rogantibus
768 4906 936 4961 vitam
987 4905 1113 4961 aliis
1162 4922 1269 4961 non
1317 4917 1696 4976 pepercerunt.
1728 4905 2001 4975 Josepltus

392 5001 716 5067 accersitur,
740 4998 1014 5070 Josepbus
1043 5009 1265 5070 rogatur
1293 5008 1351 5054 ut
1382 4998 1549 5053 vivat.
1576 4998 1824 5054 Metuunt
1852 5000 2001 5054 vide-

388 5090 536 5159 licet,
570 5107 637 5147 ne
665 5107 916 5163 pompam
947 5092 1201 5147 amittant
1232 5090 1514 5161 triumphi,
1543 5107 1609 5147 ne
1639 5091 1802 5157 desit,
1835 5107 1995 5163 quem

389 5195 602 5256 spectet
631 5186 803 5241 Roma
831 5189 1129 5259 captivum,
1159 5202 1319 5258 quem
1358 5197 1667 5242 catenatum
1707 5186 1997 5257 Vespasia-

389 5295 496 5335 nus
521 5288 648 5334 ante
683 5295 902 5335 currum
943 5296 1101 5336 suum
1132 5281 1348 5351 dirigat.
1383 5280 1465 5335 Ad
1507 5282 1621 5335 haec
1655 5280 1818 5351 igitur
1854 5282 1996 5337 ludi-

386 5370 504 5427 bria
539 5373 619 5429 vis
646 5373 952 5429 reservari?
990 5375 1057 5429 Et
1100 5373 1245 5429 unde
1300 5372 1736 5444 triumphabant,
1784 5375 1830 5428 si
1884 5375 1995 5430 dux

386 5479 577 5520 eorum
627 5465 865 5521 defuerit
906 5466 979 5522 de
1016 5466 1214 5537 quibus
1279 5464 1687 5536 triumphatur?
1740 5468 1847 5522 Aut
1900 5468 1989 5538 qui

382 5557 721 5627 triumphus,
754 5560 799 5613 si
826 5558 1060 5614 amicitia
1082 5558 1244 5615 datur
1272 5557 1462 5615 victis?
1484 5558 1562 5616 Ne
1584 5558 1805 5625 credas,
1832 5559 1985 5617 lose-

388 5674 397 5737 ξ
466 5681 488 5708 ⁸
518 5669 661 5728 XLII
698 5672 921 5728 vietis.

456 5741 484 5781 δ
521 5744 912 5812 Depasceretur.
941 5742 1019 5797 Io.

456 5822 477 5850 ο
511 5812 784 5867 lieuolare.
819 5814 886 5867 Et
926 5813 1086 5883 paulo
1126 5823 1249 5883 post
1285 5818 1503 5871 sacravit
1532 5830 1632 5887 pro
1657 5820 1993 5873 conservavit.

2104 4722 2395 4792 sequitur?
2425 4737 2524 4777 cur
2572 4720 2871 4791 discipulos
2910 4732 3040 4775 suos
3079 4721 3279 4789 quibus
3322 4736 3419 4790 pro
3470 4720 3725 4777 libertate

2106 4814 2446 4870 moriendum
2521 4815 2731 4879 suasit,
2783 4811 2983 4867 imitari
3048 4813 3312 4868 recusat?
3373 4812 3723 4870 Pcrferemus

2102 4917 2252 4962 certe
2278 4921 2378 4961 nos
2399 4949 2414 4973 ,
2442 4906 2585 4977 quod
2617 4907 2824 4962 servire
2863 4905 3095 4977 elegeris
3120 4914 3363 4961 assertor
3399 4906 3540 4977 legis
3568 4915 3625 4962 ct
3657 4906 3723 4962 li-

2103 4996 2355 5065 bertatis,
2405 4999 2551 5069 quod
2594 4999 2926 5069 mancipium
2982 5008 3035 5053 te
3083 4996 3345 5053 Romanis
3396 4997 3715 5068 addixeris,

2104 5093 2247 5164 quod
2288 5094 2659 5164 captivitatem
2699 5092 2935 5147 libertati
2983 5089 3371 5161 prmposueris.
3416 5091 3525 5149 Sed
3559 5102 3715 5160 esto,

2104 5186 2241 5242 velis
2267 5188 2484 5252 vivere,
2517 5184 2794 5255 quomodo
2835 5185 2938 5237 hoc
2980 5184 3297 5253 impetrabis
3345 5184 3416 5241 ab
3463 5187 3570 5252 his,
3622 5187 3719 5241 ad-

2100 5295 2317 5335 versum
2342 5293 2479 5350 quos
2508 5279 2669 5334 toties
2694 5279 2969 5349 praeliatus
2997 5293 3056 5334 es
3078 5278 3105 5332 ?
3129 5277 3419 5347 Quomodo
3447 5289 3501 5336 te
3542 5279 3718 5337 intue-

2098 5374 2339 5429 buntur?
2366 5372 2562 5445 quibus
2586 5373 2757 5429 oculis
2773 5372 2800 5426 ?
2824 5373 3022 5444 quibus
3044 5372 3243 5429 animis
3258 5373 3283 5428 ἲ
3299 5372 3592 5441 Quomodo
3611 5376 3715 5431 ira-

2092 5467 2160 5523 tis
2185 5467 2444 5532 dominis,
2478 5466 2785 5532 etsiliceat,
2816 5464 3003 5521 vivere
3035 5465 3221 5521 voles?
3246 5465 3359 5521 Aut
3376 5469 3501 5539 quis
3531 5468 3710 5540 prodi-

2096 5550 2268 5616 ‘orem
2300 5560 2488 5631 patrire
2518 5576 2622 5616 non
2649 5559 2838 5615 credet
2861 5559 3027 5614 fuisse
3053 5600 3068 5627 ,
3094 5558 3179 5614 cui
3215 5560 3533 5618 mercedem
3565 5563 3704 5618 solu-

2103 5674 2276 5731 Βλιιιι.

2173 5746 2199 5785 ιι
2224 5749 2439 5818 Qapere.
2466 5748 2540 5803 In.

2183 5823 2205 5851 ⁸³
2230 5817 2425 5875 Dicunt
2445 5823 2581 5893 jam.
2617 5819 2693 5873 In.

3930 510 3964 860 ε

3942 872 3964 1049 t

3938 1092 3964 1487 Ξ

3944 1489 3964 1737 1

3948 1970 3964 2085 1
